4230 6266
529 242 631 302 687

1807 238 2252 298 DlSSERTATlO
2281 238 2558 297 PRIEVIA

3840 135 3911 186 ης

3673 238 3917 305 ⁸688,

531 376 636 432 que
666 358 734 413 de
769 357 870 414 hoc
902 357 1045 428 pisce
1072 369 1399 420 sermonem,
1439 355 1604 410 verba
1635 352 1858 419 Plinius,
1889 371 2007 423 qtttc
2033 370 2123 410 su-
2155 373 2209 430 Α
2232 367 2286 412 et
2330 357 2567 413 carmina
2600 397 2613 421 ,
2669 353 2736 410 ab
2781 355 3046 411 Athenaeo
3095 356 3258 411 citata
3301 355 3543 412 invenies
3590 351 3824 424 (At/rem,

529 454 713 523 perius
743 452 915 521 posui,
951 449 1206 519 praemisit
1258 469 1276 500 ι
1313 447 1595 518 (Macrab.,
1627 448 1712 502 lib.
1748 464 1804 502 ιιι
1836 447 2130 514 Saturnal.,

528 564 648 616 cap.
676 547 761 608 16,
799 563 917 614 pag.
951 542 1102 616 547).
1166 543 1304 598 Alibi
1338 558 1468 596 vero
1505 542 1622 612 ejus
1652 543 1810 596 verba
1841 541 2018 597 adhuc
2047 559 2133 596 re-

527 646 676 705 fert,
737 639 971 715 citalqtte
1017 639 1260 707 quintum
1315 637 1457 691 illius
1511 635 1702 690 Rerum
1754 637 2131 690 reconditarum

524 723 718 789 librum
748 729 936 804 (Ibid.,
962 748 1076 802 cap.
1107 731 1162 794 9,
1197 748 1318 802 pag.
1352 731 1453 796 55,
1483 741 1529 784 et
1559 747 1674 801 cap.
1712 731 1800 795 17,
1829 749 1950 802 pag.
1979 730 2128 802 551).

523 826 595 880 At
625 825 986 896 Capitolinus,
1039 825 1128 879 ubi
1171 823 1237 878 de
1282 823 1559 879 Gordiano
1604 825 1810 878 Ca‘sare
1837 866 1853 890 ,
1907 827 2019 878 haec
2062 823 2131 879 de

525 917 905 972 Sammoniaco
957 915 1185 987 posteris
1235 913 1453 968 tradidit
1502 931 1515 967 :
1582 933 1599 964 ι
1630 915 1835 970 Sereno
1883 915 2132 968 Sammo-

522 1011 714 1076 niaco,
760 1010 849 1080 qui
880 1009 1012 1078 patri
1045 1009 1161 1080 ejus
1188 1008 1582 1073 amicissimus,
1622 1008 1722 1062 sibi
1773 1017 1948 1062 autem
1994 1023 2130 1076 pra:-

520 1112 712 1172 ceptor
745 1103 861 1168 fuit,
893 1102 1049 1156 nimis
1075 1111 1329 1169 acceptus
1353 1111 1407 1156 et
1433 1106 1631 1155 charos
1653 1142 1668 1168 ,
1711 1116 1882 1170 usque
1907 1099 2044 1154 adeo
2073 1108 2132 1154 ut

522 1213 714 1253 omnes
743 1196 908 1252 libros
930 1196 1119 1252 Set-eui
1149 1195 1531 1259 Sammoniaci,
1559 1192 1726 1263 patris
1755 1193 1860 1257 sui,
1893 1195 1982 1259 qui
2011 1208 2130 1248 ccu-

521 1291 779 1347 sebantur
808 1290 874 1346 ad
905 1289 974 1346 62
1003 1290 1166 1344 millia
1187 1331 1203 1357 ,
1246 1288 1519 1345 Gordiano
1551 1289 1742 1342 minori
1775 1289 2012 1343 moriens
2041 1288 2130 1344 ille

521 1385 874 1451 relinqueret.
927 1381 1080 1452 Quod
1131 1399 1250 1436 eum
1307 1382 1372 1436 ad
1418 1382 1614 1437 malum
1648 1381 1764 1435 tulit
1808 1399 1821 1434 :
1863 1381 2126 1452 siquidem

520 1488 666 1534 tanta
699 1479 734 1534 b
757 1479 1044 1535 bliotheca:
1070 1479 1223 1546 capia
1250 1488 1303 1532 et
1335 1477 1620 1548 splendore
1649 1477 1882 1531 donatus
1905 1519 1917 1541 ,
1963 1478 2012 1531 iu
2050 1476 2127 1530 fa-

521 1586 665 1627 mam
693 1572 968 1628 hominum
1012 1573 1366 1626 litteratorum
1396 1573 1592 1626 deCore
1621 1571 1865 1640 pervenit
1895 1569 2128 1642 (Capito-

520 1666 642 1732 lin.,
705 1685 822 1738 pag.
853 1669 1003 1738 567).
1043 1666 1291 1721 Testatur
1318 1677 1496 1721 autem
1526 1666 1838 1735 Spartianus
1867 1665 2125 1733 plurimos

2237 452 2324 505 lib.
2358 469 2412 506 ιιι
2444 451 2717 522 Deipnos.,
2749 469 2871 522 pag,
2898 451 3030 515 19.2,
3057 452 3145 506 lib.
3179 468 3252 518 vt,
3274 469 3392 524 pag.
3431 451 3570 513 142;
3598 451 3686 506 lib.
3715 467 3824 518 vm,

2235 562 2335 616 pag
2380 546 2516 612 558;
2552 545 2642 599 lib.
2668 562 2743 606 ιιι.
2778 563 2896 616 pag.
2918 546 3071 614 465).
3096 545 3326 610 Quartus
3355 545 3717 603 Alileltiell-is.
3741 546 3830 615 qui

2233 638 2426 692 librtnn
2455 639 2516 692 de
2553 639 2676 692 Vitis
2700 643 2818 716 περὶ
2845 639 2986 712 βιῶν.
3011 638 3149 693 haud
3178 639 3337 693 dubie
3363 639 3827 708 philosophorum,

2235 743 2291 785 ιιι
2319 742 2463 785 notat
2491 732 2758 793 Laertius,
2785 732 2920 801 juris
2956 731 3078 787 fecit
3109 731 3328 802 publici.
3353 732 3456 786 Sed
3488 731 3832 786 animadver-

2234 824 2296 877 tit
2335 823 2718 891 Meuagiusqtti
2749 833 2942 892 praeter
2986 823 3258 878 Laertiqu
3316 823 3457 877 illius
3503 823 3828 888 meminerit,

2233 917 2500 972 neminem
2559 915 2716 972 facile
2763 918 3021 986 repereri.
3074 917 3297 972 Vossius
3340 933 3467 972 vero
3513 928 3660 986 putat
3709 933 3833 972 eum

2231 1027 2353 1068 esse
2383 1012 2470 1080 qui
2495 1027 2523 1065 a
2549 1011 2839 1066 Plutarcho
2863 1011 2944 1066 his
2969 1013 3147 1068 verbis
3175 1011 3529 1083 compellitur
3552 1027 3568 1067 :
3594 1013 3833 1086 Τιμόθεος

2230 1107 2282 1160 ἐν
2314 1115 2420 1168 τοῖς
2451 1105 2789 1183 Ἀργολικοῖς,
2830 1105 3126 1160 Timotheus
3164 1108 3215 1160 in
3265 1107 3532 1177 Argolicis.
3575 1107 3832 1164 Seduliis

2230 1197 2282 1252 id
2315 1199 2402 1252 ille
2427 1201 2662 1252 nondum
2695 1200 2980 1269 persuasit.
3030 1199 3163 1254 Nam
3207 1199 3479 1270 Menagius
3516 1199 3726 1255 dubitat
3765 1217 3831 1255 an

2229 1290 2345 1359 ipse
2400 1294 2471 1347 sit
2498 1309 2654 1362 quem
2689 1294 2835 1363 prius
2877 1295 2945 1347 ab
2989 1293 3178 1349 eodem
3232 1295 3519 1349 Plutarcho
3559 1295 3832 1349 laudatum

2229 1384 2699 1458 diximus(Laert.,
2722 1386 2810 1440 lib.
2833 1403 2890 1448 ll,
2909 1388 2961 1440 in
2989 1385 3089 1440 Vit.
3119 1386 3291 1450 Plato,
3318 1387 3418 1459 §5,
3445 1388 3532 1444 lib.
3557 1404 3630 1452 tv,
3655 1391 3708 1440 in
3733 1386 3830 1441 Vit.

2230 1479 2497 1550 Speusip.,
2551 1481 2670 1553 δὴ
2705 1482 2793 1535 lib.
2826 1498 2879 1548 v,
2914 1483 2967 1535 in
3026 1481 3124 1536 Vit.
3155 1482 3365 1537 Aristot.
3395 1500 3410 1546 ;
3461 1482 3490 1554 ᾗ
3519 1484 3566 1548 1,
3603 1482 3689 1536 lib.
3723 1499 3830 1550 vn,

2225 1572 2279 1625 in
2321 1571 2418 1625 Vit.
2445 1571 2667 1637 Zenan.,
2703 1571 2730 1644 §
2758 1574 2834 1642 1).
2861 1575 2928 1626 At
2956 1573 3093 1627 idem
3125 1572 3348 1628 VOssios
3368 1573 3507 1628 haud
3531 1574 3838 1630 dubitanter

2227 1661 2460 1718 affirmat
2503 1664 2646 1718 lmnc
2689 1666 2960 1719 diversum
3003 1667 3225 1720 omnino
3251 1682 3373 1722 esse
3426 1667 3616 1732 abeo,
3671 1682 3831 1736 quem

519 1759 666 1814 illius
706 1759 874 1814 libros
915 1759 982 1811 ad
1028 1759 1315 1812 doctrinam
1355 1776 1453 1813 sm)
1490 1759 1664 1812 adhuc
1708 1767 1950 1827 tempore
1989 1757 2124 1812 exti-
2156 1763 2204 1823 B
2230 1765 2420 1811 auctor
2463 1766 2648 1811 noster
2674 1759 2926 1828 gentilem
2960 1759 3268 1828 theologum
3303 1770 3575 1828 nuncupat
3613 1757 3832 1831 (Voss.,

521 1850 677 1916 tisse,
707 1863 759 1905 et
783 1852 1058 1906 Antonino
1084 1850 1234 1907 Getse
1263 1850 1426 1906 fuisse
1454 1852 1929 1914 familiarissimos,
1979 1865 2129 1904 eum-

518 1959 625 2014 que
653 1943 750 1998 sub
777 1942 1050 1998 Cararalla
1085 1945 1224 1999 inter
1263 1945 1553 1999 nonnullos
1581 1951 1860 1999 ctenantes
1889 1943 2127 1998 occisum

518 2035 840 2106 (Spartian.,
869 2039 922 2091 in
946 2035 1228 2102 Caracall.,
1253 2055 1372 2108 pag.
1403 2037 1530 2105 552,
1560 2049 1605 2092 et
1630 2039 1682 2091 in
1706 2037 1960 2091 Antonino
1979 2035 2124 2103 Geta,

524 2148 646 2201 pag.
685 2129 839 2201 555).

595 2225 855 2280 Scaurum
924 2224 1221 2280 illustribus
1281 2225 1647 2296 grammaticis
1703 2235 1892 2280 auctor
1947 2233 2129 2279 noster

509 2316 637 2387 jure
701 2318 893 2373 merito
957 2318 1184 2374 adscivit
1231 2319 1491 2391 (Arnob.,
1546 2320 1635 2374 lib.
1690 2335 1749 2385 ι,
1802 2336 1919 2388 pag.
1972 2319 2124 2388 257).

517 2411 652 2467 Nam
674 2411 744 2466 ab
772 2411 836 2466 A.
868 2410 1040 2466 Gellio
1063 2411 1431 2466 nobilissimus
1455 2411 1944 2484 grammaticus(A.
1967 2409 2127 2478 Gell.,

521 2506 614 2561 lib.
646 2523 696 2561 χι
736 2506 890 2560 Nacl.
925 2507 1056 2571 Att.,
1087 2523 1204 2570 cap.
1226 2506 1310 2563 15,
1331 2525 1448 2578 pag.
1482 2506 1610 2579 599)
1633 2549 1648 2574 ,
1679 2518 1732 2562 et
1759 2506 1998 2560 Adriano
2027 2507 2129 2560 im-

521 2610 746 2669 perante
775 2599 1021 2654 ﬂoruisse
1049 2599 1360 2669 perhibetur
1397 2618 1409 2655 :
1447 2618 1466 2651 t
1496 2600 1786 2655 Terentius
1812 2643 1826 2665 ,
1865 2620 1882 2651 ι
1935 2601 2128 2670 inquit,

529 2711 548 2743 ί
582 2692 819 2749 Scaurus
866 2692 973 2747 diri
999 2692 1220 2747 Adriani
1250 2694 1588 2763 temporibus
1617 2694 2003 2765 grammaticus
2032 2708 2131 2746 no-

520 2783 840 2839 bilissimus.
878 2805 896 2836 ›
941 2786 1115 2841 Gellio
1143 2784 1456 2856 suffragium
1508 2787 1626 2840 tulit
1652 2786 2010 2854 Capitolinus,
2040 2785 2131 2856 qui

521 2878 684 2931 alium
718 2879 1018 2944 Scaurum,
1066 2877 1225 2947 hujus
1253 2879 1452 2943 lilium,
1504 2879 1663 2932 etiam
1695 2879 2126 2949 grammaticum,

520 2970 651 3026 Veri
683 2972 1020 3042 imperatoris
1064 2981 1454 3041 pra-ceptorem
1508 2970 1674 3024 fuisse
1727 2973 1808 3025 his
1845 2971 1910 3025 de
1937 2970 2128 3026 eodem

521 3065 855 3136 imperatore
905 3063 1173 3133 significat
1217 3063 1397 3118 verbis
1441 3077 1457 3116 :
1507 3080 1524 3113 ι
1564 3061 1783 3116 Audivit
1824 3063 2130 3127 Scaurum,

2234 1849 2323 1904 lib.
2355 1866 2412 1905 ιιι
2485 1853 2547 1905 de
2576 1850 2709 1906 llist.
2739 1868 2892 1923 grwc.
2923 1870 2938 1918 ;
2982 1870 3102 1924 pag.
3127 1854 3251 1918 421,
3309 1863 3354 1908 et
3394 1855 3457 1908 de
3484 1863 3616 1924 pact.
3658 1869 3834 1924 φωρ..

2233 1959 2348 2013 pag.
2384 1942 2454 1997 46
2482 1954 2527 1997 et
2558 1945 2668 2013 47).
2726 1943 2801 1998 lbi
2827 1956 3004 2000 autem
3051 1945 3144 2000 ille
3173 1962 3235 2000 ex
3268 1945 3433 2001 Sttida
3465 1946 3630 2000 refert
3669 1948 3835 2000 altum

2231 2035 2400 2090 fuisse
2431 2035 2771 2090 Timotheum
2800 2079 2815 2100 ,
2853 2038 3093 2109 Euripidi
3121 2081 3134 2105 ,
3190 2050 3244 2093 et
3272 2039 3516 2109 Philippo
3556 2039 3834 2094 Macedoni

2231 2142 2472 2182 coaevum
2507 2171 2522 2195 ,
2576 2133 2664 2200 qui
2711 2129 2976 2185 decimam
3022 2141 3076 2187 et
3099 2132 3434 2187 undecimam
3473 2133 3604 2201 lyra:
3630 2132 3838 2188 addidit

2232 2223 2491 2279 cbordam
2517 2267 2532 2289 ,
2565 2228 2826 2296 pluraque
2864 2229 3164 2296 composuit
3213 2228 3419 2297 poetica
3465 2243 3628 2298 opera
3655 2271 3671 2293 ,
3723 2243 3842 2296 qua:

2234 2315 2429 2371 Suidas
2457 2328 2700 2372 recenset
2746 2317 2923 2389 (Suid.
2943 2361 2959 2385 ,
2985 2320 3053 2372 ad
3083 2318 3218 2374 verb.
3250 2321 3519 2393 Τιμόθεοι).
3571 2321 3841 2375 Praeterea

2233 2411 2397 2466 alium
2427 2410 2604 2465 adhuc
2635 2411 2836 2466 indicat
2864 2411 3221 2466 Tim0tha2ttm
3253 2412 3640 2468 Atheniensem
3664 2457 3678 2480 ,
3727 2429 3842 2469 me-

2233 2501 2336 2557 dite
2360 2497 2643 2558 COIiICBtIitB
2673 2514 2908 2570 poetam,
2934 2504 3182 2575 illiusque
3208 2510 3693 2561 commentationes
3717 2522 3840 2560 enu-

2234 2611 2428 2656 merat.
2458 2598 2597 2666 Quid
2630 2597 2826 2664 plura?
2863 2597 3088 2664 Quidam
3118 2599 3340 2669 insuper
3365 2598 3697 2654 Titnotltmus
3715 2599 3840 2653 sim-

2238 2693 2452 2763 pliciter
2477 2693 2546 2747 ab
2577 2691 2840 2748 Athena'o
2869 2693 3087 2757 citatur,
3128 2707 3309 2761 quem,
3339 2703 3474 2748 teste
3500 2693 3841 2760 Casaubono,

2239 2801 2425 2854 parum
2457 2786 2818 2854 ingeniosum,
2855 2784 3377 2854 frigidum,etuimis
3399 2801 3544 2854 smpe
3577 2789 3838 2857 ineptum,

2233 2873 2530 2927 facetorum
2565 2873 2728 2926 risum
2753 2874 3038 2928 sustulisse
3062 2874 3321 2943 perltibcb
3340 2887 3408 2929 ιιιι
3428 2915 3440 2928 .
3467 2875 3634 2930 Porro
3659 2888 3840 2934 autem

2233 2967 2278 3021 si
2310 2975 2502 3037 poetze,
2538 2977 2592 3019 ut
2613 2969 2687 3019 ait
2716 2966 3070 3037 Augustinus,
3100 2969 3369 3040 theologi,
3415 2979 3470 3024 ttt
3501 2981 3624 3040 pote
3651 2973 3741 3040 qui
3771 2971 3844 3029 de

2233 3058 2336 3114 diis
2363 3060 2600 3115 carmina
2631 3060 2959 3123 conderent,
2991 3062 3061 3116 ab
3089 3062 3321 3118 ethnicis
3358 3065 3710 3131 vocabantur,
3740 3083 3843 3122 no-

518 3157 931 3228 grammaticum
962 3157 1216 3220 latinum,
1258 3153 1444 3210 Scauri
1475 3153 1668 3208 Filium
1696 3195 1710 3218 ,
1743 3155 1830 3224 qtti
1860 3169 2127 3224 granmta-
2158 3157 2204 3220 C
2234 3153 2318 3208 bis
2347 3153 2486 3208 hattd
2534 3170 2679 3224 aegre
2717 3154 3130 3224 persuadebttur
3161 3173 3322 3212 untnn
3353 3174 3418 3214 ex
3465 3159 3547 3215 his
3578 3163 3748 3231 poetis
3775 3163 3846 3218 ab

524 3254 664 3307 ticus
711 3250 925 3305 Adriani
958 3248 1056 3303 fuit
1091 3268 1110 3301 ι
1144 3246 1472 3320 (Capitolin.,
1529 3250 1582 3301 in
1639 3247 1739 3300 Vit.
1801 3246 1944 3314 Ven,
1994 3248 2130 3302 circa

522 3344 692 3412 inil.).
715 3341 821 3396 Sed
855 3347 1078 3411 uterque
1099 3356 1127 3392 a
1154 3339 1462 3409 Latnpridio
1487 3339 1779 3394 SCaurinus
1805 3338 2124 3408 appellatur.

525 3433 626 3490 Ubi
684 3432 946 3503 siquidem
1001 3437 1066 3486 de
1117 3431 1426 3486 Alexandro
1478 3432 1683 3485 Severo
1737 3432 1899 3486 verba
1946 3430 2072 3486 facit
2114 3453 2127 3488 :

532 3549 552 3579 ε
593 3527 792 3584 Habuit
817 3528 1027 3594 Romm,
1052 3546 1070 3577 ι
1103 3526 1310 3597 inquit,
1360 3546 1378 3577 ί
1407 3527 1787 3597 grammaticos
1813 3527 2131 3583 Scattrinum

530 3623 779 3678 Scaurini
810 3621 976 3676 lilium
1009 3622 1286 3676 doctorem
1314 3621 1724 3675 celeberrimum
1757 3640 1774 3671 ι
1813 3619 2127 3688 (Lamprid.,

524 3715 580 3768 in
618 3713 721 3768 Vit.
754 3714 900 3768 Alex.
939 3714 1116 3769 Sever.
1147 3714 1283 3767 circa
1313 3711 1472 3782 init.).
1505 3712 1760 3780 Quasdam
1795 3713 1937 3769 illius
1969 3729 2133 3779 Opera

529 3809 740 3864 notavit
761 3808 1052 3876 Gcsnerus,
1088 3824 1269 3878 quem,
1295 3807 1340 3861 si
1370 3806 1538 3871 lubet,
1573 3806 1724 3862 adire
1756 3809 1957 3878 poteris
1984 3807 2134 3878 (Ges-

529 3917 638 3955 ner.
653 3943 668 3967 ,
702 3902 754 3954 in
785 3898 1076 3970 Biblioth.).

602 3993 870 4048 Sosibium
885 3993 1258 4061 compellando
1273 3993 1542 4049 Arnobius
1555 3991 1890 4049 Clementem
1907 3992 2135 4047 Alexan-

529 4085 742 4142 drinum
771 4085 1009 4158 (Arnob.,
1039 4087 1128 4141 lib.
1161 4103 1234 4154 tv,
1258 4104 1375 4158 pag.
1409 4088 1543 4152 1H;
1567 4086 1797 4144 Clemens
1827 4088 2133 4154 Alexandr.,

533 4180 794 4234 Admonit.
870 4180 940 4233 ad
1009 4179 1218 4245 Gram,
1271 4197 1392 4252 pag.
1441 4179 1543 4240 ‘23:
1601 4192 1723 4235 tom.
1777 4197 1793 4234 ι
1852 4180 2130 4250 Apparat.,

533 4291 654 4346 pag.
688 4273 816 4344 816)
841 4273 1103 4343 sequitur.
1149 4273 1224 4329 De
1256 4273 1346 4327 illo
1382 4285 1559 4327 autem
1591 4275 1715 4328 alibi
1743 4274 2136 4344 disputavimus

536 4365 778 4437 (Arnob.,
809 4365 898 4421 lib.
932 4381 986 4420 tv
1009 4407 1024 4431 ,
1077 4384 1195 4437 pag.
1233 4367 1374 4432 H7;
1417 4366 1553 4436 Sup.
1583 4409 1596 4432 ,
1648 4383 1764 4438 cap.
1798 4369 1852 4432 9,
1885 4378 1987 4421 art.
2022 4373 2046 4422 1
2091 4377 2137 4421 et

537 4461 663 4506 tant.
688 4467 704 4504 ι
732 4453 1006 4520 Apparat.,
1034 4470 1152 4522 pag.
1173 4451 1327 4522 785).

2234 3247 2475 3303 Arnobio
2519 3256 2704 3302 nostro
2733 3249 2886 3303 citari
2918 3250 3168 3320 (Athen.,
3227 3252 3316 3308 lib.
3369 3269 3461 3307 vm
3487 3295 3503 3319 ,
3531 3273 3652 3325 pag.
3699 3255 3838 3319 358;

2235 3337 2483 3405 Casaub,
2514 3340 2567 3392 in
2595 3342 2764 3394 euntd.
2799 3338 2912 3404 lib.,
2937 3358 3050 3411 cap.
3076 3343 3110 3397 5
3140 3352 3184 3394 et
3215 3343 3303 3408 11;
3326 3344 3567 3416 August.,
3593 3346 3682 3401 lib.
3712 3363 3844 3402 xvtn

2234 3430 2298 3486 de
2311 3432 2479 3494 t.ivit.,
2507 3448 2622 3502 cap.
2651 3433 2735 3496 14,
2763 3449 2880 3503 pag.
2911 3432 3049 3498 478;
3078 3437 3292 3496 Arnob.,
3321 3435 3405 3490 lib.
3431 3453 3521 3504 vn,
3539 3456 3656 3509 pag.
3687 3439 3840 3509 256).

2308 3524 2590 3579 Trebatius
2619 3525 2688 3580 ab
2717 3525 2807 3582 illo
2832 3527 3088 3597 deinceps
3125 3527 3178 3582 in
3205 3530 3567 3588 testimonium
3597 3547 3838 3606 vocatus,

2235 3617 2281 3671 is
2339 3617 2693 3686 proculdubio
2740 3634 2862 3674 esse
2910 3621 3123 3676 videtur
3152 3623 3332 3692 'cujus
3383 3625 3685 3682 Macrobius
3734 3630 3843 3698 pri-

2235 3725 2381 3764 mum
2410 3718 2464 3763 et
2495 3724 2717 3775 nooum,
2747 3718 2910 3780 atque
2934 3711 3000 3766 A.
3028 3711 3234 3768 Gellius
3251 3716 3495 3784 quintum
3529 3719 3592 3771 de
3609 3719 3842 3794 Religio-

2239 3802 2387 3856 nibus
2417 3801 2608 3856 librum
2637 3802 2957 3858 citaverunt.
2987 3804 3409 3876 Nuncupabatur
3427 3820 3606 3864 autem
3622 3811 3685 3866 C.
3707 3813 3841 3870 Tre-

2235 3896 2412 3951 batius
2443 3896 2624 3960 Testa,
2655 3897 2745 3967 qui
2767 3897 3041 3953 Ciceronis
3070 3900 3346 3956 familiaris
3373 3913 3426 3958 et
3452 3906 3834 3976 coujunctissi-

2237 4006 2359 4044 mus
2414 3990 2532 4044 fuit.
2580 3989 2713 4045 Nam
2754 3991 2804 4047 ei
2835 3992 3101 4048 dedicavit
3149 3995 3468 4065 'l‘opicorum
3505 4016 3723 4057 suormn
3773 4005 3837 4060 li-

2235 4082 2413 4148 brttm,
2446 4098 2678 4154 eumque
2702 4083 2839 4153 juris
2868 4084 3212 4154 interpretem
3244 4088 3462 4144 Salutat.
3494 4091 3574 4152 Ad
3599 4095 3834 4152 Atticum

2237 4193 2365 4232 vero
2400 4177 2585 4234 scribit
2625 4195 2638 4231 :
2691 4196 2710 4229 ‹
2744 4179 3076 4247 Quamquam
3119 4194 3222 4234 non
3263 4181 3565 4252 adspernor
3601 4186 3838 4244 Trebatii

2237 4269 2463 4338 litteras,
2495 4287 2646 4342 aquo
2669 4287 2755 4326 me
2787 4271 2946 4326 unice
2967 4272 3113 4343 diligi
3143 4274 3256 4328 scio
3287 4294 3306 4326 ι
3335 4275 3615 4347 (Macrab.,
3647 4281 3735 4336 lib.
3778 4298 3838 4338 ιιι

2240 4363 2508 4418 Salurnal.
2531 4407 2546 4432 ,
2577 4381 2692 4426 cap.
2726 4364 2760 4418 5
2785 4374 2832 4418 et
2861 4364 2926 4429 9;
2972 4362 3102 4420 Gell.
3126 4408 3141 4431 ,
3173 4367 3264 4423 lib.
3297 4385 3349 4424 γι
3370 4412 3384 4435 ,
3425 4388 3543 4441 cap.
3577 4373 3680 4439 12;
3727 4375 3837 4431 Cic.

2241 4455 2415 4528 Topic.
2444 4500 2459 4525 ,
2493 4476 2610 4530 pag.
2644 4459 2751 4511 276
2777 4476 2792 4522 ;
2824 4457 2978 4521 idem,
3013 4459 3099 4513 lib.
3131 4477 3226 4528 vu,
3258 4465 3405 4533 epist.
3444 4466 3529 4536 16,
3562 4470 3631 4523 ad
3656 4471 3838 4540 Attia,

611 4542 929 4598 Theodorus
975 4543 1270 4615 Cyrenams
1314 4545 1366 4598 in
1411 4543 1692 4600 atheormn
1734 4560 2017 4601 numerum
2063 4545 2132 4600 ab
2157 4551 2212 4611 D
2237 4567 2356 4622 pag.
2388 4549 2526 4615 282;
2567 4551 2655 4604 lib.
2706 4566 2814 4616 vn,
2857 4552 3006 4621 epist.
3035 4554 3069 4609 6
3098 4565 3144 4607 ει
3173 4557 3235 4620 7,
3287 4577 3407 4631 pag.
3434 4561 3464 4614 ’ῖ
3519 4573 3566 4617 et
3591 4581 3764 4636 seqq”
3791 4579 3841 4623 ει

538 4638 772 4694 ethnicis
813 4653 933 4692 cum
961 4637 1102 4702 aliis,
1134 4653 1269 4708 quos
1298 4654 1458 4708 supra
1491 4639 1918 4704 nominavimus,
1948 4655 2138 4709 aggre-
2231 4644 2318 4698 lib.
2358 4660 2388 4698 x
2413 4686 2428 4710 ,
2475 4644 2544 4697 ad
2574 4645 2729 4698 Attic.
2762 4647 2911 4716 epist.
2948 4647 2968 4700 1
2997 4687 3013 4711 ,
3071 4665 3188 4719 pag.
3221 4651 3370 4723 515).
3428 4654 3532 4711 Sed
3574 4657 3626 4712 id
3658 4659 3838 4718 adhuc

537 4740 692 4804 gatus
720 4742 823 4785 est.
855 4729 960 4784 Sed
991 4730 1058 4785 de
1085 4730 1176 4784 illo
1201 4731 1520 4801 creterisque
1552 4730 1922 4810 hujuscemodi
1955 4733 2132 4802 impiis

533 4826 842 4883 hominibus
868 4843 971 4881 non
1001 4827 1168 4882 semel
1197 4836 1375 4881 actum
1418 4846 1444 4879 a
1469 4825 1622 4881 nobis
1655 4827 1770 4881 fuit.

607 4920 948 4974 Timotheum
991 4935 1093 4972 non
1131 4918 1418 4988 ignobilem
1475 4918 1888 4989 theologorum,
1935 4935 2130 4990 nempe

531 5013 844 5085 gentilium,
877 5013 1040 5067 virum
1064 5013 1296 5083 appellat
1342 5014 1610 5069 Arnobius
1656 5013 1908 5086 (Arnob.,
1949 5014 2037 5070 lib.
2071 5031 2127 5082 v,

533 5123 652 5177 pag.
692 5107 837 5164 157).
879 5107 984 5161 Sed
1025 5107 1144 5177 quia
1175 5107 1418 5177 pluribus
1444 5123 1729 5163 commune
1760 5110 1855 5161 fuit
1894 5107 1994 5163 hoc
2033 5124 2130 5164 uo-

531 5214 692 5262 men,
752 5201 872 5269 quis
901 5200 1002 5256 iste
1030 5201 1098 5254 sit
1128 5218 1284 5254 nemo
1314 5200 1467 5255 facile
1497 5201 1715 5256 dixerit.
1749 5201 1897 5257 Unus
1923 5202 2063 5257 enim
2098 5219 2127 5258 a

528 5289 819 5345 Plutarcho
841 5292 1068 5358 citatur,
1095 5294 1331 5364 Τιμόθεος
1360 5296 1410 5347 ἐν
1439 5294 1489 5346 ιὰ
1534 5297 1654 5369 περί
1695 5301 1938 5366 ποταμῶν
1977 5292 2129 5361 (Plu-

527 5382 716 5448 tarclt.,
749 5383 836 5437 lib.
869 5383 931 5436 de
960 5381 1176 5447 Fluviis,
1221 5401 1337 5454 pag.
1376 5384 1576 5448 1151),
1627 5383 1926 5440 Timotheus
1950 5428 1964 5449 ,
1998 5387 2127 5442 libro

523 5476 812 5537 undecimo,
843 5476 907 5529 de
937 5475 1278 5530 Fluminibus.
1326 5475 1476 5530 Alius
1518 5475 1616 5530 fuit
1643 5477 1962 5533 Timotheus
1994 5479 2124 5537 Per-

524 5581 805 5638 gamenus,
833 5569 942 5634 qui,
975 5578 1032 5622 ut
1050 5570 1172 5623 alibi
1201 5569 1625 5637 observavimus,
1657 5571 1848 5628 librum
1865 5574 1934 5628 de
1950 5573 2124 5631 Forti-

522 5659 708 5714 tndinc
731 5659 1167 5730 philosophorum
1215 5671 1592 5734 composuerat
1622 5666 1769 5733 (tant.
1803 5682 1819 5720 ι
1848 5667 2122 5738 Apparat.,

457 5743 461 5749 ’
519 5767 638 5829 pag.
675 5751 854 5824 1270).
895 5751 1107 5808 Tertius
1133 5752 1367 5810 Milesius
1392 5757 1743 5828 poeta,cujus
1773 5759 1915 5814 varia
1957 5776 2118 5831 opera

2233 4739 2402 4808 magis
2428 4749 2569 4807 patet
2596 4755 2660 4793 es
2689 4738 2829 4793 datis
2853 4740 2918 4793 ad
2949 4755 3070 4795 eum
3104 4744 3296 4800 litteris
3320 4747 3459 4804 bene
3483 4751 3688 4818 multis,
3713 4771 3838 4826 qua:

2232 4832 2372 4903 typis
2412 4832 2572 4887 editae
2615 4843 2762 4888 sunt.
2825 4833 2965 4888 Alibi
3000 4850 3130 4889 vero
3177 4853 3298 4892 euut
3331 4841 3532 4898 bonum
3576 4846 3746 4904 virum
3782 4860 3839 4906 et

2227 4926 2402 4982 civem
2434 4928 2689 4997 appellat,
2720 4946 2878 5001 quem
2913 4933 3165 4993 Horatius
3189 4933 3268 4992 sic
3297 4937 3587 5008 alloquitur
3619 4959 3635 4996 :
3809 4941 3819 4944 ’

2331 5086 2457 5145 Quid
2480 5085 2666 5148 faciam,
2705 5091 2988 5153 praescribe.
3353 5033 3582 5096 Trebati,

2637 5175 2854 5237 (Horat.,
2884 5175 2969 5228 lib.
2990 5192 3043 5241 ιι,
3067 5180 3204 5231 satir.
3229 5183 3276 5242 1,
3301 5195 3426 5235 vers.
3456 5183 3488 5232 4
3505 5189 3551 5236 cl
3571 5183 3645 5248 5.)

2307 5297 2646 5356 Valerianum
2697 5303 2982 5373 quemdam
3037 5305 3302 5363 dictorum
3354 5326 3574 5366 suorum
3629 5323 3823 5372 testem

2231 5390 2504 5448 Arnobius
2537 5395 2786 5464 produxit
2813 5399 3010 5464 (Arnob
3041 5441 3056 5466 ,
3091 5401 3127 5454 ι.
3161 5418 3232 5467 vt,
3267 5420 3319 5473 p.
3354 5402 3500 5474 194).
3529 5404 3608 5460 Eo
3645 5420 3826 5465 autem

2229 5486 2451 5542 nomine
2470 5505 2496 5541 a
2524 5488 2699 5544 Plinio
2721 5490 2967 5547 laudatus
2992 5505 3096 5549 est.
3127 5514 3145 5545 ι
3175 5494 3458 5552 Cornelius
3486 5499 3823 5571 Valerianus,

2227 5579 2319 5648 qui
2376 5578 2682 5638 Phaniicem
2737 5585 2790 5639 in
2847 5583 3132 5658 Aigyptum
3199 5590 3536 5648 devolavisse
3606 5595 3828 5651 tradidit

2227 5669 2422 5739 (Plin.,
2482 5673 2518 5726 l.
2581 5690 2612 5728 ιι
2644 5675 2782 5731 Hist.
2807 5688 3001 5747 natur.,
3035 5697 3084 5737 c.
3125 5680 3178 5746 2,
3210 5701 3264 5753 p.
3294 5683 3469 5754 389);
3509 5703 3528 5738 ι
3561 5696 3616 5741 et
3653 5687 3819 5742 alibi:

2234 5782 2252 5818 ι
2292 5765 2465 5845 Villas.
2487 5776 2541 5823 et
2577 5769 2770 5826 domos
2809 5773 3003 5831 ambiri
3044 5775 3373 5848 singularum
3419 5780 3728 5850 palmitibus
3756 5797 3820 5840 ac
