4172 6252
367 409 471 468 689

1547 403 1614 460 IN
1654 400 2033 469 ARNOBIUM,
2063 351 2218 457 CAP.
2260 398 2450 455 XXVI.

3551 389 3656 449 690

363 521 685 594 sequacibus
710 521 876 578 lauris
906 522 1167 578 memoria
1188 522 1406 593 dignum
1439 522 1582 576 inter
1603 519 1774 590 prima
1798 517 1953 575 Vale-
1980 527 2034 584 Α
2057 513 2121 570 Ει
2150 514 2202 570 id
2232 514 2449 586 quidem
2478 528 2508 568 a
2539 512 2694 569 nobis
2720 527 2843 568 cum
2874 512 2930 568 in
2960 512 3059 567 hac
3086 510 3468 567 dissertatione
3490 551 3506 578 ,
3536 517 3654 564 tum

362 617 548 672 rianus
577 631 791 687 quoque
809 613 1093 671 Cornelius
1114 616 1439 671 existimavit
1472 634 1491 668 ι
1525 613 1665 686 (Lib.
1684 615 1865 681 stv,'c.
1899 614 1951 681 1,

366 727 425 781 p.
456 708 601 777 111).
643 728 661 761 ι
700 707 890 765 Utrum
919 724 1048 765 vero
1076 710 1216 765 idem
1258 711 1328 764 sit
1365 719 1526 780 atque
1556 708 1623 774 is,
1654 701 1815 779 quem
1856 708 1958 762 Ar-

367 805 563 860 nobius
595 819 877 868 memorat,
911 805 1140 859 aliorum
1171 815 1288 860 esto
1310 803 1593 874 judicium.

442 896 682 952 Valerius
732 895 979 952 Pontifex
1023 896 1091 953 de
1138 896 1218 962 Ja,
1252 896 1406 952 Midae
1458 895 1604 962 ﬁlia,
1653 904 1709 950 et
1759 893 1958 951 Attidis

366 1005 598 1062 Sponsa,
633 989 826 1044 litteris
856 989 983 1060 quid
1015 989 1383 1054 mandaverit,
1415 996 1594 1043 narrat
1637 997 1824 1042 auctor
1861 1002 1961 1041 no-

366 1098 479 1144 ster
503 1088 742 1160 (Arnob.,
768 1090 805 1141 ι.
838 1101 896 1149 v,
930 1104 984 1156 p.
1020 1085 1165 1159 160).
1198 1085 1302 1140 Sed
1332 1084 1451 1154 quia
1485 1081 1696 1155 plurimi
1726 1099 1788 1137 ex
1812 1082 1960 1137 cele-

366 1183 598 1238 berrima
637 1181 845 1236 Valeria
868 1191 1028 1252 gente
1058 1182 1161 1235 orti
1185 1188 1331 1247 sunt,
1356 1180 1474 1249 quis
1504 1178 1594 1232 ille
1622 1174 1864 1230 Pontifex
1892 1173 1961 1229 ab

365 1290 432 1331 eo
463 1284 709 1342 Vocetur,
736 1274 956 1329 dubium
987 1288 1118 1329 sane
1156 1275 1531 1343 incertumque
1562 1269 1730 1324 videri
1765 1277 1959 1339 potest.

364 1374 620 1429 Animum
653 1382 829 1425 tamen
861 1370 1082 1425 adverte
1131 1379 1307 1423 utrunt
1354 1368 1445 1422 ille
1489 1367 1590 1421 dici
1642 1380 1748 1420 non
1793 1361 1965 1435 possit

366 1467 439 1523 Μ.
467 1466 712 1522 Valerius
742 1464 990 1527 Messitla,
1015 1464 1083 1519 de
1113 1480 1218 1535 quo
1251 1461 1590 1517 Macrobius:
1621 1480 1640 1513 ι
1674 1459 1903 1524 Marcus,
1938 1475 1960 1509 ι

370 1561 559 1632 inquit,
598 1578 619 1614 ι
655 1557 881 1614 MesSaIa
909 1555 1009 1612 Cn.
1044 1556 1257 1612 Domitii
1304 1556 1358 1610 in
1403 1553 1682 1611 consulatu
1723 1551 1961 1620 Collega,

368 1657 616 1725 idemque
659 1671 754 1725 per
789 1669 962 1709 annos
998 1652 1380 1724 quinquaginta
1408 1662 1459 1705 et
1491 1651 1728 1721 quinque
1754 1647 1963 1717 Augur,

364 1749 434 1805 de
461 1747 598 1803 Jano
628 1748 702 1803 ita
732 1746 852 1802 inﬁt
878 1762 893 1800 ε
926 1745 1026 1813 Qui
1056 1757 1249 1800 cuncta
1290 1743 1445 1813 ﬁngit
1482 1741 1779 1811 eademque
1829 1737 1967 1808 regit

364 1842 645 1915 (Macrob.,
671 1842 708 1896 ι.
740 1857 756 1896 t
785 1840 1056 1897 Saturnal.
1083 1856 1129 1893 ο.
1163 1837 1241 1908 9).
1281 1856 1301 1889 ›
1329 1836 1411 1891 Ex
1441 1834 1601 1904 hujus
1637 1833 1798 1888 etiam
1824 1831 1964 1885 Mes-

363 1939 493 1993 salae
524 1936 748 2009 Auguris
774 1936 945 2005 primo
966 1934 1034 1989 de
1053 1930 1316 2002 Auspiciis
1342 1929 1482 1984 libro
1509 1926 1713 1984 Gellius
1741 1924 1960 1994 longum
1992 1917 2040 1975 B

364 2032 723 2099 fragmentum
754 2027 1093 2097 transcripsit
1145 2025 1341 2099 (Ge-IL,
1388 2025 1427 2079 ι.
1477 2038 1576 2077 xnt
1621 2018 1777 2075 Noct.
1828 2019 1963 2084 Att.,

367 2142 416 2180 ε.
448 2125 560 2194 15).
589 2123 818 2177 Constat
838 2122 1018 2189 itaque
1046 2119 1194 2174 illum
1224 2117 1292 2173 de
1310 2116 1412 2171 diis
1434 2113 1719 2184 scripsisse
1743 2110 1964 2182 :quidni

370 2231 496 2287 ergo
526 2216 615 2271 ille
642 2215 713 2270 de
733 2213 813 2269 ιω
842 2213 1089 2280 historia,
1115 2227 1208 2266 seu
1235 2210 1415 2282 potius
1446 2207 1617 2263 fabula
1651 2203 1873 2276 aliquid,
1897 2202 1965 2258 ab

377 2309 615 2367 Arnohio
646 2309 892 2373 citatum,
925 2306 1203 2365 memoriae
1228 2302 1530 2375 prodidisse
1559 2298 1664 2355 dici
1694 2295 1966 2370 ponterit?

373 2403 580 2475 Szrpius
611 2418 740 2459 vero
778 2403 846 2456 ab
873 2400 1181 2457 auctoribus
1211 2397 1390 2453 latinis
1418 2394 1559 2450 baud
1591 2408 1778 2464 parum
1809 2404 1963 2446 com-

367 2497 672 2559 mendatur,
706 2496 1029 2568 magnisque
1071 2493 1348 2549 extollitur
1394 2488 1663 2544 laudibus.
1696 2487 1867 2554 Quam
1909 2482 1964 2538 in

369 2606 483 2647 rem
511 2590 790 2656 Vossium,
820 2589 867 2644 si
892 2597 1081 2654 vacat,
1115 2586 1262 2641 adire
1294 2593 1598 2655 promptum
1623 2591 1707 2636 est
1733 2581 1753 2653 (
1791 2578 1961 2647 Voss.,

373 2689 414 2742 Ι.
446 2701 462 2739 t
490 2684 551 2739 de
582 2682 714 2738 Hist.
750 2682 849 2736 tat.
874 2698 922 2737 c.
957 2681 1046 2743 18,
1077 2697 1130 2751 p.
1160 2680 1277 2749 81).
1313 2678 1369 2733 Si
1413 2677 1578 2730 alium
1614 2675 1965 2730 nihilominus

379 2780 640 2836 Valerium
691 2778 1006 2836 Pontiﬁcem
1060 2779 1129 2832 ab
1182 2772 1424 2830 Arnobio
1471 2768 1797 2842 appellatum
1835 2781 1967 2824 con-

372 2876 584 2941 tendas,
615 2880 758 2930 hunc
788 2874 945 2929 nobis
972 2869 1217 2936 ostende,
1247 2878 1302 2925 et
1332 2867 1593 2924 cedimus.

439 2972 611 3027 Varro
638 2969 979 3040 Menippeus,
1013 2965 1099 3021 vel
1128 2963 1268 3019 sicut
1297 2963 1350 3017 in
1382 2958 1749 3028 manuscriplo
1777 2954 1965 3012 codice

367 3065 536 3137 regio,
567 3072 623 3119 et
649 3062 887 3133 antiquis
909 3058 1239 3115 editionihus
1269 3056 1483 3125 legitur,
1530 3051 1854 3121 Setenipeus,
1879 3047 1965 3103 vel

370 3167 431 3212 ut
458 3158 580 3212 aliis
610 3157 819 3226 placet,
846 3156 899 3208 in
929 3151 1211 3222 Mcnipeis,
1241 3163 1377 3203 unus
1405 3155 1487 3203 est
1515 3161 1581 3202 es
1610 3142 1965 3215 scriptoribus

368 3249 437 3304 ab
465 3258 683 3304 auctore
711 3257 897 3302 nostro
926 3245 1126 3300 citatis.
1153 3241 1346 3298 Prima:
1368 3248 1547 3294 autem
1577 3237 1795 3293 lectioni
1822 3235 1967 3290 favet

2057 607 2206 673 alibi,
2237 606 2328 662 ubi
2351 606 2420 663 de
2462 606 2653 663 eodem
2701 604 2916 661 Zenone
2962 604 3180 678 Myndio
3232 603 3476 676 egimus,
3524 602 3659 658 satis

2058 716 2135 772 pri
2157 700 2339 756 batum
2359 711 2606 771 putamus
2624 699 2873 773 (Supr.c.
2894 699 3064 764 9,art.
3088 700 3115 753 1
3152 708 3310 765 ;tom.
3337 713 3352 751 ι
3380 697 3637 767 Apparat.

2058 808 2114 862 ρ.
2150 791 2251 846 727
2280 801 2326 847 et
2353 808 2484 863 seq.,
2514 808 2574 845 ac
2605 810 2657 861 p.
2701 792 2854 863 817).

2132 885 2208 941 De
2260 884 2380 939 aliis
2431 885 2665 955 denique
2714 884 3030 955 quihusdam
3080 881 3475 952 scriptoribus,
3527 889 3661 952 puta

2060 979 2354 1035 Aristotele
2374 1022 2387 1040 ,
2420 977 2684 1034 Cicerone
2702 1021 2718 1044 ,
2754 978 3009 1049 Euripide
3029 1019 3044 1042 ,
3078 975 3311 1031 Hesiodo
3335 1016 3350 1040 ,
3401 974 3621 1044 Orpheo
3641 1016 3658 1041 ,

2061 1073 2325 1140 Pindaro,
2359 1072 2581 1128 Platone
2613 1082 2667 1127 et
2720 1071 2939 1137 Plauto,
2988 1070 3148 1125 verba
3197 1068 3323 1124 fecit
3368 1068 3659 1123 Arnobius.

2061 1170 2166 1227 Sed
2197 1186 2317 1225 cum
2348 1168 2592 1224 celebres
2618 1167 2693 1222 illi
2726 1166 3019 1236 scriptores
3048 1165 3272 1231 nemini,
3317 1162 3661 1235 quantumvis

2063 1265 2413 1321 mediocriter
2439 1263 2654 1320 erudito
2677 1304 2693 1331 ,
2717 1263 2975 1333 incogniti
3005 1277 3129 1318 esse
3161 1262 3401 1331 possint,
3432 1270 3488 1316 et
3515 1260 3664 1314 varia

2064 1374 2251 1415 eorum
2282 1373 2468 1428 opera,
2499 1358 2613 1412 sive
2656 1372 2854 1426 graeca,
2886 1357 3003 1411 sive
3052 1357 3248 1415 latina.
3279 1354 3418 1426 typis
3465 1352 3666 1423 sa'pius

2065 1451 2229 1515 edita,
2263 1452 2503 1506 omnium
2535 1460 2776 1505 terantur
2806 1449 3075 1517 manibus,
3105 1447 3236 1502 nihil
3275 1447 3344 1502 de
3389 1447 3492 1501 illis
3533 1460 3663 1517 spe-

2065 1544 2244 1601 ciatim
2276 1544 2564 1599 dicendum
2589 1558 2709 1598 esse
2732 1543 3012 1599 duximus.
3046 1542 3160 1598 Huc
3188 1540 3398 1596 accedit
3426 1541 3567 1611 quod
3594 1539 3666 1596 de

2064 1639 2258 1710 graecis
2300 1636 2688 1708 scriptoribus,
2728 1636 2796 1690 ab
2844 1647 3064 1691 auctore
3113 1644 3299 1689 nostro
3345 1633 3557 1701 citatis,
3602 1634 3661 1689 in

2065 1730 2240 1805 primo
2268 1736 2571 1801 Apparatus
2618 1729 2789 1785 nostri
2823 1740 2969 1783 tomo
3003 1729 3153 1793 satis,
3185 1727 3286 1781 nisi
3328 1725 3581 1795 fallimur,
3613 1725 3665 1795 fa

2068 1824 2244 1891 nobis,
2270 1834 2326 1879 ut
2351 1823 2602 1879 omnibus
2629 1821 2738 1877 noti
2764 1821 2913 1888 ﬁant,
2944 1820 3272 1891 disputatum
3304 1826 3405 1874 est;

2657 1973 2953 2014 Αιιτιεῦιυε
2984 1974 3059 2013 ιν.

2064 2094 2141 2147 De
2181 2095 2346 2146 verbis
2380 2095 2634 2153 barbaris,
2681 2093 2944 2153 obsoletis,
2983 2094 3259 2153 inusitatis,
3298 2097 3383 2143 aut
3420 2093 3666 2155 obscuris,

2499 2159 2679 2221 quibus
2700 2155 2950 2208 Arnobius
2982 2170 3100 2207 usus
3131 2164 3225 2208 est.

2136 2305 2182 2359 A
2206 2303 2362 2359 nobis
2377 2302 2486 2373 jam
2508 2302 2849 2359 observatum
2875 2311 2961 2359 est
2983 2302 3238 2361 incultum
3260 2302 3655 2373 confusumque

2066 2412 2187 2453 eSSe
2228 2396 2451 2452 Arnobii
2499 2399 2697 2467 stylum
2737 2410 2800 2450 ac
2841 2410 3442 2464 sermonem,eumque
3471 2394 3524 2448 in
3552 2395 3670 2449 suis

2066 2493 2219 2548 libris
2246 2494 2464 2546 nomina
2495 2490 2809 2546 adhibuisse
2834 2489 3075 2544 obsoleta
3096 2533 3111 2558 ,
3157 2488 3406 2543 inusitata
3448 2497 3504 2543 et
3542 2487 3671 2543 bar-

2067 2584 2231 2648 bara,
2261 2599 2380 2653 qua:
2420 2584 2678 2639 lectorem
2710 2597 2777 2637 ne
2808 2593 3109 2650 morentur,
3139 2595 3172 2637 a
3203 2582 3375 2650 nobis,
3402 2588 3463 2636 ut
3486 2579 3668 2638 ofﬁcio

2066 2686 2256 2731 nostro
2285 2675 2693 2737 satisfaciamus,
2723 2674 2924 2729 debent
2963 2689 3060 2744 pro
3108 2674 3248 2728 virili
3296 2681 3445 2744 parte
3487 2673 3667 2745 expli-

2065 2772 2177 2826 cari
2205 2770 2392 2842 (Supr.
2442 2787 2558 2841 cap.
2587 2770 2644 2838 2,
2676 2779 2779 2824 art.
2809 2769 2888 2840 2).
2925 2770 3157 2824 Plurima
3201 2779 3381 2825 autem
3427 2783 3495 2823 ex
3532 2767 3661 2833 illis,

2067 2864 2191 2920 data
2238 2864 2486 2934 superius
2531 2872 2833 2934 opportuna
2876 2861 3196 2926 oceasione,
3228 2860 3661 2930 explanavimus.

2067 2959 2174 3015 Sed
2200 2960 2366 3017 multa
2395 2973 2502 3014 non
2532 2960 2709 3013 minus
2736 2958 2963 3014 obscura
3002 2967 3058 3013 et
3100 2956 3337 3011 difficilia
3370 2954 3546 3010 adhuc
3571 2968 3665 3009 oc-

2067 3065 2290 3109 currunt
2315 3069 2542 3124 quorum
2572 3051 3096 3124 interpretandorum
3128 3050 3309 3105 nullus
3343 3064 3466 3105 sese
3507 3047 3665 3104 nobis

2068 3149 2222 3203 locus
2266 3149 2399 3203 satis
2448 3147 2766 3203 commodus
2810 3144 3027 3201 obtulit.
3055 3149 3398 3214 Quapropter
3448 3141 3664 3196 illorum

2069 3240 2568 3310 interpretationem
2611 3250 2771 3309 atque
2813 3237 3224 3308 explicationem
3256 3234 3565 3291 censuimus
3594 3232 3663 3287 ad

366 3341 682 3407 Atheumus,
709 3340 797 3411 qui
829 3339 971 3394 illius
995 3336 1312 3392 auctoritate
1341 3332 1632 3404 pnemissis
1665 3331 1814 3386 hisce
1833 3345 1956 3384 ver-
1987 3323 2033 3386 C
2064 3333 2285 3402 hujusce
2306 3331 2695 3388 dissertationis
2719 3333 2919 3387 calcem
2947 3344 3068 3386 eSse
3093 3326 3459 3399 rejiciendam.
3486 3325 3543 3382 lu
3563 3324 3666 3381 hac

366 3437 452 3492 bis
480 3437 644 3490 utitur
668 3433 903 3510 Οὔαρῥον
933 3433 959 3490 ὁ
988 3435 1246 3492 Meritum;
1274 3429 1669 3499 ἐπικαλούμενος
1705 3423 1726 3496 (
1749 3423 1963 3503 Atlten.,

366 3533 405 3585 ι.
436 3544 491 3584 tv
521 3527 791 3599 Deipnos.,
821 3545 875 3598 p.
910 3527 1060 3593 160),
1121 3521 1285 3578 Varro
1310 3519 1606 3591 cognomine
1636 3516 1961 3588 Menippeas.

367 3621 625 3679 Ultimam
656 3636 785 3677 vero
816 3620 1099 3677 lectionem
1132 3616 1417 3672 conﬁrmat
1450 3612 1517 3669 Λ.
1545 3609 1751 3667 Gellius
1790 3624 1821 3664 a
1856 3622 1965 3680 quo

369 3717 450 3771 sic
482 3714 726 3770 laudatur
758 3730 772 3766 :
808 3733 827 3765 ι
866 3711 1041 3768 Varro
1069 3710 1121 3762 in
1154 3708 1317 3762 satira
1360 3690 1636 3775 Menippea
1658 3743 1674 3769 ,
1705 3715 1865 3772 quam
1896 3700 1966 3755 de

372 3807 557 3865 Ofﬁcio
575 3806 749 3862 mariti
778 3805 992 3876 scripsit
1014 3800 1303 3871 (Gell.,tib.
1338 3815 1355 3853 ι
1386 3796 1687 3860 Noet.Att.,
1717 3811 1834 3865 cap.
1870 3794 1962 3861 17,

374 3921 491 3975 pag.
529 3902 643 3974 80).
681 3922 699 3953 ι
737 3900 932 3955 Verum
960 3898 1054 3952 ille
1082 3898 1196 3966 ipse
1224 3902 1407 3965 postea
1440 3891 1522 3947 his
1548 3904 1656 3944 non
1686 3889 1963 3942 minimam

368 3997 546 4052 attulit
588 3995 967 4050 obscuritatem
990 4032 1004 4054 ,
1050 3989 1136 4043 ubi
1180 3986 1246 4041 de
1275 3984 1445 4040 servis
1471 3984 1706 4052 disputat
1737 3998 1749 4033 :
1787 3998 1808 4032 ι
1857 3978 1962 4034 Alii

365 4107 609 4164 quoque,
647 4109 666 4143 ι
699 4088 893 4159 inquit,
928 4104 946 4137 ι
980 4100 1088 4139 non
1122 4081 1275 4152 pauci
1297 4080 1440 4135 servi
1469 4077 1703 4141 fuerunt,
1724 4074 1814 4145 qui
1843 4082 1965 4138 post

365 4183 674 4258 philosophi
705 4182 833 4238 clari
859 4179 1217 4239 exstiterunt,
1244 4189 1311 4230 ex
1339 4171 1534 4243 quibus
1563 4169 1653 4224 ille
1682 4166 1962 4237 Menippus

362 4280 488 4346 fuit,
518 4279 671 4348 cujus
702 4276 867 4331 libros
898 4273 968 4329 M.
1002 4271 1171 4326 Varro
1212 4269 1264 4323 in
1304 4265 1486 4323 satiris
1520 4262 1804 4318 aemulatus
1844 4269 1958 4325 est,

364 4388 501 4445 quas
525 4372 613 4426 alii
629 4369 878 4441 Cynicas,
896 4367 1011 4437 ipse
1036 4358 1620 4436 appellatMenippeas(
1644 4353 1813 4420 Idem,
1831 4353 1868 4410 ι.
1899 4368 1957 4419 ιι,

364 4485 414 4522 c.
449 4467 539 4533 18,
572 4483 625 4537 p.
662 4463 810 4535 151).
843 4480 862 4514 ι
914 4460 1066 4528 Quod
1097 4456 1311 4528 quidem
1356 4469 1386 4508 a
1428 4449 1694 4507 Macrobio
1739 4445 1960 4502 totidem

2069 3441 2231 3497 porro
2260 3426 2635 3497 disquisitione
2674 3424 2922 3480 eumdem
2954 3433 3113 3493 atque
3140 3422 3194 3476 in
3221 3419 3488 3492 superiori
3531 3417 3663 3472 arti-

2067 3519 2188 3575 culo
2216 3518 2610 3590 alphabeticnm
2629 3558 2643 3581 ,
2677 3525 2735 3571 ut
2770 3516 2911 3586 loqui
2942 3524 3157 3581 amant,
3187 3511 3432 3566 ordinem
3462 3523 3660 3581 seque-

2066 3630 2205 3670 mur.
2243 3614 2475 3668 Pritnum
2505 3615 2684 3683 itaque
2710 3610 2847 3665 dixit
2872 3607 3142 3664 Arnobius
3169 3622 3184 3661 :

2144 3729 2163 3762 ‹
2202 3708 2554 3764 Ancillatrum
2604 3704 2807 3762 servuli
2851 3701 3172 3776 pavibundis
3211 3696 3660 3769 trepidationibus

2066 3802 2326 3864 imitatus,
2355 3821 2373 3853 ›
2396 3798 2487 3869 qui
2511 3799 2717 3855 scilicet
2738 3799 3064 3868 potentiores
3093 3792 3338 3848 homines
3360 3788 3661 3845 humillime

2067 3897 2265 3950 salutat
2294 3894 2536 3967 (Arnob.,
2566 3893 2603 3947 ι.
2637 3909 2730 3957 vn,
2756 3910 2808 3960 p.
2841 3891 2991 3962 221).
3024 3889 3096 3943 fta
3121 3902 3251 3942 sane
3280 3888 3330 3940 in
3363 3881 3663 3939 manuscri-

2066 3996 2159 4059 pto
2185 3987 2371 4043 codice
2401 3987 2550 4056 regio
2579 3986 2822 4055 legimus.
2854 3982 2962 4038 Sed
3004 3981 3153 4036 illum
3191 3976 3404 4048 quidam
3450 3977 3520 4032 ibi
3559 3973 3658 4030 de-

2064 4090 2344 4153 pravatum
2374 4089 2652 4151 putantes,
2683 4077 2842 4132 scribi
2869 4076 3155 4131 voluerunt
3198 4072 3413 4127 Ancilla
3437 4083 3524 4124 aut
3550 4085 3660 4123 ser-

2064 4175 2189 4228 vuli.
2229 4175 2300 4229 At
2346 4174 2460 4227 haec
2499 4170 2767 4227 correctio
2809 4167 3160 4239 sequentibus
3206 4162 3431 4221 Arnobli
3475 4161 3656 4218 verbis

2064 4282 2170 4322 non
2193 4265 2450 4321 cohaeret.
2465 4262 2826 4330 Quamobrem
2849 4260 2937 4315 alii
2963 4256 3351 4315 restituendum
3377 4255 3659 4325 suspican-

2066 4367 2151 4414 tur
2179 4377 2193 4413 :
2225 4356 2541 4411 Ancillarum
2562 4353 2747 4409 servuli
2777 4352 2991 4424 pavidas
3015 4351 3375 4422 trepidationes
3402 4347 3655 4402 imitatus.

2062 4450 2170 4508 Sed
2219 4451 2422 4505 nullam
2468 4449 2689 4519 hujusce
2735 4446 2982 4502 lectionis
3012 4445 3378 4516 probationem
3407 4441 3493 4496 vel
3522 4455 3657 4496 cono

364 4558 549 4614 verbis
593 4557 848 4623 scriptum
897 4552 1122 4619 legimus
1195 4545 1478 4622 (Macrob.,
1519 4544 1558 4598 ι.
1602 4559 1619 4598 t
1667 4539 1957 4605 Saturnat.,

2064 4546 2323 4616 iecturam
2374 4543 2673 4614 proferunt.
2722 4540 2861 4611 Quid
2905 4557 3066 4609 vero,
3108 4539 3154 4595 si
3197 4537 3468 4594 Arnobius
3514 4547 3657 4590 novo

363 4671 416 4708 c.
449 4653 538 4714 11,
569 4669 621 4722 p.
647 4649 800 4718 224).
836 4647 892 4701 In
931 4644 1150 4699 dubium
1180 4640 1359 4711 itaque
1390 4635 1529 4693 haud
1562 4632 1830 4690 immerito
1861 4644 1957 4684 vo-

2061 4640 2226 4696 verbo
2244 4639 2548 4702 servitium,
2568 4654 2664 4695 seu
2681 4638 2995 4709 obsequium
3023 4634 3221 4692 servuli
3243 4630 3654 4705 significaverit,

363 4747 476 4801 cari
508 4721 718 4815 potest,
747 4749 924 4796 utrum
953 4738 1123 4792 Varro
1151 4734 1462 4803 Menippeus
1487 4771 1503 4796 ,
1531 4738 1623 4784 aut
1665 4724 1955 4783 celelterri-
1984 4721 2039 4782 D
2065 4732 2209 4804 quod
2236 4733 2349 4804 ipse
2376 4731 2726 4797 ancillatrnm,
2746 4746 2839 4786 seu
2863 4730 3039 4802 potius
3063 4727 3368 4783 ancillatum
3387 4721 3660 4795 appellat?

365 4856 489 4897 mus
516 4839 586 4894 Μ.
609 4836 895 4893 Terentius
921 4833 1093 4888 Varro
1117 4830 1393 4885 Romanus
1416 4826 1486 4881 ab
1507 4821 1748 4880 Arnobio
1772 4816 1959 4887 appel-

364 4936 527 4991 letur.
559 4932 615 4989 Si
645 4941 824 4987 autem
874 4929 1017 4983 hunc
1059 4926 1268 4997 potius,
1301 4937 1459 4995 quam
1505 4919 1670 4973 alium
1721 4915 1790 4971 ab
1838 4914 1958 4987 ipso

363 5028 638 5086 laudatum
669 5038 925 5085 censeas,
949 5021 1073 5092 quia
1104 5019 1337 5084 latinus,
1378 5025 1433 5070 et
1471 5012 1579 5068 alio
1625 5011 1784 5081 longe
1829 5008 1955 5064 illu-

364 5120 551 5184 strior,
599 5116 746 5187 plura
773 5115 841 5171 de
868 5113 971 5169 diis
990 5154 1005 5177 ,
1030 5112 1097 5168 de
1133 5110 1327 5183 quibus
1356 5115 1540 5161 auctor
1566 5112 1747 5158 noster
1786 5099 1959 5167 loqui-

365 5224 477 5279 tur,
519 5212 716 5271 litteris
762 5206 1134 5278 consignavit,
1173 5219 1240 5260 eo
1284 5201 1461 5257 minus
1509 5195 1954 5267 repugnabimus,

366 5323 478 5378 quo
504 5306 671 5377 magis
698 5303 929 5376 genuina
954 5300 1197 5372 ejusdem
1238 5294 1460 5353 Aruobii
1501 5292 1662 5348 lectio
1690 5289 1758 5344 alt
1787 5290 1955 5361 impe-

368 5401 477 5457 rito
504 5400 744 5457 librario.
771 5397 848 5452 uti
877 5394 1127 5456 vidimus,
1164 5391 1307 5448 fmde
1330 5388 1629 5444 deformata
1658 5391 1762 5440 est.

441 5491 666 5547 Verrius
685 5490 755 5546 ab
778 5488 1018 5544 Arnobio
1046 5486 1312 5542 dictorum
1342 5495 1563 5538 suorum
1590 5492 1683 5533 vas
1711 5486 1767 5533 et
1796 5491 1963 5546 spon-

373 5601 465 5641 sor
490 5584 685 5652 factus,
709 5584 824 5651 ipse
843 5592 924 5637 est
948 5579 1165 5636 Verrius
1188 5577 1430 5640 Flaccus,
1456 5573 1523 5628 de
1545 5587 1652 5644 quo
1676 5585 1775 5627 nos
1797 5584 1958 5641 supra

372 5678 437 5733 ad
469 5677 686 5732 Verbum
721 5674 936 5730 Flaccus
966 5671 1207 5743 (Arnob.,
1239 5669 1276 5723 Ι.
1305 5685 1343 5732 t,
1375 5684 1428 5738 p.
1461 5668 1576 5739 57).

443 5771 658 5825 Zenone
677 5785 740 5823 ex
767 5767 1002 5841 Myndio,
1032 5782 1151 5837 quae
1179 5764 1230 5820 in
1262 5763 1501 5820 medium
1529 5760 1803 5819 Arnobius
1836 5772 1964 5829 pro-

374 5864 497 5922 tulit
528 5862 764 5935 (Arnob.,
796 5862 833 5917 t.
864 5877 936 5929 vt,
969 5878 1021 5932 p.
1070 5859 1221 5932 193),
1264 5850 1382 5914 huic
1423 5859 1514 5913 ille
1557 5872 1660 5913 non
1709 5852 1960 5919 aliunde,

378 5971 537 6027 quam
566 5971 632 6010 ex
674 5953 968 6010 Clementis
1014 5951 1361 6008 Alexandrini
1407 5949 1641 6005 fontibus
1691 5946 1966 6003 hauserat.

2067 4827 2253 4882 Utrum
2284 4834 2463 4881 autem
2493 4824 2721 4896 genuina
2758 4824 2829 4880 sit
2867 4826 2981 4877 haec
3009 4821 3244 4877 auctoris
3270 4818 3437 4874 nostri
3468 4815 3652 4881 lectio,

2060 4919 2368 4990 expeudant
2388 4918 2499 4979 alii,
2523 4925 2580 4972 et
2602 4916 2966 4985 pronuntient.
2994 4913 3160 4971 Nobis
3183 4920 3332 4968 certe
3361 4909 3506 4967 illius
3527 4921 3656 4963 sen-

2060 5026 2179 5067 sum
2204 5009 2521 5082 patefecisse
2544 5008 2759 5064 suflicit.
3340 5002 3343 5015 '

2136 5106 2385 5161 Auserum
2430 5104 2686 5176 grinm'tus
2726 5100 2997 5158 Arnobius
3035 5096 3300 5171 appellat;
3344 5095 3467 5167 quia
3499 5093 3655 5150 Grin-

2061 5200 2207 5267 nire,
2252 5198 2423 5270 inquit
2474 5196 2699 5264 Festus,
2741 5210 2993 5251 anserum
3044 5195 3194 5249 vocis
3249 5193 3524 5262 proprium
3571 5197 3658 5244 est

2064 5291 2253 5365 (Ibid..
2278 5291 2316 5346 ι.
2351 5307 2422 5353 vn,
2453 5307 2506 5360 p.
2530 5288 2658 5347 205.
2692 5287 2832 5343 Fest.
2859 5288 2928 5342 ad
2956 5288 3087 5342 verb.
3119 5291 3433 5357 GBUNNIRE).

2132 5386 2297 5441 Arbor
2331 5395 2549 5456 pausata
2576 5385 2646 5441 ab
2670 5382 2911 5439 Arnobio
2953 5382 3111 5454 pinus
3139 5389 3382 5445 vocatur,
3413 5377 3516 5432 sub
3548 5387 3656 5446 qua

2062 5481 2203 5536 Attis
2231 5496 2292 5535 se
2320 5478 2420 5534 viri
2450 5478 2667 5533 nomine
2699 5476 2950 5546 privavit,
2982 5483 3037 5530 et
3074 5473 3227 5544 cujus
3255 5472 3457 5526 circum
3489 5468 3653 5524 robur

2060 5583 2233 5629 mater
2258 5572 2417 5628 deum
2447 5571 2663 5626 Sociatis
2689 5584 2808 5624 cum
2845 5567 3059 5624 Acdesti
3105 5565 3424 5636 planctibus,
3468 5570 3656 5632 pectus

2061 5665 2237 5721 tumlit
2280 5674 2335 5721 et
2379 5664 2585 5720 sauciat
2628 5660 2866 5733 (Arnob.,
2897 5662 2936 5715 ι.
2965 5676 3018 5727 v,
3051 5677 3104 5730 ρ.
3139 5658 3281 5729 160).
3325 5655 3433 5713 Cur
3476 5667 3653 5709 autem

2063 5757 2226 5815 arbor
2258 5769 2475 5828 pausata
2507 5756 2732 5817 dicatur,
2762 5768 2953 5807 omnes
2991 5751 3184 5806 horum
3232 5747 3452 5805 Arnobii
3485 5748 3655 5801 libro-

2068 5868 2186 5907 runt
2217 5856 2671 5907 commentatores
2698 5843 2797 5899 sibi
2832 5844 3066 5898 fatentur
3095 5858 3221 5898 esse
3247 5836 3658 5909 incompertum.

2070 5943 2276 6001 Vocem
2332 5942 2514 6017 itaque
2566 5947 2794 6013 pausam
2841 5944 3164 6008 corruptam
3217 5932 3387 5990 fuisse
3431 5927 3676 5988 nonnulli
