4172 6252
591 346 690 404 691

1836 354 2287 413 DISSERTATIO
2324 356 2605 419 PREVIA

3770 378 3867 435 692

585 466 934 533 arbitrantur,
962 481 1040 541 ac,
1053 481 1150 537 pro
1170 482 1233 524 ea
1265 469 1473 534 lanata,
1504 470 1588 527 vel
1616 470 1865 539 (autaut,
1892 473 1976 529 vel
2004 475 2182 545 posita:
2205 476 2261 538 Α
2284 476 2400 534 sive
2447 478 2703 538 ceteriam
2749 492 3105 542 mercaturam
3156 487 3396 560 (Donat.,
3437 489 3493 545 in
3527 489 3730 546 Terent.
3760 492 3864 549 Ea-

587 557 898 629 legendum.
939 557 1046 614 Sed
1092 558 1209 615 haec
1234 560 1325 615 alii
1358 571 1416 617 ut
1457 577 1639 619 meras
1682 580 1852 637 nugas
1894 562 2191 637 explodunt

586 660 750 721 atque
789 651 1103 709 exsibilant.
1145 653 1284 720 Quid
1319 656 1461 709 enim
1504 665 1650 712 vetat
1695 660 1981 730 quominus
2008 660 2188 718 Arno-

584 744 709 801 bius
735 758 862 798 usus
903 745 974 798 sit
1006 746 1174 801 verbo
1218 757 1470 817 ραιωαιω,
1519 750 1753 829 imitatus
1799 746 2068 815 Plautum.
2097 757 2187 827 qui

585 836 728 892 dixit
779 835 979 902 Pansa,
1008 837 1059 892 id
1088 846 1191 905 est,
1224 842 1462 910 quiesce.
1503 841 1634 897 Nam
1683 843 1756 898 ibi
1788 854 1976 901 auctor
2006 857 2189 917 noster

583 930 773 984 scribit
803 937 1029 984 matrem
1060 929 1219 985 deum
1251 931 1304 985 in
1335 941 1549 987 antrum
1577 950 1730 989 suum
1752 936 2009 993 detulisse
2039 938 2183 992 illam

582 1022 861 1089 arborem,
916 1034 972 1077 et
1014 1022 1215 1080 circum
1264 1026 1428 1080 robur
1475 1027 1616 1082 illius
1662 1027 1729 1083 ibi
1777 1040 2028 1099 pausatte,
2071 1032 2185 1087 sive

582 1098 909 1189 quiescentis
935 1125 989 1172 et
1016 1118 1206 1187 positae
1240 1120 1444 1173 sociatis
1474 1135 1591 1173 cum
1620 1098 1838 1177 AcdeSti
1879 1123 2184 1194 planctibus

581 1226 741 1266 suum
770 1209 1036 1265 tutudisse
1064 1225 1127 1264 ac
1153 1213 1481 1266 sauciavisse
1506 1220 1717 1282 pectus.

651 1303 883 1374 Arquata
912 1303 1119 1370 sellula,
1155 1304 1257 1360 hoc
1297 1314 1400 1370 est,
1434 1306 1828 1375 semirotunda,
1855 1316 1909 1364 et
1942 1309 1994 1363 in
2025 1324 2182 1366 arcus

578 1397 985 1452 similitudinem
1012 1396 1239 1453 formata
1268 1398 1506 1470 (Arnob.,
1533 1399 1570 1453 ι.
1595 1416 1635 1468 ι,
1667 1418 1720 1470 p.
1745 1400 1861 1473 59).
1882 1402 1999 1471 Quo
2020 1418 2181 1460 sensu

578 1489 647 1546 ab
673 1488 862 1546 Ovidio
892 1491 1102 1545 canitur
1132 1509 1146 1545 :

674 1603 769 1654 Iris
792 1611 846 1655 et
869 1604 1576 1672 arquato_cmlum_curvaruine
1599 1608 1816 1672 signans.

1047 1666 1233 1731 (0vid.,
1256 1666 1337 1719 lib.
1358 1682 1391 1717 ιι
1415 1660 1693 1733 Μειαιιιοιῖ,
1716 1684 1828 1735 pag.
1855 1668 1992 1737 418.)

652 1770 821 1840 Attagi
847 1769 1070 1842 phrygia
1118 1770 1294 1843 lingua
1327 1783 1619 1842 vocantur,
1664 1790 1799 1845 quos
1844 1777 2020 1833 hircos
2045 1777 2179 1835 dici-

2244 630 2251 634 _
2290 572 2469 639 nuch.,
2499 585 2600 628 act.
2632 591 2688 642 ιι,
2720 593 2859 633 scen.
2892 578 2946 644 2,
2980 595 3112 638 vers.
3157 580 3271 655 26).
3301 583 3385 639 Ab
3412 583 3533 639 aliis
3558 595 3762 652 autem,
3788 592 3867 658 qui

2287 661 2551 720 lsidorum
2589 665 2791 733 citant,
2819 670 3047 727 sumitur
3075 687 3174 742 pro
3200 673 3294 738 iis,
3327 676 3418 746 qui
3446 674 3659 732 diversa
3686 694 3866 750 genera

2286 753 2511 824 piscium
2550 759 2802 815 emebant
2847 770 2902 817 et
2947 763 3251 819 vendebant
3293 765 3541 836 (Isidor.,
3583 768 3635 822 in
3682 769 3867 841 σιω,

2286 866 2341 918 p.
2397 848 2548 921 620).
2604 850 2814 908 Videsis
2868 853 3177 912 Turnebum
3234 858 3326 914 lib.
3390 875 3485 914 xm
3560 862 3869 935 Adversar.,

2286 954 2408 1011 cap.
2441 942 2529 996 M.

2356 1032 2595 1104 Botulus,
2631 1046 2766 1095 teste
2811 1036 2993 1109 Festo,
3024 1058 3193 1114 genus
3239 1044 3538 1103 farciminis
3577 1058 3684 1116 est,
3710 1053 3868 1122 quod,

2285 1138 2503 1197 propter
2532 1131 2943 1199 connexionem,
2974 1150 3003 1189 a
3033 1136 3169 1190 bolis
3195 1137 3274 1192 sic
3313 1139 3613 1209 appellatur
3637 1142 3868 1213 (Arnob.,

2289 1222 2328 1276 l.
2362 1239 2420 1287 ιι,
2451 1241 2502 1293 ρ.
2533 1226 2630 1293 75;
2676 1224 2882 1294 Festus,
2913 1230 2983 1284 ad
3009 1247 3139 1285 vers.
3170 1231 3459 1305 Boruws).
3495 1236 3755 1295 Martialis
3782 1258 3868 1295 au-

2286 1324 2390 1370 tem
2417 1317 2612 1385 alicubi
2639 1318 2836 1375 cecinit
2868 1340 2882 1376 :

2377 1429 2625 1507 Quigvenit
2644 1434 2839 1506 botulus
2860 1438 3022 1489 medio
3044 1441 3133 1491 tibi
3153 1446 3380 1507 tempore
3402 1444 3610 1507 brumae,

2468 1492 2664 1545 Saturni
2688 1507 2881 1561 septem
2906 1511 3112 1552 venerat
3135 1492 3407 1556 ante'dies.

2848 1581 3110 1645 (Martial.,
3140 1584 3224 1637 lib.
3249 1599 3350 1651 xw,
3374 1590 3530 1657 epigr.
3556 1584 3660 1657 72.)

2282 1699 2641 1768 Quamobrem
2695 1704 3056 1765 Tertullianus
3112 1710 3358 1771 ethnicos
3404 1715 3549 1773 hunc
3610 1720 3869 1791 redarguit

2281 1791 2333 1846 in
2354 1794 2571 1850 modum
2604 1814 2617 1852 :
2649 1816 2667 1849 ι
2700 1797 2843 1855 Inter
2870 1810 3195 1859 tentamenta
3223 1806 3636 1866 christianorum
3661 1813 3869 1870 botulos

577 1875 697 1915 mus
726 1860 966 1933 (Arnob.,
1000 1863 1037 1915 l.
1070 1878 1122 1928 v,
1152 1882 1205 1933 p.
1250 1862 1396 1931 159).
1432 1865 1586 1935 Apud
1628 1867 1969 1922 Eustachium
2022 1885 2166 1939 vero,

2279 1892 2443 1948 etiam
2469 1908 2664 1950 cruore
2688 1895 2952 1953 distentos
2977 1900 3295 1965 admovetis.
3321 1905 3608 1962 certissimi
3630 1909 3869 1966 illicitum

574 1952 749 2021 inquit
796 1951 1113 2021 Bochartus,
1168 1952 1396 2029 ἄ-ττηγοι,
1444 1956 1696 2012 dicuntur
1747 1956 1887 2033 αἶγες
1934 1959 2170 2037 ἅῤῥηνες,

571 2322 871 2381 Bochartus
899 2341 967 2380 ex
1005 2322 1232 2382 Hebraeo
1263 2324 1437 2381 Athud
1481 2329 1658 2400 potius
1687 2322 1988 2386 derivatum
2026 2332 2170 2388 arbi-

575 2424 768 2484 tratur,
799 2436 981 2490 quem,
1012 2422 1056 2476 si
1089 2421 1242 2488 velis,
1273 2422 1515 2480 consule.

644 2509 966 2578 Aucti/icari,
1021 2511 1158 2566 dixit
1199 2506 1385 2568 auctor
1432 2522 1637 2583 noster,
1686 2517 1889 2572 Ennius
1932 2526 2079 2585 vero,
2110 2529 2170 2575 ut

568 2610 719 2657 notat
764 2600 968 2658 Nanius
1010 2586 1312 2670 Marcellus,
1362 2606 1641 2679 augiﬁcare
1671 2628 1690 2663 :
1717 2610 1813 2665 sed
1866 2610 2167 2667 obsoletum

568 2694 792 2748 verbum
848 2703 950 2763 est,
995 2694 1138 2765 quod
1193 2696 1335 2752 idem
1383 2709 1545 2771 atque
1590 2717 1788 2772 augere
1833 2704 2168 2775 signiﬁcabat

569 2784 808 2859 (Arnob.,
860 2791 899 2844 ι.
952 2804 1043 2855 vn,
1093 2809 1147 2861 p.
1198 2790 1335 2856 224;
1384 2790 1552 2859 Nam,
1581 2795 1644 2848 de
1688 2790 1948 2867 Propriet.
1988 2814 2163 2863 serm.,

567 2898 613 2936 c.
647 2881 724 2953 2).
759 2880 914 2953 Apud
941 2878 1248 2940 Lucretium
1278 2892 1456 2941 autem
1487 2888 1714 2959 legimus
1743 2907 1756 2943 :

1601 3001 1920 3066 Auctiiicique
2024 3022 2031 3027 ·

659 3050 818 3111 Motus
838 3068 1081 3124 perpetuo
1106 3066 1308 3125 possunt
1330 3072 1531 3112 servare
1565 3050 1752 3114 creata.

1215 3145 1450 3207 (Lucret,
1476 3141 1558 3195 lib.
1586 3160 1634 3206 ιι,
1657 3158 1783 3197 vers.
1804 3147 1944 3212 571.)

638 3270 926 3342 Augustam:
970 3271 1130 3326 simili
1173 3262 1333 3327 modo
1363 3273 1496 3326 dixit
1540 3272 1832 3339 Arnobius,
1864 3290 1961 3335 pro
1990 3292 2157 3349 augu-
2189 3266 2234 3328 C

564 3371 706 3419 stum
734 3363 959 3419 reddere
1000 3360 1233 3435 (Arnob.,
1268 3364 1304 3418 ι.
1333 3380 1426 3431 v11,
1457 3381 1509 3433 ρ.
1539 3364 1690 3438 201).
1990 3436 1999 3441 ﬂ

641 3457 870 3523 Batiaca,
896 3458 949 3512 in
976 3458 1340 3528 manuscripto
1369 3469 1548 3514 autem
1578 3461 1723 3530 regio
1751 3463 1937 3520 codice
1966 3466 2160 3536 pastio-

564 3570 650 3607 cas
694 3553 1100 3621 corruptissime
1144 3551 1332 3624 (1ὺίά.,
1377 3554 1415 3607 ι.
1462 3570 1499 3620 ι,
1552 3571 1603 3623 ρ.
1643 3556 1755 3627 59).
1789 3540 1920 3612 Nam
1962 3560 2162 3615 batiaca

562 3662 738 3718 grmce
786 3646 1029 3719 βατιάκη,
1080 3646 1218 3701 sicut
1254 3662 1320 3700 ex
1365 3634 1624 3701 Athenaeo
1674 3648 1951 3716 discimus,
1986 3654 2160 3722 poculi

564 3750 679 3795 erat
737 3754 904 3810 genus
948 3736 1179 3811 (At/tem,
1221 3730 1306 3791 lib.
1350 3754 1388 3793 ιι
1418 3722 1689 3808 Deipnos.,
1722 3760 1771 3812 p.
1822 3742 1970 3816 486).
2008 3744 2158 3801 Unde

562 3831 789 3887 Plautus
814 3831 1010 3885 alicubi
1040 3832 1175 3885 dixit
1208 3849 1220 3886 :

754 3943 947 4010 Quibus
964 3942 1148 3993 divitiae
1171 3943 1303 3992 domi
1324 3950 1456 4006 sunt,
1483 3945 1697 4008 scaphio,
1718 3946 1980 4010 cantharis,

659 4002 863 4054 Batiolis
881 4005 1072 4055 bibunt.

1157 4064 1363 4133 (Plaut,
1390 4068 1580 4134 Stych.,
1597 4074 1692 4121 act.
1712 4080 1760 4132 ν,
1776 4084 1907 4123 scen.
1930 4072 2004 4134 4.)

566 4176 636 4233 At
663 4178 734 4236 ibi
761 4176 1077 4249 quibusdam
1097 4178 1150 4233 in
1174 4177 1500 4235 editionibus
1526 4178 1740 4251 legitur,
1768 4178 2012 4237 Batiacis.

636 4296 833 4369 Bigarii
881 4312 983 4352 vox
1027 4306 1130 4364 est,
1161 4313 1279 4366 qua:
1320 4297 1373 4361 in
1416 4292 1656 4353 Romana
1702 4300 1890 4354 horum
1936 4300 2157 4357 Arnobii

565 4390 826 4445 librorum
854 4390 1090 4446 editione
1118 4397 1172 4445 et
1200 4390 1316 4443 aliis
1346 4391 1729 4460 posterioribus
1757 4389 2074 4447 exhibetur:
2102 4393 2157 4449 iu

566 4481 939 4553 manuscripto
980 4493 1157 4537 autem
1198 4483 1345 4553 regio
1375 4483 1495 4538 cod.
1528 4480 1750 4553 Pigarii,
1798 4483 1850 4539 in
1889 4497 2155 4557 postrema

566 4576 827 4641 editione,
875 4577 1086 4647 egbiarii
1134 4575 1383 4648 (Hrnob.,
1435 4560 1471 4631 ἱ.
1515 4594 1550 4632 ιι
1595 4597 1647 4650 ρ.
1693 4570 1804 4650 ‘70).
1864 4568 1967 4636 Sed
2011 4582 2155 4639 nulla

2275 1998 2394 2039 esse
2418 1987 2558 2055 apud
2584 1987 2724 2054 illos,
2755 2005 2850 2059 per
2874 1991 3017 2060 quod
3045 1993 3353 2051 exorbitare
3381 1997 3500 2052 illos
3532 2001 3690 2055 vultis
3720 2001 3871 2072 (Ter-

2268 2359 2503 2415 stitatem
2526 2371 2579 2417 et
2599 2363 2941 2419 sobrietatem
2965 2367 3081 2421 sine
3102 2369 3371 2423 taxatione
3390 2369 3861 2431 adversariorum?

2270 2451 2495 2518 Quinam
2530 2454 2612 2508 isti
2644 2465 2771 2509 sunt
2812 2457 2979 2512 semel
3013 2460 3325 2526 nominabo,
3359 2464 3660 2519 exteriores
3689 2474 3743 2521 et
3780 2467 3862 2523 in-

2269 2543 2497 2599 teriores
2515 2544 2679 2600 botuli
2703 2545 3085 2619 Psychicorum
3114 2548 3306 2623 (Idem,
3332 2554 3369 2608 ι.
3395 2554 3458 2609 de
3476 2555 3791 2627 Jejuuiis,c.
3812 2560 3861 2627 1,

2270 2652 2324 2706 ρ.
2353 2626 2505 2707 701).
2542 2657 2562 2690 ι

2341 2728 2494 2784 Buri:
2533 2728 2728 2787 dicitur
2770 2749 2800 2787 a
2843 2733 3163 2804 quibusdam
3214 2752 3339 2807 pars
3367 2740 3533 2794 aratri
3576 2742 3861 2811 posterior,

2267 2820 2336 2876 ab
2379 2822 2499 2877 aliis
2532 2827 2760 2881 temonis
2800 2830 3067 2896 superior,
3100 2840 3154 2885 et
3181 2840 3404 2901 utraque
3437 2833 3715 2888 incurvata
3746 2834 3863 2906 (Ar-

2267 2912 2407 2980 nob.,
2438 2915 2475 2968 ι.
2506 2931 2565 2981 ιι,
2597 2934 2649 2985 ρ.
2679 2917 2795 2988 59).
2829 2918 2907 2974 Eo
2946 2932 3123 2977 autem
3164 2921 3382 2979 nomine
3424 2941 3553 2981 usus
3581 2936 3665 2981 est
3690 2926 3864 2998 Virgi-

2266 3005 2391 3072 lius,
2425 3008 2512 3063 ubi
2543 3009 2687 3064 canit
2718 3029 2732 3065 :

2358 3138 2593 3209 Quintiano
2610 3143 2657 3191 in
2675 3142 2823 3207 sylvis
2834 3158 3010 3209 magna
3035 3148 3082 3196 vi
3106 3147 3243 3198 ﬂexa
3262 3148 3502 3209 domatur,

2356 3202 2414 3251 lu
2433 3204 2607 3268 burim,
2637 3213 2688 3256 et
2701 3202 2847 3258 curvi
2873 3202 3073 3258 formam
3092 3212 3266 3274 accipit
3283 3212 3443 3261 ulmus
3463 3202 3635 3262 aratri.

2583 3286 2811 3357 (Virgil.,
2835 3286 2915 3340 lib.
2942 3306 2955 3339 ι
2978 3291 3176 3357 Georg.,
3194 3305 3318 3345 vers.
3345 3295 3431 3344 169
3452 3296 3672 3362 etseqq.)

2267 3412 2413 3481 Quos
2442 3415 2494 3468 in
2525 3426 2715 3471 versus
2738 3417 2854 3473 haec
2881 3418 3101 3475 Servius
3121 3421 3372 3478 observat
3402 3442 3417 3477 :
3447 3438 3466 3478 ι
3496 3425 3553 3480 in
3580 3426 3788 3497 burim,
3814 3431 3860 3484 in

2264 3505 2319 3560 in
2348 3514 2719 3563 curvaturam.
2756 3510 2890 3566 Nam
2930 3512 3081 3567 buris
3123 3523 3206 3570 est
3249 3528 3656 3575 curvamentum
3700 3527 3863 3577 aratri

2263 3602 2464 3656 dictum
2509 3605 2659 3673 quasi
2699 3604 2819 3677 βοὸς
2862 3609 3011 3682 οὐρὰ,
3054 3608 3197 3678 quod
3246 3614 3316 3665 sit
3360 3612 3411 3665 in
3449 3614 3860 3672 similitudinem

2263 3696 2448 3750 caudae
2494 3696 2662 3754 bovis.
2696 3699 2802 3754 Alit
2848 3701 3022 3755 burim
3066 3710 3406 3759 curvaturam
3457 3710 3709 3774 temonis,
3744 3726 3863 3780 ψη

2263 3794 2422 3856 supra
2443 3798 2548 3855 est,
2572 3801 2625 3844 et
2644 3788 2784 3860 quod
2808 3790 2944 3847 infra
2967 3798 3051 3869 est
3073 3811 3261 3850 urvum
3284 3797 3489 3852 dicunt.
3510 3798 3671 3854 Buris
3690 3802 3857 3869 enim,

2263 3890 2322 3934 ut.
2349 3893 2618 3946 curvetur,
2647 3893 2772 3938 ante
2809 3883 2919 3953 igni
2961 3868 3230 3954 domatur,
3261 3890 3603 3947 amburitur:
3636 3894 3780 3949 unde
3805 3906 3862 3950 et

2261 3988 2381 4044 quae
2436 3977 2751 4032 naturaliter
2806 3978 3150 4035 inveniuntur
3212 3996 3392 4039 curva:
3443 3985 3518 4040 ita
3582 3986 3848 4042 dicuntur.

2264 4065 2433 4122 Varro
2460 4068 2533 4123 ait
2564 4080 2729 4124 totum
2768 4070 2942 4127 burim
2971 4073 3132 4129 indici
3161 4076 3228 4130 ab
3267 4077 3421 4132 urbe.
3454 4097 3476 4131 ι
3511 4079 3688 4136 Priori
3716 4097 3846 4137 sen-

2261 4160 2443 4219 tentiae
2492 4163 2729 4222 Isidorus
2773 4168 3090 4238 subscripsit
3137 4168 3357 4241 (Isidor.
3390 4213 3406 4238 ,
3461 4174 3498 4228 l.
3546 4190 3614 4229 xx
3681 4175 3853 4247 0rig.,

2259 4273 2306 4310 c.
2339 4259 2436 4325 15;
2486 4258 2701 4328 Arnob.,
2748 4262 2787 4315 l.
2832 4278 2872 4328 ι,
2905 4279 2959 4333 ρ.
2989 4263 3083 4329 94,
3130 4270 3179 4319 et
3210 4266 3248 4319 ι.
3282 4282 3375 4333 vtt,
3423 4285 3478 4339 p.
3511 4267 3654 4335 222;
3694 4271 3855 4336 ibid.,

2260 4350 2297 4405 l.
2333 4356 2407 4419 Vt,
2438 4368 2490 4420 p.
2518 4352 2668 4425 9.00).

2262 4476 2267 4493 ε
2330 4444 2605 4513 Busticela,
2636 4454 2695 4501 ut
2728 4447 3171 4505 animadvertitur
3214 4452 3268 4507 in
3315 4452 3510 4525 glossis
3545 4455 3723 4511 eidcut
3758 4456 3861 4512 lsi-

2258 4536 2391 4594 doro
2411 4538 2701 4609 attribntls,
2736 4551 2892 4596 erant
2917 4544 3163 4613 sepulcra
3193 4544 3246 4599 in
3273 4562 3424 4616 agro.

566 4668 793 4738 hujusce
812 4631 1224 4722 ’iminntationis
1252 4631 1387 4722 ratio
1423 4631 1682 4724 reddititr.
1710 4631 1818 4726 Cur
1847 4689 1952 4726 non
1982 4674 2158 4743 potius
2182 4658 2237 4717 D
2286 4631 3348 4743 ,(ἷίῗῗαῗίξῖτῗδνξνηῗυἷ¹¹¹ν¹¹¹¹¹⁸³³¹¹ξ¹¹¹¹¹¹¹¹θ
3366 4646 3861 4743 ¹ξ⁰¹⁰ί¹¹¹⁵⁶¹ἕ⁰⁸δ¹⁸⁸ι

564 4758 777 4826 Cibarii,
807 4761 897 4832 qui
943 4759 1147 4816 scilicet
1176 4760 1323 4816 cibos
1352 4758 1644 4817 coniiciunt
1673 4774 1766 4818 aut
1812 4756 2159 4822 ministrant?

532 4840 739 4932 'Yarro
772 4854 911 4910 enim
951 4851 1092 4924 apud
1133 4853 1361 4911 Nonium
1409 4854 1714 4912 Marcellum
1746 4877 1759 4913 :
1796 4878 1814 4911 ι
1851 4844 1998 4915 Tuus
2043 4860 2157 4932 ipsc

561 4924 730 5001 frater
753 4945 986 5002 cibarius
1019 4946 1111 5001 l'uit
1153 4945 1488 5003 Aristoxenis
1519 4948 1686 5023 (Non.
1729 4948 1990 5022 Marcell.,
2025 4924 2156 5009 L'de

563 5038 821 5110 Pr0priet.
854 5056 1032 5108 serm.,
1061 5056 1105 5093 ε.
1134 5039 1190 5104 2,
1224 5058 1278 5110 p.
1307 5036 1457 5112 556).
1495 5060 1514 5093 ›
1547 5028 1655 5097 Cur
1698 5059 1804 5098 non
1849 5045 2031 5113 etiam,
2068 5044 2152 5100 in-

561 5133 709 5202 quiet
753 5132 966 5203 aliquis,
1014 5132 1220 5204 legatur
1264 5131 1480 5206 Bigarii,
1529 5151 1594 5189 ex
1642 5148 1749 5205 quo
1792 5128 1860 5189 ab
1905 5136 2151 5207 imperito

560 5224 779 5280 librario
822 5225 1013 5280 factum
1048 5212 1290 5298 Pigarii?
1319 5226 1590 5297 Superiuri
1628 5229 1824 5300 quippe
1853 5220 1991 5285 linea
2019 5218 2152 5287 dixit

558 5318 828 5374 Arnobius
872 5318 1248 5390 quadrigarios.
1297 5308 1492 5375 Verum
1546 5337 1704 5376 nemo
1759 5321 1986 5379 fortasse
2032 5323 2150 5381 sine

559 5409 782 5467 alterius
807 5412 1151 5484 manuscripti
1179 5406 1379 5469 codicis
1408 5413 1607 5470 auxilio
1632 5414 1991 5473 adulteratutu
2013 5417 2146 5475 illud

558 5518 755 5559 nomen
787 5503 1073 5560 emendare
1103 5507 1316 5574 poterit.

626 5597 867 5666 Bolones,
912 5601 961 5654 in
1002 5613 1103 5655 ms.
1152 5598 1339 5657 codice
1387 5609 1572 5657 nostro
1614 5598 1858 5673 legimus,
1898 5620 1994 5675 pro
2037 5622 2143 5677 quo

556 5690 798 5745 nonnulli
840 5705 1119 5761 perperam
1143 5692 1475 5763 scripserunt
1506 5688 1721 5748 Voloues
1745 5691 1983 5767 (Arnob.,
2014 5682 2051 5752 Ι.
2081 5714 2139 5766 ιι,

551 5798 606 5854 ρ.
635 5782 748 5852 70).
778 5780 908 5836 Nam
941 5793 1001 5838 ut
1024 5783 1096 5837 ait
1140 5783 1375 5840 Donatus
1405 5805 1419 5840 :
1462 5783 1689 5851 Cetarii,
1720 5806 1740 5841 ι
1781 5786 1871 5860 qui
1900 5800 2016 5845 cete
2038 5829 2053 5856 ,
2086 5789 2142 5847 id

548 5883 651 5939 est,
684 5876 1106 5946 magnosfpisces
1148 5876 1424 5934 venditant
1452 5889 1509 5937 et
1535 5879 1759 5939 bolones
1800 5893 2074 5952 exercent,
2116 5902 2136 5937 ι

2261 4726 2351 4796 qui
2384 4740 2477 4781 vas
2505 4728 2788 4797 signiticet,
2820 4730 2875 4784 in
2923 4746 3032 4801 quo
3073 4733 3488 4802 pulmentarium
3519 4746 3857 4814 coquebant.

2261 4820 2472 4877 Videsis
2501 4816 2733 4879 LexiCon
2763 4824 3016 4893 Martinii,
3046 4836 3097 4881 et
3130 4827 3306 4884 VuSSii
3331 4835 3755 4908 etymologicon.

2331 4914 2651 4971 Calumistris
2667 4917 2865 4972 uibrare
2884 4921 3165 4986 cwaariem,
3183 4922 3356 4991 inquit
3370 4924 3639 4986 Arnobius
3659 4931 3859 5005 (ιδιά,

2260 5007 2295 5061 l.
2329 5024 2386 5073 ιι,
2418 5025 2470 5078 p.
2502 5007 2613 5080 τὶ).
2647 5006 3024 5067 Calamistrum
3053 5015 3195 5069 enim
3227 5026 3340 5071 erat
3371 5033 3499 5075 acus
3529 5025 3723 5091 major,
3755 5043 3861 5083 seu

2257 5101 2478 5168 ferrum,
2509 5116 2614 5171 quo
2639 5104 2893 5161 calefacto
2921 5108 3146 5178 capillus
3190 5108 3529 5181 intorquetur
3554 5127 3609 5172 et
3635 5118 3861 5191 crispa-

2258 5198 2365 5251 tur.
2396 5190 2534 5250 Audi
2563 5195 2839 5267 Virgilium
2869 5214 2885 5251 :

2779 5310 2988 5363 Fcedare
3015 5315 3062 5362 in
3089 5313 3290 5377 pulvere
3308 5316 3474 5371 crines

2350 5374 2550 5426 V'ibrato
2574 5374 2728 5426 calido
2749 5374 2903 5438 ferro,
2932 5374 3228 5442 myrrhaque
3251 5382 3528 5435 madentes.

2732 5480 2856 5547 (Lib.
2877 5496 2945 5534 ιιι
2969 5481 3185 5547 dineith
3206 5498 3333 5539 vers.
3352 5486 3416 5540 90
3433 5490 3654 5557 etsqq.)

2247 5608 2393 5678 Qitos
2423 5610 2475 5664 in
2522 5627 2708 5668 versus
2756 5613 3018 5670 Servius:
3058 5635 3076 5667 ι
3135 5616 3515 5676 Calamistrum
3559 5630 3642 5677 est
3684 5638 3850 5692 acus,

2246 5703 2435 5774 inquit,
2481 5704 2675 5787 major,
2721 5722 2841 5777 quae
2881 5707 3158 5773 calefacta,
3190 5722 3245 5765 et
3288 5711 3522 5769 adhibita
3570 5716 3850 5787 intorquet

2246 5796 2488 5865 capillos.
2538 5815 2556 5850 ι
2607 5782 2815 5853 Vidcsis
2856 5798 3058 5856 Iulium
3104 5800 3412 5874 Pollucem,
3471 5815 3525 5862 et
3576 5782 3845 5866 Isidorum

2244 5885 2434 5959 (Poll.,
2459 5888 2492 5945 ι.
2528 5905 2582 5959 v,
2613 5906 2658 5945 c.
2690 5886 2787 5959 16;
2820 5889 3035 5960 lsidor.,
3068 5893 3105 5947 Ι.
3137 5902 3209 5947 xx
3241 5894 3412 5967 Orig.,
3468 5906 3514 5954 ε.
3544 5890 3653 5967 15).
