4172 6252
324 345 433 412 093

1530 338 1594 396 IN
1633 332 2008 404 ARNOBIUII,
2049 331 2201 391 CAP.
2246 330 2433 389 XXVI.

3507 332 3611 389 694

395 460 661 519 Calisadri
708 459 923 517 nomine
971 460 1197 533 putabat
1237 458 1525 516 Turnebus
1567 454 1639 510 ab
1678 452 1916 509 Arnobie
1943 452 1995 518 Α
2018 450 2167 506 Festi
2191 450 2369 507 verbis
2390 458 2445 506 et
2471 449 2790 506 auctoritate
2815 449 2956 515 fulti,
2982 449 3367 522 putantCastus
3391 414 3609 505 nomine

323 558 555 616 indicari
581 557 822 629 pallium,
850 557 993 628 quod
1037 565 1162 613 ante
1202 555 1507 611 risiniatum
1535 549 1920 621 appellaverat.

324 652 436 710 Sed
486 668 549 709 re
596 653 861 708 maturius
919 665 1196 722 expensa,
1255 646 1585 704 existimavit
1640 640 1924 715 signiﬁcari

322 747 519 817 capit'u
547 746 966 817 operimentum.
1015 744 1135 812 Quo
1176 756 1339 798 sensu
1384 740 1451 797 ab
1498 737 1720 795 Horatio
1764 748 1922 791 usur-

326 850 490 910 pater
515 857 530 896 :

583 964 679 982 .....
703 931 871 982 Altum
891 931 1101 993 Saganae
1115 927 1434 979 caliendrum.

854 1014 1070 1079 (Horat.,
1090 1010 1173 1062 lib.
1194 1028 1228 1075 ι,
1256 1009 1393 1062 satir.
1415 1009 1463 1070 8,
1484 1020 1609 1059 vers.
1630 1004 1736 1067 48.)

326 1122 553 1191 Quodin
575 1137 793 1178 carmen
816 1121 1019 1187 Acron,
1041 1121 1155 1175 sive
1175 1120 1355 1190 quivis
1377 1117 1496 1187 ejus
1522 1113 1740 1171 nomine
1760 1111 1917 1175 alius,

323 1217 601 1273 annotavit
642 1216 958 1271 caliendrum
987 1215 1108 1276 diei,
1141 1213 1255 1268 sive
1302 1220 1680 1265 ornamentum
1725 1205 1920 1276 capitis

319 1312 633 1375 mulierum,
654 1324 764 1382 quo
785 1310 851 1365 ad
882 1308 1223 1365 exornandos
1251 1306 1429 1362 crines
1457 1304 1779 1366 utebantur;
1808 1300 1921 1354 sive

318 1404 700 1476 supposititios
740 1407 952 1470 crines,
999 1419 1135 1473 quos
1178 1414 1275 1472 pro
1305 1397 1638 1454 naturalibus
1684 1394 1915 1464 accipies

321 1499 468 1554 bant.
497 1497 868 1552 Tertullianus
891 1511 1104 1566 quoque
1134 1494 1237 1549 hoc
1267 1504 1463 1547 nomen
1493 1489 1791 1559 usurpavit.
1822 1485 1915 1541 ubi

321 1590 378 1646 in
405 1591 656 1645 mulieres
685 1588 956 1645 invehitur
985 1606 998 1640 :
1030 1602 1050 1639 ι
1078 1589 1147 1641 At
1170 1596 1311 1640 nune
1335 1585 1389 1638 in
1415 1582 1735 1652 semetipsos
1761 1579 1912 1632 leno-

321 1683 573 1750 cinmdo,
615 1698 722 1751 quo
746 1680 961 1754 planius
986 1681 1267 1742 adeantur,
1300 1689 1356 1733 et
1396 1672 1613 1737 stolam,
1640 1684 1696 1729 et
1726 1670 1912 1742 Iuppa‘

316 1795 455 1844 rum,
486 1788 541 1831 et
565 1776 916 1847 crepidulam,
941 1783 993 1830 et
1012 1773 1364 1839 caliendrum,
1386 1772 1532 1841 ipsas
1558 1779 1777 1839 quoque
1793 1772 1912 1836 jam

2026 542 2123 596 has
2150 554 2340 598 omnes
2368 543 2689 598 cerimonias
2717 543 3025 613 signiﬁcari.
3051 543 3413 599 Tertullianus
3432 556 3611 598 autem

2026 635 2115 689 ubi
2144 634 2402 690 adversus
2432 636 2727 690 catholicos
2773 651 2870 705 pro
2913 650 3131 690 suorum
3168 634 3610 690 Montanistarum

2019 727 2237 798 jejuniis
2280 727 2513 798 disputat
2558 748 2570 783 :
2620 746 2639 779 ι
2666 728 2771 783 Sed
2820 729 2974 792 bene,
3007 746 3027 779 ι
3062 728 3263 797 inquit,
3320 746 3341 779 ι
3372 726 3513 797 quod
3558 728 3612 781 in

2024 826 2226 878 nostris
2258 822 2615 894 Xemphagiis
2643 821 3008 893 blasphemias
3030 822 3301 892 ingerens,
3330 816 3494 876 Casto
3520 820 3617 875 Isi-

2024 917 2109 972 dis
2138 926 2190 971 et
2231 914 2458 989 Cybeles
2503 916 2755 986 :idzequas
2791 934 2813 967 ι
2863 914 3123 987 (Τετιυιιη
3168 915 3258 969 lib.
3302 915 3364 968 de
3406 913 3613 986 Jejun.,

2025 1027 2140 1078 cap.
2172 1011 2285 1081 16).
2310 1009 2364 1066 Si
2389 1011 2507 1079 quis
2529 1024 2655 1064 vero
2675 1008 2835 1062 alium
2864 1023 2961 1078 pro
2991 1007 3268 1062 catholicis
3294 1013 3474 1061 contra
3505 1006 3616 1061 hie-

2024 1103 2224 1157 reticos
2267 1113 2517 1171 agentem
2549 1082 2739 1154 audire
2787 1100 2954 1165 malit,
2991 1116 3057 1153 cn
3089 1108 3288 1170 praesto
3315 1108 3397 1152 est
3428 1098 3619 1152 IIiero-

2023 1208 2251 1267 nymns,
2292 1196 2383 1264 qui
2425 1194 2683 1248 adversos
2728 1191 2995 1247 Joviniaal
3043 1202 3255 1245 errores
3292 1189 3614 1261 pugnando,

2023 1289 2140 1344 haec
2184 1287 2493 1342 scribebat:
2530 1305 2549 1338 ι
2592 1286 2665 1339 De
2694 1285 2934 1339 ciborum
2962 1283 3064 1338 sibi
3096 1283 3309 1351 placent
3336 1282 3614 1336 absunen-

2024 1383 2116 1448 tia,
2147 1380 2297 1451 quasi
2326 1397 2427 1434 non
2458 1390 2512 1435 et
2539 1377 2851 1447 superstitio
2876 1377 3157 1447 gentilium
3186 1385 3390 1430 castum
3423 1375 3611 1431 matris

2021 1461 2185 1530 deum
2222 1472 2490 1538 observet,
2515 1480 2566 1524 et
2586 1470 2813 1524 Osiridis
2841 1488 2858 1520 ι
2884 1465 3238 1539 (Hieronym,
3264 1466 3379 1520 adv.
3407 1463 3611 1533 Jovin.,

2020 1566 2111 1622 lib.
2143 1576 2201 1631 rt,-
2228 1574 2347 1636 ρας.
2377 1564 2493 1633 91).
2526 1563 2721 1618 Postea
2770 1575 2896 1615 vero
2935 1559 3158 1631 planius’
3179 1574 3242 1614 ac
3289 1559 3506 1629 propius
3546 1558 3614 1615 ad

2020 1658 2249 1713 Arnobii
2293 1657 2462 1711 nostri
2506 1665 2780 1710 mentem:
2817 1672 2833 1704 ι
2866 1650 3183 1720 Quomodo,
3218 1650 3422 1722 inquit,
3452 1651 3615 1721 virgi-

2021 1750 2174 1805 nitati
2203 1760 2345 1803 verm
2373 1762 2478 1802 non
2507 1745 2822 1815 praeiudicat
2853 1744 3077 1797 imitatio
3099 1742 3364 1812 virginum
3390 1741 3612 1805 diaboli,

314 1870 557 1936 lecticas,
582 1879 638 1926 et
663 1868 826 1923 sellas
852 1866 1003 1936 queis
1028 1866 1081 1919 in
1108 1863 1321 1935 publico
1347 1870 1563 1932 quodue
1591 1833 1909 1919 domestice.

2021 1845 2091 1899 ita
2122 1858 2220 1898 nec
2263 1843 2406 1897 veris
2448 1840 2667 1910 jejuniis
2715 1846 2919 1892 castum
2969 1835 3125 1890 Isidis
3166 1847 3217 1889 et
3246 1833 3525 1907 Cybeles,
3559 1838 3614 1888 et

316 1977 382 2018 ac
434 1970 645 2017 secrete
695 1960 1053 2024 babebanttir,
1087 1957 1367 2027 ejeravere
1401 1975 1419 2006 ι
1458 1951 1728 2026 (Tertull.,
1759 1951 1798 2005 ι.
1855 1950 1919 2003 de

318 2054 523 2122 Pallio,
556 2072 603 2109 c.
633 2055 688 2122 4,
721 2071 771 2122 p.
806 2053 959 2121 I56).

397 2167 415 2200 ι
439 2146 743 2203 Canaeheni
771 2146 1016 2201 obserata
1034 2141 1331 2214 pandentes
1352 2136 1690 2194 remedorum
1714 2134 1913 2191 obscu-

318 2242 477 2300 ritate
521 2262 540 2294 ι
591 2240 834 2313 (Arnob.,
866 2240 903 2292 l.
935 2253 1010 2303 vr,
1044 2254 1095 2305 p.
1127 2234 1274 2304 108).
1308 2233 1485 2291 Verba
1515 2239 1641 2286 sunt
1679 2228 1917 2284 auctoris

318 2334 509 2398 nostri,
536 2346 658 2403 quae
684 2329 927 2401 pluribus
952 2329 1115 2400 plane
1136 2328 1389 2395 corrupta
1418 2338 1540 2378 esse
1569 2320 1706 2375 haud
1731 2314 1927 2375 imme3

316 2429 422 2484 tito
448 2426 717 2481 videntur.
750 2423 978 2492 Quidam
1008 2422 1189 2493 itaque
1215 2432 1312 2490 pro
1336 2415 1674 2480 remedorum,
1706 2411 1915 2474 restitui

317 2522 506 2577 volunt
550 2518 890 2584 tenebrarum,
922 2512 1017 2571 sed
1048 2530 1150 2586 qua
1194 2510 1549 2569 auctoritate?
1582 2508 1659 2564 De
1699 2507 1915 2562 nomine

319 2622 496 2686 autem
529 2606 817 2666 Canacheni
862 2608 1212 2681 quaerendum
1259 2602 1487 2675 amplius
1517 2609 1763 2657 censent.
1807 2596 1913 2655 Sed

318 2704 411 2761 ubi
442 2703 493 2759 id
522 2702 890 2775 qamrendum,
935 2701 1036 2755 nisi
1082 2699 1219 2752 alius
1251 2690 1491 2751 melioris
1519 2703 1660 2749 noue
1687 2699 1742 2746 et
1770 2691 1909 2745 inte-

314 2799 464 2870 grior
498 2795 897 2865 manuscriptus
932 2791 1103 2847 codex
1150 2786 1449 2843 habeatur?
1496 2786 1563 2839 At
1604 2788 1751 2838 certe
1780 2776 1917 2836 nulli

314 2891 603 2947 obscurum
640 2902 762 2944 esse
802 2894 982 2958 potest
1013 2884 1309 2939 Arnobium
1356 2879 1501 2951 loqui
1536 2877 1605 2933 de
1635 2876 1917 2932 nocturnis

312 2982 693 3057 pradonibus,
741 2983 829 3050 qui
877 2979 1097 3033 deorum
1149 2975 1436 3030 simulacra
1491 2982 1582 3027 aut
1636 2972 1904 3041 spoliave-

311 3088 456 3145 rant,
487 3083 581 3131 aut
609 3090 675 3131 ex
701 3074 916 3146 templis
959 3071 1315 3129 abStuIerant.
1350 3069 1433 3125 An
1475 3076 1653 3122 autem
1686 3076 1778 3121 eos
1807 3062 1908 3121 de.

311 3173 517 3243 signet,
552 3171 644 3242 qui
676 3170 880 3241 magica
916 3172 1035 3221 arte
1059 3165 1111 3220 id
1141 3162 1412 3227 facerent,
1441 3161 1671 3217 aliorum
1705 3158 1907 3230 judicio

312 3263 695 3337 permittimus.

385 3352 864 3429 Chuntharnlus’ab
897 3351 1134 3407 Arnobio
1172 3348 1367 3404 dicitur
1396 3342 1583 3419 (me,
1609 3351 1745 3416 .‘png.
1773 3340 1911 3413 209)

311 3462 541 3522 parvum
569 3462 661 3501 vas
689 3446 957 3518 potorium
982 3486 997 3510 ,
1027 3457 1147 3497 cum
1186 3452 1294 3510 quo
1323 3437 1565 3493 Bacchus
1595 3434 1741 3507 pingi
1770 3434 1910 3488 sole-

311 3546 427 3601 bat.
460 3542 665 3599 Paucas
694 3543 836 3597 enim
863 3548 991 3593 ante
1015 3538 1187 3592 lineas
1208 3532 1499 3601 scripserat
1525 3548 1539 3584 :
1569 3546 1589 3581 ι
1620 3530 1677 3583 In
1705 3527 1906 3593 Liberi,

313 3653 413 3697 seu
436 3638 653 3705 Bacchi,
678 3637 898 3692 dextera
928 3631 1174 3705 pendens
1194 3629 1397 3699 potoria
1427 3625 1776 3681 cantitarus.r
1808 3621 1912 3676 Ra-

316 3735 520 3789 tionem
550 3732 595 3785 si
626 3744 835 3801 quazras
854 3770 868 3793 ,
906 3726 1046 3781 hanc
1092 3722 1187 3778 tibi
1222 3721 1465 3776 Valerius
1494 3719 1753 3773 Maximus
1780 3730 1909 3786 sng-

318 3835 491 3899 geret.
522 3843 540 3877 ι
570 3825 731 3880 Liber
760 3829 910 3894 pater
944 3832 1009 3875 ex
1043 3818 1168 3873 Asia
1199 3816 1403 3871 ducens
1433 3811 1782 3881 triumphum,
1810 3810 1911 3866 hoc

316 3930 455 3975 usus
491 3917 665 3989 poculi
706 3928 907 3988 genere
945 3912 1217 3967 ferebatur
1249 3926 1268 3960 ι
1322 3905 1472 3979 (Val.
1518 3903 1689 3968 Μαῖα,
1720 3904 1808 3958 lib.
1842 3914 1908 3970 ιι,

314 4022 436 4083 cap.
467 4011 522 4077 6,
548 4011 577 4083 ᾗ
606 4009 683 4080 7).
714 4007 881 4077 Cujus
906 4003 1175 4071 exemplo,
1205 4000 1283 4055 uti
1313 3999 1403 4053 ille
1431 4006 1484 4052 et
1513 3997 1717 4051 Plinius
1742 4010 1914 4050 annos

312 4112 498 4162 tarum
521 4102 714 4175 (Μῖνι,
740 4101 830 4155 lib.
854 4104 1021 4154 nm
1048 4093 1184 4149 Hist.
1226 4100 1357 4175 παι..
1383 4100 1500 4157 cap.
1522 4090 1615 4152 ιι,
1647 4102 1766 4159 pag.
1792 4086 1907 4160 rs),

310 4199 381 4255 C.
411 4173 607 4252 Marius
630 4204 748 4266 post
775 4192 1057 4249 victoriam
1094 4173 1431 4260 Cymbricam
1459 4182 1731 4239 cantharis
1764 4194 1911 4238 sem~

310 4306 418 4364 per
448 4288 676 4360 potavit.

390 4383 575 4451 Capite
614 4381 751 4435 censi
795 4377 1047 4451 appellati
1094 4383 1252 4439 sunt,
1296 4372 1499 4444 inquit,
1546 4380 1667 4442 post
1714 4370 1913 4427 Iulium

311 4476 579 4539 Paulum,
616 4475 677 4527 Α.
708 4471 949 4536 Gellius,
978 4468 1068 4539 qui
1103 4467 1247 4521 nullo
1269 4509 1283 4532 ,
1325 4475 1418 4520 aut
1459 4480 1717 4536 perquam
1749 4480 1914 4534 parvo

312 4584 429 4625 tere
478 4567 870 4630 censebantur,
919 4578 981 4617 ac
1029 4576 1248 4632 parvum
1294 4569 1385 4614 aut
1432 4560 1640 4614 nullum
1684 4560 1911 4635 vectigal

2020 1934 2372 2006 quorumdam
2393 1932 2636 1987 ciborum
2661 1932 2712 1983 in
2734 1938 2994 1984 aeternum
3014 1927 3361 1993 abstinentia,
3382 1925 3615 1982 maxime
3689 1983 3693 1986 ,

2022 2041 2144 2082 cum
2173 2026 2313 2097 apud
2345 2025 2465 2080 illos
2490 2023 2753 2094 jejunium
2785 2016 2959 2091 panis,
2990 2009 3172 2090 sagina
3200 2020 3442 2074 carnium
3469 2032 3616 2074 com-

2019 2129 2334 2193 pescerctur
2363 2137 2383 2171 ι
2419 2117 2604 2187 (Ibid,
2636 2132 2754 2186 pag.
2786 2114 2934 2186 104).
2967 2106 3157 2168 Nonne
3181 2113 3326 2168 enim
3360 2111 3490 2166 illud
3528 2113 3611 2183 je-

2012 2216 2218 2287 junium
2247 2214 2417 2283 panis,
2443 2212 2584 2267 idem
2606 2218 2690 2265 est
2716 2218 2876 2280 atque
2908 2216 3235 2277 temperatus,
3262 2216 3320 2261 ut
3341 2206 3615 2262 Arnobius

2021 2309 2175 2373 dixit,
2208 2308 2271 2360 ab
2305 2306 2548 2362 alimonio
2574 2304 2721 2374 panis
2739 2304 2765 2356 2’

2032 2424 2033 2429 π
2090 2401 2304 2455 Cimices
2331 2400 2608 2455 vermiculi
2636 2406 2763 2452 sunt
2792 2395 2963 2452 fretidi
2995 2410 3058 2450 ex
3090 2395 3267 2466 ligno,
3301 2392 3525 2462 chartis,
3558 2402 3614 2451 et

2020 2494 2193 2564 paleis
2221 2500 2525 2549 nascentes.
2559 2492 2792 2546 Isidorus
2823 2504 2953 2544 vero
2982 2508 2995 2544 :
3031 2507 3050 2541 ι
3089 2489 3309 2555 Cimex,
3349 2507 3369 2541 ι
3404 2489 3610 2560 inquit,

2025 2606 2047 2637 ι
2082 2586 2151 2642 de
2180 2584 2533 2640 similitudine
2557 2583 2835 2654 cujusdam
2863 2582 3045 2636 herba:
3074 2592 3316 2647 vocatur,
3345 2582 3499 2652 cujus
3521 2580 3612 2637 lte-

2020 2688 2191 2734 torem
2217 2678 2377 2733 habet
2408 2695 2428 2729 ι
2453 2676 2697 2750 (Arnob.,
2722 2675 2808 2729 lib.
2832 2691 2891 2743 ιι,
2914 2666 3031 2747 pag.
3055 2675 3147 2740 75;
3171 2672 3386 2741 Isidor.,
3421 2674 3510 2729 lib.
3532 2690 3606 2731 xu

2023 2770 2195 2845 θήρη
2226 2784 2341 2841 cap.
2374 2770 2452 2843 Β).

2095 2880 2115 2917 ι
2143 2864 2383 2931 Cianum,
2416 2884 2435 2916 ι
2469 2865 2545 2919 ait
2583 2873 2771 2918 auctor
2812 2871 3026 2929 noster,
3076 2881 3096 2914 ι
3129 2876 3420 2935 cyceonem
3450 2877 3610 2935 quem

2018 2967 2293 3028 nuncupat
2315 2960 2545 3023 Graecia,
2565 2958 2772 3029 oggerit
2806 2977 2824 3011 ι
2854 2957 3090 3028 (Arnob.,
3116 2958 3203 3012 lib.
3228 2973 3285 3025 v,
3313 2975 3434 3030 pag.
3460 2956 3609 3029 174).

2016 3053 2147 3108 Haec
2185 3061 2364 3108 autem
2396 3052 2487 3107 ille
2524 3058 2579 3107 et
2606 3052 2753 3121 plura
2792 3052 2894 3105 alia
2916 3092 2930 3115 ,
2969 3064 3089 3120 qua:
3120 3051 3191 3105 ibi
3219 3048 3288 3106 de
3316 3049 3610 3107 Eleusiniis

2016 3146 2296 3217 mysteriis
2324 3154 2523 3209 narrat,
2553 3158 2617 3200 ex
2648 3146 2925 3199 Clemente
2952 3143 3336 3210 Alexandrino,
3362 3155 3419 3198 ut
3449 3157 3610 3216 supra

1938 3254 1985 3316 ε
2019 3238 2357 3305 notavimus,
2403 3246 2677 3291 mutuatus
2715 3247 2817 3292 est.
2859 3237 3047 3292 Graece
3092 3236 3233 3290 enim
3297 3234 3487 3291 doctus
3531 3236 3613 3290 vir

2014 3332 2308 3402 scripserat
2334 3349 2347 3384 :
2381 3330 2520 3387 ἔπιον
2546 3332 2629 3387 τὸν
2656 3338 2895 3397 κυκεῶνα,
2925 3329 3040 3385 Bibi
3084 3346 3371 3401 cyceoncm.
3405 3330 3610 3384 Cinnus

2013 3434 2215 3491 autem,
2248 3433 2386 3478 teste
2413 3424 2583 3479 Nonio
2614 3424 2883 3486 Marcello,
2918 3424 3153 3493 potionis
3178 3437 3346 3492 genus
3378 3431 3511 3488 erat,
3540 3433 3608 3476 ex

2012 3518 2196 3573 multis
2218 3518 2517 3589 liquoribus
2538 3519 2843 3573 confectum
2875 3517 3127 3589 (Clemens
3155 3515 3433 3570 Alexandr.
3456 3558 3469 3581 ,
3502 3514 3609 3569 Ad-

2013 3613 2191 3666 monit.
2219 3612 2287 3663 ad
2316 3620 2477 3682 gent.,
2517 3624 2637 3681 pag.
2666 3610 2755 3675 13;
2790 3608 2934 3663 Non.
2964 3607 3228 3673 Μίνωι,
3256 3607 3319 3660 de
3345 3605 3603 3679 Propriet.

2012 3707 2174 3772 νεώ,
2200 3721 2316 3776 cap.
2343 3707 2369 3760 1
2399 3716 2445 3759 et
2464 3705 2541 3777 6).
2567 3705 2797 3759 Monitos
2819 3718 2980 3775 porro
3002 3716 3102 3756 nos
3129 3702 3218 3755 ille
3243 3699 3369 3755 facit
3394 3715 3454 3755 ea
3477 3716 3611 3755 voce

2014 3814 2173 3855 usum
2221 3814 2343 3856 esse
2386 3796 2725 3853 Ciceronem.
2780 3794 2992 3851 Vldesis
3028 3792 3374 3860 Turnebum,
3408 3792 3480 3848 lib
3536 3806 3611 3847 xu

2014 3894 2305 3949 Adversar.
2325 3932 2339 3958 ,
2367 3902 2488 3961 cap.
2519 3891 2573 3946 8.
2630 3916 2633 3921 ~

2086 3986 2300 4042 Classici
2338 3984 2746 4055 appellabantur
2784 3984 2930 4039 cives
2965 3984 3189 4038 Romani
3249 3985 3337 4053 qui
3386 3978 3604 4054 quidem

2014 4081 2191 4136 varias
2236 4080 2289 4133 in
2319 4079 2522 4133 classes
2551 4076 2820 4148 quomodo
2849 4076 3118 4132 distributi
3150 4075 3379 4142 fuerint,
3423 4074 3607 4131 Livius

2015 4184 2070 4231 et
2119 4172 2404 4244 Dionysius
2459 4171 2897 4226 Halicarnasseus
2950 4170 3288 4240 descripsere
3336 4168 3610 4241 (Arnob.,

2015 4270 2105 4325 lib.
2130 4282 2188 4335 ιι,
2218 4283 2338 4339 pag.
2373 4265 2465 4333 6'5;
2497 4265 2632 4333 Liu.,
2669 4265 2757 4321 lib.
2789 4281 2846 4331 ιι,
2879 4278 2994 4338 cap.
3018 4262 3108 4327 43,
3140 4262 3355 4335 Dionys.
3412 4262 3609 4328 Ilalic.,

2018 4363 2105 4418 lib.
2130 4376 2205 4425 IV,
2228 4374 2348 4432 pag.
2380 4360 2481 4414 221
2507 4368 2554 4415 et
2579 4356 2765 4431 seqq.).
2793 4358 3060 4429 Singulari
3083 4366 3262 4413 tamen
3283 4356 3606 4428 signiﬁcatu,

2017 4465 2077 4510 ut
2106 4453 2294 4509 refert.
2317 4454 2383 4509 A.
2414 4452 2642 4518 Gellius,
2675 4452 2887 4508 classici
2924 4452 3253 4507 vocabantur
3279 4451 3463 4523 primre
3493 4461 3609 4507 tan-

2019 4559 2130 4605 tum
2161 4550 2351 4606 classis
2378 4550 2661 4616 homines,
2694 4549 2785 4620 qui
2812 4558 3026 4604 centum
3056 4558 3111 4603 et
3150 4548 3334 4619 viginti
3378 4540 3610 4619 quinque

311 4660 628 4734 pendebant
673 4657 887 4731 (Arnob.
911 4698 924 4721 ,
959 4654 1048 4710 lib.
1106 4668 1161 4720 ιι,
1201 4670 1321 4724 pag.
1354 4652 1454 4718 65;
1492 4650 1647 4719 Cell.,
1684 4652 1773 4705 lib.
1804 4668 1911 4720 XVI,
1940 4640 1997 4713 Ι)
2020 4648 2185 4702 millia
2203 4647 2326 4702 aeris
2348 4647 2647 4717 ampliusve
2666 4642 3193 4712 ceusierant(Gell.,
3219 4640 3307 4697 lib.
3329 4656 3400 4697 vn
3451 4640 3607 4697 Noct.

314 4752 485 4810 Noct.
516 4753 693 4819 Attia,
723 4768 843 4824 cap.
875 4747 983 4815 10).
1164 4828 1169 4835 ν

393 4844 579 4901 Castus
602 4842 857 4913 peculiari
879 4854 1041 4896 sensu
1058 4838 1125 4892 ab
1142 4832 1380 4892 Arnobio
1396 4837 1653 4907 accipitur
1673 4832 1883 4908 (Arnob.
1897 4880 1911 4904 ,

317 4939 413 4996 lib.
442 4955 499 5005 v,
532 4954 652 5009 pag.
685 4934 837 5001 167).
862 4933 948 4987 ubi
976 4931 1161 4985 matris
1185 4928 1342 4985 deum
1374 4946 1465 4984 seu
1493 4924 1744 5001 Cybeles,
1771 4946 1915 5003 mys-

314 5033 459 5090 teria
502 5030 649 5085 hunc
691 5018 928 5097 exagitat
974 5023 1024 5077 in
1069 5014 1282 5076 modum
1320 5042 1333 5074 :
1370 5041 1389 5073 ι
1423 5022 1558 5087 Quid
1593 5032 1914 5091 temperatus

319 5124 396 5180 ab
428 5122 683 5179 alimonio
713 5117 865 5189 panis
887 5160 901 5181 ,
935 5117 1020 5170 cui
1050 5117 1123 5169 rei
1153 5110 1381 5169 dedistis
1413 5128 1605 5168 nomen
1652 5123 1849 5168 castus.
1894 5135 1912 5166 ι

319 5217 481 5287 Quod
506 5216 720 5287 quidem
747 5223 802 5266 ut
825 5211 1174 5281 intelligatur,
1199 5224 1262 5263 ex
1288 5204 1535 5280 Apuleio,
1557 5204 1915 5272 Tertulliani),

318 5313 657 5382 Hieronymo
685 5316 740 5362 et
767 5296 908 5371 aliis,
950 5294 1484 5369 animadvertendum
1515 5310 1618 5366 est,
1650 5302 1700 5359 in
1728 5302 1916 5361 horum

323 5401 709 5475 mysteriorum
739 5394 1101 5453 celebratione
1129 5395 1469 5451 observatam
1499 5395 1693 5461 fuisse,
1725 5400 1921 5466 printer

324 5498 465 5554 alios
513 5486 711 5564 plures
742 5486 1146 5562 superstitioSos
1199 5490 1377 5554 ritus,
1429 5489 1673 5543 ciborum
1729 5489 1918 5544 saltem

328 5583 696 5648 communium
745 5585 1123 5641 abstinentiam
1170 5583 1402 5653 (Aput,
1452 5582 1541 5637 lib.
1584 5594 1639 5638 ιιι
1683 5582 1918 5643 Melum”

331 5698 456 5758 pag.
485 5683 593 5739 208
620 5691 667 5736 et
694 5681 823 5746 209;
852 5678 1095 5747 Tertull.,
1124 5677 1212 5733 lib.
1243 5677 1306 5731 de
1332 5678 1536 5746 Jejnn.,
1563 5690 1679 5748 cap.
1709 5679 1762 5748 9;
1799 5672 1921 5731 Hie-

328 5788 562 5851 remias,
585 5776 729 5844 epist.
754 5777 784 5829 ’1
807 5772 877 5828 ad
903 5772 1116 5840 Latum,
1142 5788 1261 5845 pag.
1292 5771 1381 5839 ὅθ,
1414 5781 1463 5826 et
1496 5772 1583 5827 lib.
1616 5787 1655 5827 ιι
1707 5771 1918 5825 Adam.

331 5871 483 5939 lam,
516 5886 636 5941 pag.
675 5866 787 5939 98).
821 5869 891 5923 At
919 5866 1154 5938 quidam,
1187 5860 1570 5923 utilior-liuius
1594 5876 1648 5921 et
1671 5862 1916 5929 Vossius,

2021 4749 2200 4814 Attia,
2231 4763 2347 4817 cap.
2368 4738 2485 4816 15).
2510 4740 2579 4799 At
2604 4758 2672 4799 eo
2696 4742 2999 4815 signiﬁcatu
3023 4742 3126 4795 hoc
3147 4756 3340 4795 nomen
3370 4740 3609 4793 classicus

2019 4836 2089 4894 ab
2118 4840 2358 4893 Arnobio
2384 4837 2636 4902 sumitur,
2669 4837 2713 4890 si
2746 4837 2953 4905 integer
2982 4844 3035 4887 et
3066 4832 3406 4899 incorruptus
3436 4832 3506 4884 sit
3532 4828 3607 4884 ibi

2021 4933 2163 4987 illius
2189 4941 2367 4987 textus
2389 4974 2403 4991 .
2444 4930 2533 4985 ubi
2570 4930 2723 5000 plura
2765 4928 2990 4998 turpiter
3036 4925 3229 4980 fmdata
3263 4920 3423 4977 fuisse
3450 4936 3610 4976 nemo

2026 5022 2246 5081 difﬁteri
2271 5032 2465 5095 potest.
2496 5020 2572 5079 De
2599 5024 2788 5079 iisdem
2812 5031 2988 5076 autem
3020 5020 3380 5074 Romanorum
3416 5015 3608 5071 civium

2027 5119 2289 5175 classibus
2317 5115 2589 5173 Arnobius
2617 5116 2733 5189 (lib;
2760 5130 2818 5179 ιι,
2850 5128 2966 5185 pag.
2997 5112 3122 5183 91),
3148 5110 3221 5165 uti
3250 5109 3495 5180 superius
3528 5108 3611 5162 vi-
3694 5130 3703 5133 -

2027 5212 2226 5278 dlmus,
2258 5212 2472 5265 locutus
2496 5218 2651 5264 antea
2686 5211 2876 5264 luerat.
2902 5210 2968 5261 At
2998 5207 3066 5261 de
3095 5202 3176 5258 his
3200 5210 3456 5273 pra-terea
3482 5216 3611 5257 con-

2026 5305 2205 5360 sulere
2250 5304 2490 5372 poteris,
2538 5304 2605 5356 Α.
2652 5300 2922 5367 Gellium,
2970 5298 3065 5353 llb.
3112 5314 3141 5351 χ
3208 5295 3362 5351 Noct.
3404 5295 3606 5363 Attic.,

2025 5410 2149 5468 cap.
2174 5396 2267 5463 ΩΒ,
2295 5403 2350 5451 et
2374 5395 2635 5466 Lipsium,
2660 5394 2754 5449 lib.
2793 5411 2806 5447 ι
2833 5393 2900 5448 de
2924 5390 3074 5446 Miltt.
3102 5389 3283 5454 Rom,
3317 5386 3519 5460 Dialog.
3548 5385 3606 5453 2,

2025 5500 2157 5545 tum.
2183 5504 2260 5555 ιιι,
2290 5500 2409 5560 pag.
2443 5488 2527 5543 15.

2098 5579 2355 5647 Craterae,
2403 5582 2447 5636 si
2479 5579 2652 5635 Nonio
2680 5576 2931 5633 Marcello
2955 5572 3282 5640 credideris,
3321 5584 3447 5627 vasa
3488 5574 3611 5627 sunt

2025 5672 2166 5743 vini;
2198 5685 2441 5731 crateres
2468 5688 2600 5730 vero
2631 5684 2755 5727 vasa
2788 5668 3021 5733 olearia;
3070 5681 3132 5721 ac
3181 5673 3464 5736 utrumque
3495 5662 3612 5719 Vir-

2026 5768 2137 5840 gilii
2168 5762 2493 5826 auctoritate
2518 5762 2750 5840 probare
2775 5762 2963 5819 nititur
2985 5759 3174 5831 (lbid.,
3198 5774 3314 5831 pag.
3352 5759 3442 5824 50;
3471 5754 3613 5812 Mar-

2026 5862 2163 5931 cell.,
2197 5876 2311 5929 cap.
2344 5860 2459 5929 19).
