4230 6266
523 244 627 303 695

1792 255 2231 314 DISSERTATIO
2256 258 2527 315 ΡΒᾹΞΥΙΑ

3689 257 3799 316 696

556 380 561 387 ν
594 363 736 436 Cupa
774 373 856 420 est
884 364 1009 428 vas',
1055 366 1107 420 in
1136 380 1241 436 quo
1271 366 1500 431 bibitur;
1529 369 1646 431 vel,
1692 379 1751 424 ut
1786 371 2102 441 quibusdam
2130 376 2185 436 Α
2207 375 2318 430 sius
2346 374 2634 439 Hieroclis,
2683 384 2737 431 et
2783 376 3212 432 Elmenltorstius
3252 375 3503 433 Hieronis
3533 374 3795 431 Alexand.

524 456 714 527 placet,
754 472 847 512 vas
873 457 1131 512 vinarium
1161 459 1330 527 majus
1346 460 1598 531 (Arnob,
1621 462 1734 527 lib,
1761 478 1818 528 ιι,
1844 480 1961 534 pag.
1985 462 2098 535 59).

591 550 851 614 Curculio,
886 567 979 607 seu
1009 553 1280 623 curgulio,
1309 564 1400 608 aut
1438 556 1686 626 gurgulio
1706 599 1720 619 ,
1774 573 1992 626 parvum
2023 570 2105 614 est

521 643 716 698 animal
747 643 1070 700 frumentum
1100 646 1393 702 corrodens
1420 646 1609 717 (lbid.,
1640 666 1761 719 pag.
1792 649 1908 720 75),
1934 658 1991 705 ut
2014 666 2106 721 pa-

524 746 600 793 tet
631 737 731 792 hoc
757 738 961 810 Virgilii
987 740 1224 796 carmine
1258 759 1272 795 :

616 914 652 965 C
779 914 808 963 ι.
863 852 1168 917 POpulatque
1190 856 1446 917 ingentem
1472 854 1610 905 farris
1627 868 1857 906 acervum

654 927 772 964 urcu
799 928 860 965 ιο.

654 927 860 965 urcuno.

1017 976 1245 1046 (Virgil.,
1272 976 1355 1030 lib.
1379 994 1395 1027 ι
1425 981 1619 1045 Georg.,
1644 994 1764 1033 vers.
1795 981 1920 1042 183.)

523 1106 686 1175 Lege,
734 1109 779 1162 si
824 1109 976 1175 velis,
1007 1109 1073 1164 de
1111 1110 1191 1165 Re
1220 1111 1418 1166 rustica
1450 1112 1762 1180 scriptorcs,
1790 1113 2112 1179 Varronem,

523 1216 641 1268 cap.
670 1201 758 1266 63;
787 1202 1068 1268 Catonem,
1092 1218 1211 1274 cap.
1237 1203 1292 1267 2;
1320 1204 1695 1270 Columellam,
1721 1205 1813 1259 lib.
1842 1221 1881 1271 ι,
1915 1219 2033 1275 cap.
2058 1203 2111 1273 6;

524 1291 819 1347 Palladium
850 1309 1079 1365 quoque,
1115 1295 1208 1350 lib.
1244 1311 1282 1361 ι,
1318 1294 1397 1349 tit.
1430 1295 1516 1352 l9.

596 1384 854 1457 Defanatu
897 1388 1118 1452 spatiata
1158 1389 1285 1443 dicit
1326 1389 1595 1444 Arnobius
1636 1390 1874 1462 (Arnob,
1905 1390 1994 1444 lib.
2034 1406 2118 1457 ιν,

2205 468 2527 524 conﬁrmant
2550 469 2882 525 testimonio.

2277 561 2615 619 Enterocelici
2640 574 2896 619 vocantur
2941 564 3031 635 qui
3064 563 3300 619 intestini
3329 578 3359 617 a
3381 562 3599 634 proprio
3628 570 3683 617 et
3704 576 3803 616 na-

2211 656 2368 711 turali
2401 658 2523 712 loco
2545 657 2836 723 descensu,
2862 673 2958 713 seu
2979 656 3171 713 hernia
3190 656 3454 712 laborant.
3482 655 3562 711 En
3589 668 3807 726 quoque

2208 765 2386 821 graeco
2413 751 2632 805 nomine
2661 750 2864 806 Plinius
2889 766 3014 804 usus
3058 760 3160 815 est,
3191 759 3244 805 et
3273 750 3499 803 latinum
3529 747 3658 803 fecit
3684 744 3809 818 (Ar-

2211 845 2355 910 nob,
2378 843 2465 898 lib.
2494 859 2656 916 vu,p.
2685 844 2792 900 240
2817 862 2830 913 ;
2870 842 3037 912 Plin.,
3066 844 3157 899 lib.
3190 859 3256 898 χχ
3299 842 3493 898 Natur.
3513 842 3662 910 hist.,
3685 857 3806 912 cap.

2211 936 2266 998 4,
2288 954 2341 1006 p.
2376 934 2487 1009 1'5).

2288 1027 2637 1085 Exauctorare
2659 1029 2791 1087 deos
2816 1031 2963 1101 ipsos
2991 1030 3128 1087 dixit
3148 1031 3419 1087 Arnobius
3451 1029 3673 1103 (Eodem
3690 1028 3810 1099 lib,

2215 1138 2269 1190 p.
2293 1120 2444 1193 256).
2467 1138 2567 1193 pro
2592 1124 2965 1179 auctoritatem
2987 1124 3069 1179 eis
3095 1123 3334 1180 adimere
3358 1132 3413 1179 et
3433 1138 3666 1196 eripere.

2286 1211 2529 1269 Fusciola
2559 1256 2575 1280 ,
2608 1213 2785 1271 fascia:
2809 1214 3224 1282 diminutivum,
3257 1214 3505 1287 idemque
3525 1226 3690 1273 sonat
3727 1224 3813 1271 at-

2216 1320 2321 1375 que
2346 1306 2626 1375 linteolum
2658 1305 2903 1379 (Arnob,
2932 1306 3021 1362 lib.
3051 1323 3110 1374 ιι,
3130 1324 3181 1378 p.
3207 1306 3276 1362 59
3300 1304 3341 1379 ),
3365 1307 3507 1378 quod
3538 1306 3604 1362 ad
3637 1307 3816 1378 ligan-

2217 1397 2343 1454 dum
2371 1397 2567 1467 aliquid
2596 1410 2778 1467 aptum
2801 1407 2906 1462 est,
2941 1400 3028 1455 vel
3057 1416 3163 1468 quo
3190 1400 3470 1470 speciatim
3490 1398 3711 1453 vulnera
3734 1398 3815 1453 al-

525 1478 760 1551 p.155),
806 1480 855 1533 id
889 1490 971 1534 cst
1000 1481 1276 1549 profanata
1320 1483 1567 1548 Spatiola.
1602 1481 1731 1536 Nam
1767 1482 1839 1537 ibi
1875 1483 2117 1539 alludere
2219 1491 2474 1562 ligantur,
2523 1492 2679 1547 sicuti
2726 1491 2964 1548 Isidorus
3009 1494 3391 1549 animadvertit
3438 1492 3691 1564 (Isidem,
3720 1494 3817 1549 lib.

524 1573 738 1626 videtur
767 1572 832 1625 ad
863 1588 925 1627 ea
956 1588 1074 1643 quae
1104 1573 1172 1629 de
1200 1573 1415 1629 Tiberio
1443 1572 1688 1630 Graccho
1708 1617 1721 1640 ,
1755 1575 1947 1631 Cicero
1967 1618 1982 1643 ,
2016 1576 2118 1630 Va-

526 1664 689 1719 lerius
717 1661 997 1731 Maximus,
1027 1677 1083 1720 et
1101 1666 1191 1721 alii
1217 1677 1515 1722 memorant
1538 1666 1689 1740 (Cia,
1717 1668 1804 1723 lib.
1833 1685 1867 1722 ιι
1917 1670 1981 1725 de
2006 1668 2118 1724 Na-

2221 1603 2312 1641 χιχ
2360 1585 2532 1659 0rig.,
2554 1604 2670 1657 cap.
2692 1588 2807 1656 55).
2829 1588 2895 1642 Et
2922 1587 3113 1644 Cicero
3132 1589 3348 1659 quidem
3366 1590 3418 1643 in
3437 1588 3664 1659 quadam
3683 1604 3815 1644 ora-

2222 1682 2368 1737 tione
2412 1684 2588 1753 primo
2642 1696 2805 1738 sensu
2851 1682 2987 1737 dixit
3019 1701 3033 1737 :
3068 1702 3088 1734 (
3112 1682 3172 1739 Ρ.
3207 1682 3427 1739 Clodius
3456 1700 3483 1736 ιι
3513 1694 3749 1750 crocota,
3791 1704 3812 1737 ι

526 1769 628 1813 tur.
654 1759 820 1823 deor..
845 1778 898 1829 p.
925 1762 1051 1825 2l5,
1080 1761 1169 1815 lib.
1194 1778 1208 1815 ι
1256 1761 1319 1816 de
1341 1761 1537 1829 Divin.,
1564 1780 1616 1831 p.
1641 1762 1770 1824 26k
1804 1761 1922 1816 Val.
1944 1762 2116 1829 Μαῖα,

2237 1774 2391 1844 .nquit
2412 1817 2427 1841 ,
2468 1793 2487 1827 ‹
2512 1790 2540 1828 a
2573 1776 2754 1841 mitra,
2776 1792 2808 1829 a
2835 1776 3184 1832 muliebribus
3212 1777 3396 1844 soleis,
3428 1780 3820 1848 purpureisque

530 1853 617 1908 lib.
648 1869 683 1917 ι,
714 1869 828 1923 cap.
863 1854 916 1916 1,
945 1852 973 1925 ς
1004 1852 1079 1924 5).
1106 1852 1241 1908 Cum
1273 1854 1382 1919 ille,
1416 1854 1682 1924 inquiunt,
1713 1855 2119 1912 tabernaculum

529 1948 659 2004 vitio
696 1948 931 2016 cepisset
974 1948 1319 2019 imprudens,
1348 1957 1404 2003 et
1444 1948 1743 2018 pomarium
1788 1949 2121 2020 inauspicato

529 2048 895 2110 transgressus
919 2049 1084 2106 esset,
1115 2040 1235 2094 ideo
1263 2040 1391 2095 vitio
1412 2052 1622 2096 creatos
1651 2042 1900 2097 consules
1925 2043 1994 2097 ab
2025 2057 2122 2097 au-

530 2133 749 2204 guribus
772 2133 1191 2202 pronuntiatum.
1217 2133 1367 2201 Quod
1392 2133 1606 2202 quidem
1637 2135 1682 2188 si
1707 2135 1777 2188 ita
1805 2134 1896 2197 sit,
1933 2144 2123 2189 auctor

534 2236 721 2281 noster
749 2226 1153 2281 tabernaculum
1179 2227 1307 2280 illud
1337 2236 1389 2280 ct
1412 2229 1708 2295 pomarium
1730 2228 1972 2297 defanata
1998 2243 2123 2294 spa-

533 2319 656 2374 tiola
700 2319 968 2389 appellare
1017 2320 1246 2374 videtur.
1291 2321 1347 2374 Si
1376 2332 1555 2374 tamen
1584 2319 1653 2375 ad
1695 2321 1854 2376 aliam
1893 2320 2123 2375 similem

534 2413 809 2470 historiam
857 2431 977 2468 cum
1014 2415 1318 2486 respexisse
1349 2417 1657 2484 probaveris
1677 2458 1691 2479 ,
1723 2416 1813 2471 tibi
1844 2425 1991 2471 certe
2017 2428 2124 2470 non

532 2506 948 2578 repugnabimus
977 2524 989 2561 :
1021 2506 1115 2563 sed
1145 2507 1334 2564 eadem
1362 2523 1576 2580 semper
1611 2509 1715 2564 erit
1743 2510 2030 2565 verborum
2058 2507 2126 2562 il-

534 2596 638 2654 lius
658 2599 997 2669 signiﬁcatio.

614 2710 633 2742 ί
669 2690 998 2757 Desultores,
1036 2711 1054 2743 ι
1091 2692 1265 2762 inquit
1286 2691 1560 2757 Isidorus,
1597 2711 1617 2743 ι
1649 2693 1951 2761 nominati,
1983 2693 2127 2764 quod

536 2782 664 2839 olim
684 2824 700 2849 ,
731 2792 889 2855 prout
929 2783 1154 2855 quisque
1182 2785 1248 2839 ad
1281 2783 1442 2840 linem
1480 2799 1670 2841 cursus
1696 2796 1955 2852 venerat,
1984 2786 2130 2841 desi-

540 2876 702 2932 liebat
746 2893 808 2934 ac
853 2878 1102 2934 currebat
1145 2897 1158 2932 :
1213 2879 1327 2933 sive
1371 2879 1514 2948 quod
1563 2879 1630 2935 de
1657 2896 1795 2950 equo
1847 2882 1898 2935 in
1931 2896 2159 2951 equum,

541 2971 871 3027 transiliebat
900 2990 918 3022 ι
948 2970 1186 3043 (Arnob,
1212 2972 1302 3024 lib.
1328 2986 1385 3033 ιι,
1418 2989 1470 3041 p.
1497 2972 1595 3038 70;
1621 2972 1835 3039 Isidor.,
1861 2974 1950 3029 lib.
1998 2989 2128 3028 xvm

546 3064 771 3136 0rigin.,
795 3082 911 3135 cap.
942 3065 1050 3134 59).
1082 3066 1259 3135 Atque
1288 3064 1392 3120 hoc
1420 3081 1582 3120 sensu
1612 3081 1640 3119 ιι
1669 3066 1819 3121 Livio
1846 3066 2129 3135 accipitur,

2223 1868 2457 1925 fasciolis
2484 1887 2503 1921 ι
2531 1868 2714 1941 (Cicer.
2738 1868 2884 1924 Orat.
2909 1870 2979 1925 50
3008 1870 3072 1925 de
3124 1869 3353 1941 Harusp.
3378 1888 3540 1941 resp.,
3588 1890 3644 1943 p.
3663 1871 3822 1945 456).

2223 1958 2475 2015 Horatius
2504 1969 2684 2016 autem
2711 1960 2950 2017 secundo
2976 1976 3138 2017 sensu
3167 1963 3387 2034 scripsit
3418 1982 3431 2016 :

2320 2141 2560 2192 Fascio!“
2962 2080 3126 2131 Ponas
3149 2083 3358 2144 insignia
3391 2082 3571 2144 morbi,

2478 2207 2698 2266 (Horat.,
2720 2203 2803 2256 lib.
2830 2222 2883 2267 ιι,
2905 2204 3041 2257 satir.
3067 2208 3116 2266 5,
3148 2219 3274 2259 vers.
3299 2205 3392 2256 954
3414 2215 3460 2258 et
3479 2207 3637 2273 seqq.)

2299 2311 2603 2368 Fellitantes
2634 2329 2884 2367 mammas
2907 2324 3233 2384 exsugcrent,
3264 2313 3498 2370 honesto
3529 2312 3831 2385 signiﬁcatu

2228 2405 2298 2462 ab
2336 2405 2574 2460 Aruobio
2608 2404 2804 2459 dicitur
2853 2404 3093 2476 (Arnob,
3127 2404 3216 2460 lib.
3258 2421 3316 2473 ιι,
3345 2423 3401 2477 p.
3441 2405 3555 2478 70).
3585 2405 3716 2461 Nam
3758 2406 3831 2463 de

2229 2498 2526 2554 infantibus
2552 2497 2815 2568 loquitur,
2845 2497 2935 2567 qui
2964 2507 3195 2552 matrum
3230 2506 3323 2552 aut
3350 2499 3616 2553 nutricum
3660 2512 3831 2553 mam-

2229 2607 2346 2647 mas
2373 2591 2655 2663 sugebant.
2684 2589 2901 2646 Solinus
2929 2604 3058 2645 vero
3078 2589 3212 2645 dixit
3239 2607 3253 2643 :
3291 2608 3310 2642 ι
3339 2590 3689 2662 Nequaquam
3712 2606 3834 2645 ma-

2232 2698 2315 2745 ter
2341 2688 2487 2759 pullo
2526 2687 2689 2743 ubera
2714 2688 2919 2758 przebet
2948 2686 3243 2742 fellitanda.
3275 2707 3294 2740 ι
3327 2688 3549 2754 (Solin.,
3583 2705 3701 2760 cap.
3729 2689 3826 2744 45.

2229 2799 2285 2852 p.
2320 2781 2437 2849 74.)
2466 2780 2611 2852 Lege
2631 2780 2962 2844 Turnebum,
3006 2779 3104 2836 lib.
3136 2796 3274 2835 xxrv
3308 2781 3565 2851 Advers.,
3588 2797 3704 2851 cap.
3738 2783 3832 2849 15,

2233 2882 2289 2928 ει
2316 2873 2409 2927 lib.
2442 2889 2590 2940 χχιχ,
2621 2888 2740 2943 eap.
2772 2874 2857 2931 10.
3327 2885 3335 2894 ·

2305 2967 2657 3022 Feruuculum
2693 2967 2747 3022 in
2788 2968 3050 3023 librorum
3091 2969 3314 3024 Arnobii
3353 2969 3723 3040 manuscripto
3739 2983 3838 3026 co-

2234 3061 2353 3116 dicc
2403 3062 2555 3132 regio
2590 3061 2820 3131 legimus
2848 3060 3090 3132 (Arnob,
3114 3061 3203 3116 lib.
3231 3078 3290 3129 ιι,
3319 3080 3373 3133 p.
3396 3061 3509 3136 47).
3542 3063 3646 3120 Sed
3697 3062 3842 3120 hanc

543 3157 635 3211 ubi
657 3158 724 3210 de
746 3156 1091 3211 Numidarum
1114 3157 1354 3227 agilitate
1378 3160 1449 3211 ita
1477 3157 1717 3213 disserit.
1752 3177 1769 3208 ι
1804 3158 1913 3215 Νεε
1941 3174 2131 3215 omnes
2159 3156 2205 3219 C
2239 3171 2428 3211 vocem
2481 3155 2698 3226 quidam
2750 3166 3059 3224 corruptam
3107 3157 3308 3226 opinati
3340 3198 3356 3224 ,
3403 3157 3732 3227 furunculum
3782 3158 3841 3216 in

544 3248 789 3303 Numidae
817 3250 866 3302 in
893 3247 1085 3303 dextro
1127 3248 1284 3304 locati
1318 3264 1522 3313 cornu,
1555 3250 1649 3305 sed
1680 3252 1874 3321 quibus
1900 3251 2140 3308 desulto-

544 3357 663 3397 rum
692 3342 742 3396 in
777 3343 1013 3407 modum,
1046 3343 1200 3399 binos
1230 3343 1568 3400 trahentibus
1594 3360 1788 3414 equos,
1819 3347 1959 3400 inter
1985 3362 2141 3403 acer-

546 3438 736 3490 rimam
765 3450 908 3507 s:epe
938 3452 1197 3507 pugnam,
1252 3439 1303 3491 in
1337 3451 1607 3493 recentem
1650 3454 1843 3509 equum
1885 3455 1953 3495 ex
1998 3439 2143 3497 fesso

545 3532 767 3586 armatis
797 3532 1114 3586 transultare
1157 3547 1274 3587 Inus
1316 3543 1432 3587 erat
1466 3550 1479 3586 :
1511 3542 1656 3587 tanta
1684 3534 1943 3589 velocitas
1972 3534 2101 3604 ipsis
2126 3575 2141 3599 ,

548 3632 765 3692 tamque
806 3623 982 3678 docile
1008 3638 1268 3692 equorum
1304 3639 1472 3695 genus
1523 3634 1606 3679 est
1642 3644 1660 3676 ι
1699 3624 1858 3697 (Lib,
1891 3626 1979 3680 lib.
2015 3642 2145 3682 χχιιι

550 3730 668 3784 cap.
698 3713 812 3786 29).
864 3714 1075 3770 Videsis
1101 3714 1370 3785 Lipsiurn,
1404 3716 1495 3771 lib.
1548 3732 1604 3771 ιιι
1651 3718 1718 3772 de
1762 3718 1916 3772 milit.
1959 3717 2144 3784 Rom.,

550 3807 761 3879 Dialog.
792 3809 847 3874 8,
890 3823 1011 3878 pag.
1058 3807 1147 3871 95,
1190 3820 1321 3864 tom.
1369 3823 1448 3875 tu;
1495 3823 1551 3866 et
1590 3811 1719 3866 Czel.
1759 3811 2143 3883 Rliodiginum,

552 3902 648 3958 lib.
682 3917 835 3968 χχιιι,
866 3902 988 3957 Ιεει.
1019 3904 1225 3973 Autiq.,
1253 3918 1372 3973 cap.
1403 3904 1496 3960 50.

631 3993 789 4048 Dibus
830 3996 879 4048 in
914 3995 1062 4066 regio
1098 3993 1409 4051 Arnobiano
1442 3996 1627 4052 codice
1663 3998 1859 4068 legitur
1893 3996 2107 4068 (Arnob.
2129 4041 2146 4068 ,

555 4086 645 4141 lib.
668 4102 727 4153 ιι,
751 4102 869 4158 pag.
900 4084 1016 4158 60).
1044 4086 1151 4142 Sed
1191 4087 1318 4159 quid
1347 4103 1412 4144 ea
1447 4104 1549 4144 vox
1591 4090 1887 4162 signiﬁcet,
1916 4091 2036 4162 quia
2063 4090 2149 4146 in-

556 4194 889 4253 compertum
921 4193 1057 4250 erat,
1090 4200 1188 4256 pro
1214 4201 1279 4240 ea
1318 4185 1370 4238 in
1402 4185 1722 4255 quibusdam
1753 4186 1913 4242 editis
1951 4202 2148 4244 nomen

557 4277 713 4331 cubus
740 4277 968 4347 positum
997 4286 1100 4331 est.
1131 4277 1427 4332 Salmasius
1446 4294 1577 4333 vero
1599 4279 1755 4343 hanc,
1785 4295 1942 4351 quam
1964 4282 2151 4350 genui-

560 4385 684 4426 nam
717 4380 865 4440 putat
884 4371 1169 4426 lectionem
1195 4382 1503 4441 corruptam
1532 4374 1695 4430 fuisse
1719 4375 1969 4446 opinatur
1990 4378 2153 4446 impe-

560 4463 685 4518 ritia
712 4462 1075 4528 librariorum,
1107 4463 1198 4534 qui
1228 4465 1515 4520 secundum
1546 4465 1705 4537 hujus
1737 4469 1968 4524 nominis
2002 4470 2151 4526 litte-

2243 3257 2389 3305 textu
2432 3250 2574 3305 haud
2617 3258 2796 3305 tamen
2845 3251 3036 3305 merito
3068 3250 3190 3320 jure
3235 3261 3553 3323 posuerunt.
3600 3251 3729 3307 Nam
3780 3261 3840 3307 ut

2243 3345 2501 3413 scriptum
2547 3342 2786 3399 Isidorus
2822 3344 3041 3415 reliquit
3073 3362 3086 3398 :
3124 3364 3144 3396 ι
3181 3344 3520 3401 Furunculus
3545 3354 3630 3402 est
3657 3355 3839 3402 tumor

2245 3437 2297 3491 in
2325 3448 2537 3491 acutum
2566 3437 3026 3507 surgens,dictus,
3057 3437 3201 3508 quod
3235 3437 3463 3504 ferveat,
3480 3439 3633 3509 quasi
3659 3438 3844 3495 lemn-

2245 3531 2416 3593 culus,
2446 3528 2586 3583 unde
2623 3544 2797 3599 grmce
2827 3527 3009 3608 ἄνθραξ
3040 3530 3256 3597 dicitur,
3282 3531 3424 3601 quod
3456 3531 3527 3584 sit
3554 3530 3774 3602 ignitus.
3816 3552 3836 3583 ι

2247 3619 2487 3691 (Isidor.,
2520 3620 2607 3676 lib.
2639 3637 2692 3675 tv
2722 3620 2950 3691 0rigin.,
2977 3638 3094 3692 cap.
3120 3624 3203 3692 8.)
3224 3623 3328 3679 Sed
3346 3638 3561 3693 quoquo
3585 3623 3744 3679 modo
3760 3624 3844 3680 le-

2246 3724 2422 3783 gatur,
2478 3714 2606 3769 illud
2647 3714 2848 3784 optime
2897 3717 3133 3770 auctoris
3183 3717 3352 3771 nostri
3389 3715 3667 3786 proposito
3708 3730 3846 3771 con-

2248 3810 2408 3882 gruit.
2443 3809 2576 3864 Dicit
2596 3810 2738 3865 enim
2770 3810 2972 3864 nullum
2996 3810 3081 3864 vel
3112 3809 3452 3877 levissimum
3485 3810 3841 3879 furunculum,

2249 3904 2363 3960 sive
2382 3903 2705 3976 ferunculum
2731 3902 2800 3958 ab
2821 3903 2968 3960 nullo
2984 3919 3235 3974 umquam
3256 3903 3579 3973 philosopho
3601 3917 3702 3958 una
3725 3902 3844 3958 sola

2249 4013 2383 4054 voce
2427 4009 2692 4055 sanatum.
2728 3997 2808 4054 De
2863 3999 3147 4055 furunculo
3187 4006 3369 4055 autem
3406 4000 3605 4067 sacpius
3642 3996 3845 4053 Plinius

2251 4093 2348 4151 lib.
2377 4111 2467 4160 χχ,
2499 4106 2554 4151 ει
2581 4096 2693 4152 alii.

2325 4211 2538 4270 Flatare
2561 4214 2801 4279 calamo,
2826 4226 2874 4268 et
2894 4214 3006 4268 caeli
3027 4214 3242 4283 ﬂaturus
3263 4212 3395 4268 dixit
3420 4221 3609 4268 auctor
3633 4221 3847 4277 noster,

2254 4321 2354 4378 pro
2376 4308 2506 4363 llare
2525 4308 2733 4363 calamo
2754 4321 2850 4362 seu
2876 4307 3024 4373 tibia,
3049 4315 3104 4362 et
3123 4305 3245 4363 εωιί
3267 4305 3395 4362 ﬂatu
3420 4304 3659 4377 (Arnob,
3690 4306 3780 4361 lib.
3809 4324 3845 4373 I,

2256 4417 2309 4469 p.
2335 4401 2389 4467 7,
2418 4409 2466 4455 cl
2492 4399 2608 4455 libr.
2632 4415 2689 4466 ιι,
2721 4418 2773 4470 p.
2791 4399 2904 4471 69).

562 4516 683 4612 ra
726 4516 1249 4614 divisewn'tjjmw
1264 4516 1515 4571 "TW"
1546 4516 1703 4573 ".w'"
2002 4516 2120 4576 '1'"
2174 4548 2230 4610 Β
2328 4517 2539 4573 Fluoris
2555 4532 2766 4589 quoque
2812 4517 2980 4574 verbo
3008 4516 3150 4573 haud
3180 4516 3345 4573 semel
3368 4516 3460 4573 ille
3488 4516 3656 4572 utitur
3678 4556 3696 4584 ,
3740 4531 3852 4587 quo

1108 4602 1122 4625 ,
1266 4574 1502 4632 priorem
1546 4576 1664 4631 ejus
1707 4573 1911 4631 partem
1960 4579 2148 4632 prima:
2264 4612 2414 4632 -.μμ
2458 4612 2670 4632 ῌΔῌενη
2730 4625 2878 4632 _______
2944 4626 3053 4632 ﬂ“
3103 4610 3314 4632 ημῌμ
3360 4609 3505 4632 In“.
3601 4610 3662 4632 -λ
3708 4610 3823 4632 __-_L

564 4652 760 4708 littera:
788 4668 815 4706 c
844 4652 1233 4724 coniungentes
1271 4653 1517 4710 fecerunt
1565 4654 1744 4712 Dibus.
1773 4656 1897 4712 Alio
1938 4668 2151 4727 autem,

565 4744 661 4801 sed
692 4761 796 4801 non
827 4747 1044 4816 majoris
1068 4749 1324 4803 momenti
1369 4748 1616 4820 exemplo
1641 4749 1691 4806 id
1715 4750 1944 4820 probare
1970 4752 2157 4807 conni—

569 4840 716 4895 titur.
745 4842 814 4895 At
839 4839 1099 4897 Meursius
1123 4842 1348 4912 primam
1377 4842 1660 4898 lectionem
1687 4842 1867 4909 Dibus,
1896 4860 2000 4915 qua
2026 4861 2156 4902 usus

570 4946 654 4992 est
680 4936 954 5008 Agathias,
987 4945 1183 5007 etquae
1206 4936 1477 4993 binionem
1504 4937 1790 5007 signiﬁcat,
1820 4939 2157 4995 retinendam

569 5043 691 5085 esse
730 5029 939 5086 censuit
967 5030 1206 5102 (Maura,
1245 5032 1333 5086 lib.
1372 5048 1408 5087 ιι
1448 5029 1604 5094 Crit.,
1654 5046 1770 5100 cap.
1805 5029 1869 5096 6;
1905 5031 2156 5095 Salmas.,

572 5122 853 5178 Exercitui.
880 5124 933 5178 in
957 5122 1154 5188 Solin.,
1179 5142 1298 5197 pag.
1320 5125 1427 5180 417
1450 5137 1495 5180 et
1516 5122 1664 5195 699).
1688 5123 1793 5178 Alii
1824 5132 1998 5178 tamen
2029 5123 2160 5180 illud

574 5215 643 5269 ab
669 5230 735 5271 eo
767 5216 1061 5271 voluissent
1085 5216 1206 5271 aliis
1240 5216 1501 5286 exemplis
1527 5216 1855 5270 conﬁrmari.
1884 5216 1954 5270 At
1983 5231 2161 5273 nonne

575 5306 643 5363 ad
674 5308 728 5363 id
760 5307 1089 5378 probandum
1119 5309 1250 5363 satis
1273 5318 1375 5375 est,
1404 5307 1545 5378 quod
1576 5307 1644 5363 ibi
1674 5308 1939 5369 Arnobius
1966 5308 2034 5364 de
2065 5325 2162 5364 nu-

579 5400 744 5455 meris
769 5400 1022 5470 disputet,
1045 5416 1109 5456 ac
1129 5401 1275 5456 varia
1300 5416 1646 5457 numerorum
1669 5401 1885 5457 nomina
1906 5403 2161 5459 continuo

580 5490 946 5562 subjunxerit?

660 5585 904 5657 Dynamis
928 5596 1107 5644 autem
1133 5587 1200 5643 ab
1229 5587 1322 5643 illo
1352 5587 1548 5644 ibidem
1588 5596 1823 5655 natatur,
1851 5599 1908 5645 et
1942 5589 1997 5645 in
2041 5590 2164 5659 qui-

586 5678 808 5734 busdam
830 5678 1156 5736 editionibus
1181 5681 1417 5751 dymunis
1437 5724 1453 5748 ,
1479 5680 1575 5739 sed
1598 5681 1877 5737 mendose.
1904 5680 2166 5753 Dynamis

589 5780 765 5826 autem
783 5774 1192 5842 quaternionem
1206 5774 1488 5843 signiﬁcat,
1510 5774 1960 5846 quemadmodum
1984 5774 2162 5834 Meur-

2258 4612 2418 4667 etiam
2457 4612 2675 4666 nomine
2730 4625 2883 4666 usum
2937 4626 3057 4665 esse
3103 4610 3318 4666 Festum
3358 4609 3560 4683 (Fest.,
3593 4610 3662 4663 ad
3707 4610 3846 4667 verb

2257 4702 2572 4777 FLUVIONA),
2630 4705 2935 4775 Apuleium,
2964 4704 3207 4760 Soliumn
3233 4746 3248 4771 ,
3277 4719 3340 4760 ac
3371 4703 3643 4776 praecipue
3671 4702 3848 4759 medi-

2256 4814 2349 4855 cos
2373 4800 2621 4871 legimus,
2654 4807 2709 4853 ut
2734 4797 2937 4853 fluxum
2965 4798 3287 4869 significent.

2336 4892 2645 4948 Formatura
2668 4893 2809 4947 varia
2858 4909 2938 4946 res
2977 4901 3232 4962 spectans,
3268 4892 3432 4949 verba
3468 4901 3595 4947 sunt
3623 4889 3851 4946 Arnobii

2263 4988 2373 5057 (lib.
2406 5005 2461 5055 ιι,
2492 5007 2544 5059 p.
2573 4987 2641 5043 59
2668 4987 2717 5060 ),
2758 4988 2849 5060 qui
2878 5003 3029 5044 more
3066 5002 3185 5055 suo,
3216 4996 3273 5043 ut
3292 4987 3421 5043 alibi
3452 4988 3709 5058 vidimus,
3744 4985 3853 5043 Lu-

2261 5082 2487 5137 cretium
2510 5080 2752 5152 sequitur
2785 5095 2800 5135 :

2356 5173 2739 5237 Formaturaque
2764 5171 3009 5223 labrorum
3035 5185 3125 5236 pro
3146 5181 3284 5237 parte
3309 5172 3485 5237 ﬁgurat

2355 5300 2533 5353 Servat
2550 5300 2684 5351 enim
2706 5297 3037 5356 formaturam,
3063 5306 3327 5365 servatque
3351 5299 3578 5364 ﬁguram.

2721 5381 2957 5446 (Lucret.,
2983 5379 3067 5432 lib.
3092 5395 3159 5444 ιν,
3183 5395 3308 5436 uera.
3332 5382 3426 5434 554
3442 5380 3638 5446 c1560.)

2339 5488 2588 5543 Frustilla
2612 5488 2760 5561 ignea
2777 5489 2947 5546 stella:
2975 5490 3044 5545 ab
3069 5489 3307 5546 Arnobio
3328 5503 3586 5545 vocantur
3636 5488 3750 5561 (lib
3774 5488 3813 5544 ti
3831 5528 3850 5556 ,

2264 5599 2319 5651 p.
2352 5577 2467 5653 84),
2496 5581 2549 5635 id
2590 5580 2882 5647 est,frusta
2914 5582 3131 5653 parvula
3158 5582 3332 5650 ignea.
3357 5583 3401 5636 A
3427 5581 3694 5638 diminuto
3707 5582 3853 5638 enim

2265 5676 2483 5732 nomine
2528 5676 2756 5731 frustum
2799 5677 2996 5732 factum
3023 5684 3109 5732 est
3135 5674 3447 5733 lrustillum.
3476 5675 3698 5733 Plautus
3723 5690 3854 5733 vero

2264 5770 2458 5828 alicubi
2487 5769 2675 5828 eodem
2708 5769 2868 5827 modo
2890 5769 3063 5829 dixit:
