4172 6252
215 337 323 396 697

1420 338 1485 394 IN
1524 337 1896 414 amomum,
1936 346 2087 405 CAP.
2133 346 2321 405 xxvx.

3390 356 3493 413 698

303 456 411 509 tam
434 469 533 520 ego
553 460 608 508 te
633 459 806 542 faciam
825 464 879 542 ut
904 455 982 542 hic
999 456 1212 542 formica
1235 456 1539 542 fruStillatlm
1559 456 1802 542 differant.
1835 468 1887 527 Α
1985 462 2278 536 Inequitare
2322 465 2465 523 haud
2509 465 2676 524 semel
2706 467 2924 539 scripsit
2948 468 3219 526 Arnobius
3240 512 3257 537 ,
3291 484 3389 542 pro
3411 472 3496 528 in-

629 541 837 604 (Plaut.,
857 540 906 594 in
933 540 1150 602 CurcuL,
1175 545 1267 592 act.
1287 543 1335 605 4,
1360 552 1489 591 scen.
1515 540 1587 604 4.)

213 649 329 706 Hoc
352 660 437 706 est
459 693 474 716 ,
505 662 563 706 ut
601 650 838 707 formicae
887 660 941 706 te
980 650 1034 705 in
1085 650 1300 720 parvula
1329 648 1499 705 frusta
1526 650 1801 708 concisum

210 744 489 802 diversum
518 746 689 801 ferant
719 788 732 810 ,
763 755 924 816 atque
948 745 1267 801 distrahant.

284 838 657 912 Fulguritum;
710 839 853 896 idem
902 851 985 897 est
1005 883 1019 906 ,
1046 851 1266 897 auclore
1294 842 1480 908 Fesm,
1514 851 1674 914 atque
1706 842 1807 898 ful-

212 935 364 992 mine
407 936 571 990 ictum
627 934 865 1007 (Arnob.,
892 935 980 990 lib.
1013 952 1064 1003 v,
1098 954 1149 1006 ρ.
1186 936 1290 992 155
1310 935 1528 1016 πέει,
1576 937 1644 991 ad
1665 938 1800 992 verb.

211 1028 613 1101 FULGURI'I‘UI).
644 1029 820 1086 Locus
848 1041 1027 1085 autem
1048 1030 1269 1086 fulmine
1290 1045 1598 1101 percussus,
1622 1032 1802 1087 statim

211 1122 502 1192 religiosus
525 1166 540 1189 ,
595 1131 650 1178 et
689 1138 720 1177 a
773 1122 875 1179 dco
914 1123 1016 1179 sibi
1069 1123 1347 1180 dedicatus
1385 1123 1615 1181 ethnicis
1658 1125 1805 1181 vide-

214 1212 396 1270 batur.

284 1305 527 1377 Fuligine
574 1307 751 1363 oculos
801 1310 1101 1366 obumbrare
1124 1352 1139 1377 ,
1195 1321 1279 1367 est
1310 1326 1405 1368 eos
1442 1312 1595 1383 nigro
1623 1312 1807 1369 colore

210 1400 434 1472 pingere
460 1400 703 1469 (Ai-nob.,
731 1402 819 1456 lib.
845 1418 901 1468 ιι,
928 1420 982 1473 ρ.
1008 1403 1119 1474 72).
1152 1402 1306 1473 Quod
1329 1405 1546 1476 quidem
1572 1406 1655 1462 his
1682 1420 1804 1477 pro-

211 1492 374 1549 batur
400 1493 679 1550 Juvenalis
698 1496 1029 1552 carminibus
1054 1515 1069 1552 :

311 1607 740 1674 illesupercilium
764 1609 955 1661 madida
976 1608 1181 1674 fuligine
1206 1612 1409 1662 tinctum

311 1669 516 1782 Obliquat
543 1672 764 1735 producit
784 1685 893 1734 acu,
919 1669 1193 1738 pingitque,
1221 1682 1496 1726 trementes

311 1733 440 1782 Atto!
462 1747 553 1782 ens
570 1735 754 1782 oculos.

308 1733 555 1785 Attollens
570 1735 754 1785 oculos.

643 1820 905 1885 (Juvenal.,
930 1819 1068 1873 satir.
1093 1822 1141 1882 2,
1166 1835 1291 1874 vers.
1316 1823 1381 1873 95
1401 1828 1448 1874 et
1464 1824 1614 1889 seqq.)

285 1926 360 1982 De
381 1926 474 1981 illo
492 1936 670 1982 autem
696 1943 857 1997 pravo
887 1942 1036 1984 more
1051 1928 1405 1984 disseruimus
1422 1937 1550 1986 tom.
1579 1944 1597 1983 ι
1624 1928 1803 1999 Appa-

209 2028 341 2081 rat.,
364 2018 456 2074 lib.
481 2034 559 2085 ιιι,
592 2020 809 2075 dissert.
840 2035 856 2073 ι
883 2061 899 2085 ,
927 2035 1046 2091 cap.
1071 2020 1159 2086 12,
1183 2029 1285 2075 art.
1320 2037 1358 2086 ι,
1393 2037 1446 2089 p.
1477 2020 1600 2076 788.

284 2112 567 2171 Fuscinum
591 2115 721 2170 satis
747 2114 984 2170 auctoris
1012 2115 1180 2169 nostri
1209 2124 1262 2169 et
1303 2114 1582 2184 Augustini
1624 2111 1805 2167 verbis

209 2207 512 2276 explicatur
541 2207 783 2279 (Arnob.,
809 2208 967 2273 lib.v,
998 2226 1051 2276 p.
1083 2208 1185 2264 176
1206 2218 1252 2263 et
1281 2210 1405 2275 184,
1429 2218 1476 2263 et
1513 2209 1603 2263 lib.
1630 2223 1727 2273 vn,
1748 2223 1803 2277 p.

205 2300 341 2363 259;
370 2300 611 2373 August.,
637 2302 727 2356 lib.
746 2318 816 2357 vn
850 2303 914 2357 de
940 2301 1111 2366 Civit.,
1144 2320 1259 2376 cap.
1288 2303 1342 2363 9,
1365 2320 1419 2373 ρ.
1453 2301 1602 2374 157).
1652 2315 1669 2327 ’

283 2391 558 2448 Gnariores
609 2394 661 2449 in
702 2394 1020 2466 quibusdam
1075 2395 1267 2451 borum
1298 2396 1519 2451 Arnobii
1548 2397 1808 2451 librorum

206 2486 537 2543 editiooibus
560 2488 804 2559 legimus.
838 2488 894 2543 In
927 2489 1049 2543 aliis
1075 2505 1141 2545 ex
1168 2489 1450 2561 Scaligeri,
1483 2498 1541 2543 ut
1571 2488 1805 2556 videtur,

203 2580 589 2636 emendatione
641 2598 909 2653 gnarures.
946 2586 1014 2637 At
1072 2583 1124 2637 in
1161 2583 1529 2652 manuscripto
1584 2582 1811 2638 habetur

200 2673 499 2744 ignorares,
556 2675 696 2731 male
739 2675 996 2745 profecto,
1047 2677 1121 2730 uti
1176 2675 1347 2731 vides.
1381 2677 1586 2731 Sensus
1629 2687 1810 2732 autem

201 2766 439 2821 Arnobii
489 2768 759 2835 postulare
824 2769 1041 2823 videtur
1100 2785 1346 2840 gnarores
1415 2769 1813 2840 autignariores

203 2859 454 2930 (Arnob,
480 2860 572 2915 lib.
608 2877 686 2929 ιιι,
720 2879 773 2931 p.
807 2863 959 2935 115).
992 2863 1264 2918 Continuo
1290 2863 1556 2932 siquidem
1591 2864 1809 2934 adjecit,

201 2963 251 3006 et
280 2952 470 3009 habere
495 2954 734 3009 scientias
761 2956 815 3009 in
841 2955 1023 3027 quibus
1051 2956 1243 3028 singuli
1273 2957 1552 3012 emineant.

282 3044 551 3100 Grallator
602 3062 632 3101 a
688 3048 857 3119 gradu
889 3064 1085 3120 magno
1137 3049 1332 3112 dictus,
1357 3047 1812 3120 quemadmodum

206 3140 386 3197 Varro
413 3142 733 3197 testificatur
761 3140 950 3211 (lbid.,
984 3142 1072 3197 lib.
1106 3157 1164 3209 ιι,
1192 3160 1246 3213 ρ.
1291 3142 1393 3206 '70;
1434 3141 1611 3210 VarrL,
1641 3143 1729 3197 lib.
1757 3160 1811 3199 Vl

1904 559 2098 613 sectari
2127 571 2181 613 et
2208 559 2477 631 persequi.

1979 650 2262 721 lnﬂexibus
2302 652 2569 723 ﬂexuosis,
2594 653 2762 725 inquit
2779 654 3051 711 Arnobius
3067 654 3202 727 (Lib.
3221 671 3279 723 ιι,
3293 675 3345 725 p.
3375 656 3491 732 57),

1906 742 1959 799 id
1999 756 2103 811 est,
2136 744 2467 801 anfrac:ibus
2491 746 2591 802 vim
2611 788 2625 811 ,
2674 757 2765 802 aut
2790 747 3024 803 sinuosis
3053 756 3108 804 et
3131 748 3309 804 curvis
3330 749 3493 806 reﬂe-

1906 836 2080 893 xibus.

1996 930 2175 1005 lnfula
2239 933 2499 987 elicienda:
2549 934 2888 988 miserationis
2951 933 3246 1002 olferentem
3296 934 3490 991 Jovem

1906 1024 2092 1098 (lbid.,
2114 1027 2202 1081 lib.
2219 1042 2270 1090 v,
2295 1046 2347 1096 p.
2370 1026 2492 1091 172ς
2526 1025 2700 1093 Vorr.,
2717 1027 2803 1081 lib.
2824 1043 2880 1082 γι
2920 1026 3147 1100 deLing.
3166 1028 3280 1094 lat.,
3300 1046 3352 1099 p.
3375 1029 3493 1101 76),

1906 1121 1960 1176 id
2010 1132 2116 1189 est,
2146 1123 2448 1178 velamenta
2502 1123 2685 1188 lanea,
2719 1132 2775 1176 ut
2805 1121 2977 1177 Varro
3024 1123 3222 1193 aliique
3250 1121 3444 1178 docent
3474 1163 3491 1192 ,

1906 1216 2100 1286 quibus
2138 1224 2228 1269 aut
2286 1214 2431 1269 illius
2472 1225 2645 1270 mater
2671 1225 2973 1279 ornaretur,
2997 1226 3089 1271 aut
3117 1214 3293 1286 potius
3316 1216 3493 1273 scelus

1908 1308 2023 1376 ejus
2048 1316 2336 1378 tegeretur.
2366 1307 2625 1363 Examina
2657 1307 2857 1375 locum,
2881 1316 2937 1364 et
2967 1318 3113 1363 tuum
3142 1322 3205 1364 ea
3236 1306 3305 1365 de
3327 1308 3489 1379 reju-

1908 1399 2105 1455 dicium
2132 1398 2293 1456 feres.

1981 1494 2193 1549 Institor
2220 1505 2337 1550 erat
2379 1504 2695 1552 mercaturae
2717 1505 2769 1551 et
2801 1495 3148 1567 negotiationi
3175 1495 3492 1566 pmpositus
3579 1504 3590 1515 ‘

1910 1590 2150 1662 (Arnob,
2175 1591 2265 1646 lib.
2289 1606 2345 1656 ιι,
2375 1608 2429 1662 p.
2462 1590 2530 1646 66
2558 1600 2611 1646 et
2644 1590 2995 1661 70).Ovidius
3021 1591 3164 1646 enim
3195 1590 3391 1647 cecinit
3417 1608 3433 1646 :

2006 1705 2203 1756 lnstitor
2224 1706 2283 1754 ad
2306 1705 2548 1755 dominam
2571 1707 2741 1755 veniet
2757 1704 3025 1756 discinctus
3050 1716 3272 1756 emacem
3295 1718 3308 1752 :

2096 1768 2341 1831 Expediet
2359 1782 2555 1817 merces
2572 1775 2722 1831 teque
2740 1768 2950 1817 sedente
2968 1781 3098 1817 suas.

2242 1850 2429 1916 (0vid.,
2456 1849 2573 1903 lib.t
2598 1852 2659 1903 de
2681 1854 2792 1902 Art.
2812 1851 3033 1913 ainand.,
3060 1862 3183 1901 vers.
3209 1849 3345 1913 425.)

1906 1958 2187 2014 Institores
2207 1973 2417 2029 quoque
2446 1966 2712 2024 tonsores,
2746 1972 3037 2028 caupones,
3069 1966 3124 2012 et
3152 1957 3309 2028 coqui
3338 1970 3489 2012 voca-

1907 2053 2102 2108 bantur
2127 2059 2186 2106 ut
2211 2051 2425 2122 quidam
2468 2050 2534 2105 ad
2571 2049 2672 2105 hoc
2705 2048 2963 2105 Martialis
2999 2064 3214 2106 carmen
3244 2049 3499 2108 observa—

1908 2154 2032 2199 ι·ιιιιι
2065 2162 2077 2198 ἒ

2002 2255 2288 2307 Abstulerat
2312 2261 2458 2306 totam
2484 2258 2778 2306 temerarius
2796 2257 2985 2306 institor
3003 2253 3198 2315 urbem,

2098 2318 2253 2382 Inque
2276 2332 2366 2370 suo
2382 2316 2568 2369 nullum
2589 2319 2760 2369 limine
2776 2319 2927 2368 limen
2947 2325 3072 2368 erat.

2518 2404 2782 2471 (Martial,
2808 2404 2892 2456 lib.
2917 2421 3000 2466 vn,
3026 2401 3183 2470 epigr.
3207 2402 3270 2455 60
3294 2403 3314 2467 )

1909 2488 2183 2546 Iuvenalis
2210 2506 2371 2545 vero:

2004 2584 2205 2635 Institor
2228 2585 2449 2635 hibernae
2467 2587 2655 2648 tegetis
2672 2586 2906 2649 niveique
2926 2585 3139 2635 cadurci.

2566 2668 2835 2736 (Juvenal.,
2859 2666 2999 2720 satir.
3024 2669 3073 2730 7,
3096 2664 3183 2718 sub
3204 2664 3316 2733 fin.)

1983 2778 2152 2846 Quem
2182 2779 2234 2832 in
2264 2792 2476 2833 versum
2507 2776 2707 2833 videsis
2735 2775 3020 2831 Variorum
3048 2774 3475 2831 observationes.

1924 2855 1935 2866 '
1988 2872 2268 2927 Interibilis
2307 2887 2407 2943 pro
2445 2872 2684 2928 interitui
2715 2871 2982 2926 obnoxius
3010 2879 3066 2926 et
3096 2870 3337 2926 atomus
3373 2870 3503 2944 (Ar-

1914 2967 2033 3020 nob.
2067 2967 2154 3020 lib.
2192 2983 2228 3021 ιι
2251 3009 2265 3031 ,
2300 2983 2421 3038 pag.
2452 2966 2581 3039 65).

1988 3056 2169 3125 Isicia,
2198 3060 2318 3114 sive
2345 3060 2534 3114 insieia
2559 3099 2572 3124 ,
2611 3060 2674 3113 ab
2700 3074 2790 3125 eo,
2821 3058 2998 3131 inquit
3020 3059 3222 3127 Varro,
3257 3056 3394 3130 quod
3419 3057 3503 3112 in-

1915 3162 2050 3206 secta
2078 3169 2198 3206 caro
2218 3194 2233 3218 ,
2274 3162 2329 3206 ut
2367 3154 2421 3207 in
2451 3152 2676 3207 carmine
2703 3152 2969 3207 Saliorum
2996 3161 3104 3206 est:
3132 3151 3272 3223 quod
3293 3152 3345 3206 in
3375 3151 3504 3206 extis

204 3236 273 3290 de
303 3234 457 3306 Ling.
487 3236 603 3301 lat.,
650 3255 704 3307 p.
729 3236 840 3305 83).
868 3236 1058 3291 Festus
1102 3250 1231 3291 vero
1260 3253 1274 3289 :
1311 3253 1331 3288 ι
1356 3234 1689 3292 Grallatores
1717 3251 1809 3307 ap-

1917 3264 2050 3302 nunc
2081 3250 2272 3302 dicitur
2298 3259 2583 3319 prosectum
2615 3246 2805 3320 (Ibid.,
2831 3264 2952 3319 pag.
2978 3247 3087 3311 7'5;
3121 3244 3297 3313 Varr.,
3326 3244 3414 3299 lib.
3445 3261 3499 3299 tv

203 3328 554 3398 pellabantur
583 3329 921 3399 pantomimi,
942 3330 1032 3400 qui
1062 3338 1120 3384 ut
1150 3330 1202 3384 in
1229 3328 1517 3384 saltatione
1540 3330 1809 3385 imitaren-

208 3430 300 3474 tur
350 3419 669 3491 Algipanas,
697 3420 921 3490 adjectis
952 3421 1167 3491 perticis
1195 3419 1433 3476 furculas
1464 3420 1805 3490 habentibus,

204 3523 373 3584 atque
402 3514 454 3567 in
484 3512 568 3568 his
607 3524 976 3583 superstantes
1004 3556 1020 3580 ,
1050 3514 1116 3568 ad
1158 3513 1562 3569 similitudinem
1593 3529 1809 3569 crurum

205 3607 332 3678 ejus
359 3608 575 3678 generis
612 3606 995 3677 gradiebantur
1014 3647 1030 3673 ,
1061 3606 1247 3676 utique
1276 3615 1497 3677 propter
1525 3606 1811 3662 difficulta-

207 3710 328 3755 tem
348 3699 698 3755 consistendi.
726 3698 945 3753 Plautus
973 3709 987 3753 :
1018 3697 1315 3753 Vinceretis
1335 3713 1495 3753 cursu
1518 3713 1728 3767 cervas,
1758 3708 1812 3754 et

202 3795 559 3867 grallatorem
593 3794 784 3866 gradu.
812 3812 831 3846 ι
871 3793 1064 3866 (chl.,
1107 3793 1176 3848 ad
1200 3794 1335 3849 verb.
1367 3793 1808 3865 GRALLATORBS.)

202 3888 337 3943 Hoc
379 3899 557 3944 autem
613 3888 785 3943 Plauti
817 3902 1036 3943 carmen
1070 3902 1137 3942 ex
1186 3888 1303 3957 ejus
1331 3885 1569 3951 Ptenulo,
1601 3886 1723 3941 Act.
1754 3888 1806 3953 3,

201 3997 367 4039 scen.
402 3998 442 4049 ι,
466 3981 803 4053 desumptutn
836 3990 935 4036 est.
965 3980 1176 4036 Videsis
1212 3979 1389 4034 adhuc
1416 3964 1643 4034 Nanium
1678 3979 1813 4033 Mar-

198 4077 412 4133 cellum
440 4116 457 4140 ,
501 4075 568 4131 de
619 4074 834 4131 verbor.
866 4074 1135 4145 Propriet.
1187 4087 1309 4144 cap.
1352 4072 1409 4137 2,
1464 4064 1533 4126 ad
1588 4071 1810 4128 verbum

203 4170 554 4225 Grallatores.
1428 4170 1437 4181 ‘

279 4264 667 4336 Hieropltanta,
688 4277 864 4334 graece
887 4263 1201 4338 ἱεροφάντης,
1234 4259 1281 4314 is
1325 4268 1429 4325 est,
1457 4257 1551 4327 qui
1578 4269 1732 4311 sacra
1758 4265 1814 4311 et

197 4359 540 4419 cerimonias
576 4359 846 4425 docebat,
890 4367 946 4414 et
984 4370 1262 4412 sacrorum
1290 4354 1516 4409 antistes
1545 4352 1762 4425 (Arnob.
1793 4393 1810 4421 ,

197 4456 298 4512 lib.
335 4471 393 4520 ν,
426 4471 482 4524 ρ.
516 4452 668 4525 174).

279 4546 660 4602 Honorationis
689 4543 948 4605 oflicium,
978 4543 1085 4598 hoc
1131 4552 1255 4606 est,
1305 4540 1525 4597 honoris
1564 4550 1620 4596 et
1661 4554 1814 4597 reve—

197 4642 406 4700 rentia:
427 4638 617 4713 (lbid.,
643 4638 731 4694 lib.
765 4652 860 4701 vn,
894 4653 949 4707 p.
981 4636 1134 4705 221).

275 4734 622 4792 Jecusculum
674 4742 758 4788 est
799 4731 1173 4787 diminutivum
1214 4730 1445 4785 nominis
1488 4730 1660 4800 jecur.
1692 4727 1811 4796 Quo

195 4831 380 4887 etiam
432 4828 649 4883 nomine
690 4826 857 4881 utitur
907 4824 1114 4880 Plinius
1147 4842 1160 4878 :
1197 4843 1216 4875 ι
1252 4824 1503 4890 Murium,
1534 4842 1555 4875 ι
1592 4824 1808 4893 inquit,

202 4945 226 4978 ε
261 4923 543 4996 iecusculi
586 4921 736 4978 librae
768 4919 834 4975 ad
862 4934 1143 4975 numerum
1194 4917 1339 4973 luna:
1388 4918 1440 4972 in
1470 4932 1655 4971 mense
1684 4930 1814 4972 con-

191 5031 414 5089 gruere
458 5014 725 5071 dicuntur.
766 5031 786 5065 ι
839 5011 906 5066 Ει
951 5011 1098 5079 prius
1147 5008 1377 5066 Cicero:
1418 5008 1812 5063 «Musculorum

185 5109 490 5181 jecuscula
543 5107 731 5162 bruma
763 5104 1015 5160 dicuntur
1036 5103 1219 5174 augeri
1248 5121 1268 5155 ι
1315 5100 1502 5175 (lbid.,
1524 5101 1613 5156 lib.
1634 5117 1685 5156 iv
1709 5142 1724 5167 ,
1757 5118 1810 5172 p.

193 5204 321 5260 134
372 5225 391 5268 ;
418 5200 588 5265 Ptin.,
618 5200 707 5255 lib.
726 5216 785 5268 ιι,
812 5217 929 5271 cap.
960 5199 1051 5266 57,
1077 5216 1131 5271 ρ.
1151 5199 1277 5266 571,
1308 5196 1494 5264 Cicer.,
1552 5196 1638 5253 lib.
1694 5212 1732 5251 ιι
1754 5197 1817 5253 de

190 5297 420 5362 Diuim,
452 5314 507 5366 p.
538 5292 689 5366 285).

272 5389 732 5451 lmmoderatum,
784 5387 834 5443 id
865 5396 947 5443 est
971 5429 987 5454 ,
1043 5388 1160 5443 sine
1200 5386 1383 5453 modo,
1418 5386 1502 5442 vel
1551 5386 1693 5455 line,
1721 5399 1817 5443 seu

188 5485 545 5539 immensum
571 5488 626 5535 et
655 5478 920 5534 inﬁnitum
953 5479 1194 5551 (Arnob.,
1226 5480 1316 5535 lib.
1360 5495 1419 5544 ιι,
1450 5496 1505 5549 p.
1536 5478 1649 5552 97).
1672 5478 1816 5548 Qua-

186 5584 441 5651 propter
460 5573 649 5629 Cicero
678 5573 946 5645 quoddam
997 5575 1263 5644 Euripidis
1302 5588 1521 5629 carmen
1582 5573 1767 5646 (Cicer.
1798 5616 1815 5643 ,

178 5674 300 5728 tib.
342 5684 382 5724 ll
422 5668 488 5723 de
515 5666 707 5723 Natur.
755 5668 926 5733 ἄιον..
977 5686 1030 5739 p.
1060 5668 1212 5740 225),
1260 5669 1340 5724 sic
1366 5668 1528 5724 latine
1554 5669 1819 5742 interpre-

184 5774 368 5821 tatur
396 5777 416 5815 .’

348 5874 509 5927 Vides
524 5874 751 5938 sublime,
773 5875 952 5936 fusum,
980 5874 1350 5927 immoderatum
1372 5875 1581 5927 aethera.

1915 3341 1980 3394 de
2009 3339 2162 3412 Ling.
2192 3342 2310 3408 lat.,
2346 3359 2464 3412 pag.
2498 3341 2629 3408 28).
2667 3341 2972 3396 Macrobius
2998 3340 3159 3395 etiam
3194 3354 3292 3394 nos
3322 3348 3509 3393 monet

1914 3433 2161 3489 insicimn
2188 3435 2256 3489 ab
2282 3434 2585 3489 insectione
2606 3434 2839 3489 derivari
2859 3475 2873 3495 ,
2900 3452 2917 3484 ι
2940 3434 3231 3488 amissione
3252 3452 3272 3485 ›
3297 3432 3505 3504 inquit,

1920 3523 2175 3592 (littera),
2206 3535 2394 3598 postea
2424 3526 2565 3597 quod
2609 3541 2752 3581 nunc
2792 3526 2990 3593 habet,
3032 3542 3227 3580 nomen
3273 3524 3509 3580 obtinuit

1916 3617 2189 3692 (Macrob.
2217 3660 2233 3685 ,
2273 3620 2361 3673 lib.
2398 3635 2467 3674 vn
2514 3620 2728 3676 Saturn.
2758 3661 2774 3687 ,
2806 3636 2923 3687 cap.
2969 3619 3059 3689 8).
3098 3620 3271 3673 Aliam
3323 3627 3505 3673 tamen

1916 3712 2075 3784 lmjus
2100 3712 2333 3767 nominis
2359 3713 2743 3784 etymologiam
2770 3712 2852 3766 bis
2875 3710 3110 3767 Isidorus
3134 3710 3284 3766 dedit
3304 3709 3503 3765 verbis:

1921 3822 1939 3854 ‹
1964 3803 2166 3859 [secem
2201 3806 2400 3874 piscem
2429 3805 2719 3875 quemdam
2748 3812 2971 3867 vocant,
3017 3818 3084 3859 ex
3125 3819 3232 3875 quo
3272 3802 3506 3876 primum

1914 3894 2065 3949 isicia
2098 3895 2229 3951 facta
2259 3908 2413 3950 sunt:
2442 3905 2497 3951 et
2523 3896 2769 3968 quamvis
2798 3912 2863 3951 ex
2894 3895 3002 3951 alio
3034 3911 3234 3967 genere
3275 3897 3503 3966 piscium

1915 3988 2043 4044 flant
2062 4031 2075 4053 ,
2103 3990 2313 4043 initium
2342 3999 2517 4045 tamen
2548 3991 2710 4061 piscis
2738 3989 3058 4046 vocabulum
3086 3989 3236 4044 dedit
3262 3988 3505 4060 (Isidem,

1916 4083 2032 4137 libr.
2080 4099 2149 4137 xx
2196 4080 2340 4153 Orig.
2369 4124 2383 4147 ,
2427 4100 2544 4152 cap.
2578 4081 2667 4153 1).
2693 4081 3078 4153 iLampridius
3122 4095 3283 4149 porro
3325 4091 3508 4136 narrat

1914 4174 2317 4247 Heliogabalum
2350 4176 2582 4247 primum
2622 4176 2693 4231 de
2735 4176 3005 4246 piscibus,
3040 4173 3269 4240 ostreis,
3304 4184 3358 4230 et
3388 4173 3508 4229 aliis

1915 4271 2181 4327 similibus
2206 4272 2431 4326 conchis
2458 4269 2653 4327 fecisse
2684 4270 2895 4324 insicia.
2926 4267 3090 4323 Plura
3120 4283 3249 4322 vero
3286 4266 3506 4339 Apicius

1917 4364 2226 4419 insiciorum
2259 4379 2459 4435 genera
2479 4406 2493 4429 ,
2524 4378 2823 4434 eorumque
2851 4360 3315 4417 conlicieudorum
3344 4360 3509 4416 ratio-

1918 4475 2041 4515 nem
2082 4460 2358 4515 describit.
2394 4458 2605 4515 Videsis
2635 4455 3014 4514 Casaubonum
3060 4457 3111 4511 in
3145 4455 3314 4511 libros
3344 4455 3512 4511 Athe-

1916 4554 2023 4609 ιιίεί
2044 4595 2057 4617 ,
2090 4563 2144 4610 ει
2172 4553 2456 4609 Variorum
2489 4553 2542 4607 in
2575 4553 2796 4607 citatum
2831 4550 3005 4619 Apicii
3046 4549 3224 4605 locum
3267 4546 3510 4602 animad-

1837 4650 1891 4711 D
1916 4648 2193 4703 versiones
2223 4645 2539 4720 (Lamprid.,
2571 4647 2624 4700 in
2660 4644 2766 4699 Vit.
2798 4641 3113 4715 Heliogab.,°
3143 4641 3317 4711 Apic.,
3349 4638 3438 4695 lib.
3472 4654 3508 4694 ιι

1922 4743 1985 4797 de
2004 4743 2112 4796 Art.
2139 4743 2421 4811 coquinat.,
2446 4758 2562 4812 cap.
2591 4741 2642 4807 ‘l;
2670 4738 2916 4804 Casaub.,
2942 4739 2994 4791 in
3017 4735 3278 4801 Athena,
3309 4734 3399 4789 lib.
3430 4748 3505 4801 Ix,

1916 4854 2035 4909 cap.
2066 4836 2121 4904 5,
2153 4854 2271 4907 pag.
2304 4837 2405 4892 651
2432 4835 2472 4908 ).

1989 4928 2253 4984 Labeones
2295 4935 2696 4999 nuncupantur,
2723 4927 2921 4999 quibus
2965 4939 3155 4995 magna
3190 4932 3315 4978 sunt
3343 4920 3503 4977 labia.

1922 5025 2156 5080 Plinius:
2196 5043 2215 5076 ι
2238 5024 2410 5079 Labra
2433 5043 2452 5076 ι
2480 5023 2573 5089 ait,
2600 5040 2618 5073 ι
2648 5038 2678 5077 a
2707 5021 2901 5092 quibus
2944 5018 3170 5075 Brocchi
3194 5060 3207 5081 ,
3252 5016 3507 5072 labeones

1921 5118 2050 5174 dicti
2084 5139 2103 5171 ι
2136 5119 2381 5190 (Arnob.,
2415 5117 2504 5173 lib.
2538 5133 2621 5181 ιιι,
2650 5134 2767 5188 pag.
2809 5114 2935 5177 {08;
2964 5112 3135 5179 Plin.,
3165 5111 3252 5166 lib.
3285 5128 3339 5170 χι
3368 5108 3505 5164 Hist.

1923 5220 2124 5278 natur.,
2154 5228 2270 5283 cap.
2306 5212 2398 5278 57,
2434 5227 2553 5281 pag.
2586 5209 2752 5283 355).

1994 5304 2306 5368 Lacernula,
2355 5320 2384 5357 a
2425 5303 2642 5359 nomine
2669 5302 2884 5358 lacerna
2915 5300 3058 5356 haud
3094 5298 3255 5354 dubie
3292 5296 3506 5353 deriva-

1921 5405 2054 5451 tum.
2081 5396 2317 5451 Lacerna
2350 5404 2532 5451 autem
2555 5396 2720 5451 vestis
2746 5406 2860 5450 erat
2884 5395 3043 5450 vilior
3067 5401 3121 5448 et
3145 5388 3503 5456 communior,

1922 5500 1996 5558 et,
2027 5491 2100 5544 uti
2139 5489 2215 5542 ait
2243 5488 2514 5555 Isidorus,
2545 5508 2564 5540 ι
2594 5488 2813 5559 pallium
2844 5486 3175 5542 ﬁmbriatum
3196 5525 3209 5548 ,
3240 5498 3347 5553 quo
3379 5481 3510 5535 olim

1922 5584 2021 5638 soli
2051 5582 2250 5638 milites
2291 5585 2595 5638 utebantur.
2632 5581 2782 5638 Unde
2812 5590 2868 5638 et
2900 5581 2951 5635 in
2984 5575 3366 5648 distinguenda
3392 5590 3513 5631 cas-

1923 5676 2095 5731 trensi
2137 5676 2449 5747 urbanaque
2474 5675 2659 5743 turba,
2684 5675 2780 5729 hos
2809 5684 3041 5747 togatos,
3067 5671 3191 5727 illos
3214 5672 3517 5726 lacernatus

1924 5768 2208 5824 vocabant.
2253 5768 2381 5823 lnde
2424 5779 2604 5825 autem
2634 5768 2895 5834 lacerum,
2924 5766 3077 5839 quasi
3106 5764 3399 5834 amputatis
3425 5777 3517 5817 ca-

1928 5862 2129 5935 pitibus
2157 5862 2495 5924 ﬁmbriarum
2518 5906 2533 5934 ,
2561 5876 2735 5934 neque
2764 5861 2838 5917 ita
2863 5861 3031 5927 laxis,
3063 5868 3122 5915 ut
3152 5865 3280 5915 sunt
3306 5853 3529 5926 penula-
