4230 6266
457 1208 513 1239 ἵε

484 1256 497 1271 ι

669 335 782 395 699
1938 331 2398 397 DISSBR'I'ATIO
2433 334 2713 398 ΡΗΔΕΥΙΑ
3224 356 3230 360 ‘
3319 364 3324 371 ι
3847 331 3950 395 700

672 465 792 509 rum
811 469 832 504 ι
850 450 1091 524 (Ανκοόη
1114 452 1202 507 lib.
1224 468 1281 517 tt,
1306 469 1425 524 pag.
1448 453 1549 519 56;
1572 453 1894 522 Isidor.,'llb.
1917 451 2255 525 us'Origin.,

2369 450 2537 524 surae
2566 455 2673 509 alio
2702 455 2756 509 tu
2780 452 2958 512 libro:

671 560 789 615 cap.
820 543 940 615 24).
979 545 1255 617 Frequens
1282 557 1460 604 autem
1500 549 1638 619 apud
1668 550 1873 614 varios,
1904 564 1966 604 ac
1991 550 2259 619 praecipue

674 639 742 696 de
769 654 831 695 re
854 641 1105 696 vestiaris
1131 642 1457 711 scriptores,
1492 643 1651 712 hujus
1678 643 1913 699 nominis
1937 656 2082 699 usus.

741 733 921 799 Lana,
950 735 1026 790 uti
1051 735 1433 792 animadvertit
1456 736 1645 804 Varro,
1668 738 1808 810 quod
1832 738 1897 793 de
1927 739 2048 793 lana
2074 738 2258 803 multa;

671 827 890 882 duarum
917 828 1051 881 enim
1079 838 1317 899 togarum
1338 831 1533 884 instar:
1561 841 1617 885 ut
1641 832 2050 902 antiquissimam
2077 830 2258 885 mulieé

671 938 785 977 rum
810 920 1076 988 rit-inium,
1107 925 1181 979 sic
1211 926 1305 979 hoc
1328 925 1520 993 duplam
1544 927 1767 980 uirorum
1797 925 2039 998 (Arnob.
2067 925 2159 980 lib.
2187 941 2257 988 ιι,

674 1030 797 1088 pag.
838 1016 906 1073 56
934 1027 983 1073 et
1012 1016 1110 1080 59;
1149 1017 1323 1081 γαπ..
1355 1019 1441 1074 lib.
1476 1036 1527 1074 rt
1558 1021 1625 1074 de
1653 1019 1802 1091 Ling.
1837 1020 1954 1086 lat.,
1992 1032 2110 1091 pag.
2148 1022 2255 1084 333

677 1109 861 1165 Festus
885 1148 902 1176 ,
922 1110 1007 1165 ad
1035 1111 1170 1166 verb.
1205 1112 1421 1183 LENE).
1453 1112 1623 1170 Addit
1649 1112 1846 1167 Festus
1875 1128 1904 1166 a
1935 1112 2257 1183 quibusdam

674 1202 930 1258 traditum
973 1218 1092 1259 eam
1135 1206 1213 1261 sic
1261 1214 1442 1271 tusce,
1474 1206 1621 1262 etab
1658 1205 1778 1260 aliis
1820 1212 1995 1273 graece
2041 1208 2259 1278 χλαῖναν

675 1294 1020 1364 appellatam.
1062 1293 1130 1351 A.
1173 1295 1348 1351 Nonio
1374 1306 1557 1354 autem
1590 1296 1790 1352 dicitur
1816 1312 1936 1352 esse
1968 1297 2253 1353 vestimen.

675 1393 785 1440 tum
819 1386 1084 1453 militare,
1127 1388 1268 1457 quod
1312 1404 1476 1457 supra
1502 1400 1698 1445 caetera
1727 1390 1909 1445 omnia
1942 1390 2262 1446 induebatur

673 1477 932 1550 (Nonius,
951 1497 1067 1547 cap.
1093 1480 1217 1552 l5).
1248 1484 1425 1554 Atque
1452 1484 1504 1539 in
1534 1484 1805 1554 opinionis
1832 1498 1944 1540 sum
1971 1486 2259 1541 conﬁrma-

673 1573 877 1632 tionem
901 1575 971 1631 ab
1001 1575 1095 1631 illo
1125 1575 1241 1631 haec
1266 1576 1458 1648 Virgili
1499 1580 1741 1634 carmina
1771 1579 2041 1635 citantur:

1166 1691 1411 1757 Tyrioque
1434 1693 1638 1745 ardebat
1658 1695 1845 1745 murice
1868 1694 2013 1753 latus,

765 1751 987 1804 Demissa
1013 1767 1075 1807 ex
1102 1751 1335 1806 humeris.

1152 1816 1376 1886 (Virgil,
1404 1816 1485 1871 lib.
1514 1835 1560 1872 tv
1584 1819 1791 1881 Eadd,
1816 1832 1944 1871 vers.
1967 1817 2104 1881 262.)

594 1973 603 1999 τ
673 1921 745 1979 At
764 1921 979 1979 Servius
1005 1924 1102 1978 hos
1128 1925 1178 1980 in
1203 1941 1393 1980 versus
1414 1925 1591 1982 varias
1618 1925 1783 1981 refert
1807 1925 1875 1983 dc
1902 1926 2041 1980 laena
2063 1934 2119 1980 et
2143 1924 2263 1994 ejus

673 2016 961 2073 inventore
1005 2018 1334 2083 sententias,
1380 2025 1541 2086 atque
1572 2018 1642 2071 ab
1682 2018 1800 2073 aliis
1841 2028 2017 2088 togam
2049 2016 2260 2072 censeri

674 2107 943 2178 duplicem
966 2118 1020 2164 et
1053 2111 1305 2166 amictum
1328 2110 1663 2181 auguralem,
1699 2110 1752 2164 itt
1788 2126 1916 2180 quo,
1950 2120 2007 2164 ut
2042 2110 2264 2180 quibus-

676 2201 800 2257 dam
833 2204 1064 2273 placuit,
1097 2203 1340 2259 ﬂamines
1372 2202 1581 2258 infulati
1610 2202 2015 2269 sacriﬁcabant,
2049 2202 2116 2256 ab
2143 2201 2265 2256 aliis

675 2313 807 2353 vero
829 2298 933 2353 diri
959 2298 1214 2354 amictum
1243 2292 1551 2355 rotundum.
1578 2294 1737 2354 Plura
1769 2292 1820 2353 in
1847 2296 1963 2368 ejus
1987 2311 2259 2352 commen-

676 2394 827 2448 tariis
854 2391 1039 2464 legere
1067 2394 1290 2465 poteris.

750 2487 992 2543 Laminas
1015 2489 1325 2558 pertundunt
1344 2488 1547 2543 aurium
1565 2529 1578 2553 ,
1604 2488 1655 2542 id
1678 2494 1761 2544 est
1776 2530 1789 2553 ,
1816 2487 1952 2541 imas
1974 2485 2262 2549 auriculas,

679 2595 775 2636 seu
803 2580 1111 2637 inferiorem
1138 2590 1321 2636 earum
1351 2588 1556 2651 partem
1576 2622 1590 2644 ,
1623 2588 1685 2636 ut
1711 2592 1949 2650 gemmas
1979 2574 2151 2633 aliave
2186 2574 2265 2629 eis

677 2672 981 2728 insererent
1021 2673 1260 2747 (Arnob.,
1301 2673 1387 2727 lib.
1420 2686 1485 2737 tt,
1530 2678 1648 2744 pag.
1679 2672 1806 2742 72).
1850 2671 2064 2726 Videsis
2090 2665 2265 2724 Vossii

676 2766 1073 2838 etymologiam
1102 2766 1168 2821 ad
1199 2779 1339 2822 vers.
1367 2764 1590 2820 Lamina
1623 2775 1669 2819 et
1697 2766 1883 2837 ligula.

676 2878 686 2915 ε
746 2856 1026 2913 Lancicula
1045 2858 1426 2914 diminutivum
1446 2859 1655 2915 videtur
1674 2860 1905 2914 nominis
1930 2859 2055 2912 lanx
2076 2853 2262 2929 (lbid.,

677 2964 797 3019 pag.
817 2947 949 3019 59),
982 2958 1142 3020 atque
1168 2950 1369 3003 idcirco
1395 2948 1537 3005 idem
1564 2962 1688 3004 esse
1710 2964 1776 3003 ac
1795 2963 1960 3019 parva
1985 2947 2132 3011 lanx,
2154 2945 2268 3001 sive

677 3042 854 3096 minus
875 3057 965 3096 vas
983 3042 1329 3109 escularium,
1350 3057 1457 3110 quo
1480 3058 1605 3097 caro
1630 3051 1791 3107 tosta,
1811 3043 1925 3096 sive
1947 3040 2090 3096 elixa
2113 3052 2266 3094 men-

676 3133 755 3189 sis
782 3133 1129 3191 inferebatur.
1165 3136 1240 3192 De
1268 3138 1420 3191 lance
1448 3147 1626 3192 autem
1656 3136 1800 3192 canit
1829 3136 2090 3192 Plautus:

1098 3251 1155 3299 In
1176 3252 1402 3315 popinam
1420 3251 1760 3301 divortundum
1784 3252 2015 3315 estgmlbi.

770 3310 958 3362 Lances
980 3310 1443 3426 deterga'm'omnes,
1465 3328 1738 3377 omnesque
1763 3313 1933 3364 trullas
1954 3315 2189 3364 hauriam.

1066 3375 1131 3426 (Ρ
1154 3382 1274 3426 ιιιιι..
1299 3375 1349 3426 in
1372 3375 1619 3426 simulant"
1647 3378 1742 3426 act.
1763 3393 1829 3426 IV.
1853 3389 1982 3426 scen.
2006 3374 2079 3426 5.)

1066 3374 1274 3441 (Plura,
1299 3375 1349 3427 in
1372 3375 1619 3442 Amphgt.,
1647 3374 1742 3428 fici.
1763 3393 1829 3438 tv,
1853 3389 1982 3427 scen.
2006 3374 2079 3438 5.)

677 3476 849 3537 Varro
886 3492 1066 3539 autem
1110 3474 1199 3539 tibi
1237 3472 1306 3538 de
1332 3484 1476 3539 vasis
1504 3483 1757 3539 cscariis:
1788 3502 1807 3536 ι
1837 3472 2095 3553 Magidam
2122 3503 2140 3534 ι
2174 3483 2258 3536 in-

679 3573 824 3645 quit,
857 3584 948 3629 aut
980 3594 999 3628 ι
1033 3572 1338 3647 langulam,
1370 3575 1597 3631 alteram
1628 3591 1658 3630 a
1688 3566 2093 3647 magnitudine,
2126 3575 2266 3630 alte—

677 3682 795 3723 ram
828 3669 895 3723 ab
950 3666 1233 3725 latitudine
1264 3667 1534 3724 finxerunt
1564 3689 1582 3721 ι
1613 3668 1821 3741 (Varr.,
1855 3667 1944 3723 lib.
1977 3686 1991 3724 ι
2020 3669 2083 3723 de
2111 3667 2264 3739 Ling.

680 3762 798 3827 lat.,
839 3779 959 3834 pag.
1013 3762 1141 3835 50).
1179 3764 1338 3833 Atqui
1382 3763 1426 3817 si
1458 3750 1652 3818 Vossio
1691 3762 2023 3829 credideris,
2056 3761 2268 3832 langula

679 3857 831 3928 quasi
874 3844 1084 3913 lancula
1125 3856 1346 3913 dicitur.
1379 3857 1516 3912 Vide
1553 3873 1685 3929 ergo
1716 3868 1894 3913 utrum
1935 3858 2001 3912 ab
2028 3856 2271 3912 Arnobio

680 3948 939 4019 scriptum
969 3949 1172 4005 fuerint
1197 3950 1436 4014 lancula,
1461 3961 1553 4004 aut
1586 3951 1708 4006 inde
1732 3951 1868 4006 facta
1898 3951 1968 4006 sit
1993 3951 2267 4005 lancicula.

751 4032 926 4098 Laura
951 4059 1126 4116 graece
1151 4046 1313 4121 λαῦρα
1331 4088 1347 4115 ,
1378 4056 1431 4101 et
1459 4045 1626 4100 latine
1655 4045 1807 4100 vicus
1828 4087 1841 4107 ,
1871 4055 2020 4100 recte
2048 4043 2268 4112 dicitur,

680 4145 740 4192 ut
766 4136 1063 4193 Athenaeus
1093 4148 1279 4192 monet
1301 4179 1316 4203 ,
1348 4153 1411 4193 ac
1439 4138 1571 4194 satis
1604 4138 1849 4210 probavit
1885 4136 2234 4193 Casaubonus
2254 4176 2269 4202 ,

680 4244 863 4299 quem,
906 4231 952 4283 si
986 4229 1155 4296 lubet,
1187 4231 1412 4286 consule
1442 4229 1699 4303 (Arnob,
1734 4230 1823 4284 lib.
1853 4245 1947 4296 ιιι,
1979 4245 2098 4300 pag.
2132 4228 2269 4295 I24;

681 4312 926 4387 Casaub.,
957 4323 1013 4376 in
1040 4323 1298 4391 Athena!”
1340 4323 1428 4379 lib.
1460 4340 1570 4389 xu,
1604 4339 1735 4393 cap.
1761 4322 1829 4379 10
1850 4321 1890 4392 ).

753 4414 1029 4473 Lenocinio
1068 4418 1283 4490 fulgoris
1323 4426 1566 4487 angustat
1591 4418 1801 4470 deorum
1829 4416 2106 4469 simulacra
2135 4422 2273 4468 exte-

682 4509 789 4564 rior
832 4511 1063 4575 lwvitas;
1094 4512 1168 4566 ita
1214 4512 1452 4582 loquitur
1495 4509 1797 4576 Arnobius,
1839 4525 1905 4566 ac
1944 4508 2271 4564 lenocinium

2454 565 2580 636 Filia
2598 566 2797 636 Picenae
2818 571 2961 636 venio
2982 568 3222 622 Lucanica
3246 584 3420 636 porcae.

2544 630 2768 682 Pultibus
2784 633 2895 685 hinc
2909 635 3071 685 niveis
3088 644 3227 696 grata
3248 630 3428 687 corona
3449 636 3613 690 datur.

3044 718 3236 781 (Hart,
3258 716 3340 770 lib.
3356 736 3426 782 in,
3450 718 3608 786 epigr.
3629 723 3741 784 55.)

2360 817 2510 887 Quos
2555 821 2607 875 in
2650 834 2843 879 versus
2890 825 3135 880 nonnulli
3181 826 3469 882 observant
3510 828 3835 884 Lucaniam
3880 846 3946 887 ex

2360 912 2594 968 concisis
2640 916 2896 1007 carnibus
2936 930 3149 986 parem.
3202 918 3259 973 in
3307 930 3436 989 agro
3479 920 3724 976 I’iscsno
3766 932 3945 987 natas,

2363 1005 2498 1062 ﬁeri.
2543 1008 2750 1065 Tullius
2788 1005 2952 1081 porro
2990 1011 3209 1083 Papirio
3234 1015 3456 1069 scribit:
3482 1033 3501 1068 ι
3526 1015 3776 1072 Solebam
3804 1021 3947 1074 enim

2360 1110 2515 1157 antea
2547 1102 2801 1160 delectari
2831 1105 2985 1169 oleis.
3029 1115 3080 1161 et
3114 1108 3372 1163 lucanicis
3397 1110 3506 1164 tuis
3544 1127 3565 1163 ι
3599 1110 3826 1180 (Cicer.,
3857 1112 3946 1169 lib.

2360 1211 2445 1262 1x,
2477 1197 2693 1264 epistola
2729 1199 2822 1264 l6,
2855 1217 2974 1271 pag.
3010 1198 3169 1271 I02).

2434 1289 2692 1355 Mantele,
2726 1307 2820 1348 seu
2854 1294 3205 1358 mantellum,
3234 1303 3290 1349 et
3315 1296 3565 1358 mantile,
3600 1312 3630 1350 a
3672 1299 3947 1369 tergendis

2361 1385 2608 1441 manibus
2634 1387 2836 1444 dictum
2854 1426 2869 1454 ,
2898 1389 3057 1445 sicuti
3083 1389 3304 1445 Servius
3329 1398 3552 1446 adnotat
3577 1391 3630 1446 in
3658 1390 3802 1448 hunc
3826 1392 3949 1448 Vir-

2362 1478 2475 1548 gilii
2504 1494 2749 1535 versum:

2853 1594 3129 1658 Tonsisque
3144 1594 3309 1645 ferunt
3332 1596 3549 1647 mentitis
3569 1598 3710 1649 villis.

2845 1673 3077 1743 (vagit,
3100 1673 3183 1728 lib.
3204 1686 3222 1726 ι
3241 1674 3456 1739 mea,
3477 1688 3601 1731 vers.
3626 1676 3735 1733 706.
3743 1684 3765 1746 ι

2366 1782 2539 1839 Varro
2576 1798 2791 1855 quoque
2826 1784 3069 1840 dixerat:
3099 1802 3119 1836 ι
3148 1784 3461 1841 Mantelium
3482 1828 3499 1853 ,
3524 1788 3672 1857 quasi
3702 1799 3957 1845 manule-

2368 1876 2526 1944 rium,
2553 1868 2637 1931 ubi
2682 1892 2869 1931 manus
2906 1887 3184 1948 terguntur
3219 1897 3237 1930 ι
3266 1876 3475 1950 (Varr.,
3508 1879 3595 1933 lib.
3628 1896 3679 1935 tv
3712 1880 3777 1936 de
3799 1880 3957 1953 Ling.

2369 1968 2483 2037 lat.,
2507 1987 2625 2040 pag.
2656 1967 2788 2041 66).
2814 1968 3048 2024 Isidorus
3077 1985 3222 2031 vero,
3252 1971 3341 2041 qui
3369 1971 3499 2026 illud
3528 1973 3655 2026 olim
3681 1973 3807 2029 huic
3838 1976 3957 2030 usui

2368 2060 2536 2118 fuisse
2578 2062 2795 2126 fatetur,
2826 2078 2967 2117 nunc
2994 2063 3304 2133 Operiendis
3334 2065 3535 2120 mensis
3565 2066 3827 2123 inservire
3856 2067 3958 2124 de-

2366 2148 2556 2209 clarat.
2582 2152 2740 2210 Plura
2765 2152 2833 2209 de
2854 2170 2919 2211 eo
2942 2155 3163 2210 Vossius
3189 2155 3241 2210 in
3266 2156 3639 2228 Etymologico
3661 2161 3957 2230 congessit:

2446 2240 2643 2313 Marsi,
2674 2242 2742 2303 de
2767 2248 2963 2320 quibus
2992 2246 3128 2304 infra
3157 2249 3224 2304 ad
3256 2250 3480 2306 verbum
3504 2248 3676 2322 Psylli
3708 2252 3959 2324 (Arneb.,

2367 2342 2458 2398 lib.
2488 2359 2556 2407 ιι,
2589 2359 2709 2415 pag.
2743 2338 2868 2412 66).

2440 2426 2741 2505 Hastruca,
2796 2437 2886 2492 vel
2938 2445 3209 2508 mastruga
3260 2437 3429 2493 vestis
3483 2446 3605 2492 erat
3650 2436 3956 2501 Sardonum

2367 2514 2569 2603 (lbid.,
2594 2547 2711 2604 pag.
2740 2528 2867 2602 59),
2890 2546 3049 2596 quam
3078 2530 3317 2585 Isidorus
3344 2530 3421 2585 sic
3450 2531 3719 2599 eXplir-at:
3749 2529 3960 2589 «Vestis

2367 2612 2684 2679 Germanica
2727 2638 2794 2678 ex
2837 2622 3053 2692 pellulis
3094 2622 3365 2689 ferarum,
3396 2620 3463 2676 de
3504 2637 3606 2692 qua
3632 2620 3825 2679 Cicero
3860 2638 3961 2694 pro

2368 2715 2572 2773 Scauro
2606 2734 2618 2770 :
2651 2732 2808 2787 quem
2854 2731 3086 2786 purpura
3118 2716 3312 2786 regalis
3340 2731 3446 2769 non
3477 2719 3803 2783 commovit,
3834 2732 3958 2772 cum

2368 2811 2660 2868 Sardorum
2703 2820 2973 2882 mastruga
3014 2810 3265 2867 mutavit.
3306 2809 3573 2880 Mastruga
3607 2822 3783 2865 autem
3814 2811 3962 2867 dicta

2366 2905 2519 2976 quasi
2562 2914 2927 2968 monstruosa,
2957 2920 3023 2958 eo
3054 2902 3195 2973 quod
3224 2898 3315 2973 qui
3360 2917 3424 2957 ea
3453 2903 3766 2968 induuntur,
3800 2905 3961 2981 quasi

2368 2999 2421 3055 in
2451 2998 2685 3054 ferarum
2706 2996 3411 3054 habitumtransformentur
3436 2998 3676 3069 3(Cicer.,
3705 2998 3852 3054 Orat.
3879 3016 3960 3065 ιιι,

2367 3092 2432 3149 de
2474 3078 2632 3148 Prov.
2664 3092 2885 3159 consul.,
2917 3109 3036 3162 pag.
3071 3091 3173 3177 509
3261 3078 3472 3177 Videsis
3500 3092 3835 3163 Turnebutn,
3863 3094 3960 3151 lib»

2293 3223 2339 3289 ρ
2372 3203 2404 3242 x
2432 3178 2720 3289 Adversar2
2749 3200 2870 3255 cap.
2896 3186 2948 3246 5.
2974 3195 3028 3240 et
3054 3176 3147 3239 lib.
3175 3200 3244 3238 xx
3262 3224 3277 3249 ,
3298 3199 3419 3252 cap.
3442 3176 3493 3240 9.

2444 3279 2667 3335 Mateola
2688 3266 3098 3347 diminutivum,
3123 3278 3257 3339 sive,
3282 3286 3342 3332 ut
3365 3279 3455 3334 alii
3483 3281 3789 3351 opinantur,
3821 3280 3961 3347 idem

2368 3390 2431 3429 ac
2452 3381 2674 3439 mattea,
2704 3372 2791 3427 vel
2812 3383 3013 3445 mattya
3044 3388 3240 3443 graece,
3271 3375 3502 3446 ματτύα,
3534 3375 3618 3429 vel
3644 3376 3810 3457 partem
3841 3374 3961 3441 (Ar-

2367 3468 2514 3531 nob.,
2540 3466 2627 3520 lib.
2654 3482 2747 3531 vn,
2782 3482 2901 3536 pag.
2934 3466 3031 3520 23l
3059 3466 3098 3537 ).
3135 3465 3401 3522 Delicatus
3430 3477 3514 3522 est
3542 3464 3732 3531 cibus,
3762 3476 3855 3522 aut
3879 3467 3961 3522 ci-

2367 3559 2558 3615 borum
2587 3556 2815 3613 delicia.
2847 3544 3000 3614 Unde
3025 3557 3320 3615 Martialis:

2462 3671 2618 3735 Dives
2642 3680 2694 3720 et
2718 3685 2782 3723 ex
2806 3674 2941 3735 omni
2967 3674 3121 3735 posita
3144 3683 3224 3725 est
3246 3676 3483 3727 instructa
3505 3675 3720 3729 macello

2556 3734 2697 3787 Caena
2723 3735 2830 3797 tibi,
2856 3734 2944 3785 sed
2968 3734 3018 3787 te
3039 3734 3217 3800 Mattya
3236 3737 3336 3787 sola
3357 3739 3544 3800 juvant.

3025 3816 3282 3883 (Martial.,
3316 3816 3401 3871 lib.
3423 3830 3476 3881 ιι,
3499 3818 3656 3886 cpigr.
3678 3816 3778 3877 ss.)

2369 3898 2560 3958 Postea
2589 3914 2753 3956 vero:

2464 3992 2603 4060 Inter
2628 4005 2746 4044 aves
2765 3994 2935 4060 turdus
2956 3997 2997 4060 si
3019 3998 3144 4060 quis,
3170 4009 3251 4046 me
3270 3996 3456 4058 judice.
3482 4000 3663 4060 certet,

2558 4057 2694 4109 Inter
2712 4057 3058 4123 quadrupedes
3073 4058 3250 4124 Mattys
3272 4057 3423 4121 inrita:
3446 4060 3605 4124 lepus.

3043 4143 3236 4206 (Mart,
3258 4138 3341 4191 lib.
3367 4156 3469 4206 xm,
3489 4144 3646 4209 epigr.
3667 4142 3768 4209 92.)

2373 4248 2515 4320 Lege
2544 4249 2896 4314 Athenaeum,
2931 4249 3027 4305 lib.
3056 4264 3145 4304 ιη
3190 4249 3627 4321 θειριιοεαριιίει.
3650 4286 3669 4319 ,
3697 4264 3824 4322 με.
3859 4248 3967 4307 s62
4064 4218 4071 4227 ’

2409 4352 2582 4398 ιιὸθὸι
3954 4372 3959 4379 .

2373 4344 2582 4400 θιιϐθδι
3954 4372 3959 4379 ·

2412 4510 2415 4513 _
2446 4436 2955 4509 Heraea-sapientia:
2984 4437 3128 4493 tincti
3163 4446 3211 4492 et
3238 4440 3399 4493 saturi
3430 4448 3553 4509 pots
3584 4437 3827 4509 (Arnob,
3870 4439 3964 4496 lib.

2374 4545 2443 4596 ιι,
2474 4544 2593 4600 pug.
2624 4526 2749 4600 47).
2781 4529 3050 4586 Heraeum
3077 4530 3340 4600 adjective
3379 4530 3668 4602 aliquando
3707 4530 3961 4599 sumitur,

684 4614 843 4658 vocat
890 4604 1152 4669 nitorem,
1204 4611 1542 4659 venustatem
1562 4646 1576 4670 ,
1631 4602 2031 4697 excellentiam.
2052 4601 2271 4697 _Cicero
2301 4611 2355 4673 Ι)
2378 4639 2442 4679 ac
2470 4623 2736 4696 signiﬁcat
2760 4626 2933 4680 solum
2960 4640 3023 4681 ac
3050 4636 3281 4697 purum:
3314 4626 3603 4697 mquam“,
3629 4624 3963 4682 submmm

682 4709 897 4766 quoque
926 4710 1197 4765 corporum
1228 4696 1479 4749 lenocinia
1505 4688 1744 4764 appellat
1768 4701 1822 4749 et
1844 4690 2135 4749 Suetonius
2160 4691 2273 4747 Au-

681 4787 819 4858 gusti
866 4785 1217 4857 Imperatoris
1264 4782 1489 4842 formam
1540 4785 1634 4841 ulti
1687 4786 1979 4852 describit,
2027 4786 2106 4839 ait
2152 4799 2269 4839 eam

681 4877 849 4934 fuisse
879 4879 1053 4934 omnis
1085 4879 1332 4935 lenocinii
1363 4879 1478 4935 sive
1505 4878 1723 4934 adscitae
1754 4877 2053 4933 venustatis
2080 4890 2275 4947 exuper-

683 4982 793 5029 tem
823 4971 1077 5046 (Arnob.,
1112 4974 1200 5028 lib.
1232 4991 1313 5041 vt,
1346 4992 1466 5047 pag.
1498 4966 1627 5038 20l;
1657 4971 1850 5041 Cicer.,
1880 4972 1967 5030 lib.
2003 4990 2038 5029 ιι
2065 4972 2127 5027 de
2152 4958 2270 5028 Na-

684 5083 783 5124 tur.
825 5068 969 5123 deor.
994 5111 1008 5136 ,
1040 5087 1159 5142 pag.
1191 5069 1336 5136 256,
1365 5070 1460 5125 lin.
1495 5066 1563 5133 4;
1595 5066 1811 5125 Sueten.
1833 5110 1847 5135 ,
1881 5068 1933 5123 in
1970 5050 2070 5123 Vit.
2104 5068 2273 5141 Aug.,

683 5177 802 5231 cap.
832 5158 961 5233 79).

753 5253 1015 5311 Lucanica
1041 5270 1210 5327 genus
1232 5252 1529 5312 farciminis
1560 5262 1698 5321 erat,
1732 5252 1893 5325 quam
1925 5254 2005 5309 sic
2033 5254 2276 5326 appella-

686 5358 792 5405 tam
824 5348 996 5405 Varro
1021 5357 1077 5413 et
1100 5347 1339 5403 Isidorus
1366 5357 1585 5419 putant,
1616 5347 1759 5417 quod
1787 5349 1838 5402 in
1869 5344 2100 5404 Lucania
2129 5347 2276 5419 prius

683 5438 857 5513 facta,
890 5444 970 5500 vel
1003 5442 1145 5512 quod
1177 5442 1404 5508 milites,
1434 5445 1710 5511 quomodo
1738 5441 1925 5511 ﬁeret,
1957 5460 1987 5499 a
2008 5442 2276 5499 Lucaneis

685 5538 990 5595 didicerdnt
1019 5536 1256 5610 (Arnob,
1289 5536 1378 5591 lib.
1410 5551 1477 5600 ιι,
1513 5552 1633 5606 pag.
1668 5534 1767 5603 75;
1808 5536 1985 5605 Varr.,
2019 5539 2109 5593 lib.
2136 5554 2188 5592 tv
2216 5540 2277 5595 de

685 5632 839 5703 Ling.
871 5633 964 5689 lat.
989 5673 1003 5695 ,
1047 5648 1166 5702 pag.
1200 5630 1301 5695 28;
1338 5627 1526 5685 Isidor.
1552 5671 1567 5695 ,
1610 5628 1699 5685 lib.
1728 5647 1798 5685 xx
1829 5630 1999 5704 0rig.,
2031 5650 2147 5702 cap.
2182 5633 2273 5707 1).

685 5724 763 5780 De
792 5725 879 5780 illa
911 5724 1024 5779 Itmc
1050 5735 1174 5778 sunt
1200 5722 1456 5777 Martialis
1483 5722 1723 5777 carmina
1752 5741 1764 5778 :

874 5806 937 5865 Et
961 5814 1199 5865 Lucanica
1223 5826 1333 5865 cum
1358 5822 1535 5864 ventre
1562 5812 1759 5865 Filisco.
1986 5810 1989 5813 ’

1272 5872 1637 5937 martial.,tib.
1657 5873 1895 5943 irrepigr.
1922 5866 2033 5943 40.)

2376 4719 2519 4775 idem
2550 4734 2613 4774 ac
2642 4720 2824 4774 vinum
2856 4732 3029 4776 sonat.
3061 4720 3293 4788 Audias,
3324 4722 3518 4790 velim,
3553 4721 3868 4777 Horatium:

2470 4834 2669 4903 Expulit
2693 4836 2913 4889 elleboro
2937 4840 3187 4897 morbum,
3205 4837 3460 4905 bilemque
3482 4850 3700 4892 meraco.

2849 4922 3063 4987 (Horat,
3086 4921 3169 4974 lib.
3195 4937 3244 4983 tt,
3268 4922 3407 4989 epist.
3429 4924 3476 4985 2,
3497 4934 3624 4977 vers.
3646 4916 3783 4990 157.)

2452 5021 2697 5083 Μὶειιιαηι
2725 5022 2856 5084 dixit
2886 5024 3029 5083 haud
3050 5027 3214 5084 semel
3238 5027 3506 5084 Arnobius
3523 5027 3767 5102 (Arnob.,
3787 5028 3877 5085 lib.
3908 5044 3965 5099 tt,

2379 5132 2432 5192 p‘.
2463 5112 2553 5189 77,
2577 5131 2625 5175 et
2651 5122 2738 5176 lib.
2758 5132 2852 5189 vu,
2874 5139 2925 5191 p.
2953 5112 3112 5191 236);
3137 5118 3279 5192 quod
3307 5134 3501 5174 nomen
3530 5136 3558 5173 a
3588 5121 3721 5176 mica
3749 5120 3966 5177 desum-

2376 5218 2546 5287 ptum,
2578 5222 2699 5283 quae
2727 5215 2968 5286 exiguam
2995 5213 3078 5269 rei
3095 5215 3323 5285 alicujus
3349 5212 3514 5269 arida:
3542 5223 3598 5270 et
3621 5215 3780 5270 sicca:
3809 5216 3967 5286 parti-

2377 5307 2551 5364 Culam
2591 5306 2871 5377 signiﬁcat.
2900 5305 3141 5361 Micnlam
3185 5308 3344 5377 igitur
3379 5312 3537 5363 vocat
3576 5306 3849 5361 minimam
3895 5308 3967 5365 rei

2377 5398 2570 5456 micam
2611 5408 2665 5454 et
2692 5408 2919 5468 partem.
2948 5395 3122 5469 Atque
3153 5398 3222 5453 ita
3252 5410 3398 5454 sana!
3427 5397 3754 5465 nominibus,
3785 5402 3843 5454 ut
3863 5396 3966 5469 jam

2378 5486 2575 5562 smplus
2601 5491 2996 5556 admonuimus,
3028 5484 3357 5545 dimindtivis
3389 5489 3466 5544 uti
3496 5499 3660 5545 amat.

2459 5583 2844 5640 Minimisslmus
2886 5582 3065 5651 itaque
3102 5582 3297 5652 digitus
3338 5581 3407 5635 ab
3445 5580 3538 5637 illo
3576 5579 3817 5637 eamdem
3844 5595 3973 5638 sane

2380 5680 2451 5735 ob
2480 5676 2743 5734 rationem
2775 5676 2991 5741 dicltur,
3023 5676 3267 5746 quamvis
3307 5676 3587 5729 minimum
3616 5674 3819 5731 dixisse
3842 5675 3972 5732 satis

2380 5772 2482 5847 ipsi
2512 5770 2699 5826 luisset
2726 5767 2943 5843 (Idem,
2970 5767 3057 5822 lib.
3088 5782 3142 5833 v,
3172 5766 3358 5838 p.260
3386 5777 3431 5823 et
3459 5765 3613 5841 266).

2458 5862 2640 5929 Mitra,
2669 5869 2729 5916 ut
2771 5860 2931 5917 docet
2961 5858 3209 5928 Servius,
3240 5859 3412 5929 pileus
3453 5860 3708 5918 incurvus
3732 5868 3869 5929 erat,
3900 5875 3968 5916 ex
