4230 6266
278 379 393 443 ’101

1446 428 1451 431 -
1525 380 1593 441 Β(
1630 376 2006 448 ARNOBIUM,
2045 376 2200 436 CAP.
2244 375 2433 434 XXVI.

3465 376 3570 433 709.

283 518 403 573 quo
444 502 714 575 pendebat
763 503 1047 560 baccarum
1091 503 1354 574 tegimen,
1404 516 1511 574 quo
1553 502 1797 574 Phryges
1828 510 1886 556 et
1909 501 1957 561 Α
2057 494 2433 562 Nebulositate,
2466 498 2636 568 inquit
2665 497 2956 561 Arnobius,
2984 497 3383 553 redunde
3413 508 3571 566 rapo-

280 596 449 670 Lydii
482 596 803 662 utebantur,
832 605 887 651 et
914 609 1047 666 quos
1073 594 1293 665 Trojani
1320 594 1509 649 imitati
1538 605 1664 648 sunt
1683 591 1874 657 (Idem,

282 691 384 745 lib.
426 704 484 753 ιι,
514 704 568 759 ρ.
603 689 694 754 ΒἸς
729 686 901 755 Serm,»
929 689 984 742 in
1018 688 1107 742 lib.
1145 703 1198 743 tv
1226 686 1443 742 ΕΜΔ.
1471 728 1486 753 ,
1515 700 1647 742 vers.
1674 687 1802 749 215,
1831 694 1878 739 et

284 783 382 837 lib.
410 798 484 845 ix,
513 797 648 836 vers.
667 780 824 850 216).
848 780 1011 837 Addit
1031 791 1209 835 autem
1231 780 1545 849 quibusdam
1574 780 1745 834 visum
1775 778 1876 832 mi-

279 887 431 931 trarii
457 875 801 931 meretricum
827 888 965 942 esse,
997 885 1053 929 et
1082 874 1145 928 iis
1171 872 1492 943 adscriptam
1521 873 1719 943 quibus
1743 869 1875 926 eiic-

281 970 517 1025 minatio
544 969 759 1023 crimini
797 966 1043 1021 dabatur.
1082 967 1439 1021 Ilotnanarnm
1481 976 1656 1020 autem
1689 964 1879 1019 mulie-

278 1077 413 1118 rum
466 1072 585 1117 erat
628 1061 1080 1130 integumentum,
1133 1060 1208 1113 uti
1257 1060 1424 1129 liquet
1469 1073 1535 1113 ex
1589 1058 1677 1112 his
1720 1057 1877 1112 Plinii

276 1155 472 1211 verbis
501 1173 516 1209 :
548 1173 567 1207 ι
596 1154 921 1226 Polygnotus
944 1153 1179 1208 Thasius
1199 1155 1400 1222 primus
1432 1153 1683 1208 mlieres
1703 1152 1876 1208 lucida

279 1259 441 1304 veste
472 1248 659 1317 pinxit,
695 1247 866 1317 capita
897 1261 1081 1301 earum
1113 1248 1286 1302 mitris
1308 1244 1725 1301 versicoloribus
1748 1258 1878 1313 ope-

276 1343 414 1399 ruit.
452 1362 471 1394 ι
504 1341 741 1397 Isidorus
771 1356 901 1396 vero
930 1359 947 1395 :
981 1358 1003 1392 ι
1034 1340 1189 1395 Mitr‘a
1212 1351 1293 1394 est
1319 1341 1519 1411 pileum
1550 1338 1835 1410 Phrygium
1858 1376 1873 1402 ,

282 1446 453 1505 caput
480 1444 786 1506 protegens,
818 1435 975 1504 quale
1000 1444 1081 1488 est
1103 1445 1476 1489 ornamentum
1504 1431 1693 1501 capitis
1720 1430 1876 1486 devo-

272 1538 490 1584 sarum.
519 1528 625 1584 Sed
656 1528 856 1597 piicum
892 1529 1129 1583 virorum
1157 1537 1275 1593 est,
1307 1527 1464 1582 mitra
1502 1535 1685 1582 autem
1720 1523 1875 1579 femi-

277 1638 502 1677 narum.
562 1639 581 1673 ι
645 1621 853 1692 (Plin.,
898 1620 988 1675 lib.
1050 1635 1161 1675 xxv
1208 1619 1401 1674 Natur.
1448 1622 1605 1685 hist.,
1645 1635 1761 1688 cap.
1802 1616 1870 1681 9,

277 1734 344 1788 ρ.
373 1717 502 1781 197;
531 1716 750 1781 Isidor.,
780 1715 867 1770 lib.
892 1732 982 1770 Xlx
1007 1714 1230 1786 Origin.,
1262 1731 1377 1785 cap.
1408 1713 1531 1785 5|.)

359 1811 671 1865 Muccinium
714 1810 780 1864 ab
816 1809 1054 1864 Arnobio
1098 1808 1227 1864 illud
1266 1808 1563 1877 nuncupari
1591 1804 1874 1862 Turnebus

1980 608 2096 645 rum
2128 602 2285 647 totum
2314 592 2496 646 calum
2542 592 2848 656 claudatur,
2897 589 2948 646 id
2997 599 3102 659 est,
3146 589 3572 647 redundantibus

1980 684 2185 740 incensi
2230 684 2399 741 thuris
2450 685 2772 755 vaporibus,
2833 685 3026 756 quibus
3078 695 3329 754 tanquam
3376 678 3571 738 nebula

1980 778 2155 833 totum
2180 778 2372 834 emtum
2391 819 2407 843 ,
2451 793 2549 833 seu
2578 780 2753 848 petitis
2783 788 2927 834 totus
2952 790 3046 835 aer
3090 779 3373 835 claudatur
3394 778 3454 833 et
3488 787 3571 834 te-

1977 884 2134 944 gatur
2166 874 2342 944 (Anu,
2374 874 2463 930 lib.
2498 888 2593 940 vn,
2625 892 2742 947 pag.
2774 874 2931 948 234.)

2053 967 2367 1023 Nidamenta
2412 985 2595 1039 ponere
2622 970 2757 1025 dixit
2794 969 3068 1025 Arnobius
3099 968 3330 1042 (Idem,
3372 968 3462 1025 lib.
3492 974 3564 1034 Vt,

1978 1076 2098 1133 pag.
2122 1062 2279 1134 202),
2312 1065 2478 1118 verbo
2505 1064 2712 1120 scilicet
2733 1065 3116 1119 Plautiniano:

2102 1154 2159 1204 la
2181 1158 2387 1205 nervum
2409 1155 2547 1205 mitte
2570 1156 2717 1205 hodie
2740 1155 3025 1206 nidamenta
3048 1162 3307 1219 congeret.

2465 1235 2679 1301 (Plaut.,
2701 1237 2936 1298 uadens,
2952 1243 3048 1289 aet.
3073 1250 3141 1297 tn,
3159 1251 3290 1290 scen.
3306 1236 3389 1299 6.)

2047 1344 2163 1414 Quo
2187 1346 2353 1401 verbo
2379 1346 2709 1416 signiﬁcatur
2739 1346 2892 1399 locus
2920 1345 3015 1399 ubi
3050 1349 3183 1400 aves‘
3203 1343 3566 1399 nidiﬁcantur.

2049 1434 2321 1503 Nitedula,
2358 1438 2409 1492 in
2438 1450 2536 1492 ms.
2567 1438 2716 1508 regio
2750 1436 2999 1500 Nitetula,
3039 1437 3133 1491 sed
3159 1437 3296 1491 male
3323 1434 3565 1508 (.4rnob.,

1976 1531 2066 1586 lib.
2100 1548 2159 1597 it,
2188 1546 2309 1603 pug.
2343 1532 2454 1601 78).
2486 1531 2729 1585 Nltednla
2764 1531 3059 1593 enimvero,
3094 1542 3188 1583 seu
3236 1528 3417 1584 nitella
3449 1541 3569 1582 tntis

1974 1633 2056 1679 est
2075 1623 2371 1695 sylvestris,
2402 1636 2565 1693 quem
2590 1624 2783 1694 gallica
2804 1623 2964 1676 mutor
2985 1622 3187 1676 dictum
3213 1622 3565 1676 arbitrantur.

1974 1717 2333 1786 Quamobrem
2358 1717 2589 1773 Cicero:
2619 1734 2637 1769 ι
2666 1716 2722 1772 ld
2754 1718 2935 1782 etiam,
2969 1736 2988 1768 ι
3017 1717 3206 1786 inquit,
3244 1733 3263 1767 ι
3294 1714 3459 1769 latum
3486 1714 3565 1768 cl-

1977 1812 2162 1865 vitatls
2190 1810 2306 1875 t‘nit,
2358 1820 2413 1864 ut
2441 1810 2531 1865 illa
2574 1824 2641 1865 ex
2678 1809 2984 1880 veprecnlis
3027 1818 3287 1872 extracta,
3327 1806 3566 1861 nitedula

280 1904 618 1976 Vossiusque
639 1907 996 1973 suspicantur,
1024 1916 1129 1971 quo
1151 1916 1387 1965 mnuum,
1408 1899 1509 1953 hoc
1533 1898 1636 1962 est,
1663 1898 1870 1953 narium
1900 1892 1947 1951 B
1972 1902 2374 1974 Rempublicam
2401 1912 2687 1960 conaretur
2712 1902 2967 1957 ari-odere
2996 1916 3017 1955 ι
3057 1902 3077 1973 (
3103 1901 3291 1969 ϐῆσεν-η
3331 1911 3466 1955 orat.
3499 1899 3569 1954 52

279 1995 682 2062 humidiiatem,
715 1994 1042 2064 detergimus
1069 1991 1307 2063 (Arnob.,
1335 1991 1423 2045 lib.
1454 2007 1512 2058 ιι,
1540 2009 1592 2060 ρ..
1625 1988 1714 2054 59;
1751 1987 1874 2041 Tur-

280 2094 424 2157 neb.,
454 2090 544 2145 lib.
572 2105 701 2145 χχιιι
739 2089 947 2142 Advers.
972 2130 986 2152 ,
1016 2103 1131 2154 cap.
1167 2085 1254 2151 14;
1298 2084 1443 2139 Voss.
1472 2126 1485 2147 ,
1516 2084 1568 2136 in
1598 2080 1869 2152 Etymol.).

354 2182 690 2246 Muslacium,
729 2196 824 2236 seu
854 2190 1185 2234 ntustaceum
1214 2176 1372 2232 docet
1395 2174 1524 2230 Cato
1557 2174 1669 2229 ﬁcri
1704 2174 1872 2228 farina

279 2277 544 2347 siligena,
578 2283 754 2329 musto
797 2286 1122 2341 conspersa,
1169 2285 1356 2342 anyso,
1412 2269 1649 2336 cumino,
1691 2266 1869 2336 adipe,

282 2383 466 2433 caseo,
497 2375 550 2423 et
576 2368 736 2438 virga:
765 2366 895 2420 lauri
926 2362 1183 2419 ramentis
1221 2360 1457 2435 (Arnob.,
1485 2360 1576 2417 lib.
1600 2378 1659 2428 ιι,
1694 2378 1749 2430 p.
1778 2360 1870 2426 59;

284 2458 432 2527 Cato,
455 2460 516 2514 de
536 2454 614 2514 Rc
631 2459 829 2524 rustic.,
857 2475 973 2528 cap.
1004 2450 1149 2528 121).
1176 2455 1333 2512 Canit
1357 2467 1534 2509 autem
1557 2453 1832 2509 Juvenalis
1855 2472 1868 2509 :

623 2574 727 2627 Nec
750 2583 827 2627 est
847 2588 998 2639 quare
1024 2587 1211 2624 comam
1236 2581 1289 2624 et
1317 2579 1563 2623 mustacea
1584 2572 1778 2636 perdas.

889 2657 1159 2723 (Juvenal.,
1179 2655 1316 2709 satir.
1339 2656 1387 2718 6,
1410 2669 1534 2707 vers.
1553 2657 1689 2717 201.)

281 2767 457 2837 Quem
486 2767 539 2821 in
574 2780 787 2822 versum
829 2764 1145 2821 scholiastes
1172 2762 1288 2818 haec
1327 2762 1602 2816 annotavit
1628 2780 1641 2816 :
1671 2760 1876 2817 Cibaria

283 2860 459 2915 dulcia
482 2869 647 2914 musto
672 2875 963 2928 conspersa,
1004 2873 1118 2928 quia
1140 2856 1230 2911 sub
1255 2856 1408 2926 ﬁnem
1434 2857 1646 2910 convivii
1672 2855 1787 2909 dari
1819 2855 1875 2908 in

283 2953 597 3023 nuptialibus
639 2952 790 3005 omnis
823 2952 994 3006 solita.
1030 2950 1239 3005 Videsis
1279 2949 1487 3004 Erasmi
1530 2949 1715 3019 adagia
1754 2947 1874 3004 chi-

281 3046 411 3102 liad.
440 3045 496 3110 4,
530 3055 737 3100 centur.
767 3045 820 3112 9,
848 3044 1003 3115 adag.
1033 3044 1127 3111 87,
1160 3059 1279 3114 pag.
1310 3043 1415 3098 962
1441 3052 1495 3098 et
1522 3058 1644 3115 pag.
1673 3043 1836 3100 1215.

355 3137 580 3194 Nasicas
607 3152 639 3193 a
676 3151 806 3193 naso
833 3146 989 3191 vocat
1015 3135 1284 3191 Arnobius
1325 3150 1452 3201 eos,
1491 3137 1613 3206 qui,
1662 3136 1736 3189 uti
1783 3135 1875 3191 ille

268 3231 548 3303 loquitur,
583 3245 741 3286 nares
769 3229 968 3285 habent
991 3227 1255 3298 displosas
1275 3269 1288 3289 ,
1314 3226 1427 3282 sive
1450 3228 1682 3282 sonitum
1708 3226 1873 3283 eden—

278 3335 363 3379 tes
392 3320 632 3391 (Amob.,
662 3322 750 3376 lib.
776 3337 849 3384 In,
875 3341 928 3393 p.
960 3322 1083 3386 108,
1109 3329 1155 3375 et
1180 3320 1269 3376 lib.
1296 3335 1367 3384 νι,
1401 3338 1454 3390 p.
1488 3319 1636 3390 196).

353 3417 700 3473 Nebridarum
748 3419 1001 3485 familiam
1059 3426 1214 3470 vocat
1273 3426 1461 3470 auctor
1508 3427 1729 3482 noster,
1784 3417 1871 3472 ubi

278 3516 349 3571 de
377 3512 666 3570 Eleusinlis
696 3512 966 3584 mysteriis
997 3522 1284 3564 sermonen
1321 3510 1445 3565 facit
1475 3508 1661 3584 (Ibid,
1693 3510 1781 3567 lib.
1816 3528 1866 3579 ν,

279 3626 334 3677 p.
369 3607 517 3678 185).
546 3606 771 3675 Quidam
814 3614 994 3659 autem
1022 3612 1210 3674 putant
1252 3602 1496 3659 Nebridii:
1525 3620 1717 3662 nomen
1748 3622 1870 3663 esse

276 3700 584 3771 propritim.
616 3698 723 3754 Alii
753 3708 881 3755 vero
910 3700 1197 3770 opinantur
1223 3697 1518 3753 Armtbinm
1546 3713 1614 3754 eo
1651 3701 1868 3757 nomine

273 3794 593 3862 designasse
616 3792 899 3863 quamdam
926 3792 1066 3863 apud
1092 3791 1448 3847 Athenienses
1470 3790 1749 3856 familiam.
1772 3796 1866 3849 sel

274 3887 433 3943 illum
463 3884 564 3942 hac
588 3886 638 3941 in
670 3901 728 3941 re
755 3886 1061 3957 deceptum.
1090 3888 1157 3940 At
1184 3885 1336 3941 nobis
1361 3901 1390 3940 a
1412 3902 1541 3940 vero
1568 3902 1671 3941 non
1711 3902 1867 3957 pror~

274 3996 372 4037 sus
415 3982 463 4036 is
501 3981 750 4037 aberrare
792 3981 1000 4037 videtur
1037 3981 1127 4051 qui
1171 3979 1369 4035 dixerit
1411 3980 1705 4036 Arnobium
1765 3981 1867 4037 hoc

272 4075 396 4144 ipso
424 4072 642 4128 nomine
668 4074 791 4129 illos
835 4075 1252 4144 nuncupavisse,
1298 4074 1385 4129 vel
1430 4075 1647 4131 forsitan
1679 4090 1864 4130 eorum

272 4164 610 4229 sacerdotes.
635 4168 724 4236 qui
751 4164 965 4221 Cereris
986 4166 1287 4236 Bacchique
1314 4164 1474 4236 Orgia
1500 4166 1864 4222 celebrabant.

273 4257 341 4315 Hi
380 4261 524 4316 enim
566 4260 924 4316 induebamur
968 4260 1173 4316 binnuli
1216 4261 1329 4316 sive
1372 4262 1516 4316 cervi
1556 4262 1716 4332 pelle,
1744 4277 1865 4334 quae

274 4370 451 4428 graece
471 4354 643 4432 περιρ
670 4352 884 4408 dicitur.
912 4352 1041 4408 Inde
1070 4352 1320 4408 Clemens
1352 4353 1770 4424 Alexandrinus,
1796 4372 1867 4414 ex

276 4463 383 4519 quo
431 4446 728 4501 Arnehium
774 4445 924 4514 plura
971 4443 1238 4500 delibasse
1280 4444 1633 4515 ostendimus,
1668 4447 1721 4502 in
1767 4466 1864 4507 sua

272 4538 660 4596 Admonitione
706 4537 776 4593 ad
802 4549 993 4608 gentes
1023 4537 1281 4608 scripsit:
1311 4537 1419 4604 ἧκε,
1465 4536 1505 4593 ὦ
1545 4544 1819 4616 παραπλὴε
1844 4586 1860 4611 ,

272 4640 344 4709 μή
387 4635 565 4710 θύρσῳ
607 4632 1023 4707 σκηριπτόμενος,
1052 4636 1122 4705 μή
1148 4639 1305 4706 κιττῷ
1329 4632 1682 4705 ἀναδούμενος.
1715 4636 1863 4710 ῥίψαν
1889 4666 1942 4731 D

272 4734 361 4789 τήν
394 4730 602 4803 μίτραν,
650 4724 798 4801 ῥίψαν
835 4730 922 4784 τήν
959 4723 1181 4800 νεϐρίδα,
1212 4725 1573 4801 oesypum-60v.
1607 4726 1862 4796 (Clemens

275 4820 582 4885 Merenda,
612 4817 872 4873 Admonit.
901 4817 968 4870 ad
994 4824 1154 4886 genl.,
1188 4834 1240 4882 p.
1275 4816 1389 4889 74.)
1430 4817 1572 4883 Veni,
1600 4836 1630 4873 ο
1658 4836 1855 4886 vesane,

276 4932 376 4970 non
426 4914 600 4984 thyrso
646 4904 876 4977 innixus,
924 4928 1082 4979 neque
1128 4911 1315 4965 hedera
1360 4912 1624 4968 redimitus
1653 4928 1672 4968 :
1700 4914 1862 4986 abjice

274 5008 509 5071 mitram,
548 5004 710 5075 obiice
737 5003 992 5057 nebridem
1030 5003 1099 5056 sis
1135 5011 1420 5074 temperans
1458 5013 1502 5058 et
1549 5005 1857 5063 moderatus.

275 5100 473 5158 Statius
512 5108 692 5155 autem
729 5098 923 5154 cecinit
956 5115 971 5150 :

1014 5208 1154 5258 Nunc
1186 5207 1332 5260 Graia
1355 5208 1520 5259 Cadmi

368 5276 599 5338 Cernitis,
623 5281 708 5324 aut
730 5272 893 5338 avidas
918 5271 1159 5338 Bacchum
1181 5271 1434 5320 scelerare
1460 5279 1705 5338 parentes,

364 5334 622 5395 Nebridas,
652 5345 703 5386 et
725 5334 923 5396 fragiles
941 5334 1130 5396 thyrsos
1153 5341 1349 5396 portare
1375 5335 1580 5395 putastis

368 5400 625 5452 [inbellem
641 5400 701 5450 ad
718 5399 945 5449 sonitum.

649 5481 814 5547 (εισι,
834 5474 918 5531 lib.
943 5494 977 5529 ιι
1005 5474 1256 5551 Thebaid,
1280 5476 1426 5543 paulo
1442 5484 1552 5530 ante
1569 5478 1677 5546 ﬁn.)

346 5589 413 5647 Ει
436 5587 561 5646 alibi
588 5606 605 5643 :

644 5703 773 5765 Quid
795 5701 1022 5766 imbelles
1034 5701 1227 5766 thyrsos
1247 5705 1492 5751 mercatus
1512 5708 1563 5754 et
1578 5717 1672 5755 aera

370 5769 582 5820 Urbibus
602 5768 653 5817 in
673 5766 867 5826 mediis,
894 5765 1205 5827 bautheaque
1229 5773 1390 5877 tertia.
1416 5766 1684 5831 mitrasque

370 5831 476 5877 Huc
500 5830 690 5877 tuleris.
711 5830 969 5877 variosuue
992 5840 1218 5877 asoersas
1250 5841 1313 5877 ne
1352 5828 1479 5877 rldas
1501 5842 1637 5877 auro.

368 5831 476 5883 Huc
500 5830 691 5889 tuleris,
711 5830 969 5891 variosque
992 5840 1218 5890 aspersas
1234 5828 1479 5878 nebridas
1501 5828 1637 5880 auro.

705 5906 889 5974 (Idem,
908 5907 986 5962 lib.
1012 5925 1028 5961 ι
1049 5904 1328 5974 Δεῆἱιιεὶιι.,
1351 5926 1458 5979 pag.
1478 5912 1614 5978 251.)

1976 2012 2070 2066 pro
2096 1990 2164 2051 Ρ.
2198 1996 2396 2064 Sestio,
2428 2010 2549 2067 pag.
2580 1995 2727 2067 471).
2758 1994 2913 2050 Putat
2940 2003 3121 2049 autem
3152 1994 3375 2050 Servius
3414 1992 3564 2046 illum

1974 2105 2005 2146 a
2035 2091 2257 2161 Virgilio
2283 2091 2535 2161 exiguum
2561 2100 2769 2145 murem
2806 2089 3067 2160 appel!arl
3118 2084 3315 2159 (δρινκ,
3348 2089 3401 2141 in
3430 2087 3522 2141 lib.
3548 2103 3567 2142 ι

1977 2180 2162 2257 Georg.
2202 2180 2410 2257 Virgil.,
2461 2193 2580 2256 puga
2622 2184 2743 2249 ηδ).
2784 2183 2992 2237 Videsis
3025 2183 3274 2246 Plinium,
3302 2178 3405 2236 lib.
3448 2194 3563 2236 riu.

1975 2276 2109 2332 Hist.
2143 2286 2281 2343 nat.,
2310 2293 2429 2348 cap.
2459 2278 2549 2343 58,
2580 2292 2700 2346 pag.
2723 2274 2850 2330 247.
2880 2274 3178 2331 Gesnernm
3208 2282 3261 2329 et
3289 2274 3446 2328 alios.
3575 2328 3587 2349 κ

2049 2370 2414 2437 Nominaliter,
2460 2381 2517 2427 et
2560 2371 2866 2425 aonziniture
2891 2369 3107 2438 scripsit
3146 2378 3335 2423 auctor
3377 2376 3565 2423 uester

1975 2476 2074 2534 pro
2103 2462 2417 2518 nominatim
2447 2472 2502 2517 et
2526 2464 2803 2517 nominare
2830 2460 3068 2534 (Arnum,
3105 2460 3195 2514 lib.
3221 2474 3282 2524 tt,
3314 2474 3437 2532 pag.
3468 2456 3560 2527 8ο,

1975 2565 2025 2610 et
2051 2552 2138 2609 lib.
2164 2571 2261 2623 vn,
2293 2562 2411 2627 pag.
2443 2553 2597 2626 251).

2050 2645 2405 2720 Obsolefoeere
2434 2648 2595 2703 etiam
2633 2647 2703 2703 ab
2730 2657 2797 2703 eo
2825 2646 3041 2712 dicitur,
3070 2659 3167 2716 pro
3196 2642 3439 2712 abolere,
3469 2644 3562 2701 de—

1975 2739 2109 2807 lere,
2147 2741 2339 2796 tollere
2362 2740 2431 2796 de
2473 2740 2675 2807 medio,
2723 2747 2778 2796 et
2806 2740 3118 2796 oblitterare
3144 2737 3345 2812 (lbid.,
3377 2736 3465 2794 tib.
3501 2752 3559 2807 v,

1976 2850 2095 2907 pag.
2124 2828 2273 2906 160).
2970 2850 2984 2862 δ

2054 2928 2383 2986 Obtentiones
2416 2932 2714 3003 allegoricus
2743 2941 2901 2988 vocat
2929 2931 3151 3005 mystica
3180 2936 3234 2987 et
3273 2930 3562 3001 allegorica

1975 3023 2266 3079 verborum
2299 3023 2680 3094 integumenta,
2720 3026 2775 3079 et
2817 3022 3113 3091 involucra,
3146 3024 3259 3079 slve
3288 3032 3399 3087 res,
3440 3034 3560 3094 quae

1975 3115 2245 3186 Illegoriis
2278 3122 2528 3186 teguntur
2556 3116 2746 3185 (Ibid.,
2772 3126 2890 3189 pug.
2916 3117 3066 3189 181).

2049 3206 2482 3264 Panchristiarios
2524 3210 2663 3280 apud
2706 3218 2981 3264 auctorem
3032 3218 3277 3265 nostrum
3331 3209 3558 3279 legimus

1900 3276 1947 3339 Ο
1976 3300 2215 3371 quidem,
2264 3302 2358 3356 sed
2402 3276 2653 3358 mendum
2702 3304 2926 3358 subesse
2976 3304 3311 3372 suspicamur
3351 3276 3558 3374 (ibim,

1975 3392 2064 3447 lib.
2092 3398 2170 3455 th.
2202 3408 2321 3466 pag.
2349 3395 2419 3450 70
2448 3398 2488 3466 ),
2533 3411 2597 3449 ex
2630 3397 2784 3451 solita
2810 3396 3036 3461 librarii,
3075 3411 3233 3464 quam
3260 3397 3560 3468 sicpiesime

1976 3488 2313 3551 notavimus,
2364 3488 2631 3557 imperitia
2678 3498 2879 3543 ortum.
2933 3488 3296 3556 Quamobrem
3345 3488 3557 3542 illorum

1972 3578 2254 3633 sententiae
2300 3578 2439 3634 haud
2483 3581 2634 3635 inviti
2676 3580 3120 3650 subscribemns‘
3144 3582 3236 3650 qui
3279 3581 3559 3648 panshres-

1973 3592 2254 3633 sententiae
2301 3592 2439 3634 naua
2483 3592 2634 3635 tnvttt
2676 3592 3076 3637 subscribemns
3144 3596 3236 3650 qui
3279 3592 3554 3648 paucaru-

1973 3673 2128 3725 tarios
2154 3672 2353 3741 potius,
2385 3688 2542 3742 quam
2568 3673 2880 3735 crustarins,
2914 3592 3222 3831 υιίῂι
3250 3670 3554 3737 Turnebus,

1973 3764 2362 3820 emendandum
2384 3766 2709 3819 eximimant.
2738 3764 3026 3819 Panchrest
3229 3774 3334 3818 tcm
3360 3778 3554 3831 cogito.

1971 3764 2362 3820 emendandum
2384 3766 2709 3819 eximimant.
2738 3764 3334 3831 Panchrestntcm
3360 3778 3560 3832 cogito-

1970 3855 2262 3923 minantur,
2292 3855 2381 3927 qui
2424 3858 2826 3927 panchrestum,
2859 3859 3013 3927 cujus
3051 3857 3241 3912 Cicero
3264 3869 3317 3912 et
3354 3858 3561 3912 Plinius

1970 3952 2299 4017 meminere,
2347 3953 2401 4007 id
2445 3963 2549 4020 est,
2606 3956 2934 4022 unguentum
2984 3954 3463 4024 benignissimum,
3497 3968 3560 4009 ac

1969 4038 2225 4098 sanandis
2273 4038 2516 4113 pluribus
2566 4045 2767 4098 morbis
2808 4043 3150 4099 utilissimum
3198 4044 3557 4099 conliciebant

1970 4135 2239 4209 (Turneb.,
2272 4137 2362 4190 lib.
2393 4153 2487 4191 xm
2519 4137 2760 4204 Advers.,
2801 4152 2915 4205 cap.
2951 4137 3052 4199 14;
3094 4136 3281 4201 (licem,
3319 4135 3466 4190 Orat.
3499 4126 3556 4202 3,

1967 4227 2021 4282 in
2067 4244 2224 4296 vena,
2270 4244 2388 4299 pag.
2446 4228 2579 4296 115;
2626 4227 2769 4285 Plin.
2796 4268 2810 4293 ,
2871 4226 2958 4282 lib.
3009 4243 3129 4283 tum
3165 4226 3359 4285 Natus.
3404 4228 3553 4294 hist.,

1967 4337 2084 4388 cap.
2112 4319 2203 4386 20,
2238 4337 2358 4391 pag.
2388 4320 2541 4391 326).
2582 4320 2692 4376 Nec
2720 4320 2946 4375 multum
2979 4320 3160 4386 refert,
3189 4321 3332 4391 quod
3370 4320 3550 4375 Arno-

1965 4414 2086 4473 bius
2117 4416 2591 4484 unguentariorum
2621 4413 2949 4485 mentionem
2984 4414 3132 4484 prius
3153 4413 3423 4470 habuerit.
3450 4413 3557 4470 Ne-

1966 4524 2069 4578 que
2099 4508 2241 4562 enim
2270 4508 2543 4562 insolitum
2573 4507 2647 4563 illi
2680 4518 2783 4572 est,
2810 4516 2903 4561 aut
2926 4506 3115 4563 eadem
3148 4517 3414 4577 repetere,
3463 4518 3556 4563 aut

1965 4603 2169 4657 nullutn
2197 4603 2248 4656 in
2276 4601 2387 4656 suis
2409 4601 2906 4657 enumeratiOnibus
2932 4602 3081 4672 sequi
3114 4600 3383 4656 ordinem.

2044 4714 2062 4747 ι
2098 4694 2328 4765 Papula,
2364 4714 2383 4748 ι
2416 4696 2587 4766 inquit
2616 4694 2870 4760 lsidorus,
2900 4713 2919 4747 ‹
2958 4702 3042 4750 est
3071 4694 3385 4764 parvissima
3416 4693 3557 4749 cutis

1965 4789 2189 4852 erectio,
2239 4788 2641 4859 circumscripta
2682 4804 2803 4842 cum
2846 4787 3065 4853 rubore,
3114 4796 3170 4842 et
3216 4788 3334 4843 ideo
3364 4786 3554 4856 papula

1964 4885 2129 4953 dicta,
2156 4885 2306 4956 qttasi
2337 4885 2531 4955 pupula
2563 4884 2826 4953 sirimpia.
2858 4901 2877 4935 ι
2927 4883 3056 4937 Eam
3087 4894 3266 4939 autem
3294 4900 3324 4937 a
3359 4893 3552 4952 pustu-

1964 4978 2037 5045 la,
2063 4978 2222 5033 sicuti
2249 4978 2452 5033 Auctor
2480 4986 2683 5043 noster,
2728 4976 2991 5037 distinxit,
3040 4976 3284 5046 hancque
3314 4979 3392 5032 sic
3420 4974 3554 5033 deli-

1965 5074 2129 5131 nivit:
2161 5092 2179 5125 ι
2210 5073 2426 5128 Pustnla
2451 5081 2536 5128 est
2564 5073 2614 5125 in
2643 5070 2930 5139 superﬁcie
2957 5071 3201 5139 corporis
3231 5069 3437 5140 turgida
3465 5084 3553 5129 ve-

1963 5166 2058 5220 lttti
2101 5165 2347 5222 collectio
2397 5183 2416 5216 ι
2446 5164 2485 5247 Ι(
2515 5161 2733 5227 Arnob,
2785 5161 2874 5215 lib.
2926 5178 2965 5230 ι,
3014 5178 3135 5233 paq.
3180 5162 3282 5229 31;
3332 5161 3555 5229 lsidor,,

1965 5259 2051 5315 lib.
2082 5258 2391 5330 tv,0rlgin.,
2434 5273 2551 5327 cap.
2605 5255 2684 5327 8).
2717 5254 2969 5326 Virgilius
3000 5270 3128 5310 vero
3156 5255 3411 5310 ardentes
3457 5272 3552 5326 pu-

3229 3777 3243 3816 ι

1966 5351 2114 5421 pulas
2139 5349 2292 5415 dixit,
2325 5362 2456 5418 quas
2480 5348 2700 5403 Servius
2748 5346 3101 5403 carbunculus
3136 5361 3255 5403 esse
3295 5346 3550 5403 afﬁrmat.

1963 5443 2182 5514 Legesis
2228 5441 2442 5497 Celsum
2491 5449 2546 5495 et
2593 5440 2728 5495 alios
2774 5439 3013 5495 medicus
3065 5439 3084 5510 (
3129 5439 3336 5509 Virgil.,
3369 5440 3457 5494 lib.
3494 5456 3551 5494 ιιι

1967 5531 2175 5604 Georg.,
2201 5535 2255 5603 in
2282 5532 2411 5602 ﬁn.;
2439 5529 2596 5593 Cels.,
2628 5532 2715 5584 lib.
2750 5547 2828 5595 ιιι,
2862 5532 2915 5585 in
2944 5530 3087 5600 βω).

2040 5622 2323 5693 Partiliter,
2352 5635 2406 5681 et
2441 5624 2695 5697 partilitas
2718 5625 2786 5680 ah
2814 5624 3052 5680 Arnohio
3079 5624 3273 5680 dicitur
3300 5641 3398 5696 pro
3426 5642 3553 5697 par-

1968 5723 2083 5789 tim,
2108 5726 2163 5777 et
2188 5732 2337 5791 parte
2366 5721 2543 5793 aliqua
2568 5719 2808 5792 (Arnob,
2836 5719 2923 5772 lib.
2956 5733 2994 5787 ι,
3009 5736 3126 5790 pag.
3159 5719 3192 5773 5
3213 5729 3261 5773 et
3290 5719 3357 5785 8;
3388 5720 3478 5774 lib.
3509 5736 3549 5788 ι,

1975 5833 2091 5888 pag.
2128 5814 2232 5871 19?
2254 5823 2306 5870 et
2325 5814 2450 5871 204.
2478 5814 2495 5883 )

2040 5888 2435 5963 Passibilitalem
2458 5914 2667 5977 quoque
2688 5905 2829 5962 dixit
2853 5915 2899 5961 et
2939 5906 3228 5977 passivum,
3267 5907 3410 5981 quod
3449 5908 3551 5965 ali-
