4172 6252
711 291 815 350 705

1964 291 2408 352 DlSSERTATIO
2435 291 2711 350 PRIEVIA
3878 293 3965 350 ’101

709 411 834 482 quid
862 409 971 482 pati
1011 417 1208 479 potest.
1240 409 1393 466 Unde
1423 409 1584 466 etiam
1615 413 1785 482 passio
1828 411 1982 476 illud,
2027 411 2169 483 quod
2198 412 2297 466 ali-
2324 423 2376 483 Α
2399 420 2732 466 mortuorum
2755 425 2985 484 corpora
3025 413 3287 480 lavabant,
3319 413 3481 485 atque
3504 413 3758 468 curabant
3807 411 3968 468 fasciis

707 504 834 574 quid
885 505 1111 573 patitur,
1157 515 1209 560 et
1238 505 1450 571 tolerat,
1500 522 1597 561 seu
1649 508 1986 562 tolerantiam
2023 507 2296 578 significat

707 598 728 670 (
760 598 951 660 Idem,
981 598 1069 653 lib.
1102 615 1156 666 ιι,
1193 616 1311 670 pag.
1341 600 1402 655 61
1435 610 1480 654 et
1506 601 1691 671 seqq.).

783 694 1189 759 Penicnlantem,
1205 697 1452 750 decurtan
1465 698 1850 752 temcantlierios
1871 697 1929 751 Li
1936 699 2107 752 bernm
2145 697 2255 766 (Id.
2268 738 2284 763 ,

709 790 798 844 lib.
831 804 887 852 v,
919 807 1040 859 pag.
1070 789 1222 861 165),
1257 805 1352 844 seu
1380 789 1667 853 Bacchum,
1707 792 1875 845 videre
1904 792 2100 854 vellem,
2131 791 2296 845 verba

709 883 826 941 hmc
852 893 976 938 sunt
1005 883 1248 948 Arnobii,
1272 885 1364 939 sed
1395 884 1712 953 quihusdam
1744 894 1994 954 corrupta
2033 885 2154 954 jure
2183 899 2288 936 non

711 976 964 1032 immeriti
1032 976 1302 1030 videntur.
1367 976 1776 1031 Restituendum
1834 989 2012 1031 autem
2080 976 2294 1042 quidam

710 1071 1017 1123 ominautur
1058 1070 1507 1138 peniculomenta;
1557 1070 1644 1124 alii
1689 1070 1924 1140 peniculo
1956 1071 2300 1123 deem-tantem

710 1164 1102 1218 cantheriorum.
1147 1163 1422 1217 Murtinius
1461 1179 1626 1229 vero,
1673 1164 1763 1234 qui
1794 1163 1936 1217 favet
1978 1164 2142 1233 priori
2192 1162 2301 1217 lec-

711 1257 873 1322 tioni,
924 1257 1173 1328 opinatur
1221 1257 1712 1327 peniculamentmn
1763 1257 2068 1327 signiﬁcare
2118 1258 2300 1310 vincu-

711 1349 818 1405 lum
864 1366 931 1406 ex
975 1352 1104 1406 setis
1133 1352 1568 1414 cantheriorum;
1605 1350 1806 1406 Nunius
1850 1366 1979 1404 vero
2028 1349 2170 1404 idem
2212 1363 2300 1403 so-

710 1459 837 1499 nare
880 1459 941 1498 ac
983 1446 1150 1499 vestis
1193 1445 1495 1507 ﬁmbriam,
1538 1445 1653 1500 sive
1696 1456 1900 1514 partem
1948 1443 2132 1508 illius,
2183 1458 2301 1512 quae

709 1544 908 1592 terram
949 1537 1162 1608 attingit
1193 1536 1452 1610 (Nonius,
1486 1555 1600 1608 cap.
1630 1538 1684 1604 2,
1729 1538 1797 1591 ad
1833 1537 1966 1591 verb.
2014 1554 2302 1593 PENICULA-

710 1632 973 1704 ιιειιτυιι).
1002 1633 1108 1690 Sed
1132 1633 1245 1687 haec
1277 1649 1464 1704 parum
1507 1633 1705 1687 faciunt
1735 1633 1800 1688 ad
1835 1632 2055 1688 Arnobii
2102 1649 2300 1704 propo-

709 1727 892 1793 situm,
926 1728 1029 1783 nisi
1060 1728 1300 1783 Bacchus
1327 1729 1440 1797 ipse
1467 1742 1750 1798 equorum,
1779 1727 1973 1796 quibus
2000 1742 2031 1781 e
2067 1727 2206 1782 ctelo
2247 1726 2300 1779 in

709 1831 906 1876 terram
953 1821 1266 1888 vehebatur,
1313 1837 1495 1877 curam
1543 1821 1794 1876 habuisse
1835 1821 2066 1875 dicatur.
2122 1820 2303 1874 Potuit
2335 1857 2381 1916 Β

707 1913 922 1985 quidem
967 1915 1236 1970 Arnobius
1268 1913 1396 1967 illud
1428 1913 1657 1967 ethnicis
1689 1912 1826 1966 haud
1873 1912 2028 1982 plane
2059 1910 2292 1966 infaceta

707 2009 877 2064 ironia
899 2009 1227 2080 exprobrare
1253 2024 1266 2059 :
1291 2006 1384 2061 sed
1415 2007 1531 2060 sine
1558 2006 1787 2074 alicujus
1811 2004 2157 2060 correctioris
2189 2019 2302 2058 ma-

709 2101 968 2172 nuscripti
1011 2099 1216 2157 codicis
1251 2099 1452 2154 auxilio
1495 2098 1624 2153 nihil
1669 2109 1820 2154 certo
1857 2097 2084 2154 delinire
2124 2096 2292 2152 aude-

710 2210 849 2250 mus.

781 2288 1042 2344 Pestililas
1080 2288 1318 2343 Arnobio
1367 2287 1506 2343 idem
1553 2297 1636 2342 est
1661 2302 1726 2342 ac
1767 2287 1970 2358 pestis,
2024 2296 2186 2357 atque
2231 2287 2305 2342 ibi

714 2383 1050 2450 Lucretium,
1083 2392 1140 2437 ut
1161 2381 1288 2436 alibi
1323 2381 1539 2451 smpius.
1565 2381 1703 2435 sicut
1730 2396 1759 2434 a
1790 2381 1944 2435 nobis
1963 2382 2303 2435 observatum

710 2487 812 2540 est,
845 2475 1103 2542 imitatus,
1134 2473 1235 2530 hoc
1265 2475 1496 2542 verbum
1516 2472 1758 2527 adhibuit
1807 2472 2054 2546 (Arnob,
2089 2473 2175 2526 lib.
2210 2489 2302 2537 vtt,

711 2585 833 2640 pag.
881 2568 1022 2630 248;
1050 2567 1388 2631 anret.,lib.
1422 2582 1492 2634 v1,
1523 2583 1652 2648 vers.
1701 2567 1858 2631 1096,
1913 2567 2070 2634 1125,
2119 2566 2300 2636 1150).

785 2661 1104 2733 Phrygiones
1127 2662 1160 2714 ii
1182 2669 1462 2725 vocantur,
1491 2661 1580 2726 qui
1624 2669 1801 2715 vestes
1846 2671 1935 2712 aut
1965 2662 2186 2729 pingunt
2215 2669 2307 2712 aut

714 2753 976 2808 intexunt.
1033 2751 1221 2806 Testes
1261 2752 1306 2805 si
1335 2751 1499 2816 velis,
1549 2751 1795 2805 Servium
1847 2749 1938 2804 tibi
1988 2751 2301 2815 eitabimus,

719 2846 972 2910 Nonium,
1000 2857 1053 2900 et
1079 2845 1342 2900 lsidorum
1373 2845 1612 2911 (Arnob,
1636 2845 1723 2898 lib.
1757 2860 1813 2910 ιι,
1854 2861 1974 2912 pag.
2003 2844 2104 2909 70;
2135 2845 2304 2907 Serv.,

713 2941 768 2994 in
797 2940 886 2994 lib.
922 2955 978 2994 ιιι
1008 2937 1247 3001 ὧήεὶάη
1281 2954 1410 2992 vers.
1441 2939 1580 3000 484;
1634 2937 1858 3000 Nonius,
1895 2954 2010 3005 cap.
2052 2939 2105 3002 1,
2164 2955 2304 2993 num.

717 3032 818 3093 1ος
846 3029 1062 3092 Isidor.,
1093 3029 1180 3084 lib.
1209 3045 1298 3084 χιχ
1329 3027 1552 3099 0rigin.,
1578 3043 1690 3098 cap.
1736 3027 1854 3100 22).
1883 3028 2110 3082 Plinium
2137 3029 2310 3085 adhuc

718 3123 800 3178 his
821 3124 1192 3194 adiungemus,
1216 3123 1368 3192 cujus
1395 3121 1510 3176 lucc
1537 3131 1662 3176 Slllll
1685 3123 1846 3176 verba
1881 3142 1894 3176 :
1930 3143 1947 3174 ι
1986 3124 2162 3178 Pietas
2191 3141 2306 3181 ves-

717 3225 797 3272 tes
821 3217 930 3286 jam
975 3217 1116 3287 apud
1179 3217 1465 3271 Homerum
1513 3215 1715 3282 fuisse,
1770 3215 1908 3270 unde
1956 3218 2304 3286 triumphales
2334 3249 2378 3309 Ο

715 3324 877 3368 natm.
933 3315 1042 3369 Aut
1094 3315 1269 3370 facere
1297 3315 1347 3369 id
1406 3315 1644 3387 Phryges
1689 3316 2028 3379 invenerunt,
2080 3315 2306 3383 ideoque

714 3403 1082 3477 Phrygiouicze
1154 3407 1436 3477 appellatae
1491 3426 1510 3459 ι
1565 3406 1791 3479 (Plin.,
1840 3407 1928 3461 lib.
2005 3422 2096 3461 vui
2167 3405 2302 3460 Hist.

717 3510 914 3564 notur.,
939 3517 1081 3571 cap.,
1112 3503 1204 3568 48,
1224 3521 1278 3574 p.
1306 3501 1457 3574 250).
1482 3502 1553 3557 At
1577 3501 1894 3573 Phrygionis
1916 3501 2130 3556 nomine
2150 3501 2306 3556 Plau-

715 3604 800 3650 tus
828 3609 971 3665 saepe
1001 3611 1130 3652 usus
1151 3605 1235 3652 est
1264 3615 1278 3651 :

811 3730 998 3781 Pallam
1022 3732 1172 3793 illam,
1200 3745 1345 3795 quam
1371 3732 1551 3784 dudum
1574 3735 1805 3796 dederas,
1829 3735 1889 3785 ad
1906 3734 2233 3798 Phrygionem
2253 3744 2308 3785 ut

815 3856 877 3907 Ut
902 3862 1301 3920 reconcinnetur,
1327 3868 1474 3922 atque
1501 3866 1556 3909 ut
1577 3874 1728 3925 Opera
1762 3861 2014 3919 addantur,
2043 3798 2304 3923 qiilzgrsgidi

778 3939 990 4002 (Plant,
1010 3939 1058 3992 in
1078 3943 1334 4003 Menelae/1.,
1357 3950 1451 3996 act.
1474 3960 1508 4006 ι,
1527 3957 1655 3995 scen.
1675 3947 1722 4006 8,
1745 3953 1789 3996 et
1809 3950 1900 3996 act.
1928 3960 1996 4005 ιιι,
2019 3957 2147 3996 scen.
2170 3945 2242 4008 2.)

718 4050 783 4106 Et
806 4051 932 4106 alibi
968 4070 981 4106 :

810 4167 923 4218 Stas
943 4166 1081 4230 fullo,
1098 4168 1332 4234 Phrygio,
1351 4171 1564 4232 aurifex,
1591 4172 1815 4225 lanarius.

1309 4252 1488 4317 (Idem,
1507 4255 1558 4306 in
1576 4253 1802 4318 Aulular,
1823 4270 1935 4321 pag.
1960 4258 2094 4320 176.)

793 4353 1083 4428 Pingnitias
1123 4359 1416 4415 hastiarum
1471 4361 1606 4417 dixit
1649 4364 1916 4420 Arnobius
1943 4364 2072 4437 (lib.
2105 4381 2176 4421 vn
2202 4408 2216 4433 ,
2251 4385 2304 4438 p.

727 4444 892 4517 226),
917 4463 1014 4517 pro
1039 4465 1221 4504 earum
1251 4453 1588 4523 pinguedine.

795 4539 953 4594 Plani
978 4551 1106 4596 sunt
1147 4542 1305 4598 iidem
1335 4559 1398 4600 ac
1425 4549 1789 4618 sycophantze,
1824 4549 2060 4614 fallaces,
2111 4551 2307 4607 seduc~

720 4642 885 4701 tores,
943 4647 998 4690 et
1045 4638 1365 4707 impostores
1413 4640 1614 4709 (Idem,
1643 4644 1732 4697 tib.
1762 4661 1831 4706 ll,
1875 4663 1927 4714 p.
1970 4645 2084 4714 66).
2145 4647 2306 4714 Audi,
2337 4647 2390 4707 D

721 4743 926 4800 quaeso,
952 4730 1018 4786 A.
1043 4729 1272 4786 Gellium
1306 4752 1320 4788 :
1351 4753 1368 4785 ι
1401 4733 1623 4790 Planum
1650 4753 1745 4806 pro
1771 4738 2098 4809 sycophanta
2126 4739 2195 4794 Μ.
2219 4738 2310 4795 Ci-

721 4837 849 4878 cero
880 4823 932 4877 in
963 4825 1207 4878 oratione
1237 4827 1494 4897 scriptum
1525 4829 1759 4900 reliquit,
1792 4846 1949 4899 quam
1995 4848 2088 4900 pro
2117 4833 2314 4889 Cluen-

721 4917 797 4971 tio
825 4916 958 4971 dixit
1003 4937 1023 4970 ι
1076 4917 1254 4991 (Gell.,
1300 4921 1390 4976 lib.
1443 4937 1528 4977 xvr
1579 4921 1735 4978 Noct.
1786 4924 1917 4992 Att.,
1973 4941 2085 4994 cap.
2147 4926 2178 4978 7
2209 4968 2222 4990 ,
2255 4944 2306 4994 p.

721 5009 858 5078 880;
889 5009 1078 5078 Cicer.,
1102 5027 1213 5068 orat
1258 5017 1346 5084 1t,
1372 5033 1424 5086 p.
1457 5016 1613 5078 264).
1645 5019 1710 5072 Et
1751 5033 1806 5074 re
1833 5017 2046 5088 quidem
2097 5019 2212 5089 ipsa
2259 5021 2312 5076 id

723 5105 776 5160 in
809 5121 870 5162 ea
897 5107 1141 5163 oratione
1173 5109 1384 5180 legitur.
1417 5109 1663 5164 Horatius
1689 5125 1902 5181 quoque
1935 5112 2171 5166 cecinit:

814 5245 919 5310 Nec
936 5247 1091 5297 semel
1117 5250 1304 5310 irrisus,
1323 5252 1478 5302 triviis
1501 5253 1729 5303 attollere
1752 5261 1891 5304 curat

817 5309 988 5361 Fracto
1010 5325 1154 5360 crure
1183 5315 1394 5375 planum.

1035 5375 1254 5438 (Horat.,
1283 5376 1365 5427 lib.
1387 5392 1421 5435 ι,
1445 5377 1581 5441 epist.
1604 5378 1680 5439 17,
1704 5391 1829 5431 vers.
1850 5379 1912 5430 52
1933 5385 1977 5429 et
2001 5381 2159 5444 seqq.)

722 5501 924 5557 Eodem
980 5519 1194 5574 quoque
1222 5507 1384 5560 verbo
1411 5508 1706 5577 eodemque
1759 5508 2056 5577 significatu
2105 5509 2313 5565 Plinius

722 5593 885 5649 utitur
913 5595 1108 5665 (Plin.,
1133 5599 1222 5652 lib.
1254 5616 1402 5655 xxxv
1433 5599 1572 5654 Hist.
1601 5611 1798 5665 natur.,
1825 5618 1942 5670 cap.
1973 5601 2060 5657 10.
2087 5618 2139 5670 ρ.
2158 5601 2306 5672 210).

801 5689 1203 5757 Pollinctornm,
1237 5695 1310 5747 ait
1351 5693 1654 5760 Arnobius,
1701 5695 2041 5750 voluminibus
2079 5698 2310 5764 expediri

717 5803 905 5848 eorum
929 5803 1149 5858 corpora
1173 5831 1187 5854 ,
1213 5785 1303 5856 qui
1331 5789 1513 5849 divina
1545 5789 1744 5847 Christi
1773 5790 1938 5860 gratia
1969 5810 2000 5851 a
2033 5799 2206 5846 morte
2241 5790 2307 5846 ad

711 5889 878 5944 vitam
925 5885 1152 5940 revocati
1195 5881 1404 5946 fuerant
1439 5929 1458 5956 ,
1494 5883 1542 5939 id
1569 5895 1678 5957 est,
1709 5897 1870 5956 opera
1919 5889 2173 5956 illorum,
2217 5885 2310 5958 qui

2399 505 2788 576 sepulcraliltus
2809 516 2862 560 et
2890 507 3088 560 institis
3109 510 3236 561 solvi
3267 519 3318 562 et
3352 508 3594 577 expediri
3623 508 3968 577 (Arnob.,lib.

2400 617 2467 662 lt,
2500 619 2550 670 p.
2583 599 2697 670 26).
2737 601 2842 656 Eas
2865 610 3044 657 autem
3091 603 3279 657 fascias
3302 601 3570 657 volumina
3603 601 3840 670 appellat
3877 602 3969 655 Ar-

2401 697 2611 761 nobius,
2639 701 2763 768 quia
2793 699 2856 753 iis
2876 714 3075 770 corpus
3107 712 3372 754 mortuum
3405 699 3798 754 involvebatur.

2472 788 2753 843 Polubrnm
2787 806 2877 842 vas
2905 800 2986 844 est
3007 833 3022 859 ,
3063 800 3198 846 teste
3225 790 3404 852 Festo,
3435 789 3575 857 quod
3630 805 3725 845 nos
3768 789 3966 857 pelvim,

2357 925 2362 930 .
2404 882 2486 936 vel
2519 925 2531 946 ,
2583 893 2640 936 ut
2687 884 2762 938 ait
2809 883 3014 938 Nonius
3065 884 3380 947 Marcellus,
3438 883 3687 938 lrulleum
3733 897 3970 938 vocamus

2402 973 2594 1044 (Idem.
2621 976 2706 1029 lib.
2731 993 2798 1043 ιι,
2829 995 2880 1047 p.
2906 978 2974 1034 59
2997 997 3010 1032 ;
3041 975 3202 1037 Fest..
3235 977 3302 1030 ad
3323 977 3454 1030 verb.
3481 991 3754 1030 mutent]!
3782 994 3797 1040 ;
3828 975 3970 1043 Nam,

2400 1086 2513 1139 cap.
2546 1072 2633 1136 19,
2665 1089 2801 1124 num.
2839 1070 2948 1141 11).
2994 1071 3122 1136 llos,
3153 1071 3196 1124 si
3235 1071 3398 1134 lubet,
3429 1072 3669 1136 consule,
3701 1080 3756 1125 et
3782 1069 3972 1126 Turne-

2402 1164 2525 1217 hum
2548 1207 2561 1227 ,
2595 1165 2687 1219 lib.
2721 1181 2890 1220 xxvtu
2927 1167 3237 1230 Adversar.,
3269 1180 3388 1233 cap.
3417 1165 3468 1218 7.

2475 1257 2699 1313 Pori-ina
2722 1275 2893 1329 genus
2923 1270 3004 1314 est
3033 1259 3196 1313 oleris
3236 1259 3497 1328 porracei.
3536 1273 3637 1313 nec
3680 1259 3788 1312 alio
3834 1273 3977 1314 sensu

2402 1354 2468 1406 ab
2498 1354 2734 1408 Arnobio
2783 1356 2950 1422 aecipi
2993 1354 3204 1410 videtur
3231 1353 3467 1421 (Arnob,
3492 1353 3582 1407 lib.
3627 1368 3678 1418 ιι,
3708 1372 3763 1424 p.
3817 1353 3900 1417 85,
3941 1363 3979 1406 et

2403 1445 2490 1499 lib.
2519 1462 2608 1506 vn.
2635 1464 2686 1514 p.
2707 1444 2853 1517 225).
2879 1446 2961 1502 Ah
2983 1461 3048 1501 eo
3075 1459 3252 1500 autem
3278 1445 3469 1499 dicitur
3492 1461 3694 1515 porrum
3722 1445 3974 1507 sectirnm,

2402 1537 2565 1606 quod,
2599 1539 2862 1606 inquiunt,
2893 1538 3090 1608 szrpius
3121 1539 3173 1592 in
3201 1538 3394 1592 culina:
3418 1553 3572 1592 usum
3600 1547 3838 1592 secatur.
3869 1535 3974 1591 Jun

2404 1631 2605 1686 venalis
2637 1647 2766 1686 vero
2792 1632 2924 1686 dixit
2957 1651 2969 1686 :

2528 1765 2734 1830 Filaquc
2759 1768 2931 1818 sectivi
2955 1776 3204 1818 numerata
3227 1768 3482 1818 includere
3510 1769 3651 1831 porri.

2967 1848 3237 1913 (Juvenal.,
3259 1851 3397 1902 satir.
3422 1851 3497 1912 14,
3523 1863 3645 1902 vers.
3671 1849 3817 1911 1'55.)

2408 1955 2615 2011 Videsis
2657 1958 2911 2022 Plinium,
2938 1959 3030 2014 lib.
3075 1976 3189 2025 xui,
3219 1974 3339 2029 cap.
3369 1959 3423 2024 6,
3459 1975 3575 2030 pag.
3609 1956 3712 2013 595
3737 1968 3796 2012 et
3828 1972 3985 2027 scqq.,

2404 2062 2466 2104 ac
2493 2046 2867 2118 Columellam,
2915 2053 3006 2107 lib.
3038 2068 3054 2106 ι
3092 2052 3160 2107 de
3187 2052 3261 2106 Re
3287 2035 3504 2117 rustica,
3537 2066 3652 2121 cap.
3682 2052 3737 2116 ’5,
3774 2059 3834 2104 et
3877 2051 3988 2120 quid

2407 2156 2622 2211 porrum
2656 2145 2914 2200 sectivum
2957 2161 2987 2200 a
3015 2146 3248 2216 capitato
3282 2145 3515 2210 dilTerat,
3551 2145 3842 2213 intelliges.

2488 2239 2860 2310 Posterganeus
2888 2241 2949 2294 ab
2973 2241 3079 2294 sole
3095 2256 3321 2300 occasus,
3351 2239 3400 2294 id
3419 2250 3520 2303 est,
3563 2239 3641 2292 sol
3665 2238 3854 2292 oriens
3883 2245 3987 2306 post

2409 2347 2614 2406 tergum
2664 2335 2804 2387 illius
2851 2332 3099 2396 habetur,
3128 2332 3219 2403 qui
3257 2331 3591 2386 occidentem
3632 2330 3857 2400 respicit
3884 2327 3990 2397 (Ar-

2407 2429 2551 2494 nob.,
2592 2427 2680 2481 lib.
2709 2443 2779 2491 tv,
2821 2445 2872 2497 p.
2902 2425 3049 2497 150.)

2484 2523 2798 2579 Prwsidatus
2826 2525 2892 2578 ab
2946 2523 3184 2578 Arnobio
3222 2532 3464 2588 vocatur,
3514 2519 3859 2592 praafectura,
3907 2533 3990 2573 seu

2408 2616 2641 2670 officiunt
2666 2617 2929 2687 przrsidiis
2950 2660 2964 2683 ,
2997 2615 3305 2686 praepositi,
3347 2623 3400 2669 et
3423 2613 3655 2684 pra'l'ecti
3683 2610 3886 2684 (Idem,
3909 2612 3988 2666 lib.

2410 2723 2500 2774 ιιι,
2531 2727 2584 2779 p.
2617 2709 2739 2775 11-1,
2763 2718 2807 2763 et
2830 2708 2918 2763 lib.
2944 2725 3016 2774 tv,
3043 2725 3095 2778 p.
3129 2708 3275 2779 150).

2484 2801 2661 2867 Privo,
2695 2820 2787 2855 sru
2850 2819 2935 2856 res
2989 2803 3293 2873 singularis,
3347 2816 3449 2854 una
3476 2811 3530 2855 et
3576 2800 3703 2854 sola.
3750 2799 3890 2853 Nam
3944 2807 3995 2852 ut

2412 2895 2564 2949 docet
2613 2896 2803 2951 Festus
2840 2915 2851 2948 :
2884 2917 2902 2948 ι
2939 2889 3125 2950 Privos
3177 2897 3458 2966 privasque
3494 2894 3692 2962 antiqui
3751 2893 3992 2949 dicebant

2413 3004 2508 3057 pro
2548 2990 2770 3059 singulis
2797 3008 2808 3042 :
2835 2990 2904 3044 ob
2930 3005 3086 3059 quam
3115 3003 3329 3044 oausam
3381 2999 3434 3041 et
3483 2988 3677 3057 privata
3723 2984 3992 3049 dicuntur,

2411 3097 2528 3152 quae
2560 3083 2974 3153 uniuscujusque
3005 3084 3114 3136 sint
3150 3102 3167 3133 ι
3202 3081 3433 3150 (Festus,
3481 3082 3547 3134 ad
3589 3080 3720 3134 vcrb.
3775 3079 3990 3145 pntvus).

2413 3176 2479 3230 Et
2504 3177 2553 3230 id
2585 3178 2799 3247 quidem
2853 3179 3041 3248 probat
3082 3176 3401 3246 quibusdam
3443 3175 3625 3230 Lucilii
3659 3172 3865 3245 (Nam,
3890 3190 3993 3237 cap.

2409 3270 2464 3336 2,
2497 3289 2636 3328 nttm.
2655 3274 2767 3341 69),
2797 3283 2850 3327 et
2880 3274 2958 3326 bis
2986 3272 3220 3327 Lucretii
3249 3271 3574 3326 carminibus
3607 3287 3620 3323 :

2504 3412 2641 3470 Quod
2666 3413 2706 3459 si
2726 3412 2852 3461 forte
2879 3415 3064 3461 animas
3087 3414 3398 3461 extrinsecus
3417 3411 3646 3460 insinuari

2501 3475 2782 3586 Eergiibus,
2808 3482 2860 3524 et
2884 3479 3048 3539 privas
3072 3477 3117 3524 in
3143 3487 3342 3538 corpora
3369 3487 3509 3537 posse
3538 3475 3700 3522 venire

2541 3551 2594 3586 re
2636 3551 2690 3586 ιδ.

2581 3575 2690 3586 MM
2906 3600 3144 3662 (anret.,
3167 3599 3248 3650 lib.
3274 3615 3343 3659 ιιι,
3367 3611 3493 3650 vers.
3518 3597 3608 3648 722
3627 3603 3670 3647 et
3687 3598 3857 3660 seqq.)

2409 3727 2514 3782 Sed
2545 3745 2649 3784 non
2682 3730 2853 3783 solum
2879 3729 2985 3793 ibi,
3015 3727 3108 3783 sed
3130 3727 3254 3782 alibi
3281 3727 3453 3780 adhuc
3482 3727 3605 3781 illud
3625 3741 3824 3781 nomen
3856 3739 4000 3780 usur-

2410 3825 2553 3894 pavit
2580 3822 2766 3894 (lbid.,
2792 3841 2918 3878 vers.
2945 3825 3072 3888 590,
3103 3833 3146 3876 et
3177 3823 3264 3876 lib.
3297 3839 3362 3884 tv,
3398 3838 3526 3876 vers.
3550 3821 3646 3874 261
3673 3831 3719 3873 et
3747 3819 3903 3890 570).

2486 3918 2756 3972 Protelarii
2778 3962 2792 3986 ,
2827 3935 2919 3973 seu
2948 3919 3222 3989 proletarii
3252 3918 3379 3972 dicti
3413 3926 3556 3980 sunt,
3585 3917 3754 3986 inquit
3783 3919 3851 3969 Α.
3883 3914 4003 3970 Gel-

2410 4013 2534 4074 lius,
2559 4013 2644 4082 qui
2689 4013 2739 4066 in
2776 4012 2930 4082 plebe
2962 4012 3200 4067 Romana
3229 4012 3527 4066 tenuissimi
3575 4009 4007 4081 pauperrimique

2410 4116 2597 4172 erant,
2628 4121 2801 4177 neque
2847 4106 3075 4174 amplius
3100 4149 3113 4171 ,
3146 4121 3301 4174 quam
3337 4105 3500 4159 millia
3549 4105 3835 4174 quingenta
3888 4103 4002 4155 teris

2411 4201 2464 4255 in
2494 4217 2712 4256 censum
2742 4201 3314 4273 deferebant(Arnob.,
3349 4201 3436 4255 lib.
3463 4217 3520 4266 ιι,
3547 4217 3598 4269 p.
3629 4197 3743 4269 b5).
3769 4201 3808 4253 A
3844 4196 4008 4250 Paulo

2411 4307 2612 4362 autem,
2645 4306 2696 4351 et
2723 4297 2895 4351 Nonio
2927 4297 3178 4351 Marcello
3203 4297 3467 4367 proletarii
3490 4294 3780 4364 nuncnpati
3811 4292 4005 4348 dicun-

2413 4396 2516 4455 tur,
2551 4391 2640 4458 qui
2665 4389 2990 4458 Reipuhlica:
3014 4390 3215 4460 prolem
3241 4399 3443 4443 tantmn
3472 4387 3829 4442 sufficiebant.
3855 4385 4007 4440 Unde

2414 4483 2782 4554 Augustinus:
2821 4505 2837 4535 ι
2871 4485 3186 4552 Proletarii,
3233 4501 3299 4540 eo
3344 4485 3484 4555 quod
3542 4484 3680 4553 proli
3726 4480 4006 4552 gignenda:

2414 4579 2708 4645 vacabant,
2737 4577 2806 4632 ob
2831 4587 3122 4649 egeStatem
3174 4577 3404 4632 militare
3453 4592 3558 4630 non
3600 4576 3876 4635 valentes.
3911 4573 4008 4626 hoc

2418 4686 2611 4725 nomen
2640 4681 2977 4741 acceperant.
3019 4692 3036 4721 ι
3057 4671 3413 4738 Quamobrem
3445 4669 3769 4739 proletarius
3789 4681 4002 4726 sermo,

2415 4765 2552 4835 apud
2580 4765 2846 4830 Plautum,
2880 4765 3040 4820 vilem
3071 4776 3123 4818 et
3152 4765 3417 4836 plebeium
3461 4779 3768 4819 sermonem
3803 4763 4005 4829 signiti-

2417 4869 2501 4912 cat
2545 4856 2812 4930 (Paulus.,
2865 4858 2932 4911 ad
2968 4858 3098 4910 verb.
3131 4872 3536 4919 rnocsrantun;
3582 4854 3744 4921 Non.,
3789 4872 3914 4924 cap.
3945 4854 4003 4916 1.

2419 4967 2561 5004 nam.
2590 4951 2714 5016 512,
2747 4962 2928 5022 elcup.
2963 4950 3018 5014 2,
3071 4968 3211 5003 nunt.
3259 4950 3324 5003 66
3383 4949 3670 5019 ;Augnst.,
3712 4949 3793 5002 lib.
3847 4963 3904 5000 ιιι
3952 4947 4010 4997 de

2421 5043 2594 5110 Civit.,
2617 5062 2730 5116 cap.
2766 5045 2853 5112 17,
2880 5064 2929 5116 p.
2969 5045 3065 5110 75$;
3102 5043 3302 5108 Plaut.,
3327 5043 3378 5096 in
3411 5041 3526 5096 Mil.
3561 5042 3790 5111 glorios.,
3820 5050 3925 5094 act.
3949 5039 4000 5102 5,

2419 5155 2556 5194 scen.
2588 5141 2662 5209 l).

2493 5231 2791 5304 Psyllorum
2817 5275 2832 5300 ,
2861 5242 2914 5288 et
2944 5232 3233 5288 Marsorum
3261 5235 3346 5289 ubi
3381 5232 3708 5289 mentionem
3740 5227 4007 5284 Arnobius

2418 5325 2544 5380 facit
2592 5325 2829 5396 (Arnob,
2860 5326 2946 5380 lib.
3002 5343 3068 5390 ιι,
3117 5345 3168 5397 p.
3197 5326 3312 5398 66),
3346 5325 3416 5379 ibi
3446 5333 3728 5394 corruptus
3764 5331 3848 5376 est
3894 5320 4010 5388 ejus

2419 5427 2618 5472 textus.
2639 5418 2726 5472 Sic
2747 5430 2923 5472 autem
2949 5419 2998 5472 in
3027 5417 3262 5474 editione
3291 5417 3431 5472 illius
3464 5417 3652 5470 ultima
3683 5412 3968 5469 exhibetur
3993 5427 4007 5461 :

2422 5529 2439 5561 i
2477 5512 2730 5566 adversus
2781 5514 2914 5568 ictus
2946 5515 3168 5577 noxios,
3196 5520 3251 5566 et
3295 5521 3586 5566 venenatos
3662 5507 4008 5565 colubrarum

2417 5619 2626 5658 morsus
2657 5606 2889 5660 remedia
2939 5621 3083 5674 sat-pe
3130 5604 3531 5673 conquirimus,
3579 5613 3636 5657 et
3678 5598 4013 5671 protegimus

2413 5712 2510 5751 nos
2532 5697 2762 5759 laminis,
2796 5701 2982 5770 Psyllis
3012 5701 3136 5770 (ms.
3162 5700 3282 5753 cod.
3314 5715 3426 5769 reg.
3460 5697 3728 5752 lamminis
3756 5690 4011 5763 phyllis)

2412 5789 2600 5845 Marsis
2645 5792 3001 5848 vendentibus
3050 5793 3276 5863 aliisque
3319 5790 3652 5847 institoribus
3683 5787 3810 5858 (ms.
3872 5783 4008 5838 cod.

2411 5901 2522 5955 reg.
2578 5885 3006 5960 instiluloribus)
3058 5899 3111 5943 et
3167 5887 3358 5956 planis.
3397 5905 3414 5938 ι
3447 5884 3757 5940 Theodorus
3804 5887 4012 5932 autem
