4230 6266
242 286 360 346 705

1432 290 1500 347 IN
1523 288 1898 362 ARNOBIUM,
1940 292 2093 350 CAP.
2133 288 2322 350 XXVI.

3426 297 3531 359 706

242 402 518 460 Canterus
543 404 683 460 hunc
709 406 882 461 locum
911 408 986 463 sic
1008 408 1382 479 corrigendum
1407 412 1685 481 opinatur:
1713 411 1845 465 Pro-
1872 413 1924 473 Α
1947 412 2013 467 de
2041 412 2142 477 his,
2174 413 2250 467 nti
2279 410 2531 479 diximus,
2565 411 2758 484 Psyllis
2803 421 2858 467 et
2881 411 3071 469 Marsis
3101 411 3294 470 fecisse
3325 427 3532 471 sermo-

239 500 463 570 tegintus
488 515 579 553 nos
601 499 749 554 labiis
794 500 989 571 Psyllis
1011 544 1025 564 .
1057 502 1306 558 Marsisve
1343 506 1592 559 dentibus.
1624 507 1840 575 Optimo

238 590 463 662 quidem
512 606 673 647 sensu
720 593 763 646 si
814 591 1185 665 Psyllornmet
1215 597 1504 652 Marsorum
1548 600 1835 669 legeretur.

240 683 550 739 Salmasius
573 698 753 740 autem
785 686 847 740 ba
868 703 898 742 c
928 689 998 744 ita
1030 691 1141 745 vult
1181 690 1453 748 emendari
1477 736 1492 755 ,
1521 691 1716 765 Psyllis
1762 696 1842 749 la-

240 774 414 842 binis,
461 775 713 832 Marsisve
739 778 987 834 dentibus.
1015 781 1216 836 Eodem
1248 799 1381 838 sane
1423 800 1605 840 sensu.
1638 787 1841 853 Quibus

237 870 391 925 enim
416 880 698 939 serpentes
745 873 972 929 mortale
1001 873 1310 931 infuderunt
1354 879 1647 933 mordendo
1676 895 1837 936 vene-

237 976 378 1016 num
402 1004 420 1029 ,
463 961 562 1017 bos
589 962 755 1035 Psylli
800 973 855 1020 et
882 964 1040 1021 Marsi
1068 969 1307 1038 sugendo
1344 970 1623 1025 sanabant.
1656 970 1841 1027 Nullus

237 1063 434 1110 autem
481 1056 634 1125 plane
661 1057 934 1113 dubitandi
969 1059 1117 1115 locus
1159 1060 1368 1117 videtur
1402 1064 1529 1133 quin
1576 1064 1841 1119 Arnobius

237 1147 501 1218 laquatur
538 1149 770 1206 dehisce
795 1151 990 1224 Psyllis
1020 1152 1231 1220 Africae,
1263 1164 1317 1209 et
1340 1155 1530 1212 Marsis
1556 1156 1722 1212 Italiae
1748 1172 1843 1227 po-

235 1241 414 1311 pulis,
443 1242 533 1312 qui
564 1244 736 1312 reipsa
767 1246 1048 1299 venenatis
1071 1248 1401 1317 serpentium
1424 1248 1691 1303 morsibus
1730 1264 1841 1304 tne-

237 1334 536 1390 debantur.
565 1337 791 1406 Scriptis
812 1338 1013 1408 quippe
1038 1355 1067 1392 a
1099 1339 1274 1395 Plinio
1299 1342 1549 1397 traditum
1579 1342 1838 1412 legimus:

244 1443 269 1479 ι
305 1427 492 1483 Crates
523 1428 888 1500 Pergamenus
918 1430 970 1484 in
1006 1430 1375 1503 Hellesponto,
1407 1434 1547 1490 circa
1577 1435 1839 1502 Parrium,

235 1537 419 1594 genus
437 1521 712 1579 hominum
744 1527 907 1581 fuisse
936 1526 1117 1595 tradit,
1144 1544 1280 1599 quos
1298 1528 1361 1598 0,
1382 1529 1641 1599 hiogenes
1665 1541 1840 1597 vocat,

234 1617 576 1687 serpentium
627 1619 764 1674 ictus
787 1633 1036 1676 conlaetu
1065 1620 1245 1678 levare
1292 1623 1516 1691 solitos,
1578 1634 1634 1681 et
1680 1641 1842 1680 manu

234 1710 516 1781 imposita,
551 1728 757 1769 venena
779 1715 1063 1771 extrahere
1088 1719 1321 1787 corpori.
1357 1717 1526 1772 Varro
1547 1721 1843 1774 etiamnum

234 1817 364 1859 esse
394 1819 595 1874 paucos
622 1807 716 1875 ibi,
740 1823 967 1878 quorum
1019 1811 1202 1865 salivte
1229 1820 1415 1866 contra
1445 1812 1580 1867 ictus
1611 1828 1837 1883 serpen-
1870 1819 1917 1879 B

236 1904 377 1951 tium
409 1898 746 1953 medeantur.
779 1898 980 1955 Similis
1022 1899 1076 1955 in
1123 1900 1301 1957 Africa
1350 1918 1483 1973 gens
1530 1902 1833 1975 Psyllorum

234 1986 376 2055 fuit,
411 1999 468 2043 ut
513 1988 940 2061 Agatharchides
970 1994 1179 2060 scribit,
1211 2012 1240 2047 a
1272 1996 1449 2067 Psyllo
1494 2012 1620 2067 rege
1662 1997 1800 2052 dicta
1821 2040 1835 2064 ,

236 2083 396 2154 cujus
460 2084 806 2151 sepulchrum
850 2087 903 2141 in
943 2097 1096 2158 parte
1146 2087 1382 2159 Syrtium
1431 2090 1691 2160 majorum
1731 2106 1834 2152 est.

237 2175 449 2233 Horum
470 2183 684 2251 corpori
713 2183 1007 2252 ingenitum
1038 2180 1136 2237 fuit
1162 2182 1306 2239 virus
1335 2186 1550 2242 exitiale
1574 2192 1841 2260 serpenti-

236 2270 365 2337 bus,
391 2283 445 2329 et
474 2276 625 2344 cujus
647 2288 814 2332 onore
840 2279 1081 2347 δορὴ-ειη
1104 2293 1311 2336 eos.....
1354 2280 1540 2337 Simile
1569 2294 1624 2339 et
1650 2286 1701 2339 in
1733 2284 1838 2340 Ita-

237 2367 315 2422 lia
348 2368 647 2425 Marsorum
688 2385 858 2442 genus
885 2371 1073 2439 durat,
1108 2390 1243 2444 quos
1286 2390 1315 2428 a
1355 2374 1525 2433 Circa:
1555 2378 1662 2433 lilio
1692 2389 1840 2436 ortos

237 2474 555 2531 servant,et
580 2465 700 2520 ideo
726 2468 899 2522 inesse
918 2467 981 2522 iis
1000 2468 1102 2521 vim
1132 2470 1426 2526 naturalem
1454 2486 1574 2527 eam
1604 2493 1622 2525 ι
1643 2472 1836 2546 (Plin.,

240 2556 336 2611 lib.
386 2575 456 2613 vn
513 2558 651 2615 Hist.
696 2571 867 2616 natur.
910 2578 1026 2632 cap.
1049 2560 1107 2628 2,
1132 2582 1185 2633 p.
1212 2564 1242 2617 7
1272 2575 1317 2618 et
1342 2565 1419 2636 8).
1451 2564 1575 2621 Alio
1601 2567 1653 2621 in
1702 2568 1842 2624 libro

239 2648 390 2705 idem
417 2651 593 2708 adhuc
615 2655 811 2717 retulit,
839 2655 1020 2725 aitque
1043 2655 1140 2711 hoc.
1164 2658 1385 2727 populos
1406 2668 1542 2711 tactu
1569 2659 1701 2726 ipso,
1728 2676 1842 2713 suc-

240 2753 364 2798 tuve
386 2745 587 2800 modico
612 2746 790 2802 levare
817 2762 845 2800 a
874 2749 1215 2815 serpentibus
1239 2750 1509 2818 perculsos
1532 2748 1714 2821 (lbid.,
1750 2751 1840 2805 lib.

236 2855 443 2903 xxvnt,
467 2857 582 2911 cap.
611 2843 663 2908 '5,
690 2859 722 2911 p
762 2840 912 2913 566).
938 2842 1295 2911 Quamobrem
1327 2844 1453 2901 alibi
1481 2845 1684 2900 Marsos
1724 2862 1842 2901 ser-

238 2932 487 3004 pentium
517 2935 809 2988 domitores
841 2945 987 2989 vocat
1038 2935 1259 3005 (lbid.,.
1287 2936 1374 2991 lib.
1419 2953 1544 3002 xxv,
1569 2954 1682 3008 cap.
1704 2937 1760 3000 Ξ,
1786 2954 1837 3007 p.

239 3025 403 3099 376).
436 3027 675 3097 Denique
701 3028 806 3083 alio
826 3027 1001 3083 adhuc
1030 3029 1081 3083 in
1142 3029 1261 3084 loco
1285 3029 1529 3085 eamdem
1558 3043 1606 3085 et
1638 3030 1843 3086 Marso-

239 3137 368 3177 rum
398 3129 453 3176 et
482 3121 779 3192 Psyllorum
816 3130 1080 3179 memorat
1130 3123 1377 3179 virtutem
1409 3124 1534 3195 (lib.
1566 3139 1655 3179 xxi
1676 3166 1692 3193 ,
1723 3141 1842 3195 cap.

247 3215 342 3280 15,
380 3232 433 3285 p.
464 3212 614 3287 151).

318 3306 565 3362 Ᾰιὶιὶειηιιε
592 3321 721 3363 vero
749 3317 931 3363 narrat
957 3306 1178 3363 eosdem
1209 3309 1542 3378 serpentium
1570 3325 1781 3366 morsus
1811 3326 1843 3366 a

244 3399 435 3471 Psyllo
461 3401 658 3462 curari,
689 3401 735 3455 si
756 3399 977 3455 salivam
999 3401 1169 3456 solum
1195 3401 1407 3471 inSpuat
1433 3402 1722 3472 (zElianus,
1754 3404 1841 3459 lib.

246 3510 270 3550 1
301 3493 366 3547 de
409 3493 605 3560 Anim.,
628 3511 746 3565 cap.
776 3494 891 3568 57),
932 3504 1025 3550 aut
1052 3510 1175 3549 cum
1212 3509 1412 3565 corpus
1442 3512 1656 3553 veneno
1686 3498 1848 3553 nimis

245 3590 514 3645 imbutum
542 3589 732 3655 fuerit,
764 3590 806 3645 si
849 3605 1040 3658 aquam
1089 3591 1333 3655 multam,
1378 3590 1432 3646 in
1483 3606 1578 3647 ore
1614 3600 1668 3646 et
1705 3591 1844 3648 intra

245 3683 446 3740 dentes
472 3685 560 3739 diu
586 3685 859 3755 agitatam,
885 3700 949 3741 ac
973 3696 1153 3754 postea
1177 3688 1228 3740 in
1258 3686 1531 3756 speculum
1562 3687 1835 3757 injectam,

242 3777 539 3831 vulnerato
566 3777 839 3846 propinet,
873 3790 1152 3849 postquam
1174 3793 1236 3832 ea
1266 3794 1458 3833 manus
1489 3777 1635 3835 illius
1662 3779 1847 3837 ablue-

241 3872 347 3929 rit.
373 3869 608 3941 Denique
627 3871 670 3924 si
695 3871 885 3927 veneni
902 3871 982 3926 vis
1003 3875 1178 3926 acrius
1201 3871 1525 3939 iuvalescat,
1552 3883 1661 3926 tum
1694 3872 1845 3944 Psyl-

244 3965 340 4021 lus
386 3966 664 4036 aegrotanti
694 3966 839 4021 nudo
888 3967 1062 4022 nudus
1089 3967 1368 4029 incumbit,
1401 3976 1456 4022 et
1497 3967 1711 4035 proprio
1749 3982 1846 4022 suo

242 4075 488 4129 corpore
515 4059 588 4114 illi
612 4060 879 4115 medetur.
908 4061 1009 4114 Alii
1030 4075 1191 4130 porro
1222 4058 1438 4114 tradunt
1469 4058 1676 4131 Psyllos
1702 4060 1846 4114 virus

246 4156 378 4227 ipso
404 4170 503 4209 suo
523 4170 619 4209 ore
634 4155 864 4222 suxisse,
888 4165 942 4210 et
964 4155 1417 4211 incantationibus
1438 4153 1721 4209 hebetasse
1741 4168 1846 4210 ser-

248 4261 464 4322 pentes.
497 4248 653 4305 Unde
684 4248 799 4305 haec
826 4249 1023 4306 cecinit
1046 4248 1295 4305 Lucanus
1326 4265 1339 4302 :

1028 4385 1163 4438 Gens
1186 4387 1328 4438 unica
1348 4393 1509 4437 terras

352 4451 527 4502 Incolit
549 4463 722 4502 πατνο
743 4456 1030 4514 serpentum
1050 4451 1249 4500 innoxia
1272 4463 1464 4509 morsu;

353 4514 653 4579 Marmaridae
679 4511 843 4579 Psylli,
874 4528 956 4579 par
981 4512 1147 4576 lingua
1176 4511 1668 4579 potentibusherbis,

354 4578 466 4650 ipse
489 4590 633 4650 cruor
656 4576 815 4650 tutus,
832 4577 1117 4650 nullumque
1141 4576 1405 4650 admittere
1427 4576 1575 4634 virus,

352 4637 444 4692 Vel
465 4648 606 4691 cantu
629 4647 874 4700 cessante,
901 4637 1063 4701 potest
1089 4652 1101 4686 :
1131 4647 1305 4688 natura
1327 4637 1540 4687 locorum

352 4702 504 4755 Jussit
521 4711 575 4754 ut
594 4703 836 4752 immunes
859 4703 1001 4751 mixti
1020 4703 1336 4763 serpentibus
1357 4709 1543 4750 easent.

723 4785 947 4852 (Lucan.,
976 4782 1060 4835 lib.
1082 4798 1154 4844 ιχ,
1177 4796 1300 4835 vers.
1326 4783 1413 4834 891
1443 4791 1486 4835 et
1511 4786 1669 4849 seqq.)

252 4906 476 4980 Videsis
517 4915 865 4975 Plutarchum
895 4915 947 4971 in
978 4914 1084 4969 vita
1115 4912 1334 4969 Catonis
1370 4912 1622 4979 Minoris,
1651 4922 1781 4967 tom.
1804 4928 1852 4981 1,

255 5031 382 5088 pag.
408 5014 511 5068 727
532 5031 548 5079 ;
571 5012 913 5072 Strabonem,
940 5009 1034 5063 lib.
1063 5024 1177 5064 xvn
1203 5007 1532 5078 Geograpb.,
1559 5022 1678 5077 pag.
1710 5007 1815 5062 814
1836 5050 1852 5071 ,

255 5105 613 5168 Suetonium,
650 5104 704 5158 in
741 5100 853 5156 Vita
876 5099 1154 5156 Octaviani
1178 5098 1438 5165 Ctesoris,
1470 5113 1590 5168 cap.
1628 5098 1724 5161 17;
1757 5096 1858 5152 So-

252 5201 456 5263 linuni,
482 5213 600 5267 cap.
643 5195 736 5260 27,
771 5210 890 5266 pag.
909 5194 1007 5260 52;
1037 5193 1422 5265 Hieronymum
1450 5188 1656 5261 pra-fat.
1690 5191 1741 5243 in
1768 5188 1858 5245 Jo-

257 5294 445 5352 helem
475 5291 790 5364 prophetam
815 5290 881 5345 ad
915 5288 1339 5366 Paunnacbium.
1377 5286 1451 5341 De
1490 5285 1681 5341 Marsis
1707 5285 1861 5340 deni-

258 5406 371 5462 que
400 5392 494 5445 ltos
525 5387 715 5444 Lucilii
744 5401 931 5441 versus
954 5384 1121 5440 citant
1148 5405 1161 5440 :

359 5507 467 5555 Jam
490 5506 821 5568 disrumpatur
836 5504 1045 5565 medius,
1063 5505 1161 5565 jam
1185 5509 1239 5552 ut
1255 5501 1461 5568 marsius
1483 5502 1706 5552 colubras

361 5569 633 5635 Disrumpit
651 5564 814 5631 cantu,
842 5580 994 5620 venas
1013 5564 1123 5617 cum
1149 5564 1448 5616 extenderet
1465 5578 1655 5616 omnes.

1103 5647 1300 5713 (LuciL,
1328 5647 1408 5699 lib.
1432 5662 1461 5699 κ
1484 5648 1647 5712 satir.)

265 5786 339 5847 Et
366 5785 481 5844 hzec
520 5784 740 5859 quidem
769 5782 1050 5840 manifeste
1077 5781 1208 5838 satis
1229 5778 1522 5837 ostendunt
1566 5777 1860 5836 Arnobium

1876 4621 1928 4682 Β
1958 4663 2030 4702 v11
2075 4621 2265 4701 Natur.
2313 4621 2433 4701 hist.
2462 4689 2478 4714 ,

1946 523 2087 562 nem.
2106 506 2295 562 Utrum
2319 522 2445 560 vero
2470 521 2626 561 voces
2639 506 2864 574 laminis,
2880 508 3267 563 etvendentibus
3286 512 3533 579 genuina:

1942 601 2069 661 sint,
2088 612 2176 654 aut
2204 600 2328 671 quid
2356 615 2450 670 pro
2481 601 2559 655 eis
2582 602 2974 671 reponendum,
3003 605 3120 659 sine
3145 604 3328 673 aliquo
3346 603 3534 662 Codice

1945 694 2155 765 integro
2184 705 2238 750 et
2281 695 2590 765 incorrupto
2618 696 2737 767 quis
2766 711 3013 753 asserere
3054 696 3288 752 audeat?
3338 699 3404 752 At
3438 712 3535 768 pro

1944 788 2312 843 institutoribus
2360 799 2503 844 recte
2533 789 2844 844 institoribus
2874 790 3201 857 restitutum,
3227 806 3291 845 ex
3316 788 3401 844 bis
3421 790 3535 846 col-

1943 885 2110 954 ligere
2134 894 2217 939 est
2237 927 2252 950 ,
2284 899 2403 954 qua:
2435 899 2594 954 supra
2625 883 2689 939 ad
2720 899 2914 939 nomen
2945 884 3149 940 institor
3172 884 3425 940 diximus.

2015 978 2297 1040 Pulticula,
2328 978 2379 1031 id
2408 987 2512 1042 est,
2538 977 2654 1047 puis
2679 992 2863 1059 parva,
2893 976 2980 1031 vel
3004 976 3243 1043 minima,
3269 976 3410 1047 quod
3439 991 3538 1033 no-

1942 1089 2065 1129 men
2096 1089 2125 1128 a
2153 1074 2326 1128 Plinio
2347 1082 2401 1129 et
2420 1072 2717 1128 Columella
2749 1072 3033 1128 adhibetur
3054 1072 3301 1140 (Arnob.,
3336 1072 3423 1127 lib.
3449 1090 3534 1143 v1,

1942 1184 1995 1237 p.
2024 1164 2164 1227 242;
2215 1164 2381 1229 Plin.,
2411 1165 2500 1219 lib.
2536 1180 2665 1218 χινι
2699 1163 2889 1219 Natur.
2922 1167 3066 1230 Itist.,
3100 1182 3214 1237 cap.
3239 1166 3295 1231 8,
3325 1183 3379 1235 p.
3407 1165 3535 1236 460,

1943 1255 2238 1323 Columell.,
2268 1256 2358 1311 lib.
2385 1272 2500 1323 v1n,
2530 1257 2593 1310 de
2624 1257 2698 1312 Re
2726 1259 2902 1313 rustic.
2933 1275 3050 1331 cap.
3072 1257 3195 1332 12).

2013 1349 2252 1418 Pupulus
2278 1350 2651 1405 diminutivum
2683 1351 2912 1405 nominis
2939 1366 3130 1421 pupus,
3163 1367 3224 1405 ac
3256 1353 3534 1423 parvulum

1943 1459 2166 1514 puerum
2195 1444 2462 1514 signiﬁcat
2492 1444 2746 1516 (Arnob.,
2791 1444 2878 1499 lib.
2912 1461 3005 1512 vu,
3040 1464 3092 1517 p.
3121 1443 3280 1516 215).
3314 1444 3538 1503 Catulus

1944 1536 2049 1595 hoc
2073 1554 2236 1595 sensu
2264 1538 2330 1592 ad
2358 1538 2617 1593 Catonem
2649 1538 2783 1593 dixit
2815 1556 2827 1591 :

2132 1652 2387 1717 Deprendi
2410 1653 2552 1704 modo
2570 1652 2799 1716 p0pulum
2816 1653 2996 1717 puella:

2130 1714 2443 1766 Trusautem.

2820 1795 3041 1863 (CatulL,
3064 1796 3218 1866 epigr.
3243 1800 3351 1861 57.)

1940 1906 2242 1977 Aliquando
2262 1922 2391 1963 vero
2419 1922 2515 1977 pro
2543 1907 2773 1978 imagine
2797 1907 2976 1978 aliqua
3004 1908 3282 1975 accipitur,
3321 1923 3421 1979 qua
3450 1907 3537 1965 in-

1941 2000 2117 2057 fantes
2140 2013 2195 2056 et
2220 2002 2369 2070 pueri
2398 1999 2587 2056 ludere
2613 2001 2811 2066 solent,
2840 2010 2938 2077 eta
2972 2000 3127 2055 nobis
3148 2000 3341 2071 gallice
3370 2015 3535 2057 voca-

1941 2104 2028 2150 tur
2060 2097 2275 2165 poupée.
2322 2096 2498 2164 Atque
2520 2109 2587 2151 eo
2612 2109 2773 2149 sensu
2796 2093 2863 2148 ab
2889 2092 3128 2149 Arnobio
3158 2104 3465 2162 usurpatur.

2015 2186 2310 2254 Querquera
2341 2185 2505 2241 febris
2525 2195 2609 2240 est
2628 2201 2747 2241 cum
2777 2201 2971 2256 magno
2997 2185 3195 2256 frigore
3221 2197 3274 2241 et
3304 2194 3540 2242 tremore

1943 2278 2183 2350 (Arnob.,
2213 2278 2298 2332 lib.
2332 2295 2371 2345 1,
2403 2296 2454 2349 p.
2638 2277 2764 2332 Inde
2794 2276 2841 2332 A
2887 2277 3130 2333 Gellius:
3165 2296 3184 2329 1
3217 2282 3299 2333 An
3324 2288 3376 2333 tu
3427 2277 3537 2333 for-

1942 2383 1996 2430 te
2018 2415 2033 2438 ,
2072 2393 2094 2427 ι
2129 2373 2330 2443 inquit,
2369 2392 2389 2424 ‹
2426 2373 2669 2428 morbum
2699 2372 2961 2443 appellari
2987 2372 3072 2427 hic
3114 2383 3272 2443 putas
3302 2382 3534 2445 aegrota-

1942 2469 2143 2524 tionem
2159 2482 2540 2539 gravem,cum
2557 2466 2694 2521 febri
2727 2466 2911 2532 rapida
2939 2474 2994 2521 et
3026 2481 3281 2536 quercera
3313 2465 3538 2540 s(Gell.,

1942 2562 2029 2616 lib.
2064 2578 2135 2617 xx
2173 2560 2327 2616 Noct.
2363 2560 2497 2625 Att.,
2526 2576 2641 2630 cap.
2678 2560 2739 2626 1,
2762 2578 2815 2632 p.
2846 2559 3026 2631 1096).
3078 2559 3252 2632 Lege,
3297 2562 3341 2616 si
3374 2562 3536 2628 velis,

1942 2659 2119 2711 varias
2144 2658 2197 2711 in
2227 2657 2369 2710 hunc
2389 2654 2564 2710 locum
2588 2654 2984 2719 annotationes,
3003 2669 3066 2709 ac
3086 2652 3303 2710 Festum
3325 2668 3380 2711 et
3404 2655 3540 2710 Pau-

1945 2751 2054 2807 lum
2084 2751 2152 2807 ad
2183 2750 2404 2806 verbum
2437 2749 2753 2821 Querquera.

2019 2846 2330 2901 Rancescere
2359 2847 2587 2899 olearum
2608 2846 2820 2915 ﬂuenta,
2851 2845 2903 2900 id
2934 2854 3045 2913 est,
3090 2861 3318 2904 rancore
3359 2856 3414 2904 et
3441 2863 3541 2919 pu-

1947 2940 2156 2997 tredine
2188 2940 2366 3008 putida
2409 2938 2522 2994 ﬁeri
2550 2937 2785 3010 (Arnob.,
2847 2939 2936 2994 lib.
2971 2956 3022 3006 ι,
3053 2957 3107 3008 p.
3142 2939 3255 3012 12).

2019 3033 2218 3088 Radius
2236 3074 2251 3098 ,
2275 3032 2465 3098 codex,
2488 3032 2614 3087 liber
2633 3074 2647 3100 ,
2676 3033 2750 3086 ait
2779 3032 3049 3087 Arnobius
3072 3032 3255 3105 (Ibid.,
3289 3033 3375 3088 lib.
3400 3049 3457 3101 ιι,
3483 3052 3538 3104 p.

1950 3124 2059 3194 59).
2108 3127 2294 3181 Plures
2316 3137 2493 3181 autem
2525 3135 2650 3181 sunt
2679 3125 2813 3180 radii
2854 3124 3294 3195 signiﬁcationes,
3325 3126 3418 3182 sed
3445 3126 3542 3182 ali-

1874 3225 1920 3289 (ς
1950 3217 2164 3290 quando
2185 3219 2416 3273 sumitur
2444 3232 2544 3288 pro
2574 3218 2955 3284 instrumento,
2978 3232 3086 3289 quo
3109 3227 3401 3290 geometra:
3420 3219 3542 3274 alii-

1945 3328 2052 3385 que
2102 3312 2276 3369 lineas
2326 3310 2657 3367 describunt.
2709 3310 2789 3365 Eo
2847 3320 3025 3366 autem
3078 3324 3240 3367 sensu
3290 3309 3544 3383 Virgilius

1988 3406 2090 3461 ixit
2115 3422 2129 3458 :

1950 3404 2090 3462 dixit
2115 3422 2129 3458 :

2034 3498 2307 3563 Descripsit
2329 3498 2467 3550 radio
2490 3503 2645 3550 totum
2667 3497 2755 3560 qui
2778 3497 3017 3559 gentibus
3039 3496 3212 3546 orbem
3234 3508 3247 3544 :

2581 3578 2805 3647 (Virgil.,
2829 3578 2982 3646 eclog.
3008 3596 3077 3643 nt,
3100 3593 3229 3632 vers.
3250 3581 3358 3644 41.)
3400 3660 3405 3665 ἡ

1945 3669 2014 3725 Ει
2040 3683 2232 3725 rursus
2272 3667 2402 3724 alibi
2435 3686 2448 3722 :

2730 3735 2949 3800 Caelique
2981 3740 3175 3800 meatus

2037 3801 2329 3854 nescribent
2351 3800 2509 3861 radio,
2536 3808 2589 3851 et
2602 3798 3041 3862 surgentia‘sidera
3064 3798 3247 3849 dicent.

2773 3881 2855 3945 (Et
2879 3877 2963 3931 lib.
2988 3895 3055 3938 v1,
3074 3892 3201 3931 vers.
3220 3879 3358 3943 8H.)

1946 3989 2329 4047 Verumtamen
2373 3988 2496 4060 quia
2542 3985 2811 4042 Arnobius
2853 3985 3061 4040 radium
3109 3983 3281 4039 codici
3311 3993 3367 4038 et
3408 3983 3544 4040 libro

1946 4081 2248 4151 conjunxit,
2281 4096 2347 4133 eo
2377 4078 2595 4134 nomine
2621 4078 2839 4148 stylum,
2872 4090 2979 4143 quo
3004 4077 3243 4130 scribere
3270 4089 3387 4131 mos
3406 4075 3545 4131 auti-

1946 4177 2065 4247 quis
2087 4183 2223 4243 erat,
2255 4173 2324 4228 ab
2346 4171 2438 4228 illo
2462 4168 2733 4241 designari
2762 4167 2901 4223 haud
2923 4166 3104 4222 forsan
3130 4167 3400 4223 immerito
3425 4167 3545 4240 quis

1947 4269 2350 4340 suSpicabitur?

2022 4364 2257 4430 Rediria,
2283 4378 2377 4418 seu
2405 4360 2647 4425 reduvia,
2671 4367 2727 4414 et
2746 4357 3050 4425 reduvium,
3081 4366 3214 4413 teste
3239 4355 3420 4423 Festo,
3450 4372 3540 4429 ap-

1948 4458 2194 4529 pellatur,
2225 4472 2345 4511 cum
2378 4456 2520 4511 circa
2550 4469 2757 4525 ungues
2782 4453 2922 4509 cutis
2962 4467 3024 4508 se
3049 4452 3271 4508 resolvit
3306 4449 3543 4524 (Arnob.,

1949 4552 2038 4606 lib.
2071 4568 2121 4613 1,
2153 4570 2207 4622 p.
2240 4550 2352 4622 51).
2400 4550 2477 4605 Εο
2531 4549 2699 4606 verbo
2724 4548 2922 4619 saepius
2954 4548 3182 4604 Plinium
3206 4545 3401 4619 (Plin.,
3455 4546 3545 4603 lib.

2527 4664 2641 4717 cap.
2675 4645 2761 4712 19,
2797 4662 2849 4714 p.
2882 4642 2997 4713 58),
3029 4655 3080 4700 et
3112 4644 3306 4699 alicubi
3329 4643 3547 4700 Cicero-

1959 4755 2082 4795 nem
2107 4755 2257 4792 usnm
2281 4754 2402 4794 esse
2428 4740 2654 4811 legimus
2679 4737 2894 4810 (Cicer.,
2923 4746 3052 4791 orat.
3079 4754 3172 4808 pro
3195 4737 3340 4793 Sext.
3365 4736 3545 4806 Rosa,

1959 4852 2013 4905 p.
2048 4833 2138 4897 '54,
2170 4833 2263 4888 lin.
2293 4830 2383 4904 2).
2404 4832 2624 4901 Legesis
2664 4830 2997 4895 Turnebum,
3028 4830 3065 4884 l.
3112 4846 3224 4885 xvn
3254 4829 3543 4886 Adversar.

1961 4942 2077 4997 cap.
2115 4926 2170 4981 8.

2034 5019 2381 5088 Repetentiam
2408 5017 2635 5089 priorum
2655 5024 2811 5071 vocat
2848 5023 3035 5070 auctor
3062 5023 3244 5071 noster
3268 5013 3549 5085 repetendi

1962 5110 2270 5167 resumendi
2318 5118 2495 5164 actum
2525 5108 2774 5180 (Arnob,
2807 5107 2897 5162 lib.
2928 5123 2999 5175 ιι,
3034 5127 3087 5173 p.
3114 5106 3227 5176 62).
3261 5106 3327 5162 Et
3353 5106 3402 5163 id
3429 5107 3550 5179 qui-

1961 5204 2080 5260 dem
2111 5202 2353 5258 bausisse
2380 5202 2589 5257 videtur
2626 5216 2697 5257 ex
2730 5200 2833 5255 hoc
2869 5199 3072 5254 Luretii
3098 5214 3260 5255 versu
3291 5216 3307 5255 :

2053 5319 2335 5382 Interrupta
2358 5317 2517 5369 semel
2540 5318 2738 5382 cumisit
2754 5318 3041 5382 repet-entia
3066 5318 3237 5369 nostri.

2622 5376 2858 5444 (Lucretl,
2878 5376 2959 5431 lib.
2987 5395 3057 5442 ιιι,
3079 5392 3203 5432 vers.
3230 5379 3366 5443 888.)

1965 5487 2174 5546 Scimus
2197 5490 2411 5561 quidem
2443 5489 2494 5544 in
2516 5489 2624 5561 jam
2653 5489 2812 5544 editis
2839 5488 2940 5560 legi
2970 5489 3196 5560 repentia
3222 5488 3381 5545 nostri
3408 5504 3428 5545 :
3454 5488 3554 5547 sed

1964 5601 2030 5642 co
2050 5629 2065 5653 ,
2092 5601 2198 5657 quo
2227 5584 2485 5654 diximus,
2520 5584 2681 5641 modo
2710 5583 2967 5653 scriptum
2999 5583 3067 5637 ab
3093 5581 3348 5640 Lucretio
3386 5583 3555 5641 fuisse

1966 5678 2090 5735 inde
2120 5678 2313 5750 conjici
2355 5678 2497 5735 haud
2534 5694 2758 5750 prorsus
2783 5675 3014 5732 absurde
3039 5687 3237 5748 p0test,
3264 5678 3406 5750 quod
3451 5680 3555 5734 Ar-

1966 5775 2155 5834 nobius
2181 5776 2369 5834 eodem
2402 5776 2522 5834 loco
2548 5775 2684 5832 dixit
2715 5792 2729 5830 :
2765 5774 2874 5830 Usu
2904 5783 2974 5833 est
2997 5776 3101 5833 illis
3126 5776 3229 5833 vita
3262 5794 3366 5834 non
3409 5794 3555 5836 man-
