4230 6266
673 286 775 350 701

1948 281 2398 345 DISSERTATIO
2424 284 2704 346 PREVIA

3844 285 3949 343 τω

671 411 804 480 cipio
831 407 1039 463 tradita.
1085 404 1218 475 Quis
1242 405 1387 459 enim
1417 402 1574 458 facile
1618 400 1718 458 sibi
1740 414 1846 457 non
1876 400 2252 472 persuadebit,
2286 408 2337 467 Α
2363 415 2481 470 vat,
2524 405 2691 460 salem
2718 402 3017 471 faciebant,
3049 403 3206 477 idque
3233 388 3416 461 vetere
3441 402 3791 475 inscriptione
3815 420 3956 461 con-

675 505 724 559 id
748 504 815 558 ab
842 503 957 572 ipso
986 500 1229 557 Arnobio
1267 509 1541 569 sumptum
1566 512 1635 553 es
1664 496 1766 552 hoc
1826 495 1931 550 alio
1970 494 2087 566 ejus
2134 509 2256 550 car-

672 594 856 651 mine?

761 705 976 772 Vitaque
1000 707 1239 769 mancipio
1261 703 1381 772 nulli
1405 704 1564 763 datur,
1586 703 1814 772 omnibus
1835 716 1946 772 usu,

1256 770 1495 833 (ωεναη
1512 766 1624 819 cod.
1648 765 1755 828 lib.,
1780 778 1908 817 cars.
1934 764 2074 830 aut.)

743 875 982 931 Runcina
1027 877 1095 931 ab
1122 886 1344 932 auctore
1391 884 1578 930 nostro
1598 873 1899 945 appellatur
1930 874 2260 927 instrumen-

670 983 782 1028 tum
810 972 962 1039 illud,
988 987 1100 1043 quo
1122 972 1261 1027 fabri
1284 972 1425 1042 ligna
1457 984 1651 1040 aspera
1682 969 1953 1039 lmvigant,
1984 975 2039 1021 et
2069 964 2262 1036 gallica

672 1066 820 1119 rabot
844 1074 1202 1134 nuncupatur.
1245 1063 1448 1118 Plinius
1496 1063 1599 1117 hoc
1626 1060 1815 1116 eodem
1866 1058 2165 1130 signiﬁcatu
2190 1055 2263 1111 de

672 1157 846 1213 abiete
869 1156 1005 1212 dixit
1033 1172 1047 1210 :
1087 1174 1107 1207 ι
1144 1156 1459 1226 Pampinato
1480 1168 1694 1224 semper
1715 1153 1846 1207 orbe
1867 1166 1926 1208 se
1947 1151 2168 1205 volvens
2192 1147 2263 1202 ad

673 1250 923 1305 incitatos
947 1250 1292 1304 runcinarum
1331 1258 1516 1317 raptus
1541 1266 1560 1299 ι
1585 1245 1822 1318 (Arnob.,
1849 1244 1936 1299 lib.
1962 1261 2032 1311 va,
2056 1241 2259 1314 p.200;

674 1342 842 1407 Plin.,
877 1342 967 1396 lib.
1000 1357 1086 1396 xvi
1118 1340 1253 1395 Hist.
1285 1351 1483 1406 natum,
1514 1356 1631 1411 cap.
1656 1339 1747 1406 42,
1781 1355 1836 1410 ρ.
1864 1336 2018 1408 504).

745 1435 1003 1492 Saburato
1025 1437 1273 1506 sanguine
1298 1450 1457 1506 genus
1483 1435 1695 1497 ducant,
1737 1433 1791 1487 in
1814 1430 2135 1502 quibusdam
2165 1430 2266 1483 Ar—

673 1531 815 1588 nobii
852 1530 1173 1587 editionibus
1201 1530 1395 1599 legitur
1439 1528 1681 1600 (Arnob.,
1710 1526 1800 1580 lib.
1821 1540 1888 1590 v,
1916 1541 1970 1595 p.
2002 1523 2137 1594 ἴθι)
2162 1539 2177 1575 :
2204 1522 2266 1577 in

673 1624 1035 1693 manuscripto
1066 1624 1211 1693 regio
1236 1620 1444 1686 codice,
1470 1636 1538 1676 ea:
1576 1619 1825 1691 sanguine
1858 1615 2139 1681 suburatio,
2170 1613 2264 1670 sed

673 1716 877 1774 librarii
926 1716 1280 1788 proculdubio
1319 1730 1524 1771 errore.
1577 1713 1935 1783 Quamobrem
1972 1710 2031 1766 in
2074 1710 2263 1765 ultima

2361 497 2557 553 firmat.
2592 496 2662 554 At
2687 498 2722 552 ii
2749 496 2911 553 etiam
2932 496 3036 553 hoc
3057 513 3249 553 nomen
3283 498 3456 553 sortiti
3486 497 3696 553 fuerant
3716 541 3731 564 ,
3765 498 3856 568 qui
3881 513 3953 555 ex

2360 604 2570 646 annona
2613 590 2804 645 salaria
2831 606 3060 657 novum,
3101 599 3163 646 ut
3196 591 3431 662 loquitur
3467 589 3653 646 Livius
3675 633 3690 656 ,
3719 590 3952 663 vectigal

2361 683 2672 739 statuissent
2700 683 2721 758 (
2747 682 2881 751 Lio.,
2912 684 3001 738 lib.
3031 699 3208 751 xxvn,
3236 700 3349 754 cap.
3379 684 3447 739 57
3473 682 3535 755 )..
3565 683 3736 739 Priori
3770 693 3949 740 autem

2361 791 2521 831 sensu
2548 777 2743 845 potius,
2768 793 2926 847 qnam
2955 777 3236 847 posteriori
3265 778 3393 832 illud
3424 777 3492 833 ab
3523 778 3766 833 Arnobio
3798 777 3951 835 vide-

2306 942 2309 945 _
2363 878 2449 926 tur
2476 874 2720 941 usurpari
2742 912 2754 930 ,
2787 873 3030 939 quamvis
3056 883 3283 944 utroque
3312 875 3472 929 modo
3502 872 3568 929 ad
3596 873 3713 945 ejus
3752 888 3951 951 propo-

2363 963 2523 1017 situm
2550 963 2728 1020 facere
2750 965 3009 1020 videatur.
3487 1030 3493 1049 ἱ

2436 1057 2761 1125 Scientiolas,
2784 1058 3047 1114 Arnobius
3059 1058 3289 1130 appellat
3302 1055 3553 1116 minima’s
3567 1060 3761 1116 artium
3776 1062 3951 1118 scien-

2364 1148 2464 1205 tias
2488 1159 2543 1204 et
2564 1150 2899 1221 cognitiones
2922 1152 3166 1225 (Arnob.,
3201 1154 3289 1209 lib.
3313 1170 3374 1221 ιι,
3408 1171 3461 1224 p.
3495 1153 3606 1226 56).
3631 1153 3765 1209 Nam
3795 1155 3951 1212 sicuti

2364 1243 2505 1299 haud
2545 1244 2712 1300 semel
2759 1245 3276 1316 animadvertimus,
3306 1248 3487 1304 verbis
3526 1249 3950 1306 diminutivisli-

2363 1338 2579 1394 bentius
2599 1340 2788 1394 utitur.

2436 1431 2663 1489 Scitulos
2699 1443 2843 1488 vocat
2890 1432 3077 1505 Lydia,
3106 1435 3279 1504 inquit
3302 1434 3569 1491 Arnobius
3594 1433 3759 1508 (lbib.
3778 1477 3795 1505 ,
3824 1436 3863 1491 l.
3894 1454 3951 1506 v,

2367 1544 2421 1598 ρ.
2449 1526 2596 1600 159),
2621 1543 2716 1584 eos
2747 1528 3021 1591 nimirum,
3046 1530 3133 1598 qui
3157 1528 3375 1584 aluntur
3402 1528 3540 1585 lacte
3575 1528 3849 1600 hirquino.
3888 1529 3957 1586 Et

2367 1632 2550 1692 posuea
2600 1622 2702 1677 hos
2747 1622 2863 1692 ipse
2915 1633 3187 1693 nuncupat
3234 1624 3442 1678 scitulos
3484 1625 3719 1695 pusiones
3764 1622 3952 1696 (Ibid.,

2367 1733 2419 1786 p.
2457 1716 2607 1787 179).
2636 1715 2751 1770 Non
2778 1717 3006 1771 deerunt
3032 1718 3262 1773 fortasse
3302 1718 3388 1782 qui
3420 1717 3780 1786 cpinabuntur
3815 1716 3957 1772 scri-

674 1812 909 1866 editione
941 1810 1171 1881 positum
1201 1826 1265 1864 ea:
1300 1809 1548 1880 sanguine
1572 1807 1902 1876 saporatiare.
1929 1804 2059 1872 Quis
2086 1811 2264 1857 autem
2296 1795 2344 1855 Β
2371 1819 2520 1878 ptum
2546 1808 2619 1863 ab
2647 1809 2886 1863 Arnobio
2922 1809 3089 1865 fuisse
3118 1810 3306 1878 scitali,
3329 1824 3506 1880 grmce
3551 1810 3780 1867 σκίταλοι
3804 1851 3819 1872 ,
3853 1824 3963 1878 quo

677 1920 785 1961 non
807 1905 949 1960 videt
974 1904 1028 1958 id
1058 1920 1123 1959 ex
1138 1905 1253 1958 sola
1275 1903 1585 1975 conjectura
1612 1900 1973 1965 emendatum,
1998 1899 2140 1969 quod
2169 1892 2269 1951 ali-

675 2015 777 2070 qua
812 2000 1124 2069 probatione
1149 1998 1371 2052 stabiliri
1400 1996 1626 2051 debuit?
1661 1994 1852 2066 Agitur
1880 2001 2059 2049 autem
2100 1993 2168 2048 ibi
2199 1993 2269 2047 de

681 2092 983 2163 proﬂuente
1000 2108 1064 2146 ex
1087 2092 1373 2160 amputatis
1388 2090 1635 2145 Acdcstis
1651 2087 1967 2159 genitalibus
1982 2085 2265 2156 sanguine,

676 2202 743 2240 ex
787 2199 894 2255 quo
948 2185 1147 2239 malum
1188 2186 1437 2255 punicum
1486 2193 1660 2238 ortum
1708 2180 2105 2237 fabulabantur.
2126 2179 2271 2233 Dicit

679 2279 855 2348 itaque
879 2276 1148 2331 Arnobius
1171 2291 1328 2346 poma
1368 2275 1509 2329 illius
1546 2274 1758 2329 arboris
1782 2286 1904 2327 esse
1933 2270 2088 2326 uuida
2106 2278 2167 2325 et
2195 2268 2270 2323 vi-

676 2385 837 2435 nosa;
866 2372 991 2439 quia
1022 2385 1087 2424 ex
1114 2368 1363 2437 sanguine
1391 2368 1484 2422 illo
1509 2368 1847 2439 saporatiore,
1881 2364 1965 2420 vel
1992 2373 2264 2434 soporato,

675 2461 730 2518 id
758 2471 861 2526 est,
895 2461 1105 2531 sapido,
1140 2463 1229 2515 vel
1258 2476 1454 2531 sapore
1482 2460 1723 2516 delibuto
1747 2473 1905 2529 genus
1924 2458 2134 2510 ducam.
2158 2453 2270 2509 No—

676 2555 756 2609 bis
775 2553 992 2625 quidem
1034 2568 1143 2609 non
1175 2553 1303 2608 latet
1322 2554 1569 2609 Plautum
1609 2568 1763 2608 usum
1788 2565 1917 2607 esse
1936 2549 2161 2605 nomine
2184 2563 2272 2604 sa-

677 2648 924 2705 burratus
940 2690 956 2716 ,
990 2649 1081 2705 ubi
1111 2648 1306 2705 cecinit
1330 2665 1343 2703 :

1248 2760 1369 2819 Qua:
1391 2760 1474 2810 ubi
1502 2760 1776 2808 saburratae
1798 2770 1986 2807 sumus.

1212 2815 1428 2886 (Plaut,
1448 2821 1655 2882 Cincii”
1677 2827 1775 2872 act.
1794 2838 1832 2882 ι,
1848 2832 1982 2873 scca.
2002 2815 2082 2880 2.)

685 2934 737 2989 id
767 2944 871 3000 est,
898 2941 956 2988 ut
978 2939 1136 2986 notat
1154 2931 1425 3001 interpres
1445 2929 1566 2985 cibo
1585 2938 1639 2984 et
1661 2936 1787 2999 potu
1808 2934 2045 2981 onustae.
2078 2921 2271 2978 Trala-

689 3028 763 3082 tio
794 3036 927 3081 esta
955 3023 1183 3079 navibus
1211 3022 1496 3089 onerariis,
1525 3038 1644 3091 qua:
1668 3035 1790 3075 cum
1804 3018 1958 3074 omni
1980 3030 2149 3071 onere
2165 3015 2274 3069 sint

2369 1905 2587 1959 nomine
2602 1903 3008 1974 appellabantur
3028 1905 3164 1960 viles
3186 1914 3241 1959 et
3266 1905 3495 1975 improbi
3519 1905 3784 1973 homines,
3809 1904 3960 1976 quia,

2371 2006 2430 2051 ut
2457 1982 2707 2053 observat
2750 1997 2977 2055 Suidas:
3011 1998 3191 2053 Sciton
3232 1998 3362 2069 fullo
3388 1998 3485 2068 fuit
3518 1998 3668 2053 homo
3695 1998 3839 2063 uilis,
3874 1995 3967 2069 qui

2372 2101 2578 2161 propter
2597 2090 2971 2161 improbitatem
2986 2108 3018 2145 a
3034 2087 3260 2146 Cornicis
3291 2091 3615 2163 carpebatur.
3657 2090 3966 2161 Aristopha-

2370 2200 2457 2239 nes
2484 2187 2539 2239 in
2568 2185 2818 2253 equitibus
2844 2200 2863 2238 :

2524 2299 2597 2362 ίγι
2619 2306 2667 2360 δὴ
2690 2312 2859 2351 articulat
2879 2325 2936 2358 τι,
2959 2312 3021 2350 καὶ
3042 2314 3206 2363 «θάνοις,
3226 2306 3270 2360 ἧν
3294 2309 3330 2352 δ’
3356 2315 3446 2365 ἰτὼ,

2526 2376 2736 2427 Βιᾳίσχιθοὶ
2757 2388 2798 2414 τι
2819 2375 2879 2413 καὶ
2897 2375 3066 2421 κόϐαλα,
3093 2378 3155 2415 καὶ
3176 2376 3332 2426 [adhuc
3350 2405 3362 2423 ,

2522 2429 2649 2490 Ᾰτορά
2671 2453 2712 2479 τι
2732 2441 2771 2477 ιν
2794 2444 2818 2489 ί
2840 2442 2925 2485 παῖς
2941 2439 3003 2485 ειν,
3028 2435 3240 2489 ὶηιδιὺοηυ
3263 2430 3387 2491 lxi"?

2528 2505 2602 2542 Νῦν
2619 2516 2683 2552 μοι
2701 2503 2846 2553 ρρᾲσος,
2869 2502 2931 2539 καὶ
2952 2502 3119 2552 γλῶτταν
3144 2500 3290 2554 εὔπορον
3312 2500 3400 2542 δότε
3416 2532 3429 2550 ,

2494 2556 2649 2613 temet
2671 2560 2869 2612 enim.

2445 2632 2774 2706 (Aristoph,
2802 2634 3004 2705 Equit.,
3031 2653 3084 2704 p.
3110 2635 3239 2703 8’25,
3265 2646 3387 2692 tom.
3418 2653 3475 2704 ιι,
3505 2636 3681 2694 Poeta:
3698 2637 3902 2713 Grec.)

2464 2725 2612 2795 Agite
2632 2729 2800 2795 igitur,
2818 2727 3089 2795 Scitaligue
3100 2734 3161 2795 et
3178 2728 3456 2795 Pisonames,
3482 2732 3677 2795 inquam
3694 2743 3815 2795 ego,

2463 2788 2876 2853 ﬁerescbetique,
2898 2800 2950 2841 et
2972 2790 3160 2848 Cobuli,
3188 2799 3237 2840 et
3262 2788 3540 2853 Motboues,

2465 2851 2961 2919 Eorumqueﬁnquo
2981 2866 3106 2916 puer
3130 2855 3370 2919 existens,
3401 2851 3650 2907 institutus
3674 2856 3759 2919 l'ui,

2463 2913 2605 2982 l‘iuuc
2626 2913 2745 2964 mibi
2768 2913 3032 2982 audaciam,
3058 2921 3116 2964 et
3134 2913 3365 2979 linguam
3382 2919 3592 2969 uberem
3613 2914 3745 2982 date,

2462 2975 2748 3043 Vocemque
2772 2978 3129 3041 impudentem.

676 3135 859 3175 vacua:
883 3162 897 3187 ,
928 3117 1149 3174 saburra
1175 3087 1505 3179 onerantur,
1544 3087 1607 3168 fut
1630 3114 1745 3169 sint
1770 3113 2029 3167 adversus
2050 3118 2269 3177 sempe-
2306 3182 2335 3187 _
2371 3087 2534 3187 “(illi
2565 3087 2863 3187 hlqu
2907 3103 3099 3187 η-εξΐευε
3130 3090 3183 3147 il
3236 3090 3405 3149 citata
3430 3091 3840 3187 Aristophanis
3868 3105 3967 3148 co-

680 3182 951 3265 smem'e;
972 3208 1173 3263 ﬂucms
1203 3208 1372 3276 magis
1394 3207 1645 3261 arma,“
1669 3205 1909 3260 magnes.
1941 3202 2080 3269 Quid
2103 3215 2261 3270 ατο.
2293 3182 2338 3247 C
2370 3184 2566 3239 mmdia
2618 3183 2889 3254 leguntur.
2931 3182 3313 3239 Verumtamen
3354 3185 3476 3255 quia
3522 3188 3788 3243 Arnobius
3832 3186 3974 3247 dixit

679 3304 881 3373 inquiet
912 3301 1140 3372 aliquis,
1182 3301 1228 3355 si
1268 3301 1320 3354 in
1359 3299 1580 3354 Arnobii
1603 3308 1758 3353 testu
1800 3297 2064 3366 scriptum
2094 3292 2271 3349 fuerit

682 3410 836 3466 poma
868 3410 930 3449 ea;
948 3394 1196 3464 sanguine
1222 3393 1485 3459 saburata,
1510 3390 1564 3446 id
1586 3401 1688 3451 est,
1719 3389 1921 3460 repleta
1947 3398 2002 3443 et
2024 3396 2268 3453 onerata,

679 3504 847 3560 genus
886 3502 1040 3543 suum
1070 3485 1302 3541 ducant?
1336 3485 1448 3540 Sed
1480 3483 1598 3539 haec
1633 3482 1898 3537 correctio
1928 3496 2039 3535 non
2079 3478 2271 3534 multis

681 3580 909 3636 fortasse
941 3581 1010 3633 ita
1049 3579 1211 3632 etiam
1248 3577 1512 3648 explicata
1544 3571 1874 3646 probabitur.
1916 3570 2058 3625 Nihil
2093 3570 2274 3639 itaque

680 3674 881 3743 absque
906 3670 1122 3727 alterius
1149 3670 1354 3725 codicis
1384 3668 1490 3725 ﬁde
1511 3709 1526 3734 ,
1559 3666 1645 3723 vel
1671 3664 1890 3722 certiori
1930 3663 2269 3730 auctoritate,

684 3774 945 3822 mutatum
977 3765 1245 3820 vellamus.

756 3859 963 3916 Saccati
1000 3860 1133 3911 inter
1172 3855 1529 3911 abcessiss’isnas
1567 3853 1759 3918 serias,
1800 3851 1857 3906 in
1900 3859 2055 3906 utero
2090 3847 2281 3905 matris

685 3954 922 4022 positum
950 3949 1207 4007 infantem
1232 3991 1251 4017 ,
1297 3950 1431 4004 dicit
1452 3947 1732 4005 Arnobius
1776 3948 1800 4017 (
1836 3945 2029 4003 Arnob.
2050 3986 2069 4011 ,
2098 3943 2190 4000 lib.
2217 3960 2277 4011 ιι,

686 4067 742 4119 p.
773 4049 840 4103 U9
867 4046 910 4118 ).
930 4048 1011 4102 At
1036 4065 1062 4097 ι(
1097 4055 1368 4101 saccatum
1402 4062 1447 4109 ι,
1481 4042 1557 4099 uti
1585 4041 1962 4097 annnadvertit
1998 4039 2236 4097 Isidorus
2257 4079 2276 4107 ,

684 4161 707 4196 s
734 4143 907 4213 liquor
923 4148 1022 4197 est
1045 4154 1199 4209 aqua:
1233 4137 1339 4193 feci
1361 4137 1471 4193 viui
1514 4134 1823 4201 admixtus,
1868 4148 2025 4189 sacco
2052 4146 2279 4202 expres-

680 4253 773 4294 sus
805 4255 823 4289 ι
853 4236 875 4308 (
904 4233 1125 4297 Isidor.,
1154 4232 1245 4287 lib.
1289 4246 1344 4298 v,
1383 4229 1611 4301 0rigin.,
1643 4244 1761 4299 cap.
1794 4229 1828 4283 '5
1849 4228 1890 4297 ).
1921 4226 2120 4283 Verum
2165 4226 2282 4285 haec

690 4344 793 4384 vox
834 4327 907 4381 ab
940 4324 1197 4380 Lucretio
1235 4322 1496 4394 accipitur
1532 4336 1635 4392 pro
1671 4321 1805 4378 lotio
1842 4333 1939 4377 seu
1979 4318 2149 4375 urina.
2203 4316 2282 4372 De

684 4422 873 4495 pueris
903 4420 1048 4477 enim
1077 4416 1472 4475 munientibus
1499 4417 1684 4473 canit:

1284 4530 1503 4582 Gredunt
1522 4528 1751 4579 attollere
1767 4534 1980 4587 vestem,

774 4596 949 4650 Totius
964 4595 1227 4647 humorem
1254 4603 1498 4644 saccatum
1519 4598 1573 4641 ut
1596 4592 1815 4652 corporis
1843 4592 2062 4641 fundant.

1182 4655 1417 4720 (Lucret.,
1442 4651 1524 4705 lib.
1551 4668 1617 4715 tv,
1639 4650 1767 4704 vers.
1796 4653 1911 4703 1021
1939 4657 1985 4703 et
2002 4650 2157 4715 seqq.)

758 4770 925 4828 εει-ξω
963 4782 1093 4825 vero
1140 4761 1444 4835 signiﬁcant
1494 4773 1620 4815 vasa
1661 4756 1943 4831 quietiam,
1990 4756 2044 4812 in
2090 4754 2283 4827 quibus

685 4860 821 4936 aqua
849 4860 1249 4917 asservabatur.
1281 4854 1414 4911 lnde
1438 4852 1725 4909 Terentius
1760 4871 1772 4907 :

808 4975 973 5027 Relivi
988 4971 1126 5023 dolia
1151 4970 1332 5027 omnia,
1357 4981 1529 5021 omnes
1552 4969 1726 5019 serias.

1027 5032 1272 5099 (Terent,
1292 5028 1639 5093 Heautontim,
1660 5037 1752 5082 act.
1780 5044 1849 5092 ιιι,
1872 5042 2003 5081 scen.
2026 5030 2099 5093 1.)

688 5146 954 5204 Arnobius
993 5158 1196 5215 porro,
1240 5151 1295 5194 ut
1339 5138 1596 5195 humilem
1641 5146 1696 5192 et
1733 5136 1997 5208 abiectam
2039 5135 2282 5193 hominis

687 5238 1047 5295 conditionem
1075 5231 1380 5289 evidentius
1405 5228 1838 5297 demonstraret,
1872 5227 2087 5298 scripsit
2116 5243 2239 5282 eum
2260 5270 2278 5296 ,

689 5348 807 5388 cum
840 5331 890 5385 in
920 5328 1121 5387 imatris
1153 5335 1307 5381 utero
1349 5321 1612 5377 formatus
1658 5333 1742 5378 est
1766 5365 1783 5391 ,
1825 5323 1957 5377 inter
1998 5321 2207 5393 pituitas
2233 5330 2283 5374 et

686 5426 991 5497 sanguinem
1021 5422 1201 5493 degere
1219 5461 1234 5485 ,
1264 5420 1397 5470 inter
1422 5416 1659 5471 stercoris
1686 5417 1776 5471 hos
1806 5426 1965 5483 utres,
2009 5425 2056 5470 et
2094 5415 2286 5470 saccati

692 5518 882 5589 supple
910 5512 1173 5580 humoris,
1192 5508 1594 5566 obscwnissimas
1614 5510 1793 5564 serias.
1816 5509 1894 5564 Ila
1921 5524 2052 5565 sane
2076 5507 2284 5563 auctori

694 5620 884 5667 nostro
914 5604 1239 5678 praegnantis
1266 5600 1502 5658 heminae
1520 5608 1732 5655 uterum
1759 5602 2031 5671 appellare
2058 5600 2281 5674 placuit.

764 5702 1097 5758 Salinatores
1148 5691 1670 5767 eugnominabantur
1713 5691 1732 5763 (
1774 5692 1966 5747 Arnob.
1997 5735 2013 5761 ,
2076 5695 2163 5747 lib.
2205 5702 2239 5747 ιι
2264 5733 2283 5761 ,

697 5816 748 5869 ρ.
780 5796 917 5866 70.),
947 5793 1057 5863 qui,
1092 5791 1188 5860 uti,
1217 5798 1337 5861 post
1367 5786 1605 5857 Papiam,
1630 5785 2059 5844 Elmcii‘borstius
2098 5781 2286 5845 obser-

2368 3278 2578 3335 scitulos
2620 3277 2860 3348 pusionas
2916 3286 3071 3348 atque
3112 3277 3315 3333 adultos
3372 3281 3736 3337 venustissimis
3790 3283 3962 3353 lineis,

2370 3369 2654 3427 retinenda
2695 3369 3050 3441 prioculdubio
3091 3371 3306 3428 videtur
3329 3371 3448 3428 bare
3482 3389 3583 3429 vox
3626 3374 3855 3433 scitula.
3886 3377 3965 3434 De

2371 3464 2863 3536 quibusdamenim
2890 3464 3207 3521 mulieribus
3230 3465 3449 3523 Plautus
3477 3467 3707 3525 canebat
3735 3485 3752 3522 :

3071 3578 3180 3639 Qua
3194 3586 3318 3631 sunt
3332 3580 3455 3631 facie
3468 3580 3720 3635 ?Scitula.

2873 3660 3083 3727 (Plaut,
3109 3662 3350 3724 Βαάαιδ..
3373 3667 3468 3717 act.
3487 3679 3541 3726 ιι,
3562 3677 3693 3717 scen.
3710 3666 3784 3731 7.)

2377 3771 2445 3827 Et
2470 3771 2575 3826 hoc
2598 3771 2765 3826 etiam
2794 3771 2969 3826 altero
2998 3788 3016 3825 τ

2468 3864 2633 3928 Atque
2657 3864 2823 3914 ambas
2842 3861 2999 3915 forma
3014 3864 3204 3930 scitula,
3229 3874 3379 3930 atque
3402 3868 3619 3919 artatula.

3263 3929 3394 3994 (Act.
3413 3946 3480 3993 IV,
3494 3944 3626 3985 scen.
3649 3930 3719 3994 l.)

2378 4032 2433 4089 id
2463 4042 2580 4101 est,
2624 4033 2797 4089 {arma
2828 4033 3162 4107 subeleganti
3205 4045 3261 4093 et
3300 4049 3546 4095 venusta.
3576 4039 3657 4096 Eo
3680 4040 3842 4096 etiam
3864 4057 3982 4098 nos

2379 4128 2526 4183 mine
2573 4128 2829 4198 Apuleius
2864 4145 3019 4198 tempe
3068 4130 3236 4186 utitur
3290 4131 3496 4204 (Apul.,
3544 4134 3701 4190 lib.u
3743 4133 3975 4196 letam.

2386 4240 2508 4295 pag.
2532 4223 2619 4291 19,
2650 4224 2719 4277 26
2740 4233 2786 4278 et
2807 4224 2977 4296 alibi).

2453 4320 2706 4376 Scurrula
2729 4320 2976 4389 urbanus,
3009 4337 3206 4379 nomen
3229 4335 3311 4380 est
3336 4326 3713 4383 diminutivum
3742 4341 3969 4396 scurras,

2380 4415 2465 4470 cui
2498 4414 2713 4470 Plautus
2741 4415 3064 4485 adjectivum
3107 4417 3351 4487 urbanus,
3374 4420 3829 4491 quemadmodum
3861 4424 3969 4478 Ar-

2382 4509 2576 4565 nobius
2599 4511 2846 4565 scurrula?
2865 4512 3145 4582 conjunxit
3177 4512 3418 4585 (Arnab.,
3450 4517 3492 4573 'l.
3523 4532 3619 4586 vn,
3646 4535 3701 4590 p.
3723 4516 3877 4588 206).
3907 4517 3974 4574 Hi

2300 4571 2361 4645 δ
2383 4612 2561 4658 autem
2590 4613 2715 4659 sunt
2738 4604 2909 4661 Plauti
2930 4622 3124 4662 eversus
3150 4624 3163 4660 :

2476 4696 2553 4768 '_I:n
2574 4699 2790 4768 urbanus
2813 4712 2934 4768 vero
2952 4713 3137 4763 scurra,
3173 4699 3367 4753 delicia
3389 4703 3572 4768 pOpuli,

2476 4759 2579 4812 ltus
2599 4762 2717 4813 mihi
2744 4772 2794 4811 tu
2818 4761 3054 4823 objectas.

2699 4842 2907 4909 (Plaut,
2930 4845 3159 4909 Mostell.,
3176 4853 3272 4898 act.
3300 4863 3336 4910 ι,
3361 4860 3494 4901 scen.
3514 4850 3563 4912 1,
3580 4859 3695 4916 pag.
3715 4848 3849 4912 521.)

2384 4930 2449 4987 Ει
2478 4931 2605 4987 alibi
2634 4950 2648 4986 :

2478 5026 2633 5087 Quam
2657 5027 2831 5077 urbani
2856 5029 3035 5079 assidui
3053 5032 3203 5094 cives,
3232 5044 3356 5095 quos
3370 5044 3563 5083 scurras
3581 5038 3772 5085 vocant.

2666 5111 2850 5174 (Idem,
2879 5111 3119 5173 1‘riumn.,
3147 5120 3243 5164 act.
3266 5130 3300 5177 ι,
3327 5127 3457 5167 scen.
3478 5116 3527 5178 2,
3553 5130 3666 5182 pag.
3688 5115 3853 5181 1022.)

2382 5216 2637 5274 Scurram
2684 5228 2859 5277 autem
2890 5221 3153 5276 urbanum
3205 5234 3360 5294 poeta
3394 5224 3595 5297 aliique
3641 5234 3857 5283 veteres
3883 5240 3976 5297 ap-

2383 5312 2656 5384 pellabant
2681 5312 2913 5370 facetum
2941 5314 3274 5388 politumque
3298 5316 3593 5386 hominem,
3629 5319 3719 5392 qui
3757 5319 3976 5377 minime

2383 5407 2454 5463 sit
2481 5408 2738 5463 rusticus.
2773 5408 2949 5479 Atque
2995 5408 3100 5465 hoc
3145 5427 3310 5467 sensu
3342 5413 3408 5469 ab
3438 5413 3681 5469 Arnobio
3711 5414 3974 5470 scurrula:

2385 5516 2579 5557 nomen
2613 5500 2861 5557 similiter
2889 5503 3169 5573 accipitur.
3203 5506 3391 5563 Postea
3430 5516 3609 5565 tamen
3635 5508 3739 5563 alia
3766 5524 3896 5569 sane
3921 5515 3977 5565 et

2385 5597 2654 5652 contraria
2698 5595 3093 5668 signiﬁcatione
3119 5610 3432 5673 usurpatum
3460 5612 3560 5658 est.
3598 5602 3706 5659 Sed
3736 5619 3796 5659 ea
3824 5602 3893 5659 de
3917 5616 3979 5658 re

2388 5689 2585 5747 videsis
2611 5689 2942 5756 Turnebum,
2981 5693 3075 5749 lib.
3102 5709 3196 5749 xxx
3221 5694 3539 5767 Adversar.,
3572 5710 3692 5766 cap.
3722 5696 3809 5764 l3;
3835 5695 3977 5753 Vos-

2388 5785 2547 5852 sium,
2574 5783 2631 5840 in
2652 5782 2956 5860 Etymolog.
2981 5829 2997 5855 ,
3029 5798 3083 5844 et
3109 5787 3265 5845 alios.
