4230 6266
292 260 403 325 109

1369 307 1374 314 ι
1426 231 1546 333 ”ιΝ
1584 264 1960 347 Αιιιηοθιυιι,
1988 273 2144 338 CAP.
2176 266 2364 341 xxvi.

3469 294 3570 360 710

367 383 666 439 Securicula
679 382 750 440 ab
763 382 1003 442 Arnoblo
1022 386 1525 450 diminutiveadbue
1538 406 1876 467 nuncupatur
1903 401 1956 463 Α
1982 395 2138 452 Noct.
2187 398 2321 468 Att.,
2374 417 2492 474 cap.
2540 402 2659 479 20).
2684 404 2769 463 Ab
2796 406 3034 467 Arnobio
3060 417 3235 467 autem
3260 422 3444 471 nostro
3469 415 3572 477 bac

283 476 495 530 securk
542 491 703 547 parva
751 476 927 549 (Arta,
963 480 1003 535 ι.
1031 495 1089 538 ιι,
1119 501 1172 553 p.
1203 484 1321 554 56),
1366 488 1817 554 quemadmodum
1847 506 1879 547 a

282 569 464 625 Plinio
498 572 587 641 qui
614 570 809 627 alicubi
841 572 957 629 liaac
986 576 1209 633 tradidit
1240 595 1253 631 :
1293 598 1311 631 ι
1350 580 1716 638 Securiculam
1747 585 1880 640 insi-

283 662 450 716 tivam
503 663 774 732 pendere,
814 681 919 736 qua
957 667 1350 727 intercldnntur
1375 674 1588 730 radices
1623 693 1644 727 ι
1678 674 1871 748 (Plin,

282 757 378 811 lib.
414 771 549 813 xvttt
576 756 717 814 Hist.
748 768 946 827 natum,
968 778 1085 834 cap.
1122 763 1212 833 l9,
1247 783 1300 835 ρ.
1331 766 1482 840 493).

360 848 519 904 Sectis
544 850 707 916 virile,
735 861 790 905 et
820 869 963 907 secus
991 856 1285 925 femineum,
1320 858 1373 912 in
1400 868 1587 916 nostro
1615 859 1872 918 librorum

278 939 511 994 Arnobii
534 937 718 997 codice
744 949 798 996 et
822 944 1065 1012 pluribus
1106 946 1431 1005 editionibus
1470 951 1663 1023 legitur
1693 952 1871 1025 (Arn.,

279 1033 377 1088 lib.
411 1049 466 1099 v,
496 1052 616 1106 pag.
644 1033 769 1101 l65,
803 1044 849 1093 et
879 1036 982 1095 176
1005 1036 1050 1109 ),
1099 1039 1292 1095 melius
1343 1057 1502 1111 quam
1534 1044 1584 1097 in
1613 1044 1730 1099 aliis
1758 1045 1875 1115 qui-

278 1126 510 1183 busdam
535 1145 681 1184 sexus
697 1129 858 1185 virile.
885 1128 1017 1185 Nam
1048 1132 1118 1187 ibi
1139 1150 1332 1190 nomen
1356 1152 1497 1191 secus
1522 1152 1640 1193 eam
1665 1149 1873 1209 partem

277 1216 572 1290 signiﬁcat,
601 1235 701 1290 qua
731 1230 954 1292 uterque
982 1237 1144 1280 sexus
1174 1240 1204 1280 a
1232 1241 1293 1281 se
1333 1228 1561 1283 invicem
1592 1228 1875 1301 distingui-

275 1321 387 1368 tur.
432 1312 594 1368 Festo
646 1323 824 1370 autem
870 1315 1127 1386 probatur
1167 1319 1284 1375 hmo
1327 1321 1673 1392 signiﬁcatio,
1712 1340 1869 1396 quam

276 1403 559 1460 Martinius
585 1407 794 1476 Apuleii
821 1416 876 1462 et
916 1409 1185 1467 Ainmiani
1231 1410 1524 1469 Marcellini
1565 1417 1872 1471 testimonio

274 1510 522 1553 asserere
542 1507 784 1554 conatur.
806 1497 1011 1557 Nonius
1033 1518 1162 1557 vero
1185 1503 1431 1575 perbibet
1458 1507 1747 1562 Salustium
1774 1507 1872 1564 ali-

274 1592 405 1647 cubi
436 1609 578 1648 sexus
609 1603 801 1649 neutro
826 1611 1030 1667 genere
1061 1596 1261 1657 dixisse
1289 1616 1301 1652 :
1333 1600 1429 1655 sed
1466 1600 1557 1654 alii
1587 1601 1696 1657 illic
1725 1619 1871 1659 secus

275 1684 621 1740 scribendum
651 1686 940 1757 opinantur
971 1688 1256 1762 (Nannius,
1311 1709 1359 1747 c.
1390 1692 1445 1761 '5,
1482 1692 1510 1766 §
1544 1692 1691 1766 198).

1983 490 2168 545 eadem
2192 492 2589 564 significatione
2612 500 2862 556 sumitur.

2053 582 2379 654 Strophium,
2421 586 2593 643 Nonio
2624 602 2863 658 auctore,
2899 603 2981 650 est
3021 594 3183 653 fascia
3214 598 3412 670 brevis,
3442 619 3567 673 qua:

1980 671 2293 743 virginalem
2327 679 2644 748 papillarum
2675 692 2937 741 tumorem
2966 689 3200 759 cohibet,
3225 671 3571 762 quemadmo-

1977 763 2103 820 dum
2150 764 2241 823 ille
2279 768 2527 842 Turpilii,
2568 771 2879 847 Ciceronis,
2933 778 3145 851 Plauti,
3202 794 3255 838 et
3308 783 3570 847 Varronis

1979 859 2287 915 testimonio
2314 865 2597 920 conﬁrmat
2626 865 2800 938 (Am,
2839 869 2874 922 ι.
2909 885 2966 936 ιι,
2997 890 3048 942 ρ.
3076 872 3175 940 58;
3206 872 3372 944 Νοη.,
3398 894 3443 933 c.
3477 880 3567 947 14,

1979 948 2143 1005 Num.
2192 954 2269 1024 8).
2302 955 2597 1015 Possumus
2626 971 2680 1015 et
2710 962 2812 1016 hoc
2839 965 3030 1020 Catulli
3075 978 3290 1024 carmen
3322 970 3520 1029 addere
3550 990 3566 1027 :

2069 1064 2176 1115 Non
2201 1071 2351 1120 tereti
2370 1070 2592 1141 strophio
2603 1070 2855 1141 lactantes
2876 1076 3037 1126 vincta
3068 1076 3287 1141 papillas.

2564 1133 2790 1197 (σωλιιη
2813 1133 3101 1203 Δτςοηαιιιξ,
3129 1133 3252 1192 itere.
3277 1144 3377 1207 65).

1976 1225 2246 1284 Coronam
2277 1231 2452 1288 adhuc
2496 1237 2794 1306 strophium
2826 1239 3184 1311 signiﬁcabat.
3242 1246 3315 1301 De
3353 1248 3568 1303 coronis

1975 1321 2173 1392 quippe
2213 1325 2305 1380 ubi
2331 1328 2568 1397 disputat
2610 1331 2816 1389 Plinius
2849 1353 2863 1389 :
2904 1355 2923 1388 ι
2956 1335 3333 1405 Tenuioribus,
3368 1342 3560 1413 inquit,

1974 1414 2264 1471 utebantur
2309 1420 2534 1490 antiqui,
2585 1433 2802 1495 stropos
2851 1429 3207 1499 appellantes,
3257 1431 3397 1488 unde
3437 1444 3563 1490 nata

1974 1507 2272 1576 strophiola
2330 1529 2349 1562 ι
2413 1511 2605 1583 (Plin.,
2648 1517 2688 1569 ι.
2736 1532 2825 1572 xxi
2874 1518 3065 1577 Natur.
3121 1524 3273 1589 bist,
3325 1541 3438 1596 cap.
3508 1527 3566 1593 2,

1975 1613 2097 1668 pag.
2142 1598 2291 1672 105).
2345 1603 2554 1660 Videsis
2606 1606 2824 1665 Festum
2868 1612 2936 1667 ad
2980 1614 3132 1670 verb.
3186 1615 3459 1689 Stroppus,
3511 1627 3568 1676 et

1976 1690 2236 1747 liarduini
2260 1695 2314 1749 in
2342 1697 2565 1751 citatum
2584 1701 2745 1756 Plinii
2775 1704 2949 1759 locum
2967 1708 3359 1766 annotationes.
3384 1710 3567 1768 Primo

353 1776 619 1831 Sellularii
649 1777 886 1848 plebeias
908 1790 961 1833 et
986 1780 1196 1837 inﬁmas
1218 1792 1364 1837 artes
1388 1785 1631 1840 sedendo
1653 1802 1873 1842 exerce-
1904 1797 1953 1857 Β
1977 1791 2155 1839 autem
2183 1800 2344 1841 sensu
2372 1788 2440 1843 ab
2461 1793 2699 1848 Arnobio
2727 1794 3031 1852 adhibetur.

274 1868 406 1923 bant
432 1866 580 1942 (Arn.
614 1869 650 1923 ι.
683 1886 758 1937 ιιι,
790 1890 843 1943 p.
878 1870 1023 1947 112).
1065 1873 1182 1943 Quo
1210 1889 1373 1933 sensu
1414 1876 1617 1933 dictum
1648 1894 1677 1933 a
1717 1878 1869 1937 Livio

275 1961 502 2034 legimus
548 1982 562 2018 :
602 1984 620 2017 t
658 1965 921 2039 Opiﬁcum
982 1970 1208 2043 vulgus,
1246 1983 1300 2027 et
1342 1974 1599 2029 sellularii
1648 1977 1868 2033 minime

274 2058 481 2115 militiae
510 2058 758 2119 idoneum
796 2077 968 2134 genus
1002 2084 1021 2117 ι
1054 2063 1218 2137 (Liv.,
1252 2067 1291 2121 ι.
1322 2083 1437 2135 VIII,
1470 2085 1518 2123 ε.
1547 2068 1660 2141 20).
1763 2134 1772 2147 I

347 2151 731 2224 Siliquastrum,
758 2171 855 2212 seu
874 2156 1276 2230 seliquastrum;
1297 2171 1525 2235 utroque
1541 2163 1685 2218 enim
1703 2163 1867 2220 modo

272 2247 532 2317 scriptum
561 2250 778 2318 quidam
818 2252 1001 2308 volunt
1027 2252 1203 2323 (Arn.,
1232 2255 1269 2310 Ι.
1296 2271 1354 2322 ιι,
1384 2274 1436 2327 p.
1468 2254 1579 2328 59).
1618 2276 1636 2308 ι
1668 2258 1746 2312 Ab
1777 2274 1867 2314 se-

272 2339 454 2396 dendo
501 2362 520 2394 ι
570 2353 771 2409 autem,
806 2345 878 2400 uti
933 2345 1102 2403 Varro
1150 2348 1422 2418 observat,
1473 2368 1491 2400 ι
1532 2351 1869 2421 appellantur

272 2436 453 2504 sedes,
487 2436 673 2502 sedile,
703 2436 892 2494 sedum
916 2483 931 2508 ,
964 2439 1113 2495 sella:
1136 2483 1150 2506 ,
1182 2441 1581 2512 scliquastrutn.
1624 2462 1643 2495 ι
1675 2442 1867 2498 Festus

273 2542 424 2582 vero.
470 2546 490 2580 t
526 2527 890 2602 Seliquastra,
933 2533 1141 2603 inquit,
1179 2532 1368 2590 sedilia
1409 2534 1612 2605 antiqui
1652 2537 1868 2606 generis

271 2620 633 2692 appellantur,
664 2624 717 2676 ἀ.
763 2623 939 2679 littera
994 2626 1046 2679 in
1095 2627 1134 2681 Ι.
1166 2641 1457 2689 conversa,
1505 2634 1564 2681 ut
1608 2628 1769 2684 etiam
1812 2628 1867 2683 in

271 2713 408 2768 cella
429 2712 628 2770 factum
647 2727 750 2784 est,
772 2727 828 2774 et
853 2720 1132 2789 subsellio,
1158 2731 1212 2776 et
1233 2722 1390 2788 solio,
1411 2738 1532 2794 quae
1554 2739 1662 2778 non
1689 2726 1868 2779 minus

270 2820 300 2858 a
328 2806 571 2863 sedendo
595 2809 735 2865 dicta
766 2822 892 2867 sunt
923 2832 943 2866 ι
979 2814 998 2884 (
1029 2811 1205 2881 γαπ..
1263 2813 1350 2868 lib.
1382 2830 1438 2871 tv
1469 2814 1532 2869 de
1556 2812 1711 2889 Ling.
1745 2817 1864 2885 lat.,

276 2916 331 2969 ρ.
366 2901 456 2966 5!;
480 2898 650 2972 Fest.,
678 2904 746 2958 ad
771 2906 909 2960 verb.
937 2904 1361 2979 SELIQUASTRA).

346 2992 746 3065 Spiraminibus,
767 2998 817 3053 id
839 3008 941 3067 est,
961 3000 1199 3070 spirandi
1216 3000 1867 3058 facultatibusinterclusis

268 3087 479 3144 interire
502 3090 653 3163 (Arn.
678 3093 716 3147 l.
744 3109 835 3162 vn,
856 3112 911 3166 p,
940 3094 1089 3167 234).
1115 3094 1363 3152 Lucanus
1380 3098 1641 3170 siquidem
1664 3098 1864 3155 decan-

272 3183 426 3240 tabat
455 3202 470 3238 :

365 3297 459 3369 ῌὶε
483 3313 648 3365 aures,
674 3301 799 3355 alius
816 3302 1080 3369 spiramina
1104 3304 1240 3356 naris
1260 3303 1463 3357 aduncae

366 3364 615 3427 Amputat.

982 3430 1206 3493 (Lucam,
1225 3430 1310 3483 lib.
1332 3446 1384 3494 ιι,
1402 3442 1529 3484 ειη.
1546 3431 1679 3497 180).

270 3508 479 3566 Statius
504 3529 718 3585 quoque
748 3530 763 3569 :

984 3632 1163 3684 Βεθεῆ
1185 3633 1447 3696 spiramina
1468 3634 1586 3684 fessi

368 3689 520 3757 Ignis,
540 3701 594 3746 et
614 3694 888 3746 timendos
904 3698 1132 3760 irrumpit
1151 3689 1343 3746 turbida
1364 3710 1581 3759 campos.

705 3778 871 3842 (Stat,
895 3776 981 3832 lib.
1026 3794 1094 3831 xu
1138 3776 1395 3841 Thebaid,
1421 3792 1547 3830 vers.
1573 3779 1677 3845 69).

345 3884 580 3955 Spimta,
619 3886 999 3944 diminutivum
1030 3887 1264 3943 nominis
1291 3887 1438 3956 spira
1457 3928 1470 3952 ,
1494 3887 1654 3957 cujus
1682 3885 1866 3941 multi-

273 3975 395 4045 plex
424 3978 745 4047 signiﬁcatio
768 3977 944 4051 (Am,
968 3981 1012 4035 ι.
1044 3995 1101 4047 ιι,
1131 3996 1182 4048 p.
1214 3978 1529 4050 75).Primo
1553 3978 1696 4033 enim
1723 3978 1864 4033 idem

269 4086 429 4131 sonat
454 4092 519 4131 ac
542 4077 686 4132 basis
713 4078 983 4137 columna
1008 4077 1170 4134 unius
1199 4077 1326 4140 tori,
1370 4075 1453 4131 vel
1492 4075 1743 4140 duorum;
1776 4089 1864 4128 se-

268 4170 448 4223 cundo
473 4184 645 4239 genus
684 4172 870 4240 operis
900 4170 1140 4241 ῃὶιωιιιί,
1172 4170 1333 4225 tertio
1362 4169 1504 4223 [suis
1534 4170 1777 4222 nauticus
1804 4167 1865 4222 in

268 4260 460 4315 orbem
476 4262 818 4318 convolutus.
835 4264 910 4319 Ita
934 4263 1125 4318 Festus
1144 4260 1381 4335 (Festus,
1403 4261 1473 4315 ad
1492 4260 1627 4314 verb.
1655 4259 1861 4332 Stulta).

268 4353 519 4411 Secundo
546 4365 724 4411 autem
753 4370 916 4412 senisu
957 4356 1229 4413 Arnobius
1250 4372 1449 4414 meo
1482 4355 1613 4411 illud
1642 4356 1861 4427 accipit,

266 4458 327 4502 et
356 4448 620 4518 signiﬁcat
645 4450 914 4520 quoddam
942 4452 1210 4520 placentae
1239 4466 1409 4522 genus
1428 4493 1444 4519 ,
1482 4452 1559 4506 uti
1590 4451 1864 4522 colligitur

266 4553 341 4594 ex
366 4540 588 4606 Catone,
638 4544 750 4612 qui,
796 4543 1069 4613 quomodo
1111 4544 1225 4599 ﬁeri
1260 4544 1427 4599 debet
1456 4545 1739 4615 perspicue
1761 4560 1862 4601 ex-

265 4630 432 4702 plicat
456 4630 623 4704 (Cato,
647 4634 709 4687 de
732 4632 810 4689 Re
835 4636 1041 4704 rustic.,
1062 4654 1118 4708 p.
1151 4635 1265 4707 77).

347 4747 593 4821 Stragula
634 4747 833 4807 dicitur
874 4760 972 4807 aut
1016 4750 1204 4818 vestis,
1252 4760 1350 4809 aut
1392 4750 1653 4822 quidquid
1694 4751 1860 4821 lecto,

265 4863 435 4918 equo,
465 4850 547 4903 vel
577 4848 737 4907 alicui
762 4850 840 4905 rei
858 4848 1215 4906 sternisulct.
1234 4848 1427 4905 Prioire
1447 4858 1625 4904 autem
1654 4848 1861 4920 signiﬁ-

265 4939 485 4995 catione
508 4940 580 4995 ab
610 4952 828 4997 auctore
854 4951 1043 4997 nostro
1078 4941 1375 5011 accipitur,
1405 4940 1858 5012 quemadmodum

264 5046 327 5092 et
350 5051 382 5091 a
404 5033 671 5092 Cicerone
712 5039 770 5093 in
815 5051 910 5093 sua
954 5051 1054 5106 pro
1090 5037 1257 5095 Sexto
1302 5035 1536 5102 Roscio,
1564 5045 1623 5092 et
1648 5036 1772 5095 aliis
1800 5037 1857 5093 in

263 5127 496 5185 Verrem
525 5129 879 5197 orationibus,
898 5140 1060 5200 atque
1087 5130 1156 5187 ab
1180 5130 1305 5186 aliis
1325 5131 1485 5186 etiam
1504 5130 1862 5200 scriptoribus

267 5223 449 5297 (Anu,
477 5226 515 5280 ι.
550 5240 608 5292 ιι,
641 5243 697 5296 p.
724 5224 826 5290 58;
856 5224 1048 5292 Cicer.,
1080 5235 1214 5285 arat.
1248 5240 1327 5292 iv,
1350 5242 1411 5297 ῃ.
1447 5225 1537 5301 54η,
1570 5225 1664 5280 lin.
1690 5224 1784 5290 45;
1814 5224 1858 5279 ι.

262 5332 321 5372 ιν
347 5318 402 5372 in
442 5316 605 5386 Vera,
637 5336 691 5390 ρ.
723 5318 847 5388 170,
891 5319 988 5376 lin.
1014 5318 1098 5391 ὅ).

343 5432 630 5503 Stribiligo,
675 5452 771 5492 seu
802 5436 1080 5509 Stribligo,
1110 5452 1144 5492 ιι
1192 5452 1366 5508 grzeca
1397 5451 1532 5492 voce
1562 5437 1851 5513 στρεϐλὸς,

263 5524 322 5581 ll
346 5536 449 5593 est,
476 5543 692 5599 pravus,
726 5546 942 5601 curvus,
976 5533 1206 5588 intortus
1236 5531 1410 5606 (Arn.,
1432 5532 1470 5587 ι.
1504 5547 1583 5598 ιιι,
1632 5549 1684 5602 p.
1735 5530 1857 5605 δεμ

261 5618 664 5679 Vetustioribus
691 5634 869 5680 autem
895 5622 1099 5693 latinis,
1130 5627 1205 5681 uti
1236 5626 1311 5681 ait
1336 5627 1398 5681 Α.
1435 5625 1664 5692 Gellius,
1689 5625 1848 5683 sake-

258 5714 467 5772 ciamus
478 5718 553 5771 ita
572 5716 874 5788 dicebatur,
895 5734 928 5777 α
959 5734 1182 5776 versura
1212 5718 1482 5787 videlicet,
1508 5728 1567 5776 et
1590 5719 1855 5790 pravitate

262 5816 519 5866 tortuosa:
568 5810 846 5883 orationis,
901 5813 1055 5885 quasi
1104 5812 1418 5885 sterobiligo
1470 5811 1671 5884 (60M,
1731 5813 1769 5868 ι.
1818 5826 1854 5868 v

2054 1893 2072 1927 ι
2110 1875 2441 1946 Subscudes,
2475 1899 2494 1933 ι
2531 1885 2607 1938 ait
2634 1884 2860 1954 Festus,
2894 1908 2914 1940 t
2951 1890 3288 1962 appellantur
3330 1894 3565 1965 tabellae,

1972 1966 2168 2036 quibus
2192 1971 2384 2027 tabulae
2408 1975 2547 2031 inter
2566 1992 2627 2032 se
2642 1979 2986 2051 conﬁgantur
3012 1985 3138 2053 quia
3172 2002 3278 2056 quo
3302 1988 3572 2045 immitun-

1975 2070 2060 2116 tur
2079 2065 2408 2122 succuditnr.
2444 2088 2466 2121 ι
2499 2070 2737 2141 (Arnob.,
2765 2074 2804 2130 ι.
2829 2092 2901 2141 vr,
2927 2094 2980 2149 p.
2999 2076 3130 2146 202;
3158 2079 3321 2150 Fest.,
3345 2083 3413 2137 ad
3428 2085 3566 2141 verb.

1970 2157 2319 2231 sunscunss.)
2346 2158 2477 2215 Eam
2514 2176 2704 2219 vocem
2729 2164 2865 2223 Cato
2894 2169 2990 2226 lib.
3012 2170 3081 2227 de
3117 2188 3177 2226 re
3216 2176 3413 2231 rustica
3446 2193 3566 2248 cap.

1972 2247 2063 2312 18,
2097 2252 2395 2320 usurpavit,
2436 2269 2544 2324 qua
2580 2256 2823 2327 quidem,
2857 2259 2997 2316 sicut
3026 2263 3296 2320 Arnobius
3318 2306 3334 2334 ,
3366 2247 3569 2323 retina-

1972 2338 2092 2393 cuia
2119 2340 2405 2410 signiﬁcat.

2046 2434 2520 2493 Sabim-actionibus
2572 2441 2946 2499 sacratissimo:
2991 2446 3135 2501 lucos
3185 2458 3276 2503 aut
3326 2450 3568 2523 religiosa

1973 2525 2087 2581 loca
2127 2528 2375 2598 polluere,
2421 2541 2475 2587 et
2518 2535 2800 2603 profanare
2831 2538 3004 2607 (Anu,
3030 2540 3074 2595 ἰ.
3105 2556 3203 2611 rit,
3242 2560 3358 2617 pag.
3411 2545 3564 2618 217).

1971 2618 2165 2674 Cicero
2212 2622 2406 2678 eodem
2450 2638 2616 2681 sensu
2662 2628 2855 2683 duxit:
2890 2649 2913 2682 ε
2969 2633 3074 2688 Vos
3116 2634 3308 2692 Albani
3351 2640 3564 2709 tantuli,

1972 2720 2135 2782 atque
2170 2713 2297 2780 luci,
2354 2731 2452 2771 vos
2506 2719 2748 2790 inquam,
2794 2722 3050 2795 imploro,
3098 2739 3259 2800 atque
3288 2731 3562 2800 obtestor,

1973 2819 2176 2875 vosque
2236 2808 2565 2867 Albanorum
2635 2815 2847 2872 obruta:
2911 2833 3053 2887 am,
3121 2837 3397 2879 sacrorum
3462 2841 3567 2895 po-

1972 2898 2083 2965 puli
2124 2898 2289 2954 Rom.
2320 2903 2527 2971 sociae,
2587 2914 2638 2961 et
2686 2909 2960 2978 tequales,
3008 2928 3144 2982 quas
3194 2914 3286 2971 ille
3324 2932 3567 2990 praeceps

1971 2994 2227 3063 amentia,
2252 2998 2411 3051 enisis
2453 3002 2851 3071 prostratisque
2875 3007 3236 3071 amissis-is
3268 3011 3407 3069 lucis
3436 3013 3565 3069 sub-

1970 3088 2329 3143 structionum
2374 3090 2583 3147 uisanis
2633 3094 2865 3150 moiibus
2912 3087 3265 3169 oppresserat.
3311 3119 3326 3158 :
3371 3113 3564 3160 vestrae

1895 3192 1941 3258 ρ
1972 3187 2085 3235 tum
2124 3195 2259 3247 arat,
2314 3191 2508 3243 vestra:
2548 3186 2846 3258 religiones
2892 3190 3210 3263 viguerunt,
3259 3205 3435 3254 vesana
3483 3200 3567 3255 vis

1974 3273 2161 3341 valuit,
2215 3290 2375 3346 quam
2412 3277 2512 3333 ille
2536 3283 2685 3337 omni
2722 3282 2940 3339 scolae
2988 3287 3257 3356 polluerat
3300 3307 3321 3341 ι
3344 3288 3564 3362 (οἰκῇ,

1971 3375 2102 3429 orat.
2134 3366 2204 3423 58
2230 3385 2326 3434 pro
2354 3368 2565 3437 Hilam,
2589 3389 2641 3441 p.
2667 3373 2838 3433 556a
2863 3375 3018 3449 αφ).
3044 3377 3201 3437 Prius
3227 3395 3358 3443 vero
3372 3395 3570 3441 auctor

1972 3470 2161 3519 noster
2202 3461 2421 3521 dixerat
2448 3484 2467 3520 :
2494 3465 2659 3523 οιιιιι
2706 3472 3098 3537 substructione,
3144 3473 3198 3528 id
3237 3484 3346 3543 est,
3377 3478 3569 3537 subtus

1969 3556 2209 3621 su'uatis,
2227 3558 2484 3627 etipositis
2495 3560 2704 3615 ossibus
2717 3558 2893 3619 fulciri
2914 3564 3130 3635 (Arnob.
3148 3604 3168 3633 ,
3194 3565 3233 3620 l.
3246 3582 3323 3629 ιιι,
3341 3585 3395 3638 ρ.
3418 3569 3568 3642 107).

2045 3647 2366 3705 Subuculam
2386 3662 2541 3707 vocat
2557 3653 2828 3711 Arnobius
2842 3671 3016 3726 genus
3048 3660 3237 3727 vestis,
3250 3675 3358 3731 qua
3370 3662 3569 3721 subter

1969 3742 2104 3799 alias
2142 3742 2392 3799 homines
2440 3744 2735 3805 induuntur
2761 3747 2978 3821 (Idem,
3035 3752 3125 3807 lib.
3154 3768 3214 3821 tt,
3248 3771 3311 3825 'p.
3338 3755 3463 3829 ὃὸ).
3497 3759 3568 3815 At

1973 3831 2114 3887 banc
2141 3849 2263 3890 esse
2304 3834 2447 3889 illius
2478 3837 2713 3895 nominis
2750 3840 3210 3911 signiﬁcationem
3258 3863 3362 3903 non
3396 3848 3564 3906 Varro

1973 3932 2181 3981 tantum
2209 3936 2262 3983 et
2278 3925 2496 3991 Nonius
2524 3929 2846 3999 ostendunt,
2873 3934 2971 3990 sed
3021 3935 3076 3992 id
3114 3937 3364 3996 omnibus
3376 3943 3565 3999 mni-

1970 4016 2167 4073 festum
2212 4033 2334 4074 esse
2373 4021 2570 4075 asserit
2599 4020 2814 4091 Festus,
2857 4027 2950 4098 qui
2995 4036 3171 4086 tamen
3218 4031 3420 4102 adjecit
3469 4035 3567 4093 illo

1967 4111 2148 4168 adhuc
2166 4112 2456 4184 signiﬁcari
2474 4130 2649 4185 genus
2675 4117 2791 4183 libi,
2823 4118 2965 4190 quod
2988 4121 3093 4183 diis
3117 4138 3183 4180 ex
3203 4123 3395 4196 halica,
3418 4128 3561 4199 oleo,

1968 4208 2241 4278 melleque
2260 4208 2495 4264 dabatur
2520 4208 2735 4282 (Vana,
2760 4210 2859 4267 lib.
2885 4229 2940 4267 tv
2960 4213 3203 4289 deLing.
3241 4219 3355 4285 lat.,
3384 4239 3439 4290 p.
3471 4222 3566 4288 '55;

1970 4297 2139 4363 Nam,
2173 4315 2290 4370 cap.
2320 4315 2429 4366 xw,
2459 4317 2607 4358 nunt.
2635 4301 2729 4367 36;
2766 4302 2911 4375 Fest.
2951 4309 3022 4361 ad
3044 4310 3191 4365 verb.
3228 4310 3562 4389 Suwcuu).

1967 4391 2169 4451 Verum
2220 4393 2387 4465 priori
2430 4411 2599 4455 sensu
2646 4398 2779 4456 illud
2822 4400 2896 4458 ab
2941 4403 3180 4462 Arnobio
3214 4409 3390 4484 accipi
3434 4412 3564 4471 inde

1966 4485 2168 4558 liquet,
2224 4488 2365 4559 quod
2422 4492 2683 4549 continuo
2740 4492 2845 4549 alia
2904 4499 3130 4554 vestium
3184 4515 3382 4573 genera
3432 4504 3563 4565 huic

1893 4585 1948 4647 Β
1971 4578 2266 4649 subiungit.

2047 4672 2395 4745 Suminatam,
2428 4677 2480 4735 in
2515 4681 2882 4750 manuscripto
2907 4684 3058 4759 regio
3106 4687 3291 4748 codice
3312 4695 3561 4757 utamini-

1972 4775 2146 4821 natam
2173 4783 2376 4825 carmen
2404 4769 2631 4840 legimus
2666 4770 2845 4845 (Ann,
2878 4774 2969 4831 lib.
3015 4793 3091 4845 tu,
3122 4799 3241 4853 pag.
3296 4783 3404 4857 75).
3451 4788 3561 4845 Sed

1970 4859 2222 4914 mendum
2254 4860 2457 4916 librarii
2485 4877 2609 4918 cum
2647 4864 2912 4922 vidissent
2938 4868 3130 4927 borum
3160 4875 3416 4949 librorum
3444 4880 3560 4937 edi-

1970 4954 2104 5011 tioni
2153 4955 2427 5024 prmfecti,
2482 4958 2845 5023 emendarnnt
2892 4964 3174 5029 scribendo
3216 4972 3552 5034 ominatum.

1970 5045 2123 5115 Quod
2141 5047 2183 5101 si
2211 5047 2422 5117 placeat
2440 5051 2729 5115 correctio,
2753 5066 2855 5109 vox
2873 5056 3183 5131 sumimtaja
3201 5065 3411 5123 sumine
3427 5083 3559 5139 pro-

1968 5142 2221 5199 culdubio
2248 5141 2547 5198 derivatur.
2579 5143 2783 5201 Nonius
2813 5158 2994 5204 autem
3023 5151 3301 5214 Marcellus
3345 5162 3559 5220 tradidit

1965 5253 2158 5293 sumen
2201 5237 2269 5294 ab
2310 5239 2547 5308 antiquis
2596 5238 2705 5301 disi
2756 5243 2995 5305 mulieris
3025 5264 3314 5308 mammam
3361 5254 3553 5329 (Nam,

1966 5349 2085 5401 cap.
2115 5348 2203 5397 xv,
2227 5330 2392 5403 δῦά).
2423 5333 2528 5390 Alii
2554 5350 2690 5391 vero
2728 5338 3038 5401 minimam
3058 5359 3239 5407 sumen
3266 5363 3387 5408 esse
3417 5367 3553 5411 ven-

1969 5425 2068 5481 tris
2093 5440 2156 5479 ac
2193 5426 2471 5493 speciatim
2506 5428 2648 5484 suilli
2668 5439 2906 5501 partem,
2955 5452 3078 5507 qua:
3106 5440 3264 5499 ubera
3288 5446 3550 5508 continet.

1968 5520 2127 5578 Unde
2151 5520 2300 5575 aiunt
2328 5520 2626 5579 Martialem
2651 5526 2915 5584 cecinisse
2945 5548 2959 5585 :

2052 5610 2187 5662 Esse
2197 5610 2255 5723 ὧι
2266 5610 2294 5686 )_
2308 5618 2455 5675 putas
2466 5615 2690 5687 nondum
2704 5631 2902 5692 sumen,
2924 5622 3001 5675 sic
3023 5626 3179 5681 “huc
3196 5634 3352 5694 prem

2155 5672 2196 5725 Ε
2249 5682 2339 5731 uit,
2360 5680 2413 5726 et
2435 5690 2542 5727 vivo
2558 5678 2685 5729 lacte
2711 5680 2883 5731 papilla
2907 5690 3083 5731 tumet-

2325 5709 2339 5735 ,
2360 5690 2413 5726 et
2435 5690 2542 5727 vivo
2558 5690 2685 5751 laete
2710 5690 3083 5751 papilla_tumet.

2590 5739 2854 5825 (atumat,
2872 5740 2955 5799 lib.
2982 5761 3051 5813 in,
3086 5765 3235 5820 epigr.
3257 5759 3365 5825 44.)

2032 5820 2106 5883 (l)
2140 5820 2219 5871 Al.
2244 5822 2362 5873 Esse
2381 5826 2510 5884 potes
2533 5821 2733 5873 nudum.
