4172 6252
670 292 767 348 711

1951 290 2394 352 DISSERTATIO
2431 295 2708 353 PREVIA
2775 313 2780 316 ·
3847 297 3937 355 ιιι

667 407 996 464 Suminalam
1026 418 1154 461 vero
1173 418 1390 462 carnem
1415 403 1680 459 ArIIObiUS
1701 418 1819 460 eam
1849 407 2100 484 appellat,
2129 426 2245 478 qua:
2273 413 2325 474 Α
2425 412 2633 467 Trilices
2674 420 2858 474 vestes,
2903 424 2933 462 a
2966 409 3136 466 tribus
3174 410 3312 466 liciis
3333 453 3346 476 ,
3377 411 3452 466 ait
3478 411 3745 476 lsidorus,
3788 413 3935 471 dictu:

672 511 739 553 ex
771 498 874 552 illis
904 497 1104 552 ventris
1133 498 1272 552 suilli
1306 497 1544 564 partibus
1569 496 1849 568 desumpta
1879 509 1981 565 est,
2014 502 2167 555 sicuti
2195 517 2261 556 ex

671 591 1044 660 superioribus
1069 591 1187 660 ejus
1216 590 1397 646 verbis
1425 590 1647 661 intelligi
1678 593 1832 645 facile
1861 603 2057 663 potest.

742 685 985 756 Suppara
1014 683 1200 750 Varro,
1225 685 1380 755 paulo
1397 693 1522 739 ante
1539 685 1753 750 citatus,
1775 685 1933 740 docet
1949 701 2069 741 esse
2092 688 2255 757 quod.

669 779 792 835 dant
821 795 990 850 genus
1034 779 1217 842 vestis,
1262 795 1363 848 qua
1409 779 1848 849 superinduimur
1874 780 2049 851 (Arn.,
2081 781 2168 834 lib.
2201 799 2258 850 11,

673 892 728 945 p.
778 873 885 939 56;
927 871 1105 940 Varr.,
1133 873 1172 927 l.
1203 889 1254 927 1v
1283 873 1347 926 de
1372 870 1523 944 Ling.
1559 873 1677 940 lat.,
1709 890 1827 944 pag.
1859 871 1972 945 28).
2003 873 2264 940 Quocirca

674 967 920 1023 Lucanus
945 966 1141 1022 cecinit
1167 983 1181 1020 :

769 1084 985 1147 Suppara
1007 1081 1212 1132 nudatos
1234 1082 1438 1146 cingunt
1461 1091 1667 1144 angusta
1689 1081 1915 1132 lacertos.

1327 1165 1550 1229 (Lucam,
1578 1164 1665 1218 lib.
1687 1181 1738 1224 ιι,
1767 1179 1890 1216 vers.
1909 1166 2046 1229 555.)

678 1250 792 1306 Non
821 1251 1013 1306 desunt
1029 1261 1223 1316 tamen,
1251 1249 1339 1321 qui
1363 1265 1653 1320 supparum
1683 1250 1822 1305 idem
1840 1266 1902 1305 ac
1923 1249 2262 1315 subuculam,

680 1347 748 1404 de
778 1362 879 1416 qna
904 1346 1058 1416 paulo
1083 1361 1242 1416 supra
1263 1345 1518 1411 diximus,
1544 1361 1665 1401 esse
1687 1348 1996 1417 Opinentur.
2019 1344 2122 1399 Sed
2146 1360 2266 1399 cum

681 1453 868 1496 auctor
906 1450 1091 1496 noster
1121 1456 1183 1496 ea
1215 1441 1343 1496 satis
1369 1450 1555 1510 aperte
1585 1440 1911 1502 distinxerit,
1947 1439 2100 1493 nobis
2127 1437 2268 1494 haud

681 1549 902 1603 prorsus
930 1534 1147 1589 dubium
1170 1545 1249 1588 est
1277 1549 1589 1603 supparum,
1612 1534 1722 1600 illa,
1753 1548 1910 1604 quam
1941 1532 2264 1600 notavimus,

682 1628 1090 1700 signiﬁcatione,
1123 1629 1188 1684 ab
1212 1630 1328 1699 ipso
1354 1628 1619 1684 adhiberi.

757 1723 1139 1794 ngplegmata
1195 1724 1480 1777 mimorum
1549 1734 1698 1777 vocat
1751 1723 2022 1779 Arnobius
2083 1737 2268 1777 eorum

684 1816 1017 1886 complexus,
1049 1815 1474 1886 complexiones,
1511 1825 1566 1870 et
1611 1815 2051 1885 complicationes
2093 1814 2269 1885 (Arta,
2301 1827 2350 1887 Β

687 1909 777 1964 lib.
811 1926 900 1975 v11,
929 1927 1047 1981 pag.
1077 1909 1230 1980 259).
1265 1908 1521 1963 Martialis
1550 1918 1728 1965 autem
1760 1909 1986 1964 canebat
2019 1925 2032 1960 :

783 2023 1042 2084 Praestent,
1069 2030 1120 2072 et
1159 2030 1368 2080 taceant,
1393 2023 1508 2086 quid
1535 2023 1745 2072 exsoleti

686 2101 702 2149 ᾗ
782 2087 887 2146 Quo
909 2086 1257 2150 symplegmate
1281 2088 1498 2148 quinque
1525 2087 1832 2148 cepolentur.

1295 2168 1551 2236 (Martial.,
1579 2170 1659 2221 lib.
1690 2186 1774 2231 xu,
1798 2169 1954 2234 epigr.
1983 2168 2088 2232 45.)

760 2280 1051 2335 Textricula
1081 2282 1252 2352 puella
1288 2281 1502 2334 nomine
1528 2277 1702 2331 adhuc
1731 2276 2052 2330 ditninutivo
2077 2275 2144 2328 ab
2173 2276 2274 2328 Ar-

691 2374 852 2430 nohio
905 2384 1087 2428 nostro
1141 2382 1477 2443 nuncupatur
1505 2371 1679 2441 (Ann,
1724 2368 1811 2422 lib.
1863 2384 1913 2431 v,
1947 2384 2073 2438 pag.
2125 2367 2273 2432 166),

692 2468 840 2538 quasi
872 2468 1088 2522 minima
1132 2467 1348 2532 textrix,
1390 2479 1509 2533 quae
1548 2461 1756 2516 scilicet
1803 2459 2001 2530 aliquid
2041 2459 2274 2514 nondum

693 2561 849 2616 docta
877 2577 1034 2615 manu
1064 2559 1297 2614 texebat.

767 2653 970 2723 Tiputa,
1001 2654 1050 2707 in
1098 2648 1459 2717 manuscripto
1498 2646 1684 2702 codice
1733 2646 1968 2716 In‘ppula,
2001 2645 2095 2700 sed
2137 2644 2278 2699 male

699 2745 914 2819 (ldem.,
942 2747 1029 2801 lib.
1060 2761 1118 2808 11,
1149 2763 1201 2814 p.
1231 2739 1345 2813 84).
1377 2740 1568 2810 Tipnla
1596 2751 1774 2793 autem
1807 2746 1890 2793 est
1919 2737 2129 2806 species
2158 2751 2278 2790 ver-

695 2843 819 2908 mis,
853 2857 946 2896 seu
973 2838 1232 2902 araneoli,
1261 2850 1355 2890 sex
1390 2835 1591 2890 habens
1625 2833 1807 2903 pedes,
1840 2841 1998 2885 tantae
2027 2831 2278 2896 levitatis,

698 2948 934 3007 utsnper
972 2948 1136 3005 aquas
1177 2929 1452 3001 gradiatur
1483 2949 1496 2983 :
1537 2927 1676 2981 unde
1708 2927 1795 2980 hic
1824 2925 1996 2978 Plauti
2042 2939 2231 2979 versus
2262 2940 2275 2976 :

787 3051 964 3115 Neque
987 3047 1152 3111 tipulze
1169 3044 1329 3096 levius
1347 3042 1534 3106 pondus
1553 3047 1647 3100 est,
1671 3052 1814 3104 quam
1838 3037 1962 3087 ﬁdes
1985 3037 2214 3087 lenoniae.

1223 3127 1432 3193 (Plaut.,
1452 3129 1618 3186 Pers.,
1637 3129 1734 3174 act.
1759 3137 1814 3184 11,
1835 3135 1964 3174 scen.
1992 3121 2063 3184 2).

697 3250 729 3316 Γ
769 3246 964 3302 Trabea
1007 3248 1122 3297 erat
1151 3238 1348 3303 vestis,
1391 3234 1544 3304 cujus
1572 3231 1766 3302 triplex
1811 3244 2001 3301 genus.
2044 3228 2278 3282 Primum
2307 3213 2351 3276 C

699 3355 930 3415 purpura
987 3336 1182 3391 factum
1235 3333 1341 3387 diis
1385 3327 1799 3386 consecrabatur
1847 3323 2022 3397 (Arn.,
2075 3322 2164 3376 lib.
2223 3337 2281 3389 ιι,

701 3454 820 3508 pag.
853 3431 966 3506 56).
1019 3427 1174 3484 Aliud
1208 3441 1412 3496 regum,
1443 3432 1499 3478 et
1527 3420 1657 3475 illud
1686 3432 1896 3489 quoque
1928 3430 2280 3487 purpureum,

701 3529 792 3584 sed
823 3526 926 3581 albi
951 3523 1148 3594 aliquid
1171 3518 1369 3576 coloris
1397 3517 1618 3571 mixtum
1649 3512 1896 3567 habebat.
1927 3509 2166 3565 Tertium
2193 3524 2286 3562 au-

700 3619 905 3693 gurale,
957 3629 1182 3687 purpura
1227 3613 1449 3666 mixtum
1491 3619 1546 3663 et
1593 3621 1776 3661 cocco.
1827 3603 2104 3674 Frequens
2144 3602 2285 3656 illius

701 3714 838 3784 apud
866 3713 1038 3768 bonos
1067 3717 1312 3762 auctores
1349 3703 1567 3760 mentio.
1600 3699 1813 3754 Videsis
1841 3697 2154 3754 Suetonium
2189 3694 2282 3748 lib.

702 3807 769 3864 de
797 3819 992 3879 genere
1014 3801 1258 3865 vestium,
1292 3797 1478 3852 lsidor.
1518 3795 1610 3849 lib.
1647 3792 1736 3847 19.
1766 3791 1972 3861 Origin.
2015 3788 2190 3858 capite
2215 3787 2286 3842 ‘24-

702 3911 759 3958 et
782 3901 1005 3954 aliorum
1034 3896 1101 3952 de
1129 3909 1188 3951 re
1213 3891 1462 3948 vestiaria
1491 3889 1678 3943 libros.

772 3994 1081 4067 Trapetum,
1123 4005 1216 4044 seu
1267 3997 1480 4055 trapes,
1522 3981 1665 4037 mola
1704 3987 1787 4035 est
1833 3977 2032 4034 olearia
2080 3974 2280 4047 (lbid.,

703 4108 757 4164 p.
789 4089 900 4160 59).
933 4086 1180 4158 Virgilius
1205 4083 1401 4154 quippe
1431 4078 1564 4134 dixit
1594 4095 1608 4131 :

796 4203 948 4254 Venit
969 4188 1153 4264 hyems,
1171 4191 1766 4266 teritur‘Sicxonialbacca
1789 4188 2011 4266 trapetis:

1186 4257 1409 4324 (Vit-91L,
1432 4248 1514 4307 lib.
1541 4271 1572 4304 ιι
1599 4255 1794 4318 Georg,
1820 4248 1940 4301 vers.
1963 4248 2097 4308 519).

703 4381 873 4449 Quem
898 4375 952 4430 in
984 4384 1193 4428 versum
1219 4368 1436 4424 Servius
1463 4382 1475 4418 :
1512 4360 1767 4430 Trapetis,
1797 4357 1992 4426 inquit,
2021 4353 2168 4408 molis
2189 4352 2286 4407 oli-

705 4476 903 4531 varibus
923 4513 938 4540 ,
970 4479 1015 4525 et
1043 4467 1324 4524 declinatur
1353 4471 1604 4532 trapetum
1643 4459 1770 4513 sicut
1800 4455 2062 4524 templum.
2095 4452 2284 4506 Teren-

704 4567 873 4623 tianus
901 4581 920 4620 :
953 4562 1085 4629 Quas
1123 4575 1273 4631 super
1299 4555 1524 4610 insidens
1553 4562 1775 4620 trapeto:
1806 4549 1952 4618 signa
1979 4546 2116 4617 gyris
2155 4556 2284 4598 tem-

707 4671 869 4734 perat.
919 4613 1064 4724 ρῖιοά
1114 4613 1324 4707 nte'trum
1375 4659 1552 4714 aptum
1619 4652 1689 4699 est
1748 4643 1933 4697 olivam
1990 4637 2282 4693 terentibus.
2312 4613 2364 4673 Ῑ)

708 4731 913 4814 Videsis
935 4752 1188 4808 Catonem
1213 4746 1301 4800 lib.
1332 4742 1398 4798 de
1430 4740 1505 4796 Re
1532 4737 1750 4802 rustica,
1782 4751 1902 4805 cap.
1928 4733 2000 4788 20
2027 4743 2080 4788 et
2105 4731 2198 4797 22,
2227 4745 2289 4786 ac

703 4847 1057 4908 Columellam
1084 4843 1171 4898 lib.
1203 4838 1348 4905 u,de
1379 4836 1456 4891 Rc
1480 4833 1703 4900 rustica,
1737 4846 1856 4902 cap.
1887 4830 1977 4894 50,
1998 4837 2052 4884 et
2082 4826 2176 4882 lib.
2208 4842 2286 4894 ιιι,

704 4944 1010 5097 gilium,
1036 5047 1128 5086 seu
1150 5027 1397 5084 trihulum
1419 5023 1546 5096 quid
1572 5022 1640 5078 sit
1663 5019 1902 5094 (Arnob.,
1929 5016 2106 5088 ibid.),
2128 5015 2287 5072 docet

706 5131 847 5189 idem
879 5125 1101 5185 Servius
1133 5125 1179 5180 in
1211 5124 1312 5178 hoc
1341 5119 1542 5188 Virgilii
1572 5131 1788 5172 carmen
1819 5131 1832 5167 :

797 5243 1115 5306 Tribulaque,
1137 5239 1452 5306 tr_al1_eaeque,_
1460 5240 1515 5306 et
1534 5226 2124 5306 iniquo_pondere‘rast‘ri.

1165 5288 1392 5365 (Virgil.,
1419 5288 1501 5345 lib.
1527 5309 1544 5342 1
1570 5288 1764 5358 Georg.,
1790 5303 1911 5341 vers.
1936 5288 2068 5352 164.)

778 5392 996 5450 Tribula
1035 5389 1170 5445 enim
1193 5428 1209 5455 ,
1243 5381 1411 5454 inquit
1441 5380 1551 5444 ille,
1586 5387 1668 5431 est
1701 5396 1721 5428 ‹
1765 5391 1934 5446 genus
1960 5373 2192 5429 vehiculi
2223 5389 2289 5429 ex

707 5488 854 5547 omni
887 5495 1037 5557 parte
1067 5482 1337 5538 dentatum
1356 5517 1374 5544 ,
1401 5472 1543 5529 unde
1575 5480 1818 5527 teruntur
1847 5471 2111 5525 frumenta
2134 5511 2150 5535 ,
2182 5483 2288 5538 quo

705 5580 940 5638 maxime
970 5576 1024 5632 in
1054 5574 1224 5630 Africa
1256 5569 1565 5624 utebantur.
1603 5582 1620 5614 1
1655 5562 1791 5626 Adi,
1821 5562 1866 5616 si
1897 5561 2047 5626 velis,
2085 5558 2284 5614 Varro-

704 5690 830 5730 nem
851 5715 864 5737 ,
895 5671 992 5726 lib.
1022 5684 1078 5724 1v
1119 5666 1180 5722 de
1211 5664 1364 5734 Ling.
1399 5659 1517 5723 lat.,
1559 5670 1680 5727 pag.
1727 5655 1781 5720 6,
1812 5663 1865 5708 et
1895 5654 1987 5708 lib.
2037 5669 2056 5706 1
2089 5652 2157 5708 de
2207 5652 2287 5709 Re

706 5776 869 5831 rust.,
911 5779 1028 5832 cap.
1062 5760 1157 5825 δὴ
1212 5752 1599 5817 Columellam,
1642 5748 1736 5804 lib.
1772 5763 1790 5802 1
1843 5745 1912 5802 de
1955 5745 2032 5800 Re
2073 5761 2287 5816 quoque

709 5861 927 5929 rustica,
958 5871 1078 5928 cap.
1104 5853 1155 5923 (ι,
1187 5860 1242 5908 ct
1266 5851 1360 5907 lib.
1391 5865 1452 5919 ιι,
1483 5861 1600 5919 cap.
1631 5843 1719 5900 2L

2367 504 2605 574 (Aruob.,
2641 505 2727 558 lib.
2765 519 2836 569 1v,
2867 519 2986 574 pag.
3023 503 3170 574 1M).
3201 502 3354 574 Apud
3391 503 3671 575 Virgilium
3703 506 3839 562 enim
3868 508 3936 565 Ie-

2367 612 2540 667 gunus
2565 615 2578 650 :

2463 710 2682 760 Loricam
2706 717 2980 761 consertam
3005 710 3176 771 hamis,
3205 723 3426 775 auroque
3453 711 3684 762 trilicem.

2827 790 3054 858 (Virgil.,
3075 792 3158 844 lib.
3183 811 3234 845 111
3257 793 3471 857 £neid.,
3493 807 3617 847 vers.
3640 795 3777 860 467.)

2369 905 2439 960 Et
2463 905 2568 960 alio
2595 906 2646 960 in
2673 905 2810 962 libro
2837 924 2850 960 :

2461 1016 2685 1068 Laevibus
2702 1017 2815 1068 huic
2837 1017 2997 1068 hamis
3019 1025 3294 1068 consertam
3330 1031 3549 1082 auroque
3574 1018 3809 1069 trilicem.

3267 1099 3392 1165 (Lib.
3419 1117 3466 1165 v,
3491 1115 3617 1155 vers.
3640 1103 3780 1167 259.)

2368 1207 2426 1264 In
2461 1207 2694 1278 priorem
2721 1219 2901 1265 autem
2926 1224 3142 1265 versum
3174 1208 3413 1274 Servius,
3441 1207 3705 1279 Trilicem,
3729 1211 3805 1266 ait
3823 1211 3937 1265 trino

2371 1321 2502 1360 nexu
2530 1305 2795 1360 intextam.

2445 1397 2675 1451 Trullam
2718 1406 2772 1450 et
2811 1395 3032 1451 trulleos
3080 1405 3344 1451 memorat
3385 1395 3654 1451 Arnobius
3695 1395 3948 1468 (Arnob.,

2373 1492 2460 1546 lib.
2495 1508 2566 1558 11,
2599 1509 2717 1562 pag.
2743 1490 2812 1546 56
2843 1500 2887 1543 et
2918 1489 3036 1562 59).
3066 1489 3247 1545 Trulla
3280 1502 3488 1557 autem,
3519 1490 3951 1560 quemadmodum

2370 1599 2402 1638 a
2431 1583 2669 1638 Varrone
2700 1583 2976 1649 discimus,
3008 1582 3150 1637 idem
3178 1598 3240 1637 ac
3269 1585 3458 1654 ingens
3487 1583 3762 1650 cot‘hlear,
3793 1595 3849 1640 et
3873 1601 3952 1640 vas

2372 1677 2633 1732 vinarium
2674 1685 2830 1732 sonat
2866 1675 3076 1747 (Varr.,
3127 1675 3214 1730 lib.
3248 1692 3299 1730 1v
3327 1675 3389 1729 de
3416 1675 3574 1747 Ling.
3614 1677 3724 1742 lat.,
3756 1694 3813 1747 p.
3847 1678 3951 1745 29).

2375 1772 2467 1828 Sic
2506 1780 2683 1827 autem
2714 1771 2841 1826 ille:
2881 1789 2900 1823 ‹
2931 1769 3146 1837 Trulla,
3183 1789 3202 1823 ι
3252 1771 3458 1841 inquit,
3500 1789 3519 1822 ι
3563 1785 3591 1823 a
3617 1770 3959 1827 similitudine

2379 1875 2544 1932 trum,
2588 1881 2707 1936 quae
2750 1863 2892 1934 quod
2933 1879 3123 1934 magna
3145 1905 3160 1929 ,
3189 1873 3244 1918 et
3272 1863 3388 1918 hinc
3432 1863 3650 1932 pusilla,
3683 1876 3739 1917 ut
3768 1864 3956 1918 truula.

2377 1959 2516 2013 Hinc
2545 1959 2702 2028 graeci
2731 1958 2987 2033 τρυϐλίον,
3021 1972 3117 2011 nos
3146 1957 3379 2010 trullam.
3411 1955 3569 2010 Trnre
3597 1973 3715 2027 qua:
3739 1972 3768 2008 a
3797 1957 3959 2011 culina

2377 2056 2429 2109 in
2460 2055 2775 2109 lavatrinam
2797 2068 2993 2122 aquam
3021 2051 3268 2106 fundunt.
3295 2050 3460 2116 'I‘rua,
3488 2051 3631 2121 quod
3661 2051 3885 2105 travolat
3904 2065 3956 2105 ea

2377 2164 2549 2218 aqua;
2598 2149 2665 2203 ab
2711 2146 2904 2201 eodem
2952 2153 3035 2201 est
3081 2145 3409 2215 appellatum
3460 2143 3734 2198 trullenm.
3783 2142 3958 2199 Simile

2378 2242 2518 2296 enim
2551 2240 2737 2311 ﬁgura,
2763 2240 2864 2294 nisi
2893 2237 3036 2309 quod
3061 2237 3218 2292 latius
3241 2237 3471 2304 concipit
3499 2252 3719 2306 aquam,
3741 2247 3798 2290 et
3825 2236 3949 2307 quod

2379 2335 2713 2390 manubrium
2737 2350 2924 2388 cavum
2953 2348 3060 2388 non
3088 2343 3190 2399 est,
3223 2332 3325 2386 nisi
3353 2331 3556 2386 vinaria
3591 2331 3745 2385 trulla
3787 2343 3959 2384 acces-

2379 2427 2467 2481 sit.
2499 2445 2517 2477 1
2555 2425 2723 2480 Priori
2754 2434 2929 2479 autem
2961 2440 3125 2479 sensu
3153 2440 3182 2477 a
3211 2423 3406 2487 Plinio,
3440 2433 3494 2478 et
3521 2422 3803 2494 posteriori
3835 2439 3860 2473 :1
3885 2420 3962 2477 Ci-

2385 2533 2582 2574 cerone
2610 2517 2869 2587 accipitur
2887 2557 2902 2584 ,
2930 2515 3018 2569 nhi
3044 2516 3120 2571 sic
3146 2515 3419 2570 invehitur
3445 2515 3498 2569 in
3533 2515 3749 2570 Verrem
3777 2513 3960 2584 (Plin.,

2381 2611 2469 2667 lib.
2498 2627 2704 2666 xxxvn.
2733 2621 2902 2663 natur.
2940 2607 3104 2676 llist.,
3127 2626 3245 2678 cap.
3274 2609 3330 2676 2,
3358 2625 3410 2679 p.
3437 2608 3570 2674 562;
3599 2607 3729 2674 Cic.,
3762 2617 3893 2662 orat.
3913 2606 3961 2671 4,

2380 2716 2543 2760 contr.
2586 2703 2810 2769 Verrem,
2842 2721 2894 2773 p.
2923 2702 3067 2773 172).
3108 2721 3127 2752 ‹
3159 2702 3285 2757 Erat
3307 2705 3468 2757 etiam
3501 2718 3597 2755 vas
3623 2701 3885 2755 vinarium
3906 2713 3963 2754 ex

2382 2816 2486 2854 una
2527 2814 2733 2869 gemma
2767 2797 3081 2870 pergrandi,
3112 2797 3270 2852 trulla
3313 2806 3597 2861 excavata,
3637 2813 3762 2852 cum
3794 2811 3963 2851 manu-

2381 2894 2499 2950 brio
2528 2909 2808 2948 aureo.....
2837 2893 2995 2948 Mittit
3025 2892 3185 2946 etiam
3235 2893 3448 2946 trullam
3480 2907 3784 2963 gemmeam
3829 2907 3962 2960 roga

2387 2995 2521 3052 tum,
2548 2987 2684 3042 velle
2709 3003 2826 3043 eam
2851 3003 2911 3043 se
2931 2985 3240 3056 diligentius
3266 2985 3646 3050 considerare;
3672 3001 3733 3040 ea
3768 2998 3965 3056 quoque

2384 3083 2431 3137 ei
2462 3083 2708 3137 mittitur.
2746 3102 2764 3134 ι
2795 3081 3069 3138 Juvenalis
3112 3097 3240 3137 vero
3285 3097 3379 3137 vas
3414 3080 3682 3152 potorium
3720 3096 3847 3137 esse
3875 3079 3963 3136 hoc

2385 3176 2647 3247 signiﬁcat
2680 3190 2837 3230 versu
2871 3194 2886 3230 :

2479 3295 2534 3343 Si
2551 3293 2694 3344 trulla
2715 3295 2913 3344 inverso
2936 3295 3178 3344 crepitum
3201 3296 3341 3344 dedit
3363 3307 3512 3344 aurea
3535 3294 3703 3343 fundo.

2988 3355 3257 3420 (Juvenal.,
3279 3356 3417 3408 satir.
3442 3358 3491 3419 5,
3509 3370 3636 3409 vers.
3660 3357 3796 3420 108).

2389 3462 2561 3532 Atque
2585 3461 2747 3516 etiam
2772 3460 3026 3516 Horatius
3051 3479 3064 3515 :

2481 3577 2572 3642 Qui
2597 3575 2923 3642 Veientanum
2946 3576 3085 3642 festis
3109 3586 3280 3642 potare
3301 3579 3483 3630 diebus

2479 3637 2716 3702 Campana
2747 3639 2920 3690 solitus
2945 3637 3429 3707 trulla,‘vappamque
3457 3641 3699 3706 profestis.

2637 3722 2855 3782 (Horat.,
2879 3719 2961 3772 lib.
2988 3738 3038 3786 11,
3064 3721 3203 3773 satir.
3228 3728 3277 3785 5,
3300 3738 3424 3776 vers.
3448 3726 3539 3776 145
3557 3733 3600 3775 et
3634 3730 3795 3792 seqq.)

2387 3825 2597 3881 Videsis
2619 3842 2879 3897 praeterea
2902 3828 3120 3884 citatum
3136 3829 3246 3901 jam
3269 3846 3298 3884 a
3323 3831 3478 3887 nobis
3496 3831 3744 3888 Plautum
3767 3834 3967 3906 (Supr.,

2387 3920 2455 3973 ad
2486 3921 2620 3975 verb.
2656 3920 3005 3996 LANCILULA),
3036 3937 3137 3978 nec
3165 3940 3272 3978 non
3302 3923 3621 3988 Martialem,
3647 3926 3742 3980 lib.
3762 3942 3833 3992 1x,
3861 3928 3972 3996 epi-

2387 4028 2559 4084 gram.
2597 4013 2696 4079 98;
2731 4015 2990 4082 Plinium,
3024 4015 3119 4072 lib.
3154 4033 3315 4072 xxxIv
3367 4017 3491 4073 Nat.
3527 4019 3740 4086 histor.,
3769 4034 3885 4088 cap.
3916 4019 3970 4084 2,

2387 4122 2508 4177 pag.
2533 4105 2623 4164 9t.
2647 4109 2928 4175 Catonem,
2958 4107 3026 4163 de
3053 4107 3130 4163 Re
3159 4112 3378 4176 rustica,
3410 4126 3528 4180 cap.
3558 4112 3630 4167 10
3656 4121 3705 4168 et
3730 4112 3816 4176 l1,
3840 4120 3898 4165 et
3924 4112 3974 4165 in

2387 4197 2663 4253 Juvenalis
2712 4214 2928 4255 carmen
2979 4203 3374 4256 annotationes.
3425 4201 3666 4273 Denique
3704 4203 3861 4258 trulla
3898 4211 3976 4258 est

2387 4295 2799 4350 instrumentum
2839 4296 3169 4351 ctementarii
3214 4298 3462 4352 omnibus
3508 4310 3697 4354 notum
3733 4300 3872 4355 :sed
3913 4313 3975 4353 eo

2390 4405 2554 4447 sensu
2577 4393 2644 4446 ab
2670 4391 2908 4446 Arnobio
2934 4406 3042 4446 non
3070 4391 3301 4446 sumitur
3324 4391 3561 4462 (Arnob.,
3586 4395 3676 4447 lib.
3706 4410 3763 4459 ιι,
3791 4414 3844 4466 ρ.
3868 4393 3972 4462 7'5).

2460 4481 2680 4550 Tuceta,
2713 4485 2757 4538 si
2785 4482 3068 4553 Fulgentio
3110 4484 3334 4553 credas,
3382 4485 3624 4540 dicuntur
3662 4504 3789 4542 esca:
3834 4487 3975 4558 regia

2391 4575 2680 4649 (Fulgent.,
2707 4577 2769 4629 de
2789 4577 2955 4646 prisco
2975 4593 3153 4643 serm.,
3178 4595 3320 4632 num.
3337 4576 3417 4649 4).
3433 4578 3646 4636 Callim.
3675 4581 3728 4635 in
3753 4581 3936 4635 Pisaeis
3960 4599 3972 4634 ι

2512 4695 2766 4744 Ambrosio
2778 4693 3006 4745 redolent
3021 4701 3184 4745 tuceta
3206 4707 3396 4759 sapore.

2389 4802 2587 4858 Verum
2617 4800 2888 4857 Johannes
2917 4800 3257 4857 Britannicus
3285 4801 3337 4855 in
3370 4801 3471 4856 hoc
3520 4802 3692 4859 Persii
3721 4819 3936 4861 carmen
3961 4822 3972 4857 :

2831 4894 3053 4944 Grandes
3069 4894 3246 4956 patina:
3260 4900 3530 4958 tucetaque
3549 4909 3733 4947 crassa.

3089 4980 3276 5042 (Pers.,
3299 4977 3437 5029 satir.
3461 4979 3512 5032 2.
3543 4993 3667 5033 vers.
3691 4982 3800 5044 ω.)

2388 5087 2639 5143 observat
2677 5093 2854 5141 tuceta
2894 5099 3062 5155 genus
3103 5099 3224 5141 esse
3274 5084 3569 5140 farciminis
3611 5102 3676 5142 ex
3728 5087 3980 5144 carnibus

2389 5180 2563 5235 suillis
2596 5178 2843 5233 minutim
2881 5177 3132 5233 concisis.
3173 5177 3282 5233 Nec
3311 5193 3452 5249 aegre
3487 5178 3642 5233 nobis
3672 5181 3979 5250 probabitur

2391 5271 2494 5328 hoc
2539 5287 2732 5327 nomen
2773 5269 2865 5326 illo
2904 5284 3064 5325 sensu
3106 5269 3175 5325 ah
3217 5270 3456 5325 Arnobio
3490 5272 3683 5340 accipi.
3727 5272 3981 5342 Apuleius

2392 5379 2520 5420 vero
2563 5363 2752 5419 alicubi
2794 5362 2965 5418 dixit:
2999 5382 3018 5415 ι
3047 5362 3176 5431 Quis
3220 5362 3469 5418 dominus
3513 5365 3739 5434 parabat
3778 5365 3979 5420 viscum

2391 5455 2572 5512 furtim
2613 5455 2910 5518 concisum,
2955 5467 3009 5511 et
3051 5456 3263 5526 pulpam
3305 5457 3568 5512 frustatim
3603 5459 3888 5514 collectam
3917 5458 3980 5511 ad

2391 5563 2585 5619 pascua
2615 5551 2916 5615 virulenta;
2945 5559 2999 5605 et
3025 5549 3239 5619 quidem
3268 5550 3506 5606 naribus.
3532 5550 3651 5606 Jam
3684 5553 3809 5607 mihi
3837 5554 3979 5606 ario-

2389 5649 2540 5705 labar
2568 5659 2805 5706 tucetum
2836 5665 2935 5722 per
2963 5665 3123 5720 quam
3155 5649 3552 5704 suavissimum.
3589 5668 3608 5701 1
3644 5651 3776 5706 Alibi
3809 5663 3980 5704 vero:

2395 5761 2415 5795 ι
2447 5743 2724 5799 Pulmenta
2755 5743 2988 5800 recentia
3019 5743 3210 5800 tacetis
3237 5752 3520 5815 temperat,
3551 5759 3738 5802 mensa
3763 5744 3988 5814 largiter

2391 5838 2646 5900 instructa
2680 5857 2698 5892 ι
2732 5836 2939 5909 (Apul.,
2965 5838 3052 5895 lib.
3081 5853 3118 5894 tl
3147 5837 3384 5906 Metam,
3409 5856 3459 5907 ρ.
3492 5836 3609 5908 9.0).
