  <div class='ocr_page' id='page_1' title='image "/cluster/home/n/w/nwhite01/storage/ocr_20150623/5/hvd.32044073505224/362.png"; bbox 0 0 4230 6266; ppageno 0'>
   <div class='ocr_carea' id='block_1_1' title="bbox 398 280 497 339">
    <p class='ocr_par' dir='ltr' id='par_1_1' title="bbox 398 280 497 339">
     <span class='ocr_line' id='line_1_1' title="bbox 398 280 497 339; baseline -0.02 -1"><span class='ocrx_word' id='word_1_1' title='bbox 398 280 497 339; x_wconf 77' lang='grc'><strong>715</strong></span> 
     </span>
    </p>
   </div>
   <div class='ocr_carea' id='block_1_2' title="bbox 1242 290 2788 375">
    <p class='ocr_par' dir='ltr' id='par_1_2' title="bbox 1242 290 2788 375">
     <span class='ocr_line' id='line_1_2' title="bbox 1242 290 2788 375; baseline 0.015 -26"><span class='ocrx_word' id='word_1_2' title='bbox 1242 290 1522 354; x_wconf 78' lang='grc' dir='ltr'><strong>ΑΒΝΟΒΙΙ</strong></span> <span class='ocrx_word' id='word_1_3' title='bbox 1560 293 1927 360; x_wconf 81' lang='lat' dir='ltr'><strong>ADVERSUS</strong></span> <span class='ocrx_word' id='word_1_4' title='bbox 1964 298 2236 366; x_wconf 81' lang='lat' dir='ltr'><strong>GENTES</strong></span> <span class='ocrx_word' id='word_1_5' title='bbox 2274 303 2477 368; x_wconf 80' lang='lat' dir='ltr'><strong>LIBER</strong></span> <span class='ocrx_word' id='word_1_6' title='bbox 2518 311 2788 375; x_wconf 77' lang='lat' dir='ltr'><strong>PRIMUS.</strong></span> 
     </span>
    </p>
   </div>
   <div class='ocr_carea' id='block_1_3' title="bbox 3580 337 3687 394">
    <p class='ocr_par' dir='ltr' id='par_1_3' title="bbox 3580 337 3687 394">
     <span class='ocr_line' id='line_1_3' title="bbox 3580 337 3687 394; baseline 0.019 -2"><span class='ocrx_word' id='word_1_7' title='bbox 3580 337 3687 394; x_wconf 77' lang='lat' dir='ltr'><strong>7M</strong></span> 
     </span>
    </p>
   </div>
   <div class='ocr_carea' id='block_1_4' title="bbox 468 371 3686 499">
    <p class='ocr_par' dir='ltr' id='par_1_4' title="bbox 468 371 3686 499">
     <span class='ocr_line' id='line_1_4' title="bbox 2615 371 3686 394; baseline 0 0"><span class='ocrx_word' id='word_1_8' title='bbox 2615 371 2642 372; x_wconf 46' lang='grc' dir='ltr'><strong>κν</strong></span> <span class='ocrx_word' id='word_1_9' title='bbox 2669 371 2672 372; x_wconf 53' lang='grc' dir='ltr'><em>ν</em></span> <span class='ocrx_word' id='word_1_10' title='bbox 2696 371 2719 375; x_wconf 65' lang='grc' dir='ltr'>ν</span> <span class='ocrx_word' id='word_1_11' title='bbox 2745 371 2783 374; x_wconf 53' lang='grc' dir='ltr'><strong>-ν</strong></span> <span class='ocrx_word' id='word_1_12' title='bbox 3589 371 3605 392; x_wconf 78' lang='grc' dir='ltr'><strong><em>ι</em></strong></span> <span class='ocrx_word' id='word_1_13' title='bbox 3627 371 3686 394; x_wconf 74' lang='grc'><strong>1⁸1</strong></span> 
     </span>
     <span class='ocr_line' id='line_1_5' title="bbox 468 371 3686 499; baseline 0.014 -75"><span class='ocrx_word' id='word_1_14' title='bbox 468 371 769 429; x_wconf 82' lang='lat' dir='ltr'><strong>Vannorum</strong></span> <span class='ocrx_word' id='word_1_15' title='bbox 820 374 1192 454; x_wconf 82' lang='lat' dir='ltr'><strong>sirpiarumque</strong></span> <span class='ocrx_word' id='word_1_16' title='bbox 1235 386 1423 444; x_wconf 75' lang='lat' dir='ltr'><strong>vitores</strong></span> <span class='ocrx_word' id='word_1_17' title='bbox 1466 391 1518 445; x_wconf 91' lang='lat' dir='ltr'><strong>in</strong></span> <span class='ocrx_word' id='word_1_18' title='bbox 1566 391 1788 450; x_wconf 78' lang='lat' dir='ltr'><strong>Arnobii</strong></span> <span class='ocrx_word' id='word_1_19' title='bbox 1838 405 1984 453; x_wconf 85' lang='lat' dir='ltr'><strong>textu</strong></span> <span class='ocrx_word' id='word_1_20' title='bbox 2011 402 2062 459; x_wconf 85' lang='lat' dir='ltr'><strong>A</strong></span> <span class='ocrx_word' id='word_1_21' title='bbox 2090 402 2384 472; x_wconf 88' lang='lat' dir='ltr'><strong>vindicare,</strong></span> <span class='ocrx_word' id='word_1_22' title='bbox 2411 415 2463 462; x_wconf 91' lang='lat' dir='ltr'><strong>et</strong></span> <span class='ocrx_word' id='word_1_23' title='bbox 2487 394 2734 469; x_wconf 84' lang='lat' dir='ltr'><strong>asserere</strong></span> <span class='ocrx_word' id='word_1_24' title='bbox 2774 411 2960 483; x_wconf 85' lang='lat' dir='ltr'><strong>(lbid.,</strong></span> <span class='ocrx_word' id='word_1_25' title='bbox 2987 414 3075 470; x_wconf 88' lang='lat' dir='ltr'><strong>lib.</strong></span> <span class='ocrx_word' id='word_1_26' title='bbox 3105 432 3178 484; x_wconf 86' lang='lat' dir='ltr'><strong>tv,</strong></span> <span class='ocrx_word' id='word_1_27' title='bbox 3210 436 3262 491; x_wconf 88' lang='lat' dir='ltr'><strong>p.</strong></span> <span class='ocrx_word' id='word_1_28' title='bbox 3292 421 3441 499; x_wconf 60' lang='lat'><strong>128),</strong></span> <span class='ocrx_word' id='word_1_29' title='bbox 3482 425 3686 488; x_wconf 69' lang='lat' dir='ltr'><strong>Vidcsis</strong></span> 
     </span>
     <span class='ocr_line' id='line_1_6' title="bbox 468 466 2131 499; baseline 0 0"><span class='ocrx_word' id='word_1_30' title='bbox 468 466 612 499; x_wconf 47' lang='lat'><strong>1...“:</strong></span> <span class='ocrx_word' id='word_1_31' title='bbox 648 468 841 499; x_wconf 58' lang='lat'><strong>11......1.</strong></span> <span class='ocrx_word' id='word_1_32' title='bbox 921 472 983 499; x_wconf 73' lang='lat' dir='ltr'><strong>ut.</strong></span> <span class='ocrx_word' id='word_1_33' title='bbox 1038 490 1074 499; x_wconf 91' lang='lat'><strong>..</strong></span> <span class='ocrx_word' id='word_1_34' title='bbox 1132 494 1160 499; x_wconf 58' lang='grc' dir='ltr'>μ</span> <span class='ocrx_word' id='word_1_35' title='bbox 1214 479 1301 499; x_wconf 74' lang='lat' dir='ltr'><strong>nm</strong></span> <span class='ocrx_word' id='word_1_36' title='bbox 1358 482 1402 499; x_wconf 63' lang='lat' dir='ltr'><strong>tu</strong></span> <span class='ocrx_word' id='word_1_37' title='bbox 1447 484 1476 499; x_wconf 85' lang='lat'><strong>..</strong></span> <span class='ocrx_word' id='word_1_38' title='bbox 1656 498 1659 499; x_wconf 66' lang='lat'><strong>,</strong></span> <span class='ocrx_word' id='word_1_39' title='bbox 1785 490 1797 499; x_wconf 91' lang='lat'><strong>.</strong></span> <span class='ocrx_word' id='word_1_40' title='bbox 1872 490 1884 499; x_wconf 92' lang='lat'><strong>.</strong></span> <span class='ocrx_word' id='word_1_41' title='bbox 2094 492 2131 499; x_wconf 94' lang='lat'><em>_</em></span> 
     </span>
    </p>
   </div>
   <div class='ocr_carea' id='block_1_5' title="bbox 390 465 3687 586">
    <p class='ocr_par' dir='ltr' id='par_1_5' title="bbox 390 465 3687 586">
     <span class='ocr_line' id='line_1_7' title="bbox 2371 465 3686 488; baseline 0.008 -10"><span class='ocrx_word' id='word_1_42' title='bbox 2371 465 2382 472; x_wconf 82' lang='grc'><strong>.</strong></span> <span class='ocrx_word' id='word_1_43' title='bbox 2593 465 2596 466; x_wconf 48' lang='grc' dir='ltr'><em>ν</em></span> <span class='ocrx_word' id='word_1_44' title='bbox 2776 465 2790 483; x_wconf 60' lang='grc' dir='ltr'><strong>κ</strong></span> <span class='ocrx_word' id='word_1_45' title='bbox 3251 465 3395 479; x_wconf 81' lang='grc' dir='ltr'><strong>---υ</strong></span> <span class='ocrx_word' id='word_1_46' title='bbox 3429 465 3441 478; x_wconf 77' lang='grc' dir='ltr'>ι</span> <span class='ocrx_word' id='word_1_47' title='bbox 3494 465 3686 488; x_wconf 57' lang='lat' dir='ltr'><strong>nutat:</strong></span> 
     </span>
     <span class='ocr_line' id='line_1_8' title="bbox 390 465 3687 586; baseline 0.018 -67"><span class='ocrx_word' id='word_1_48' title='bbox 390 465 615 537; x_wconf 80' lang='lat' dir='ltr'><strong>legimus</strong></span> <span class='ocrx_word' id='word_1_49' title='bbox 647 468 886 538; x_wconf 80' lang='lat' dir='ltr'><strong>(Arnob.,</strong></span> <span class='ocrx_word' id='word_1_50' title='bbox 918 472 1005 528; x_wconf 89' lang='lat' dir='ltr'><strong>lib.</strong></span> <span class='ocrx_word' id='word_1_51' title='bbox 1038 490 1097 543; x_wconf 87' lang='lat' dir='ltr'><strong>ll,</strong></span> <span class='ocrx_word' id='word_1_52' title='bbox 1128 494 1183 549; x_wconf 88' lang='lat' dir='ltr'><strong>p.</strong></span> <span class='ocrx_word' id='word_1_53' title='bbox 1214 479 1326 553; x_wconf 85' lang='lat'><strong>70).</strong></span> <span class='ocrx_word' id='word_1_54' title='bbox 1358 482 1546 540; x_wconf 89' lang='lat' dir='ltr'><strong>Nullus</strong></span> <span class='ocrx_word' id='word_1_55' title='bbox 1574 498 1754 543; x_wconf 90' lang='lat' dir='ltr'><strong>autem</strong></span> <span class='ocrx_word' id='word_1_56' title='bbox 1784 490 1837 544; x_wconf 93' lang='lat' dir='ltr'><strong>in</strong></span> <span class='ocrx_word' id='word_1_57' title='bbox 1870 490 1987 548; x_wconf 67' lang='lat' dir='ltr'><strong>bare</strong></span> <span class='ocrx_word' id='word_1_58' title='bbox 2088 492 2331 562; x_wconf 79' lang='lat' dir='ltr'><strong>Festum,</strong></span> <span class='ocrx_word' id='word_1_59' title='bbox 2358 507 2412 553; x_wconf 85' lang='lat' dir='ltr'><strong>et</strong></span> <span class='ocrx_word' id='word_1_60' title='bbox 2442 501 2634 556; x_wconf 88' lang='lat' dir='ltr'><strong>citatos</strong></span> <span class='ocrx_word' id='word_1_61' title='bbox 2652 504 2722 559; x_wconf 89' lang='lat' dir='ltr'><strong>ab</strong></span> <span class='ocrx_word' id='word_1_62' title='bbox 2746 505 2837 560; x_wconf 85' lang='lat' dir='ltr'><strong>illo</strong></span> <span class='ocrx_word' id='word_1_63' title='bbox 2862 520 3134 577; x_wconf 98' lang='lat' dir='ltr'><strong>auctores,</strong></span> <span class='ocrx_word' id='word_1_64' title='bbox 3164 465 3324 583; x_wconf 58' lang='lat' dir='ltr'><strong>at&#39;ilue</strong></span> <span class='ocrx_word' id='word_1_65' title='bbox 3347 465 3600 586; x_wconf 59' lang='lat' dir='ltr'><strong>Gellium,</strong></span> <span class='ocrx_word' id='word_1_66' title='bbox 3631 533 3687 578; x_wconf 91' lang='lat' dir='ltr'><strong>et</strong></span> 
     </span>
     <span class='ocr_line' id='line_1_9' title="bbox 390 556 1908 586; baseline 0 0"><span class='ocrx_word' id='word_1_67' title='bbox 390 556 526 586; x_wconf 64' lang='grc' dir='ltr'><strong>ἷΙΙῖ-..ς</strong></span> <span class='ocrx_word' id='word_1_68' title='bbox 550 559 712 586; x_wconf 65' lang='grc' dir='ltr'><strong>..Α-Ι...</strong></span> <span class='ocrx_word' id='word_1_69' title='bbox 745 562 825 586; x_wconf 76' lang='grc'><strong>..-1</strong></span> <span class='ocrx_word' id='word_1_70' title='bbox 853 565 1089 586; x_wconf 65' lang='lat'><strong>_.:_2_-_-,</strong></span> <span class='ocrx_word' id='word_1_71' title='bbox 1239 574 1248 582; x_wconf 78' lang='grc' dir='ltr'><strong>ο</strong></span> <span class='ocrx_word' id='word_1_72' title='bbox 1273 572 1288 586; x_wconf 86' lang='grc'><strong>1</strong></span> <span class='ocrx_word' id='word_1_73' title='bbox 1556 577 1569 586; x_wconf 95' lang='grc'><strong>.</strong></span> <span class='ocrx_word' id='word_1_74' title='bbox 1660 580 1670 586; x_wconf 94' lang='grc'><strong>.</strong></span> <span class='ocrx_word' id='word_1_75' title='bbox 1787 581 1796 586; x_wconf 92' lang='grc'><strong>.</strong></span> <span class='ocrx_word' id='word_1_76' title='bbox 1845 584 1852 586; x_wconf 32' lang='grc' dir='ltr'><em>Α</em></span> <span class='ocrx_word' id='word_1_77' title='bbox 1903 585 1908 586; x_wconf 62' lang='lat'><strong><em>,</em></strong></span> 
     </span>
    </p>
   </div>
   <div class='ocr_carea' id='block_1_6' title="bbox 387 556 1984 645">
    <p class='ocr_par' dir='ltr' id='par_1_6' title="bbox 387 556 1984 645">
     <span class='ocr_line' id='line_1_10' title="bbox 387 556 1984 645; baseline 0.017 -33"><span class='ocrx_word' id='word_1_78' title='bbox 387 556 529 612; x_wconf 89' lang='lat' dir='ltr'><strong>illius</strong></span> <span class='ocrx_word' id='word_1_79' title='bbox 550 559 713 614; x_wconf 88' lang='lat' dir='ltr'><strong>verba</strong></span> <span class='ocrx_word' id='word_1_80' title='bbox 745 562 828 618; x_wconf 91' lang='lat' dir='ltr'><strong>vel</strong></span> <span class='ocrx_word' id='word_1_81' title='bbox 850 565 1132 623; x_wconf 85' lang='lat' dir='ltr'><strong>minimum</strong></span> <span class='ocrx_word' id='word_1_82' title='bbox 1162 572 1290 641; x_wconf 90' lang='lat' dir='ltr'><strong>quid</strong></span> <span class='ocrx_word' id='word_1_83' title='bbox 1318 577 1626 645; x_wconf 86' lang='lat' dir='ltr'><strong>annotavit;</strong></span> <span class='ocrx_word' id='word_1_84' title='bbox 1657 580 1797 636; x_wconf 84' lang='lat' dir='ltr'><strong>haud</strong></span> <span class='ocrx_word' id='word_1_85' title='bbox 1824 584 1984 640; x_wconf 88' lang='lat' dir='ltr'><strong>dubie</strong></span> 
     </span>
    </p>
   </div>
   <div class='ocr_carea' id='block_1_7' title="bbox 383 650 1983 738">
    <p class='ocr_par' dir='ltr' id='par_1_7' title="bbox 383 650 1983 738">
     <span class='ocr_line' id='line_1_11' title="bbox 383 650 1983 738; baseline 0.019 -36"><span class='ocrx_word' id='word_1_86' title='bbox 383 650 507 719; x_wconf 85' lang='lat' dir='ltr'><strong>quia</strong></span> <span class='ocrx_word' id='word_1_87' title='bbox 556 650 831 708; x_wconf 80' lang='lat' dir='ltr'><strong>difﬁcilior</strong></span> <span class='ocrx_word' id='word_1_88' title='bbox 882 655 1055 727; x_wconf 91' lang='lat' dir='ltr'><strong>locus,</strong></span> <span class='ocrx_word' id='word_1_89' title='bbox 1105 675 1517 738; x_wconf 87' lang='lat' dir='ltr'><strong>corruptusque,</strong></span> <span class='ocrx_word' id='word_1_90' title='bbox 1576 686 1673 727; x_wconf 92' lang='lat' dir='ltr'><strong>nec</strong></span> <span class='ocrx_word' id='word_1_91' title='bbox 1726 677 1983 733; x_wconf 88' lang='lat' dir='ltr'><strong>sanabilis</strong></span> 
     </span>
    </p>
   </div>
   <div class='ocr_carea' id='block_1_8' title="bbox 382 743 1983 830">
    <p class='ocr_par' dir='ltr' id='par_1_8' title="bbox 382 743 1983 830">
     <span class='ocr_line' id='line_1_12' title="bbox 382 743 1983 830; baseline 0.02 -32"><span class='ocrx_word' id='word_1_92' title='bbox 382 743 529 799; x_wconf 87' lang='lat' dir='ltr'><strong>visus</strong></span> <span class='ocrx_word' id='word_1_93' title='bbox 563 756 666 801; x_wconf 90' lang='lat' dir='ltr'><strong>est.</strong></span> <span class='ocrx_word' id='word_1_94' title='bbox 700 746 839 816; x_wconf 85' lang='lat' dir='ltr'><strong>Quid</strong></span> <span class='ocrx_word' id='word_1_95' title='bbox 879 765 1009 824; x_wconf 88' lang='lat' dir='ltr'><strong>ergo</strong></span> <span class='ocrx_word' id='word_1_96' title='bbox 1048 754 1093 809; x_wconf 89' lang='lat' dir='ltr'><strong>si</strong></span> <span class='ocrx_word' id='word_1_97' title='bbox 1128 758 1391 815; x_wconf 89' lang='lat' dir='ltr'><strong>medicam</strong></span> <span class='ocrx_word' id='word_1_98' title='bbox 1430 779 1647 821; x_wconf 88' lang='lat' dir='ltr'><strong>manum</strong></span> <span class='ocrx_word' id='word_1_99' title='bbox 1696 769 1745 823; x_wconf 90' lang='lat' dir='ltr'><strong>ei</strong></span> <span class='ocrx_word' id='word_1_100' title='bbox 1787 770 1983 830; x_wconf 84' lang='lat' dir='ltr'><strong>all&#39;erre</strong></span> 
     </span>
    </p>
   </div>
   <div class='ocr_carea' id='block_1_9' title="bbox 382 838 1982 933">
    <p class='ocr_par' dir='ltr' id='par_1_9' title="bbox 382 838 1982 933">
     <span class='ocr_line' id='line_1_13' title="bbox 382 838 1982 933; baseline 0.018 -42"><span class='ocrx_word' id='word_1_101' title='bbox 382 838 662 907; x_wconf 83' lang='lat' dir='ltr'><strong>tentando,</strong></span> <span class='ocrx_word' id='word_1_102' title='bbox 719 842 917 914; x_wconf 86' lang='lat' dir='ltr'><strong>aliquis</strong></span> <span class='ocrx_word' id='word_1_103' title='bbox 971 861 1070 916; x_wconf 87' lang='lat' dir='ltr'><strong>pro</strong></span> <span class='ocrx_word' id='word_1_104' title='bbox 1120 850 1396 921; x_wconf 85' lang='lat' dir='ltr'><strong>sirpiarum</strong></span> <span class='ocrx_word' id='word_1_105' title='bbox 1446 855 1646 914; x_wconf 86' lang='lat' dir='ltr'><strong>dixerit</strong></span> <span class='ocrx_word' id='word_1_106' title='bbox 1694 861 1982 933; x_wconf 86' lang='lat' dir='ltr'><strong>sirpearum</strong></span> 
     </span>
    </p>
   </div>
   <div class='ocr_carea' id='block_1_10' title="bbox 380 928 1976 1023">
    <p class='ocr_par' dir='ltr' id='par_1_10' title="bbox 380 928 1976 1023">
     <span class='ocr_line' id='line_1_14' title="bbox 380 928 1976 1023; baseline 0.019 -40"><span class='ocrx_word' id='word_1_107' title='bbox 380 928 706 999; x_wconf 77' lang='lat' dir='ltr'><strong>legendum?</strong></span> <span class='ocrx_word' id='word_1_108' title='bbox 732 935 887 1005; x_wconf 87' lang='lat' dir='ltr'><strong>Apud</strong></span> <span class='ocrx_word' id='word_1_109' title='bbox 917 935 1211 996; x_wconf 85' lang='lat' dir='ltr'><strong>Varronem</strong></span> <span class='ocrx_word' id='word_1_110' title='bbox 1240 946 1383 1001; x_wconf 92' lang='lat' dir='ltr'><strong>enim</strong></span> <span class='ocrx_word' id='word_1_111' title='bbox 1413 949 1673 1019; x_wconf 87' lang='lat' dir='ltr'><strong>scriptum</strong></span> <span class='ocrx_word' id='word_1_112' title='bbox 1708 928 1976 1023; x_wconf 83' lang='lat' dir='ltr'><strong>videmus,</strong></span> 
     </span>
    </p>
   </div>
   <div class='ocr_carea' id='block_1_11' title="bbox 380 1020 1979 1110">
    <p class='ocr_par' dir='ltr' id='par_1_11' title="bbox 380 1020 1979 1110">
     <span class='ocr_line' id='line_1_15' title="bbox 380 1020 1979 1110; baseline 0.02 -37"><span class='ocrx_word' id='word_1_113' title='bbox 380 1020 575 1093; x_wconf 86' lang='lat' dir='ltr'><strong>sirpeas</strong></span> <span class='ocrx_word' id='word_1_114' title='bbox 627 1028 981 1094; x_wconf 83' lang='lat' dir='ltr'><strong>stercorarias,</strong></span> <span class='ocrx_word' id='word_1_115' title='bbox 1032 1040 1087 1087; x_wconf 89' lang='lat' dir='ltr'><strong>et</strong></span> <span class='ocrx_word' id='word_1_116' title='bbox 1126 1044 1312 1103; x_wconf 86' lang='lat' dir='ltr'><strong>postea</strong></span> <span class='ocrx_word' id='word_1_117' title='bbox 1356 1039 1578 1110; x_wconf 86' lang='lat' dir='ltr'><strong>sirpeam</strong></span> <span class='ocrx_word' id='word_1_118' title='bbox 1622 1050 1979 1105; x_wconf 78' lang='lat' dir='ltr'><strong>stercorat-iam</strong></span> 
     </span>
    </p>
   </div>
   <div class='ocr_carea' id='block_1_12' title="bbox 383 1111 1980 1204">
    <p class='ocr_par' dir='ltr' id='par_1_12' title="bbox 383 1111 1980 1204">
     <span class='ocr_line' id='line_1_16' title="bbox 383 1111 1980 1204; baseline 0.021 -38"><span class='ocrx_word' id='word_1_119' title='bbox 383 1111 599 1184; x_wconf 86' lang='lat' dir='ltr'><strong>(Varro,</strong></span> <span class='ocrx_word' id='word_1_120' title='bbox 637 1115 726 1172; x_wconf 89' lang='lat' dir='ltr'><strong>lib.</strong></span> <span class='ocrx_word' id='word_1_121' title='bbox 758 1119 823 1174; x_wconf 89' lang='lat' dir='ltr'><strong>de</strong></span> <span class='ocrx_word' id='word_1_122' title='bbox 850 1119 928 1176; x_wconf 86' lang='lat' dir='ltr'><strong>Re</strong></span> <span class='ocrx_word' id='word_1_123' title='bbox 952 1124 1153 1192; x_wconf 88' lang='lat' dir='ltr'><strong>rustic.,</strong></span> <span class='ocrx_word' id='word_1_124' title='bbox 1186 1143 1304 1199; x_wconf 87' lang='lat' dir='ltr'><strong>cap.</strong></span> <span class='ocrx_word' id='word_1_125' title='bbox 1336 1131 1402 1187; x_wconf 85' lang='grc'><strong>10</strong></span> <span class='ocrx_word' id='word_1_126' title='bbox 1426 1144 1477 1187; x_wconf 88' lang='lat' dir='ltr'><strong>et</strong></span> <span class='ocrx_word' id='word_1_127' title='bbox 1507 1136 1620 1204; x_wconf 86' lang='grc'><strong>11).</strong></span> <span class='ocrx_word' id='word_1_128' title='bbox 1667 1139 1806 1196; x_wconf 83' lang='lat' dir='ltr'><strong>Alibi</strong></span> <span class='ocrx_word' id='word_1_129' title='bbox 1850 1158 1980 1200; x_wconf 88' lang='lat' dir='ltr'><strong>vero</strong></span> 
     </span>
    </p>
   </div>
   <div class='ocr_carea' id='block_1_13' title="bbox 382 1207 1975 1305">
    <p class='ocr_par' dir='ltr' id='par_1_13' title="bbox 382 1207 1975 1305">
     <span class='ocr_line' id='line_1_17' title="bbox 382 1207 1975 1305; baseline 0.02 -45"><span class='ocrx_word' id='word_1_130' title='bbox 382 1207 579 1263; x_wconf 87' lang='lat' dir='ltr'><strong>clarius</strong></span> <span class='ocrx_word' id='word_1_131' title='bbox 619 1210 748 1280; x_wconf 92' lang='lat' dir='ltr'><strong>quid</strong></span> <span class='ocrx_word' id='word_1_132' title='bbox 787 1213 966 1285; x_wconf 85' lang='lat' dir='ltr'><strong>sirpea</strong></span> <span class='ocrx_word' id='word_1_133' title='bbox 1009 1216 1099 1284; x_wconf 91' lang='lat' dir='ltr'><strong>sit,</strong></span> <span class='ocrx_word' id='word_1_134' title='bbox 1145 1222 1415 1291; x_wconf 80' lang='lat' dir='ltr'><strong>explicat:</strong></span> <span class='ocrx_word' id='word_1_135' title='bbox 1446 1246 1465 1278; x_wconf 83' lang='lat' dir='ltr'><strong>s</strong></span> <span class='ocrx_word' id='word_1_136' title='bbox 1494 1226 1704 1300; x_wconf 88' lang='lat' dir='ltr'><strong>Sirpea,</strong></span> <span class='ocrx_word' id='word_1_137' title='bbox 1736 1250 1756 1284; x_wconf 78' lang='grc' dir='ltr'><strong><em>ι</em></strong></span> <span class='ocrx_word' id='word_1_138' title='bbox 1785 1235 1975 1305; x_wconf 80' lang='lat' dir='ltr'><strong>inquit,</strong></span> 
     </span>
    </p>
   </div>
   <div class='ocr_carea' id='block_1_14' title="bbox 386 1304 1975 1398">
    <p class='ocr_par' dir='ltr' id='par_1_14' title="bbox 386 1304 1975 1398">
     <span class='ocr_line' id='line_1_18' title="bbox 386 1304 1975 1398; baseline 0.022 -46"><span class='ocrx_word' id='word_1_139' title='bbox 386 1318 406 1351; x_wconf 71' lang='grc' dir='ltr'><em>α</em></span> <span class='ocrx_word' id='word_1_140' title='bbox 436 1317 559 1371; x_wconf 65' lang='lat' dir='ltr'><strong>qua:</strong></span> <span class='ocrx_word' id='word_1_141' title='bbox 589 1304 752 1375; x_wconf 78' lang='lat' dir='ltr'><strong>virgis</strong></span> <span class='ocrx_word' id='word_1_142' title='bbox 780 1308 1030 1378; x_wconf 75' lang='lat' dir='ltr'><strong>stipatur,</strong></span> <span class='ocrx_word' id='word_1_143' title='bbox 1075 1312 1126 1367; x_wconf 90' lang='lat' dir='ltr'><strong>id</strong></span> <span class='ocrx_word' id='word_1_144' title='bbox 1167 1326 1273 1384; x_wconf 91' lang='lat' dir='ltr'><strong>est,</strong></span> <span class='ocrx_word' id='word_1_145' title='bbox 1304 1320 1609 1391; x_wconf 73' lang='lat' dir='ltr'><strong>colligendo</strong></span> <span class='ocrx_word' id='word_1_146' title='bbox 1646 1304 1975 1398; x_wconf 82' lang='lat' dir='ltr'><strong>implicatur,</strong></span> 
     </span>
    </p>
   </div>
   <div class='ocr_carea' id='block_1_15' title="bbox 375 1395 1977 1495">
    <p class='ocr_par' dir='ltr' id='par_1_15' title="bbox 375 1395 1977 1495">
     <span class='ocr_line' id='line_1_19' title="bbox 375 1395 1977 1495; baseline 0.018 -43"><span class='ocrx_word' id='word_1_147' title='bbox 375 1395 432 1452; x_wconf 85' lang='lat' dir='ltr'><strong>in</strong></span> <span class='ocrx_word' id='word_1_148' title='bbox 463 1412 565 1467; x_wconf 90' lang='lat' dir='ltr'><strong>qua</strong></span> <span class='ocrx_word' id='word_1_149' title='bbox 601 1409 810 1455; x_wconf 84' lang='lat' dir='ltr'><strong>stercus</strong></span> <span class='ocrx_word' id='word_1_150' title='bbox 836 1402 1050 1460; x_wconf 88' lang='lat' dir='ltr'><strong>aliudve</strong></span> <span class='ocrx_word' id='word_1_151' title='bbox 1077 1408 1204 1477; x_wconf 91' lang='lat' dir='ltr'><strong>quid</strong></span> <span class='ocrx_word' id='word_1_152' title='bbox 1234 1412 1502 1471; x_wconf 84' lang='lat' dir='ltr'><strong>evehitur.</strong></span> <span class='ocrx_word' id='word_1_153' title='bbox 1534 1435 1554 1467; x_wconf 70' lang='grc' dir='ltr'><strong><em>ι</em></strong></span> <span class='ocrx_word' id='word_1_154' title='bbox 1582 1395 1768 1488; x_wconf 63' lang='grc' dir='ltr'>ὃίιψέε</span> <span class='ocrx_word' id='word_1_155' title='bbox 1797 1395 1977 1495; x_wconf 82' lang='lat' dir='ltr'><strong>itaque</strong></span> 
     </span>
    </p>
   </div>
   <div class='ocr_carea' id='block_1_16' title="bbox 375 1488 1975 1587">
    <p class='ocr_par' dir='ltr' id='par_1_16' title="bbox 375 1488 1975 1587">
     <span class='ocr_line' id='line_1_20' title="bbox 375 1488 1975 1587; baseline 0.02 -45"><span class='ocrx_word' id='word_1_156' title='bbox 375 1488 600 1545; x_wconf 87' lang='lat' dir='ltr'><strong>eanistri</strong></span> <span class='ocrx_word' id='word_1_157' title='bbox 642 1507 737 1548; x_wconf 89' lang='lat' dir='ltr'><strong>seu</strong></span> <span class='ocrx_word' id='word_1_158' title='bbox 780 1495 998 1566; x_wconf 87' lang='lat' dir='ltr'><strong>copbini</strong></span> <span class='ocrx_word' id='word_1_159' title='bbox 1043 1514 1211 1570; x_wconf 87' lang='lat' dir='ltr'><strong>genus</strong></span> <span class='ocrx_word' id='word_1_160' title='bbox 1254 1512 1337 1560; x_wconf 90' lang='lat' dir='ltr'><strong>est</strong></span> <span class='ocrx_word' id='word_1_161' title='bbox 1376 1512 1706 1568; x_wconf 84' lang='lat' dir='ltr'><strong>stercoribus</strong></span> <span class='ocrx_word' id='word_1_162' title='bbox 1748 1515 1975 1587; x_wconf 87' lang='lat' dir='ltr'><strong>aliisque</strong></span> 
     </span>
    </p>
   </div>
   <div class='ocr_carea' id='block_1_17' title="bbox 378 1582 1974 1665">
    <p class='ocr_par' dir='ltr' id='par_1_17' title="bbox 378 1582 1974 1665">
     <span class='ocr_line' id='line_1_21' title="bbox 378 1582 1974 1665; baseline 0.018 -28"><span class='ocrx_word' id='word_1_163' title='bbox 378 1582 540 1639; x_wconf 86' lang='lat' dir='ltr'><strong>rebus</strong></span> <span class='ocrx_word' id='word_1_164' title='bbox 580 1585 878 1643; x_wconf 71' lang='lat' dir='ltr'><strong>evellendis</strong></span> <span class='ocrx_word' id='word_1_165' title='bbox 928 1588 1271 1650; x_wconf 89' lang='lat' dir='ltr'><strong>destinatum.</strong></span> <span class='ocrx_word' id='word_1_166' title='bbox 1324 1598 1447 1655; x_wconf 84' lang='lat' dir='ltr'><strong>Alio</strong></span> <span class='ocrx_word' id='word_1_167' title='bbox 1485 1610 1660 1660; x_wconf 88' lang='lat' dir='ltr'><strong>tamen</strong></span> <span class='ocrx_word' id='word_1_168' title='bbox 1703 1621 1866 1663; x_wconf 88' lang='lat' dir='ltr'><strong>sensu</strong></span> <span class='ocrx_word' id='word_1_169' title='bbox 1888 1582 1974 1665; x_wconf 70' lang='lat' dir='ltr'><strong>ab</strong></span> 
     </span>
    </p>
   </div>
   <div class='ocr_carea' id='block_1_18' title="bbox 374 1675 1408 1753">
    <p class='ocr_par' dir='ltr' id='par_1_18' title="bbox 374 1675 1408 1753">
     <span class='ocr_line' id='line_1_22' title="bbox 374 1675 1408 1753; baseline 0.016 -21"><span class='ocrx_word' id='word_1_170' title='bbox 374 1675 573 1735; x_wconf 82' lang='lat' dir='ltr'><strong>Ovidio</strong></span> <span class='ocrx_word' id='word_1_171' title='bbox 599 1682 885 1753; x_wconf 84' lang='lat' dir='ltr'><strong>accipitur,</strong></span> <span class='ocrx_word' id='word_1_172' title='bbox 915 1685 1003 1740; x_wconf 91' lang='lat' dir='ltr'><strong>ubi</strong></span> <span class='ocrx_word' id='word_1_173' title='bbox 1031 1686 1151 1742; x_wconf 62' lang='lat' dir='ltr'><strong>haec</strong></span> <span class='ocrx_word' id='word_1_174' title='bbox 1175 1691 1369 1747; x_wconf 86' lang='lat' dir='ltr'><strong>cecinit</strong></span> <span class='ocrx_word' id='word_1_175' title='bbox 1394 1711 1408 1748; x_wconf 92' lang='lat'><strong>:</strong></span> 
     </span>
    </p>
   </div>
   <div class='ocr_carea' id='block_1_19' title="bbox 464 1795 1596 1868">
    <p class='ocr_par' dir='ltr' id='par_1_19' title="bbox 464 1795 1596 1868">
     <span class='ocr_line' id='line_1_23' title="bbox 464 1795 1596 1868; baseline 0.019 -22"><span class='ocrx_word' id='word_1_176' title='bbox 464 1795 578 1868; x_wconf 66' lang='lat' dir='ltr'><strong>Nec1</strong></span> <span class='ocrx_word' id='word_1_177' title='bbox 585 1812 730 1868; x_wconf 72' lang='lat' dir='ltr'><strong>mora</strong></span> <span class='ocrx_word' id='word_1_178' title='bbox 748 1814 762 1849; x_wconf 89' lang='lat'><strong>:</strong></span> <span class='ocrx_word' id='word_1_179' title='bbox 780 1803 997 1853; x_wconf 76' lang='lat' dir='ltr'><strong>convivte</strong></span> <span class='ocrx_word' id='word_1_180' title='bbox 1016 1805 1175 1857; x_wconf 87' lang='lat' dir='ltr'><strong>valido</strong></span> <span class='ocrx_word' id='word_1_181' title='bbox 1199 1809 1459 1864; x_wconf 85' lang='lat' dir='ltr'><strong>titubantia</strong></span> <span class='ocrx_word' id='word_1_182' title='bbox 1483 1817 1596 1868; x_wconf 87' lang='lat' dir='ltr'><strong>vino</strong></span> 
     </span>
    </p>
   </div>
   <div class='ocr_carea' id='block_1_20' title="bbox 559 1859 1918 1947">
    <p class='ocr_par' dir='ltr' id='par_1_20' title="bbox 559 1859 1918 1947">
     <span class='ocr_line' id='line_1_24' title="bbox 559 1859 1918 1947; baseline 0.022 -38"><span class='ocrx_word' id='word_1_183' title='bbox 559 1859 780 1947; x_wconf 52' lang='lat' dir='ltr'><strong>Elembra</strong></span> <span class='ocrx_word' id='word_1_184' title='bbox 795 1874 1032 1947; x_wconf 51' lang='lat' dir='ltr'><strong>movent:</strong></span> <span class='ocrx_word' id='word_1_185' title='bbox 1053 1869 1187 1947; x_wconf 60' lang='lat' dir='ltr'><strong>dubii</strong></span> <span class='ocrx_word' id='word_1_186' title='bbox 1207 1859 1724 1947; x_wconf 49' lang='lat' dir='ltr'><strong>stantque—labantque</strong></span> <span class='ocrx_word' id='word_1_187' title='bbox 1748 1885 1918 1947; x_wconf 84' lang='lat' dir='ltr'><strong>pedes.</strong></span> 
     </span>
    </p>
   </div>
   <div class='ocr_carea' id='block_1_21' title="bbox 464 1919 1825 2014">
    <p class='ocr_par' dir='ltr' id='par_1_21' title="bbox 464 1919 1825 2014">
     <span class='ocr_line' id='line_1_25' title="bbox 464 1919 1825 2014; baseline 0.021 -44"><span class='ocrx_word' id='word_1_188' title='bbox 464 1919 530 1972; x_wconf 80' lang='lat' dir='ltr'><strong>At</strong></span> <span class='ocrx_word' id='word_1_189' title='bbox 550 1921 775 2014; x_wconf 51' lang='lat' dir='ltr'><strong>geminius</strong></span> <span class='ocrx_word' id='word_1_190' title='bbox 795 1919 1089 2014; x_wconf 43' lang='lat' dir='ltr'><strong>{discedite</strong></span> <span class='ocrx_word' id='word_1_191' title='bbox 1118 1919 1185 2005; x_wconf 74' lang='lat' dir='ltr'><strong>ait</strong></span> <span class='ocrx_word' id='word_1_192' title='bbox 1197 1919 1225 1983; x_wconf 27' lang='grc' dir='ltr'><strong>ε*</strong></span> <span class='ocrx_word' id='word_1_193' title='bbox 1237 1919 1825 2014; x_wconf 52' lang='grc' dir='ltr'><strong>ἦιξὺξῐῇυἱῇὦᾟῗῖἕηῖεέ</strong></span> 
     </span>
    </p>
   </div>
   <div class='ocr_carea' id='block_1_22' title="bbox 556 1983 1527 2059">
    <p class='ocr_par' dir='ltr' id='par_1_22' title="bbox 556 1983 1527 2059">
     <span class='ocr_line' id='line_1_26' title="bbox 556 1983 1527 2059; baseline 0.016 -25"><span class='ocrx_word' id='word_1_194' title='bbox 556 1983 784 2050; x_wconf 82' lang='lat' dir='ltr'><strong>Sustulit,</strong></span> <span class='ocrx_word' id='word_1_195' title='bbox 811 1990 862 2038; x_wconf 89' lang='lat' dir='ltr'><strong>in</strong></span> <span class='ocrx_word' id='word_1_196' title='bbox 884 1983 1103 2053; x_wconf 79' lang='lat' dir='ltr'><strong>plaustro</strong></span> <span class='ocrx_word' id='word_1_197' title='bbox 1117 1983 1283 2059; x_wconf 77' lang='lat' dir='ltr'><strong>sirpéa</strong></span> <span class='ocrx_word' id='word_1_198' title='bbox 1294 1983 1410 2049; x_wconf 58' lang='lat'><strong>15};</strong></span> <span class='ocrx_word' id='word_1_199' title='bbox 1420 1983 1527 2053; x_wconf 62' lang='grc' dir='ltr'><strong>ξυῖἶ.</strong></span> 
     </span>
    </p>
   </div>
   <div class='ocr_carea' id='block_1_23' title="bbox 990 2077 1776 2157">
    <p class='ocr_par' dir='ltr' id='par_1_23' title="bbox 990 2077 1776 2157">
     <span class='ocr_line' id='line_1_27' title="bbox 990 2077 1776 2157; baseline 0.019 -29"><span class='ocrx_word' id='word_1_200' title='bbox 990 2077 1178 2141; x_wconf 82' lang='lat' dir='ltr'><strong>(Ovid.,</strong></span> <span class='ocrx_word' id='word_1_201' title='bbox 1204 2078 1290 2132; x_wconf 84' lang='lat' dir='ltr'><strong>lib.</strong></span> <span class='ocrx_word' id='word_1_202' title='bbox 1320 2098 1365 2134; x_wconf 87' lang='lat' dir='ltr'><strong>vt</strong></span> <span class='ocrx_word' id='word_1_203' title='bbox 1385 2085 1598 2149; x_wconf 85' lang='lat' dir='ltr'><strong>Fastor.,</strong></span> <span class='ocrx_word' id='word_1_204' title='bbox 1622 2089 1649 2153; x_wconf 82' lang='lat'>§</span> <span class='ocrx_word' id='word_1_205' title='bbox 1676 2092 1776 2157; x_wconf 83' lang='lat' dir='ltr'><strong>l2.)</strong></span> 
     </span>
    </p>
   </div>
   <div class='ocr_carea' id='block_1_24' title="bbox 362 2174 1966 2264">
    <p class='ocr_par' dir='ltr' id='par_1_24' title="bbox 362 2174 1966 2264">
     <span class='ocr_line' id='line_1_28' title="bbox 362 2174 1966 2264; baseline 0.016 -33"><span class='ocrx_word' id='word_1_206' title='bbox 362 2174 422 2231; x_wconf 86' lang='lat' dir='ltr'><strong>Id</strong></span> <span class='ocrx_word' id='word_1_207' title='bbox 456 2184 561 2245; x_wconf 89' lang='lat' dir='ltr'><strong>est,</strong></span> <span class='ocrx_word' id='word_1_208' title='bbox 592 2178 891 2249; x_wconf 87' lang='lat' dir='ltr'><strong>plaustrum</strong></span> <span class='ocrx_word' id='word_1_209' title='bbox 928 2198 1023 2239; x_wconf 90' lang='lat' dir='ltr'><strong>seu</strong></span> <span class='ocrx_word' id='word_1_210' title='bbox 1062 2185 1388 2255; x_wconf 88' lang='lat' dir='ltr'><strong>vehiculum,</strong></span> <span class='ocrx_word' id='word_1_211' title='bbox 1432 2195 1571 2264; x_wconf 91' lang='lat' dir='ltr'><strong>quod</strong></span> <span class='ocrx_word' id='word_1_212' title='bbox 1612 2205 1812 2254; x_wconf 88' lang='lat' dir='ltr'><strong>tectum</strong></span> <span class='ocrx_word' id='word_1_213' title='bbox 1850 2210 1966 2257; x_wconf 89' lang='lat' dir='ltr'><strong>erat</strong></span> 
     </span>
    </p>
   </div>
   <div class='ocr_carea' id='block_1_25' title="bbox 358 2273 1961 2360">
    <p class='ocr_par' dir='ltr' id='par_1_25' title="bbox 358 2273 1961 2360">
     <span class='ocr_line' id='line_1_29' title="bbox 358 2273 1961 2360; baseline 0.015 -35"><span class='ocrx_word' id='word_1_214' title='bbox 358 2279 553 2339; x_wconf 88' lang='lat' dir='ltr'><strong>malta,</strong></span> <span class='ocrx_word' id='word_1_215' title='bbox 585 2273 668 2328; x_wconf 86' lang='lat' dir='ltr'><strong>vel</strong></span> <span class='ocrx_word' id='word_1_216' title='bbox 703 2285 906 2342; x_wconf 87' lang='lat' dir='ltr'><strong>storea,</strong></span> <span class='ocrx_word' id='word_1_217' title='bbox 938 2278 1130 2349; x_wconf 82' lang='lat' dir='ltr'><strong>galliee</strong></span> <span class='ocrx_word' id='word_1_218' title='bbox 1157 2292 1314 2338; x_wconf 87' lang='lat' dir='ltr'><strong>naue.</strong></span> <span class='ocrx_word' id='word_1_219' title='bbox 1347 2285 1418 2341; x_wconf 80' lang='lat' dir='ltr'><strong>At</strong></span> <span class='ocrx_word' id='word_1_220' title='bbox 1451 2288 1493 2341; x_wconf 91' lang='lat' dir='ltr'><strong>si</strong></span> <span class='ocrx_word' id='word_1_221' title='bbox 1539 2305 1637 2360; x_wconf 91' lang='lat' dir='ltr'><strong>pro</strong></span> <span class='ocrx_word' id='word_1_222' title='bbox 1676 2291 1875 2357; x_wconf 86' lang='lat' dir='ltr'><strong>vitores,</strong></span> <span class='ocrx_word' id='word_1_223' title='bbox 1910 2294 1961 2348; x_wconf 89' lang='lat' dir='ltr'><strong>in</strong></span> 
     </span>
    </p>
   </div>
   <div class='ocr_carea' id='block_1_26' title="bbox 361 2365 1964 2442">
    <p class='ocr_par' dir='ltr' id='par_1_26' title="bbox 361 2365 1964 2442">
     <span class='ocr_line' id='line_1_30' title="bbox 361 2365 1964 2442; baseline 0.014 -23"><span class='ocrx_word' id='word_1_224' title='bbox 361 2365 591 2421; x_wconf 80' lang='lat' dir='ltr'><strong>Arnobii</strong></span> <span class='ocrx_word' id='word_1_225' title='bbox 636 2376 786 2423; x_wconf 83' lang='lat' dir='ltr'><strong>textu</strong></span> <span class='ocrx_word' id='word_1_226' title='bbox 817 2370 964 2441; x_wconf 80' lang='lat' dir='ltr'><strong>legas</strong></span> <span class='ocrx_word' id='word_1_227' title='bbox 993 2374 1296 2442; x_wconf 74' lang='lat' dir='ltr'><strong>venditores,</strong></span> <span class='ocrx_word' id='word_1_228' title='bbox 1331 2381 1500 2436; x_wconf 89' lang='lat' dir='ltr'><strong>tribus</strong></span> <span class='ocrx_word' id='word_1_229' title='bbox 1530 2391 1733 2440; x_wconf 84' lang='lat' dir='ltr'><strong>tantum</strong></span> <span class='ocrx_word' id='word_1_230' title='bbox 1773 2385 1964 2442; x_wconf 86' lang='lat' dir='ltr'><strong>litteris</strong></span> 
     </span>
    </p>
   </div>
   <div class='ocr_carea' id='block_1_27' title="bbox 359 2457 1963 2537">
    <p class='ocr_par' dir='ltr' id='par_1_27' title="bbox 359 2457 1963 2537">
     <span class='ocr_line' id='line_1_31' title="bbox 359 2457 1963 2537; baseline 0.017 -26"><span class='ocrx_word' id='word_1_231' title='bbox 359 2457 449 2513; x_wconf 88' lang='lat' dir='ltr'><strong>vel</strong></span> <span class='ocrx_word' id='word_1_232' title='bbox 475 2458 818 2530; x_wconf 86' lang='lat' dir='ltr'><strong>abbreviatis,</strong></span> <span class='ocrx_word' id='word_1_233' title='bbox 849 2464 937 2519; x_wconf 91' lang='lat' dir='ltr'><strong>vel</strong></span> <span class='ocrx_word' id='word_1_234' title='bbox 960 2469 1308 2525; x_wconf 88' lang='lat' dir='ltr'><strong>amanuensis</strong></span> <span class='ocrx_word' id='word_1_235' title='bbox 1333 2471 1535 2529; x_wconf 86' lang='lat' dir='ltr'><strong>librarii</strong></span> <span class='ocrx_word' id='word_1_236' title='bbox 1563 2474 1767 2531; x_wconf 87' lang='lat' dir='ltr'><strong>incuria</strong></span> <span class='ocrx_word' id='word_1_237' title='bbox 1796 2480 1963 2537; x_wconf 89' lang='lat' dir='ltr'><strong>omis-</strong></span> 
     </span>
    </p>
   </div>
   <div class='ocr_carea' id='block_1_28' title="bbox 358 2548 1962 2644">
    <p class='ocr_par' dir='ltr' id='par_1_28' title="bbox 358 2548 1962 2644">
     <span class='ocr_line' id='line_1_32' title="bbox 358 2548 1962 2644; baseline 0.016 -39"><span class='ocrx_word' id='word_1_238' title='bbox 358 2548 460 2618; x_wconf 88' lang='lat' dir='ltr'><strong>sis,</strong></span> <span class='ocrx_word' id='word_1_239' title='bbox 488 2551 676 2621; x_wconf 87' lang='lat' dir='ltr'><strong>planus</strong></span> <span class='ocrx_word' id='word_1_240' title='bbox 701 2565 1027 2630; x_wconf 90' lang='lat' dir='ltr'><strong>apertusqne</strong></span> <span class='ocrx_word' id='word_1_241' title='bbox 1053 2563 1158 2616; x_wconf 91' lang='lat' dir='ltr'><strong>erit</strong></span> <span class='ocrx_word' id='word_1_242' title='bbox 1184 2565 1405 2621; x_wconf 78' lang='lat' dir='ltr'><strong>Arnobii</strong></span> <span class='ocrx_word' id='word_1_243' title='bbox 1428 2583 1642 2625; x_wconf 90' lang='lat' dir='ltr'><strong>sensus.</strong></span> <span class='ocrx_word' id='word_1_244' title='bbox 1679 2572 1962 2644; x_wconf 84' lang='lat' dir='ltr'><strong>PrOposito</strong></span> 
     </span>
    </p>
   </div>
   <div class='ocr_carea' id='block_1_29' title="bbox 356 2641 1959 2739">
    <p class='ocr_par' dir='ltr' id='par_1_29' title="bbox 356 2641 1959 2739">
     <span class='ocr_line' id='line_1_33' title="bbox 356 2641 1959 2739; baseline 0.016 -41"><span class='ocrx_word' id='word_1_245' title='bbox 356 2641 629 2713; x_wconf 81' lang='lat' dir='ltr'><strong>siquidem</strong></span> <span class='ocrx_word' id='word_1_246' title='bbox 671 2646 816 2703; x_wconf 90' lang='lat' dir='ltr'><strong>illius</strong></span> <span class='ocrx_word' id='word_1_247' title='bbox 850 2662 1000 2721; x_wconf 70' lang='lat' dir='ltr'><strong>recte</strong></span> <span class='ocrx_word' id='word_1_248' title='bbox 1044 2656 1311 2727; x_wconf 84' lang='lat' dir='ltr'><strong>congruit,</strong></span> <span class='ocrx_word' id='word_1_249' title='bbox 1356 2660 1402 2714; x_wconf 91' lang='lat' dir='ltr'><strong>si</strong></span> <span class='ocrx_word' id='word_1_250' title='bbox 1446 2678 1726 2718; x_wconf 67' lang='lat' dir='ltr'><strong>cannarum</strong></span> <span class='ocrx_word' id='word_1_251' title='bbox 1762 2667 1959 2739; x_wconf 89' lang='lat' dir='ltr'><strong>sirpea-</strong></span> 
     </span>
    </p>
   </div>
   <div class='ocr_carea' id='block_1_30' title="bbox 356 2740 1959 2833">
    <p class='ocr_par' dir='ltr' id='par_1_30' title="bbox 356 2740 1959 2833">
     <span class='ocr_line' id='line_1_34' title="bbox 356 2740 1959 2833; baseline 0.019 -44"><span class='ocrx_word' id='word_1_252' title='bbox 356 2752 576 2805; x_wconf 84' lang='lat' dir='ltr'><strong>rumque</strong></span> <span class='ocrx_word' id='word_1_253' title='bbox 602 2740 889 2799; x_wconf 79' lang='lat' dir='ltr'><strong>venditores</strong></span> <span class='ocrx_word' id='word_1_254' title='bbox 919 2744 990 2800; x_wconf 84' lang='lat' dir='ltr'><strong>ibi</strong></span> <span class='ocrx_word' id='word_1_255' title='bbox 1018 2750 1378 2817; x_wconf 85' lang='lat' dir='ltr'><strong>appellentur.</strong></span> <span class='ocrx_word' id='word_1_256' title='bbox 1404 2752 1514 2810; x_wconf 90' lang='lat' dir='ltr'><strong>Nec</strong></span> <span class='ocrx_word' id='word_1_257' title='bbox 1547 2757 1757 2813; x_wconf 89' lang='lat' dir='ltr'><strong>mireris</strong></span> <span class='ocrx_word' id='word_1_258' title='bbox 1786 2759 1959 2833; x_wconf 79' lang='lat' dir='ltr'><strong>impe-</strong></span> 
     </span>
    </p>
   </div>
   <div class='ocr_carea' id='block_1_31' title="bbox 354 2829 1959 2912">
    <p class='ocr_par' dir='ltr' id='par_1_31' title="bbox 354 2829 1959 2912">
     <span class='ocr_line' id='line_1_35' title="bbox 354 2829 1959 2912; baseline 0.016 -28"><span class='ocrx_word' id='word_1_259' title='bbox 354 2829 447 2885; x_wconf 89' lang='lat' dir='ltr'><strong>riti</strong></span> <span class='ocrx_word' id='word_1_260' title='bbox 479 2829 682 2887; x_wconf 73' lang='lat' dir='ltr'><strong>librarii</strong></span> <span class='ocrx_word' id='word_1_261' title='bbox 714 2836 995 2892; x_wconf 81' lang='lat' dir='ltr'><strong>Oscitantia</strong></span> <span class='ocrx_word' id='word_1_262' title='bbox 1023 2840 1105 2895; x_wconf 86' lang='lat' dir='ltr'><strong>vel</strong></span> <span class='ocrx_word' id='word_1_263' title='bbox 1135 2840 1399 2912; x_wconf 84' lang='lat' dir='ltr'><strong>imperitia</strong></span> <span class='ocrx_word' id='word_1_264' title='bbox 1433 2854 1541 2903; x_wconf 91' lang='lat' dir='ltr'><strong>tres</strong></span> <span class='ocrx_word' id='word_1_265' title='bbox 1563 2850 1769 2907; x_wconf 89' lang='lat' dir='ltr'><strong>litteras</strong></span> <span class='ocrx_word' id='word_1_266' title='bbox 1791 2829 1959 2910; x_wconf 77' lang='lat' dir='ltr'><strong>fuisse</strong></span> 
     </span>
    </p>
   </div>
   <div class='ocr_carea' id='block_1_32' title="bbox 354 2924 1957 3013">
    <p class='ocr_par' dir='ltr' id='par_1_32' title="bbox 354 2924 1957 3013">
     <span class='ocr_line' id='line_1_36' title="bbox 354 2924 1957 3013; baseline 0.019 -39"><span class='ocrx_word' id='word_1_267' title='bbox 354 2924 776 2991; x_wconf 66' lang='lat' dir='ltr'><strong>prmtermissas.</strong></span> <span class='ocrx_word' id='word_1_268' title='bbox 815 2926 951 2983; x_wconf 87' lang='lat' dir='ltr'><strong>Nam</strong></span> <span class='ocrx_word' id='word_1_269' title='bbox 992 2931 1179 2988; x_wconf 90' lang='lat' dir='ltr'><strong>eadem</strong></span> <span class='ocrx_word' id='word_1_270' title='bbox 1226 2937 1412 3007; x_wconf 80' lang='lat' dir='ltr'><strong>pagina</strong></span> <span class='ocrx_word' id='word_1_271' title='bbox 1454 2955 1551 3009; x_wconf 92' lang='lat' dir='ltr'><strong>pro</strong></span> <span class='ocrx_word' id='word_1_272' title='bbox 1586 2945 1809 3013; x_wconf 82' lang='lat' dir='ltr'><strong>mentiri,</strong></span> <span class='ocrx_word' id='word_1_273' title='bbox 1842 2956 1957 3004; x_wconf 87' lang='lat' dir='ltr'><strong>tan-</strong></span> 
     </span>
    </p>
   </div>
   <div class='ocr_carea' id='block_1_33' title="bbox 357 3016 1959 3104">
    <p class='ocr_par' dir='ltr' id='par_1_33' title="bbox 357 3016 1959 3104">
     <span class='ocr_line' id='line_1_37' title="bbox 357 3016 1959 3104; baseline 0.019 -38"><span class='ocrx_word' id='word_1_274' title='bbox 357 3016 642 3071; x_wconf 88' lang='lat' dir='ltr'><strong>tummodo</strong></span> <span class='ocrx_word' id='word_1_275' title='bbox 677 3018 744 3072; x_wconf 86' lang='lat' dir='ltr'><strong>lri</strong></span> <span class='ocrx_word' id='word_1_276' title='bbox 781 3020 1091 3091; x_wconf 85' lang='lat' dir='ltr'><strong>scripserat.</strong></span> <span class='ocrx_word' id='word_1_277' title='bbox 1125 3024 1231 3082; x_wconf 83' lang='lat' dir='ltr'><strong>Has</strong></span> <span class='ocrx_word' id='word_1_278' title='bbox 1258 3037 1433 3085; x_wconf 86' lang='lat' dir='ltr'><strong>tamen</strong></span> <span class='ocrx_word' id='word_1_279' title='bbox 1463 3033 1800 3104; x_wconf 84' lang='lat' dir='ltr'><strong>conjecturas</strong></span> <span class='ocrx_word' id='word_1_280' title='bbox 1826 3040 1959 3095; x_wconf 87' lang='lat' dir='ltr'><strong>alio—</strong></span> 
     </span>
    </p>
   </div>
   <div class='ocr_carea' id='block_1_34' title="bbox 352 3109 1140 3183">
    <p class='ocr_par' dir='ltr' id='par_1_34' title="bbox 352 3109 1140 3183">
     <span class='ocr_line' id='line_1_38' title="bbox 352 3109 1140 3183; baseline 0.015 -22"><span class='ocrx_word' id='word_1_281' title='bbox 352 3121 475 3161; x_wconf 85' lang='lat' dir='ltr'><strong>rum</strong></span> <span class='ocrx_word' id='word_1_282' title='bbox 504 3109 731 3165; x_wconf 87' lang='lat' dir='ltr'><strong>arbitrio</strong></span> <span class='ocrx_word' id='word_1_283' title='bbox 761 3114 1140 3183; x_wconf 86' lang='lat' dir='ltr'><strong>permittimus.</strong></span> 
     </span>
    </p>
   </div>
   <div class='ocr_carea' id='block_1_35' title="bbox 442 3187 1958 3299">
    <p class='ocr_par' dir='ltr' id='par_1_35' title="bbox 442 3187 1958 3299">
     <span class='ocr_line' id='line_1_39' title="bbox 442 3187 1958 3299; baseline 0.02 -44"><span class='ocrx_word' id='word_1_284' title='bbox 442 3187 719 3261; x_wconf 84' lang='lat' dir='ltr'><strong>Vectitatus</strong></span> <span class='ocrx_word' id='word_1_285' title='bbox 766 3223 923 3263; x_wconf 87' lang='lat' dir='ltr'><strong>curru</strong></span> <span class='ocrx_word' id='word_1_286' title='bbox 976 3213 1284 3287; x_wconf 82' lang='lat' dir='ltr'><strong>quadrijugo</strong></span> <span class='ocrx_word' id='word_1_287' title='bbox 1335 3217 1468 3274; x_wconf 83' lang='lat' dir='ltr'><strong>dixit</strong></span> <span class='ocrx_word' id='word_1_288' title='bbox 1514 3220 1805 3293; x_wconf 85' lang='lat' dir='ltr'><strong>Arnobius,</strong></span> <span class='ocrx_word' id='word_1_289' title='bbox 1859 3242 1958 3299; x_wconf 88' lang='lat' dir='ltr'><strong>pro</strong></span> 
     </span>
    </p>
   </div>
   <div class='ocr_carea' id='block_1_36' title="bbox 353 3298 1690 3388">
    <p class='ocr_par' dir='ltr' id='par_1_36' title="bbox 353 3298 1690 3388">
     <span class='ocr_line' id='line_1_40' title="bbox 353 3298 1690 3388; baseline 0.016 -39"><span class='ocrx_word' id='word_1_290' title='bbox 353 3303 544 3352; x_wconf 90' lang='lat' dir='ltr'><strong>vectus</strong></span> <span class='ocrx_word' id='word_1_291' title='bbox 572 3308 662 3353; x_wconf 85' lang='lat' dir='ltr'><strong>ant</strong></span> <span class='ocrx_word' id='word_1_292' title='bbox 688 3298 927 3358; x_wconf 79' lang='lat' dir='ltr'><strong>vectatus</strong></span> <span class='ocrx_word' id='word_1_293' title='bbox 958 3303 1196 3375; x_wconf 81' lang='lat' dir='ltr'><strong>(Arnob.,</strong></span> <span class='ocrx_word' id='word_1_294' title='bbox 1225 3310 1313 3364; x_wconf 85' lang='lat' dir='ltr'><strong>lib.</strong></span> <span class='ocrx_word' id='word_1_295' title='bbox 1344 3328 1422 3380; x_wconf 89' lang='lat' dir='ltr'><strong>tu,</strong></span> <span class='ocrx_word' id='word_1_296' title='bbox 1455 3332 1508 3384; x_wconf 92' lang='lat' dir='ltr'><strong>p.</strong></span> <span class='ocrx_word' id='word_1_297' title='bbox 1539 3317 1690 3388; x_wconf 79' lang='grc'><strong>185).</strong></span> 
     </span>
    </p>
   </div>
   <div class='ocr_carea' id='block_1_37' title="bbox 441 3388 1960 3471">
    <p class='ocr_par' dir='ltr' id='par_1_37' title="bbox 441 3388 1960 3471">
     <span class='ocr_line' id='line_1_41' title="bbox 441 3388 1960 3471; baseline 0.02 -30"><span class='ocrx_word' id='word_1_298' title='bbox 441 3388 720 3445; x_wconf 89' lang='lat' dir='ltr'><strong>Verrucula</strong></span> <span class='ocrx_word' id='word_1_299' title='bbox 758 3394 904 3450; x_wconf 89' lang='lat' dir='ltr'><strong>collis</strong></span> <span class='ocrx_word' id='word_1_300' title='bbox 947 3398 1085 3452; x_wconf 84' lang='lat' dir='ltr'><strong>Itaud</strong></span> <span class='ocrx_word' id='word_1_301' title='bbox 1122 3404 1289 3457; x_wconf 89' lang='lat' dir='ltr'><strong>semel</strong></span> <span class='ocrx_word' id='word_1_302' title='bbox 1326 3405 1396 3460; x_wconf 89' lang='lat' dir='ltr'><strong>ab</strong></span> <span class='ocrx_word' id='word_1_303' title='bbox 1427 3406 1517 3462; x_wconf 92' lang='lat' dir='ltr'><strong>illo</strong></span> <span class='ocrx_word' id='word_1_304' title='bbox 1541 3407 1739 3466; x_wconf 79' lang='lat' dir='ltr'><strong>dit-itur</strong></span> <span class='ocrx_word' id='word_1_305' title='bbox 1761 3412 1960 3471; x_wconf 89' lang='lat' dir='ltr'><strong>editior</strong></span> 
     </span>
    </p>
   </div>
   <div class='ocr_carea' id='block_1_38' title="bbox 350 3479 1959 3577">
    <p class='ocr_par' dir='ltr' id='par_1_38' title="bbox 350 3479 1959 3577">
     <span class='ocr_line' id='line_1_42' title="bbox 350 3479 1959 3577; baseline 0.019 -44"><span class='ocrx_word' id='word_1_306' title='bbox 350 3479 623 3552; x_wconf 84' lang='lat' dir='ltr'><strong>altiorque</strong></span> <span class='ocrx_word' id='word_1_307' title='bbox 650 3484 950 3555; x_wconf 72' lang='lat' dir='ltr'><strong>cuiuspiam</strong></span> <span class='ocrx_word' id='word_1_308' title='bbox 977 3490 1133 3546; x_wconf 86' lang='lat' dir='ltr'><strong>collis</strong></span> <span class='ocrx_word' id='word_1_309' title='bbox 1164 3492 1315 3550; x_wconf 87' lang='lat' dir='ltr'><strong>locus</strong></span> <span class='ocrx_word' id='word_1_310' title='bbox 1344 3494 1536 3568; x_wconf 87' lang='lat' dir='ltr'><strong>(Idem,</strong></span> <span class='ocrx_word' id='word_1_311' title='bbox 1568 3502 1657 3557; x_wconf 84' lang='lat' dir='ltr'><strong>lib.</strong></span> <span class='ocrx_word' id='word_1_312' title='bbox 1691 3519 1751 3568; x_wconf 80' lang='grc' dir='ltr'><strong>ιι,</strong></span> <span class='ocrx_word' id='word_1_313' title='bbox 1778 3523 1830 3577; x_wconf 89' lang='lat' dir='ltr'><strong>p.</strong></span> <span class='ocrx_word' id='word_1_314' title='bbox 1866 3509 1959 3574; x_wconf 90' lang='lat'><strong>77,</strong></span> 
     </span>
    </p>
   </div>
   <div class='ocr_carea' id='block_1_39' title="bbox 350 3572 1960 3656">
    <p class='ocr_par' dir='ltr' id='par_1_39' title="bbox 350 3572 1960 3656">
     <span class='ocr_line' id='line_1_43' title="bbox 350 3572 1960 3656; baseline 0.02 -31"><span class='ocrx_word' id='word_1_315' title='bbox 350 3581 403 3626; x_wconf 87' lang='lat' dir='ltr'><strong>et</strong></span> <span class='ocrx_word' id='word_1_316' title='bbox 429 3572 519 3627; x_wconf 87' lang='lat' dir='ltr'><strong>lib.</strong></span> <span class='ocrx_word' id='word_1_317' title='bbox 542 3590 600 3639; x_wconf 87' lang='lat' dir='ltr'><strong>v,</strong></span> <span class='ocrx_word' id='word_1_318' title='bbox 626 3592 680 3646; x_wconf 91' lang='lat' dir='ltr'><strong>p.</strong></span> <span class='ocrx_word' id='word_1_319' title='bbox 711 3577 862 3651; x_wconf 73' lang='lat'><strong>156).</strong></span> <span class='ocrx_word' id='word_1_320' title='bbox 894 3580 985 3638; x_wconf 92' lang='lat' dir='ltr'><strong>Sic</strong></span> <span class='ocrx_word' id='word_1_321' title='bbox 1009 3584 1152 3640; x_wconf 91' lang='lat' dir='ltr'><strong>enim</strong></span> <span class='ocrx_word' id='word_1_322' title='bbox 1183 3587 1336 3652; x_wconf 88' lang='lat' dir='ltr'><strong>Cato,</strong></span> <span class='ocrx_word' id='word_1_323' title='bbox 1365 3598 1501 3647; x_wconf 79' lang='lat' dir='ltr'><strong>teSte</strong></span> <span class='ocrx_word' id='word_1_324' title='bbox 1524 3597 1587 3647; x_wconf 78' lang='grc' dir='ltr'><strong>Α.</strong></span> <span class='ocrx_word' id='word_1_325' title='bbox 1620 3572 1798 3651; x_wconf 85' lang='lat' dir='ltr'><strong>Gellio</strong></span> <span class='ocrx_word' id='word_1_326' title='bbox 1825 3572 1960 3656; x_wconf 41' lang='lat' dir='ltr'><strong>Ver;</strong></span> 
     </span>
    </p>
   </div>
   <div class='ocr_carea' id='block_1_40' title="bbox 352 3664 1958 3756">
    <p class='ocr_par' dir='ltr' id='par_1_40' title="bbox 352 3664 1958 3756">
     <span class='ocr_line' id='line_1_44' title="bbox 352 3664 1958 3756; baseline 0.021 -39"><span class='ocrx_word' id='word_1_327' title='bbox 352 3664 527 3720; x_wconf 83' lang='lat' dir='ltr'><strong>rutam</strong></span> <span class='ocrx_word' id='word_1_328' title='bbox 547 3665 721 3723; x_wconf 89' lang='lat' dir='ltr'><strong>locum</strong></span> <span class='ocrx_word' id='word_1_329' title='bbox 740 3670 944 3728; x_wconf 91' lang='lat' dir='ltr'><strong>editum</strong></span> <span class='ocrx_word' id='word_1_330' title='bbox 961 3684 1015 3730; x_wconf 93' lang='lat' dir='ltr'><strong>et</strong></span> <span class='ocrx_word' id='word_1_331' title='bbox 1032 3690 1281 3749; x_wconf 85' lang='lat' dir='ltr'><strong>asperum</strong></span> <span class='ocrx_word' id='word_1_332' title='bbox 1300 3684 1536 3754; x_wconf 86' lang='lat' dir='ltr'><strong>appellat</strong></span> <span class='ocrx_word' id='word_1_333' title='bbox 1552 3686 1733 3756; x_wconf 86' lang='lat' dir='ltr'><strong>(Gell.,</strong></span> <span class='ocrx_word' id='word_1_334' title='bbox 1759 3691 1848 3746; x_wconf 86' lang='lat' dir='ltr'><strong>lib.</strong></span> <span class='ocrx_word' id='word_1_335' title='bbox 1864 3709 1958 3750; x_wconf 87' lang='lat' dir='ltr'><strong>vut</strong></span> 
     </span>
    </p>
   </div>
   <div class='ocr_carea' id='block_1_41' title="bbox 353 3752 1960 3844">
    <p class='ocr_par' dir='ltr' id='par_1_41' title="bbox 353 3752 1960 3844">
     <span class='ocr_line' id='line_1_45' title="bbox 353 3752 1960 3844; baseline 0.022 -37"><span class='ocrx_word' id='word_1_336' title='bbox 353 3752 515 3811; x_wconf 86' lang='lat' dir='ltr'><strong>Noct.</strong></span> <span class='ocrx_word' id='word_1_337' title='bbox 546 3757 729 3829; x_wconf 58' lang='lat' dir='ltr'><strong>Attia,</strong></span> <span class='ocrx_word' id='word_1_338' title='bbox 776 3780 894 3836; x_wconf 86' lang='lat' dir='ltr'><strong>cap.</strong></span> <span class='ocrx_word' id='word_1_339' title='bbox 924 3766 976 3831; x_wconf 91' lang='lat'><strong>7,</strong></span> <span class='ocrx_word' id='word_1_340' title='bbox 1010 3785 1063 3837; x_wconf 90' lang='lat' dir='ltr'><strong>p.</strong></span> <span class='ocrx_word' id='word_1_341' title='bbox 1096 3769 1250 3844; x_wconf 67' lang='lat'><strong>224).</strong></span> <span class='ocrx_word' id='word_1_342' title='bbox 1441 3752 1631 3836; x_wconf 82' lang='lat' dir='ltr'><strong>auctor</strong></span> <span class='ocrx_word' id='word_1_343' title='bbox 1668 3752 1852 3840; x_wconf 83' lang='lat' dir='ltr'><strong>noster</strong></span> <span class='ocrx_word' id='word_1_344' title='bbox 1877 3786 1960 3842; x_wconf 91' lang='lat' dir='ltr'><strong>di-</strong></span> 
     </span>
    </p>
   </div>
   <div class='ocr_carea' id='block_1_42' title="bbox 349 3847 1609 3928">
    <p class='ocr_par' dir='ltr' id='par_1_42' title="bbox 349 3847 1609 3928">
     <span class='ocr_line' id='line_1_46' title="bbox 349 3847 1609 3928; baseline 0.02 -26"><span class='ocrx_word' id='word_1_345' title='bbox 349 3847 674 3906; x_wconf 86' lang='lat' dir='ltr'><strong>minutivum</strong></span> <span class='ocrx_word' id='word_1_346' title='bbox 704 3868 901 3912; x_wconf 88' lang='lat' dir='ltr'><strong>nomen</strong></span> <span class='ocrx_word' id='word_1_347' title='bbox 928 3873 1026 3928; x_wconf 93' lang='lat' dir='ltr'><strong>pro</strong></span> <span class='ocrx_word' id='word_1_348' title='bbox 1060 3876 1213 3920; x_wconf 89' lang='lat' dir='ltr'><strong>more</strong></span> <span class='ocrx_word' id='word_1_349' title='bbox 1242 3881 1342 3922; x_wconf 92' lang='lat' dir='ltr'><strong>suo</strong></span> <span class='ocrx_word' id='word_1_350' title='bbox 1371 3869 1609 3927; x_wconf 89' lang='lat' dir='ltr'><strong>adhibet.</strong></span> 
     </span>
    </p>
   </div>
   <div class='ocr_carea' id='block_1_43' title="bbox 436 3937 1955 4035">
    <p class='ocr_par' dir='ltr' id='par_1_43' title="bbox 436 3937 1955 4035">
     <span class='ocr_line' id='line_1_47' title="bbox 436 3937 1955 4035; baseline 0.021 -42"><span class='ocrx_word' id='word_1_351' title='bbox 436 3937 686 3998; x_wconf 86' lang='lat' dir='ltr'><strong>Versuras</strong></span> <span class='ocrx_word' id='word_1_352' title='bbox 720 3946 773 4000; x_wconf 88' lang='lat' dir='ltr'><strong>in</strong></span> <span class='ocrx_word' id='word_1_353' title='bbox 810 3947 1106 4020; x_wconf 73' lang='lat' dir='ltr'><strong>huiusmodi</strong></span> <span class='ocrx_word' id='word_1_354' title='bbox 1138 3956 1270 4026; x_wconf 86' lang='lat' dir='ltr'><strong>cogi,</strong></span> <span class='ocrx_word' id='word_1_355' title='bbox 1302 3957 1405 4014; x_wconf 93' lang='lat' dir='ltr'><strong>hoc</strong></span> <span class='ocrx_word' id='word_1_356' title='bbox 1429 3970 1535 4027; x_wconf 91' lang='lat' dir='ltr'><strong>est,</strong></span> <span class='ocrx_word' id='word_1_357' title='bbox 1566 3963 1620 4018; x_wconf 93' lang='lat' dir='ltr'><strong>in</strong></span> <span class='ocrx_word' id='word_1_358' title='bbox 1648 3964 1955 4035; x_wconf 74' lang='lat' dir='ltr'><strong>huiusmodi</strong></span> 
     </span>
    </p>
   </div>
   <div class='ocr_carea' id='block_1_44' title="bbox 348 4036 1948 4119">
    <p class='ocr_par' dir='ltr' id='par_1_44' title="bbox 348 4036 1948 4119">
     <span class='ocr_line' id='line_1_48' title="bbox 348 4036 1948 4119; baseline 0.019 -32"><span class='ocrx_word' id='word_1_359' title='bbox 348 4046 565 4102; x_wconf 86' lang='lat' dir='ltr'><strong>sensus,</strong></span> <span class='ocrx_word' id='word_1_360' title='bbox 598 4036 1092 4112; x_wconf 89' lang='lat' dir='ltr'><strong>interpretationes,</strong></span> <span class='ocrx_word' id='word_1_361' title='bbox 1136 4057 1191 4102; x_wconf 90' lang='lat' dir='ltr'><strong>et</strong></span> <span class='ocrx_word' id='word_1_362' title='bbox 1225 4051 1610 4119; x_wconf 79' lang='lat' dir='ltr'><strong>explicationes</strong></span> <span class='ocrx_word' id='word_1_363' title='bbox 1649 4057 1948 4117; x_wconf 81' lang='lat' dir='ltr'><strong>fabularum</strong></span> 
     </span>
    </p>
   </div>
   <div class='ocr_carea' id='block_1_45' title="bbox 348 4127 1947 4216">
    <p class='ocr_par' dir='ltr' id='par_1_45' title="bbox 348 4127 1947 4216">
     <span class='ocr_line' id='line_1_49' title="bbox 348 4127 1947 4216; baseline 0.018 -35"><span class='ocrx_word' id='word_1_364' title='bbox 348 4141 446 4183; x_wconf 89' lang='lat' dir='ltr'><strong>seu</strong></span> <span class='ocrx_word' id='word_1_365' title='bbox 510 4127 860 4190; x_wconf 88' lang='lat' dir='ltr'><strong>historiarum</strong></span> <span class='ocrx_word' id='word_1_366' title='bbox 912 4140 1197 4208; x_wconf 89' lang='lat' dir='ltr'><strong>converti,</strong></span> <span class='ocrx_word' id='word_1_367' title='bbox 1265 4144 1579 4216; x_wconf 84' lang='lat' dir='ltr'><strong>transferri,</strong></span> <span class='ocrx_word' id='word_1_368' title='bbox 1640 4160 1695 4205; x_wconf 90' lang='lat' dir='ltr'><strong>et</strong></span> <span class='ocrx_word' id='word_1_369' title='bbox 1755 4152 1947 4210; x_wconf 88' lang='lat' dir='ltr'><strong>adduci</strong></span> 
     </span>
    </p>
   </div>
   <div class='ocr_carea' id='block_1_46' title="bbox 350 4216 1077 4301">
    <p class='ocr_par' dir='ltr' id='par_1_46' title="bbox 350 4216 1077 4301">
     <span class='ocr_line' id='line_1_50' title="bbox 350 4216 1077 4301; baseline 0.015 -29"><span class='ocrx_word' id='word_1_370' title='bbox 350 4216 596 4287; x_wconf 82' lang='lat' dir='ltr'><strong>(Arnob.,</strong></span> <span class='ocrx_word' id='word_1_371' title='bbox 629 4223 719 4279; x_wconf 90' lang='lat' dir='ltr'><strong>lib.</strong></span> <span class='ocrx_word' id='word_1_372' title='bbox 753 4241 808 4292; x_wconf 90' lang='lat' dir='ltr'><strong>v,</strong></span> <span class='ocrx_word' id='word_1_373' title='bbox 840 4244 893 4297; x_wconf 91' lang='lat' dir='ltr'><strong>p.</strong></span> <span class='ocrx_word' id='word_1_374' title='bbox 928 4228 1077 4301; x_wconf 90' lang='grc'><strong>187).</strong></span> 
     </span>
    </p>
   </div>
   <div class='ocr_carea' id='block_1_47' title="bbox 431 4311 1948 4396">
    <p class='ocr_par' dir='ltr' id='par_1_47' title="bbox 431 4311 1948 4396">
     <span class='ocr_line' id='line_1_51' title="bbox 431 4311 1948 4396; baseline 0.018 -29"><span class='ocrx_word' id='word_1_375' title='bbox 431 4311 695 4372; x_wconf 80' lang='lat' dir='ltr'><strong>Vindicius</strong></span> <span class='ocrx_word' id='word_1_376' title='bbox 728 4320 902 4391; x_wconf 81' lang='lat' dir='ltr'><strong>justas</strong></span> <span class='ocrx_word' id='word_1_377' title='bbox 940 4322 1065 4380; x_wconf 87' lang='lat' dir='ltr'><strong>dare</strong></span> <span class='ocrx_word' id='word_1_378' title='bbox 1089 4334 1171 4381; x_wconf 91' lang='lat' dir='ltr'><strong>est</strong></span> <span class='ocrx_word' id='word_1_379' title='bbox 1200 4327 1360 4385; x_wconf 90' lang='lat' dir='ltr'><strong>alicui</strong></span> <span class='ocrx_word' id='word_1_380' title='bbox 1403 4345 1523 4386; x_wconf 90' lang='lat' dir='ltr'><strong>cum</strong></span> <span class='ocrx_word' id='word_1_381' title='bbox 1570 4333 1742 4390; x_wconf 90' lang='lat' dir='ltr'><strong>altero</strong></span> <span class='ocrx_word' id='word_1_382' title='bbox 1781 4336 1850 4393; x_wconf 92' lang='lat' dir='ltr'><strong>de</strong></span> <span class='ocrx_word' id='word_1_383' title='bbox 1886 4355 1948 4396; x_wconf 87' lang='lat' dir='ltr'><strong>re</strong></span> 
     </span>
    </p>
   </div>
   <div class='ocr_carea' id='block_1_48' title="bbox 345 4404 1943 4500">
    <p class='ocr_par' dir='ltr' id='par_1_48' title="bbox 345 4404 1943 4500">
     <span class='ocr_line' id='line_1_52' title="bbox 345 4404 1943 4500; baseline 0.018 -42"><span class='ocrx_word' id='word_1_384' title='bbox 345 4404 523 4478; x_wconf 88' lang='lat' dir='ltr'><strong>aliqua</strong></span> <span class='ocrx_word' id='word_1_385' title='bbox 566 4408 860 4479; x_wconf 79' lang='lat' dir='ltr'><strong>diSputanti</strong></span> <span class='ocrx_word' id='word_1_386' title='bbox 899 4415 1010 4485; x_wconf 87' lang='lat' dir='ltr'><strong>jus,</strong></span> <span class='ocrx_word' id='word_1_387' title='bbox 1051 4426 1106 4475; x_wconf 92' lang='lat' dir='ltr'><strong>et</strong></span> <span class='ocrx_word' id='word_1_388' title='bbox 1156 4422 1301 4491; x_wconf 89' lang='lat' dir='ltr'><strong>quod</strong></span> <span class='ocrx_word' id='word_1_389' title='bbox 1342 4437 1496 4480; x_wconf 92' lang='lat' dir='ltr'><strong>suum</strong></span> <span class='ocrx_word' id='word_1_390' title='bbox 1537 4435 1641 4491; x_wconf 90' lang='lat' dir='ltr'><strong>est,</strong></span> <span class='ocrx_word' id='word_1_391' title='bbox 1685 4430 1943 4500; x_wconf 88' lang='lat' dir='ltr'><strong>tribuere,</strong></span> 
     </span>
    </p>
   </div>
   <div class='ocr_carea' id='block_1_49' title="bbox 349 4522 1258 4605">
    <p class='ocr_par' dir='ltr' id='par_1_49' title="bbox 349 4522 1258 4589">
     <span class='ocr_line' id='line_1_53' title="bbox 349 4522 1258 4589; baseline 0.015 -12"><span class='ocrx_word' id='word_1_392' title='bbox 349 4522 1258 4589; x_wconf 45' lang='grc' dir='ltr'>Ἢ</span> 
     </span>
    </p>
   </div>
   <div class='ocr_carea' id='block_1_50' title="bbox 1982 3164 2029 3229">
    <p class='ocr_par' dir='ltr' id='par_1_50' title="bbox 1982 3164 2029 3229">
     <span class='ocr_line' id='line_1_54' title="bbox 1982 3164 2029 3229; baseline 0 0"><span class='ocrx_word' id='word_1_393' title='bbox 1982 3164 2029 3229; x_wconf 89' lang='lat' dir='ltr'><strong><em>C</em></strong></span> 
     </span>
    </p>
   </div>
   <div class='ocr_carea' id='block_1_51' title="bbox 1258 4555 2839 4816">
    <p class='ocr_par' dir='ltr' id='par_1_51' title="bbox 1258 4555 2839 4816">
     <span class='ocr_line' id='line_1_55' title="bbox 1258 4555 2839 4816; baseline 0.005 -11"><span class='ocrx_word' id='word_1_394' title='bbox 1258 4555 2839 4816; x_wconf 66' lang='lat' dir='ltr'><strong>m</strong></span> 
     </span>
    </p>
   </div>
   <div class='ocr_carea' id='block_1_52' title="bbox 2087 589 3684 674">
    <p class='ocr_par' dir='ltr' id='par_1_52' title="bbox 2087 589 3684 674">
     <span class='ocr_line' id='line_1_56' title="bbox 2087 589 3684 674; baseline 0.019 -35"><span class='ocrx_word' id='word_1_395' title='bbox 2087 589 2358 645; x_wconf 88' lang='lat' dir='ltr'><strong>variorum</strong></span> <span class='ocrx_word' id='word_1_396' title='bbox 2388 593 2439 646; x_wconf 93' lang='lat' dir='ltr'><strong>in</strong></span> <span class='ocrx_word' id='word_1_397' title='bbox 2468 593 2617 649; x_wconf 92' lang='lat' dir='ltr'><strong>illum</strong></span> <span class='ocrx_word' id='word_1_398' title='bbox 2647 597 3055 658; x_wconf 80' lang='lat' dir='ltr'><strong>observatimtcs</strong></span> <span class='ocrx_word' id='word_1_399' title='bbox 3082 602 3358 674; x_wconf 86' lang='lat' dir='ltr'><strong>(cht.,ad</strong></span> <span class='ocrx_word' id='word_1_400' title='bbox 3384 612 3520 664; x_wconf 83' lang='lat' dir='ltr'><strong>verb.</strong></span> <span class='ocrx_word' id='word_1_401' title='bbox 3554 612 3684 669; x_wconf 80' lang='lat' dir='ltr'><strong>Vm-</strong></span> 
     </span>
    </p>
   </div>
   <div class='ocr_carea' id='block_1_53' title="bbox 2085 680 3001 763">
    <p class='ocr_par' dir='ltr' id='par_1_53' title="bbox 2085 680 3001 763">
     <span class='ocr_line' id='line_1_57' title="bbox 2085 680 3001 763; baseline 0.017 -32"><span class='ocrx_word' id='word_1_402' title='bbox 2085 693 2271 745; x_wconf 67' lang='lat' dir='ltr'><strong>ntcus;</strong></span> <span class='ocrx_word' id='word_1_403' title='bbox 2304 680 2463 748; x_wconf 81' lang='lat' dir='ltr'><strong>Gell.,</strong></span> <span class='ocrx_word' id='word_1_404' title='bbox 2494 684 2583 740; x_wconf 91' lang='lat' dir='ltr'><strong>lib.</strong></span> <span class='ocrx_word' id='word_1_405' title='bbox 2616 702 2706 754; x_wconf 83' lang='lat' dir='ltr'><strong>xx,</strong></span> <span class='ocrx_word' id='word_1_406' title='bbox 2739 705 2855 760; x_wconf 89' lang='lat' dir='ltr'><strong>cap.</strong></span> <span class='ocrx_word' id='word_1_407' title='bbox 2888 693 3001 763; x_wconf 82' lang='grc'><strong>10).</strong></span> 
     </span>
    </p>
   </div>
   <div class='ocr_carea' id='block_1_54' title="bbox 2171 768 3677 866">
    <p class='ocr_par' dir='ltr' id='par_1_54' title="bbox 2171 768 3677 866">
     <span class='ocr_line' id='line_1_58' title="bbox 2171 768 3677 866; baseline 0.019 -43"><span class='ocrx_word' id='word_1_408' title='bbox 2171 768 2351 826; x_wconf 86' lang='lat' dir='ltr'><strong>Vinum</strong></span> <span class='ocrx_word' id='word_1_409' title='bbox 2374 776 2540 831; x_wconf 88' lang='lat' dir='ltr'><strong>acoris</strong></span> <span class='ocrx_word' id='word_1_410' title='bbox 2566 778 2620 831; x_wconf 87' lang='lat' dir='ltr'><strong>in</strong></span> <span class='ocrx_word' id='word_1_411' title='bbox 2651 781 2921 849; x_wconf 77' lang='lat' dir='ltr'><strong>perﬁdiam</strong></span> <span class='ocrx_word' id='word_1_412' title='bbox 2949 796 3154 853; x_wconf 87' lang='lat' dir='ltr'><strong>repente</strong></span> <span class='ocrx_word' id='word_1_413' title='bbox 3180 791 3399 855; x_wconf 85' lang='lat' dir='ltr'><strong>mutari;</strong></span> <span class='ocrx_word' id='word_1_414' title='bbox 3443 791 3546 849; x_wconf 89' lang='lat' dir='ltr'><strong>ltoc</strong></span> <span class='ocrx_word' id='word_1_415' title='bbox 3573 807 3677 866; x_wconf 89' lang='lat' dir='ltr'><strong>est,</strong></span> 
     </span>
    </p>
   </div>
   <div class='ocr_carea' id='block_1_55' title="bbox 2082 863 3679 956">
    <p class='ocr_par' dir='ltr' id='par_1_55' title="bbox 2082 863 3679 956">
     <span class='ocr_line' id='line_1_59' title="bbox 2082 863 3679 956; baseline 0.019 -41"><span class='ocrx_word' id='word_1_416' title='bbox 2082 863 2263 920; x_wconf 89' lang='lat' dir='ltr'><strong>vinum</strong></span> <span class='ocrx_word' id='word_1_417' title='bbox 2305 882 2491 924; x_wconf 90' lang='lat' dir='ltr'><strong>contra</strong></span> <span class='ocrx_word' id='word_1_418' title='bbox 2533 880 2780 928; x_wconf 86' lang='lat' dir='ltr'><strong>naturam</strong></span> <span class='ocrx_word' id='word_1_419' title='bbox 2821 890 2973 930; x_wconf 90' lang='lat' dir='ltr'><strong>suam</strong></span> <span class='ocrx_word' id='word_1_420' title='bbox 3019 878 3233 936; x_wconf 87' lang='lat' dir='ltr'><strong>acidum</strong></span> <span class='ocrx_word' id='word_1_421' title='bbox 3281 884 3393 938; x_wconf 90' lang='lat' dir='ltr'><strong>lieri</strong></span> <span class='ocrx_word' id='word_1_422' title='bbox 3436 884 3679 956; x_wconf 81' lang='lat' dir='ltr'><strong>(Arnob.,</strong></span> 
     </span>
    </p>
   </div>
   <div class='ocr_carea' id='block_1_56' title="bbox 2081 958 3477 1034">
    <p class='ocr_par' dir='ltr' id='par_1_56' title="bbox 2081 958 3477 1034">
     <span class='ocr_line' id='line_1_60' title="bbox 2081 958 3477 1034; baseline 0.014 -22"><span class='ocrx_word' id='word_1_423' title='bbox 2081 958 2170 1013; x_wconf 91' lang='lat' dir='ltr'><strong>lib.</strong></span> <span class='ocrx_word' id='word_1_424' title='bbox 2196 975 2235 1027; x_wconf 79' lang='grc' dir='ltr'><strong>ι,</strong></span> <span class='ocrx_word' id='word_1_425' title='bbox 2264 978 2317 1030; x_wconf 81' lang='grc' dir='ltr'><strong>ρ.</strong></span> <span class='ocrx_word' id='word_1_426' title='bbox 2352 962 2465 1034; x_wconf 81' lang='lat' dir='ltr'><strong>l2).</strong></span> <span class='ocrx_word' id='word_1_427' title='bbox 3474 1016 3477 1017; x_wconf 40' lang='grc' dir='ltr'><em>κ</em></span> 
     </span>
    </p>
   </div>
   <div class='ocr_carea' id='block_1_57' title="bbox 2164 1049 3679 1128">
    <p class='ocr_par' dir='ltr' id='par_1_57' title="bbox 2164 1049 3679 1128">
     <span class='ocr_line' id='line_1_61' title="bbox 2164 1049 3679 1128; baseline 0.017 -25"><span class='ocrx_word' id='word_1_428' title='bbox 2164 1049 2451 1124; x_wconf 83' lang='lat' dir='ltr'><strong>Vitiligines</strong></span> <span class='ocrx_word' id='word_1_429' title='bbox 2492 1056 2663 1127; x_wconf 71' lang='lat' dir='ltr'><strong>fwdre,</strong></span> <span class='ocrx_word' id='word_1_430' title='bbox 2703 1064 2749 1111; x_wconf 88' lang='lat' dir='ltr'><strong>et</strong></span> <span class='ocrx_word' id='word_1_431' title='bbox 2792 1058 3090 1128; x_wconf 79' lang='lat' dir='ltr'><strong>albicantes,</strong></span> <span class='ocrx_word' id='word_1_432' title='bbox 3122 1063 3190 1119; x_wconf 87' lang='lat' dir='ltr'><strong>ab</strong></span> <span class='ocrx_word' id='word_1_433' title='bbox 3228 1074 3447 1125; x_wconf 89' lang='lat' dir='ltr'><strong>auctore</strong></span> <span class='ocrx_word' id='word_1_434' title='bbox 3493 1080 3679 1127; x_wconf 90' lang='lat' dir='ltr'><strong>nostro</strong></span> 
     </span>
    </p>
   </div>
   <div class='ocr_carea' id='block_1_58' title="bbox 2080 1140 3673 1232">
    <p class='ocr_par' dir='ltr' id='par_1_58' title="bbox 2080 1140 3673 1232">
     <span class='ocr_line' id='line_1_62' title="bbox 2080 1140 3673 1232; baseline 0.014 -38"><span class='ocrx_word' id='word_1_435' title='bbox 2080 1140 2331 1197; x_wconf 90' lang='lat' dir='ltr'><strong>dicuntur</strong></span> <span class='ocrx_word' id='word_1_436' title='bbox 2368 1144 2559 1215; x_wconf 85' lang='lat' dir='ltr'><strong>(lbld.,</strong></span> <span class='ocrx_word' id='word_1_437' title='bbox 2603 1165 2724 1219; x_wconf 87' lang='lat' dir='ltr'><strong>pag.</strong></span> <span class='ocrx_word' id='word_1_438' title='bbox 2766 1147 2861 1215; x_wconf 81' lang='lat'><strong>26,</strong></span> <span class='ocrx_word' id='word_1_439' title='bbox 2901 1150 2971 1207; x_wconf 81' lang='lat'><strong>28</strong></span> <span class='ocrx_word' id='word_1_440' title='bbox 3013 1163 3058 1206; x_wconf 88' lang='lat' dir='ltr'><strong>cl</strong></span> <span class='ocrx_word' id='word_1_441' title='bbox 3097 1152 3213 1227; x_wconf 76' lang='lat'><strong>50).</strong></span> <span class='ocrx_word' id='word_1_442' title='bbox 3244 1174 3260 1201; x_wconf 74' lang='grc' dir='ltr'><em>ι</em></span> <span class='ocrx_word' id='word_1_443' title='bbox 3293 1157 3363 1212; x_wconf 85' lang='lat' dir='ltr'><strong>At</strong></span> <span class='ocrx_word' id='word_1_444' title='bbox 3390 1161 3613 1232; x_wconf 76' lang='lat' dir='ltr'><strong>vitiligo,</strong></span> <span class='ocrx_word' id='word_1_445' title='bbox 3653 1182 3673 1216; x_wconf 69' lang='grc' dir='ltr'><strong><em>ι</em></strong></span> 
     </span>
    </p>
   </div>
   <div class='ocr_carea' id='block_1_59' title="bbox 2079 1233 3674 1324">
    <p class='ocr_par' dir='ltr' id='par_1_59' title="bbox 2079 1233 3674 1324">
     <span class='ocr_line' id='line_1_63' title="bbox 2079 1233 3674 1324; baseline 0.016 -36"><span class='ocrx_word' id='word_1_446' title='bbox 2079 1233 2252 1305; x_wconf 88' lang='lat' dir='ltr'><strong>inquit</strong></span> <span class='ocrx_word' id='word_1_447' title='bbox 2305 1235 2520 1299; x_wconf 88' lang='lat' dir='ltr'><strong>Festus.</strong></span> <span class='ocrx_word' id='word_1_448' title='bbox 2560 1259 2579 1291; x_wconf 74' lang='grc' dir='ltr'><strong><em>ι</em></strong></span> <span class='ocrx_word' id='word_1_449' title='bbox 2616 1241 2667 1295; x_wconf 92' lang='lat' dir='ltr'><strong>in</strong></span> <span class='ocrx_word' id='word_1_450' title='bbox 2720 1257 2949 1314; x_wconf 90' lang='lat' dir='ltr'><strong>corpore</strong></span> <span class='ocrx_word' id='word_1_451' title='bbox 3002 1246 3232 1304; x_wconf 85' lang='lat' dir='ltr'><strong>hominis</strong></span> <span class='ocrx_word' id='word_1_452' title='bbox 3280 1255 3486 1309; x_wconf 83' lang='lat' dir='ltr'><strong>macula</strong></span> <span class='ocrx_word' id='word_1_453' title='bbox 3533 1256 3674 1324; x_wconf 89' lang='lat' dir='ltr'><strong>alba,</strong></span> 
     </span>
    </p>
   </div>
   <div class='ocr_carea' id='block_1_60' title="bbox 2077 1327 3678 1411">
    <p class='ocr_par' dir='ltr' id='par_1_60' title="bbox 2077 1327 3678 1411">
     <span class='ocr_line' id='line_1_64' title="bbox 2077 1327 3678 1411; baseline 0.015 -32"><span class='ocrx_word' id='word_1_454' title='bbox 2077 1340 2237 1395; x_wconf 88' lang='lat' dir='ltr'><strong>quam</strong></span> <span class='ocrx_word' id='word_1_455' title='bbox 2270 1327 2443 1384; x_wconf 69' lang='lat' dir='ltr'><strong>Graaci</strong></span> <span class='ocrx_word' id='word_1_456' title='bbox 2490 1328 2641 1405; x_wconf 77' lang='grc' dir='ltr'>ἄλφον</span> <span class='ocrx_word' id='word_1_457' title='bbox 2668 1346 2882 1400; x_wconf 89' lang='lat' dir='ltr'><strong>vocant,</strong></span> <span class='ocrx_word' id='word_1_458' title='bbox 2914 1352 2941 1389; x_wconf 85' lang='lat' dir='ltr'><strong>a</strong></span> <span class='ocrx_word' id='word_1_459' title='bbox 2986 1354 3091 1405; x_wconf 88' lang='lat' dir='ltr'><strong>quo</strong></span> <span class='ocrx_word' id='word_1_460' title='bbox 3132 1356 3227 1395; x_wconf 89' lang='lat' dir='ltr'><strong>uos</strong></span> <span class='ocrx_word' id='word_1_461' title='bbox 3265 1344 3444 1411; x_wconf 89' lang='lat' dir='ltr'><strong>album</strong></span> <span class='ocrx_word' id='word_1_462' title='bbox 3472 1364 3485 1400; x_wconf 88' lang='lat'><strong>:</strong></span> <span class='ocrx_word' id='word_1_463' title='bbox 3510 1347 3622 1402; x_wconf 89' lang='lat' dir='ltr'><strong>sive</strong></span> <span class='ocrx_word' id='word_1_464' title='bbox 3647 1365 3678 1403; x_wconf 88' lang='lat' dir='ltr'><strong>a</strong></span> 
     </span>
    </p>
   </div>
   <div class='ocr_carea' id='block_1_61' title="bbox 2080 1418 3679 1511">
    <p class='ocr_par' dir='ltr' id='par_1_61' title="bbox 2080 1418 3679 1511">
     <span class='ocr_line' id='line_1_65' title="bbox 2080 1418 3679 1511; baseline 0.018 -41"><span class='ocrx_word' id='word_1_465' title='bbox 2080 1418 2208 1473; x_wconf 90' lang='lat' dir='ltr'><strong>vitio</strong></span> <span class='ocrx_word' id='word_1_466' title='bbox 2237 1419 2400 1486; x_wconf 88' lang='lat' dir='ltr'><strong>dicta,</strong></span> <span class='ocrx_word' id='word_1_467' title='bbox 2434 1424 2645 1481; x_wconf 89' lang='lat' dir='ltr'><strong>etiamsi</strong></span> <span class='ocrx_word' id='word_1_468' title='bbox 2674 1443 2779 1481; x_wconf 89' lang='lat' dir='ltr'><strong>non</strong></span> <span class='ocrx_word' id='word_1_469' title='bbox 2808 1429 2955 1485; x_wconf 74' lang='lat' dir='ltr'><strong>lmdit</strong></span> <span class='ocrx_word' id='word_1_470' title='bbox 2984 1447 2998 1484; x_wconf 89' lang='lat'><strong>:</strong></span> <span class='ocrx_word' id='word_1_471' title='bbox 3032 1434 3146 1487; x_wconf 76' lang='lat' dir='ltr'><strong>sive</strong></span> <span class='ocrx_word' id='word_1_472' title='bbox 3172 1450 3201 1487; x_wconf 87' lang='lat' dir='ltr'><strong>a</strong></span> <span class='ocrx_word' id='word_1_473' title='bbox 3235 1436 3421 1504; x_wconf 86' lang='lat' dir='ltr'><strong>vitulo,</strong></span> <span class='ocrx_word' id='word_1_474' title='bbox 3455 1452 3679 1511; x_wconf 84' lang='lat' dir='ltr'><strong>propter</strong></span> 
     </span>
    </p>
   </div>
   <div class='ocr_carea' id='block_1_62' title="bbox 2075 1509 3673 1595">
    <p class='ocr_par' dir='ltr' id='par_1_62' title="bbox 2075 1509 3673 1595">
     <span class='ocr_line' id='line_1_66' title="bbox 2075 1509 3673 1595; baseline 0.018 -33"><span class='ocrx_word' id='word_1_475' title='bbox 2075 1509 2191 1579; x_wconf 83' lang='lat' dir='ltr'><strong>ejus</strong></span> <span class='ocrx_word' id='word_1_476' title='bbox 2220 1513 2549 1571; x_wconf 70' lang='lat' dir='ltr'><strong>membranae</strong></span> <span class='ocrx_word' id='word_1_477' title='bbox 2576 1518 2889 1586; x_wconf 87' lang='lat' dir='ltr'><strong>candorem,</strong></span> <span class='ocrx_word' id='word_1_478' title='bbox 2930 1538 3032 1593; x_wconf 89' lang='lat' dir='ltr'><strong>qua</strong></span> <span class='ocrx_word' id='word_1_479' title='bbox 3077 1527 3335 1595; x_wconf 86' lang='lat' dir='ltr'><strong>nascitur,</strong></span> <span class='ocrx_word' id='word_1_480' title='bbox 3381 1531 3673 1591; x_wconf 90' lang='lat' dir='ltr'><strong>involutus.</strong></span> 
     </span>
    </p>
   </div>
   <div class='ocr_carea' id='block_1_63' title="bbox 2074 1600 3671 1695">
    <p class='ocr_par' dir='ltr' id='par_1_63' title="bbox 2074 1600 3671 1695">
     <span class='ocr_line' id='line_1_67' title="bbox 2074 1600 3671 1695; baseline 0.016 -39"><span class='ocrx_word' id='word_1_481' title='bbox 2074 1600 2353 1659; x_wconf 90' lang='lat' dir='ltr'><strong>Lucilius:</strong></span> <span class='ocrx_word' id='word_1_482' title='bbox 2382 1606 2511 1663; x_wconf 73' lang='lat' dir='ltr'><strong>Hmc</strong></span> <span class='ocrx_word' id='word_1_483' title='bbox 2553 1609 2739 1664; x_wconf 88' lang='lat' dir='ltr'><strong>odiosa</strong></span> <span class='ocrx_word' id='word_1_484' title='bbox 2787 1614 2914 1667; x_wconf 88' lang='lat' dir='ltr'><strong>mihi</strong></span> <span class='ocrx_word' id='word_1_485' title='bbox 2961 1618 3167 1688; x_wconf 79' lang='lat' dir='ltr'><strong>vitiligo</strong></span> <span class='ocrx_word' id='word_1_486' title='bbox 3196 1631 3298 1674; x_wconf 87' lang='lat' dir='ltr'><strong>est.</strong></span> <span class='ocrx_word' id='word_1_487' title='bbox 3341 1621 3458 1677; x_wconf 85' lang='lat' dir='ltr'><strong>Non</strong></span> <span class='ocrx_word' id='word_1_488' title='bbox 3501 1624 3671 1695; x_wconf 86' lang='lat' dir='ltr'><strong>dolet,</strong></span> 
     </span>
    </p>
   </div>
   <div class='ocr_carea' id='block_1_64' title="bbox 2075 1695 3674 1782">
    <p class='ocr_par' dir='ltr' id='par_1_64' title="bbox 2075 1695 3674 1782">
     <span class='ocr_line' id='line_1_68' title="bbox 2075 1695 3674 1782; baseline 0.016 -34"><span class='ocrx_word' id='word_1_489' title='bbox 2075 1695 2266 1766; x_wconf 91' lang='lat' dir='ltr'><strong>inquit.</strong></span> <span class='ocrx_word' id='word_1_490' title='bbox 2297 1716 2317 1750; x_wconf 71' lang='grc' dir='ltr'><strong><em>ι</em></strong></span> <span class='ocrx_word' id='word_1_491' title='bbox 2350 1697 2543 1772; x_wconf 80' lang='lat' dir='ltr'><strong>(Fest.,</strong></span> <span class='ocrx_word' id='word_1_492' title='bbox 2573 1703 2641 1756; x_wconf 90' lang='lat' dir='ltr'><strong>ad</strong></span> <span class='ocrx_word' id='word_1_493' title='bbox 2667 1705 2801 1759; x_wconf 82' lang='lat' dir='ltr'><strong>verb.</strong></span> <span class='ocrx_word' id='word_1_494' title='bbox 2839 1705 3128 1782; x_wconf 77' lang='lat' dir='ltr'><strong>VITILIGO.)</strong></span> <span class='ocrx_word' id='word_1_495' title='bbox 3157 1714 3197 1765; x_wconf 84' lang='lat' dir='ltr'><strong>A</strong></span> <span class='ocrx_word' id='word_1_496' title='bbox 3228 1712 3431 1769; x_wconf 88' lang='lat' dir='ltr'><strong>Seneca</strong></span> <span class='ocrx_word' id='word_1_497' title='bbox 3463 1732 3591 1773; x_wconf 79' lang='lat' dir='ltr'><strong>vero</strong></span> <span class='ocrx_word' id='word_1_498' title='bbox 3621 1720 3674 1775; x_wconf 92' lang='lat' dir='ltr'><strong>id</strong></span> 
     </span>
    </p>
   </div>
   <div class='ocr_carea' id='block_1_65' title="bbox 1997 1783 3674 1880">
    <p class='ocr_par' dir='ltr' id='par_1_65' title="bbox 1997 1783 3674 1880">
     <span class='ocr_line' id='line_1_69' title="bbox 1997 1783 3674 1880; baseline 0.014 -36"><span class='ocrx_word' id='word_1_499' title='bbox 1997 1783 2044 1843; x_wconf 82' lang='grc' dir='ltr'><strong>Β</strong></span> <span class='ocrx_word' id='word_1_500' title='bbox 2071 1789 2331 1860; x_wconf 89' lang='lat' dir='ltr'><strong>scriptum</strong></span> <span class='ocrx_word' id='word_1_501' title='bbox 2379 1792 2651 1864; x_wconf 83' lang='lat' dir='ltr'><strong>legimus:</strong></span> <span class='ocrx_word' id='word_1_502' title='bbox 2694 1817 2712 1849; x_wconf 85' lang='grc'><em>‹</em></span> <span class='ocrx_word' id='word_1_503' title='bbox 2751 1799 3028 1856; x_wconf 86' lang='lat' dir='ltr'><strong>Creditum</strong></span> <span class='ocrx_word' id='word_1_504' title='bbox 3073 1817 3157 1858; x_wconf 85' lang='lat' dir='ltr'><strong>est</strong></span> <span class='ocrx_word' id='word_1_505' title='bbox 3202 1808 3460 1875; x_wconf 85' lang='lat' dir='ltr'><strong>quasdam</strong></span> <span class='ocrx_word' id='word_1_506' title='bbox 3506 1825 3674 1880; x_wconf 85' lang='lat' dir='ltr'><strong>aquas</strong></span> 
     </span>
    </p>
   </div>
   <div class='ocr_carea' id='block_1_66' title="bbox 2069 1884 3669 1969">
    <p class='ocr_par' dir='ltr' id='par_1_66' title="bbox 2069 1884 3669 1969">
     <span class='ocr_line' id='line_1_70' title="bbox 2069 1884 3669 1969; baseline 0.011 -31"><span class='ocrx_word' id='word_1_507' title='bbox 2069 1884 2302 1940; x_wconf 88' lang='lat' dir='ltr'><strong>scabiem</strong></span> <span class='ocrx_word' id='word_1_508' title='bbox 2352 1886 2547 1941; x_wconf 78' lang='lat' dir='ltr'><strong>afferre</strong></span> <span class='ocrx_word' id='word_1_509' title='bbox 2598 1890 2947 1959; x_wconf 85' lang='lat' dir='ltr'><strong>corporibus,</strong></span> <span class='ocrx_word' id='word_1_510' title='bbox 3000 1895 3259 1964; x_wconf 86' lang='lat' dir='ltr'><strong>quasdam</strong></span> <span class='ocrx_word' id='word_1_511' title='bbox 3311 1898 3669 1969; x_wconf 81' lang='lat' dir='ltr'><strong>vitiliginem,</strong></span> 
     </span>
    </p>
   </div>
   <div class='ocr_carea' id='block_1_67' title="bbox 2068 1980 3670 2066">
    <p class='ocr_par' dir='ltr' id='par_1_67' title="bbox 2068 1980 3670 2066">
     <span class='ocr_line' id='line_1_71' title="bbox 2068 1980 3670 2066; baseline 0.009 -31"><span class='ocrx_word' id='word_1_512' title='bbox 2068 1990 2123 2035; x_wconf 89' lang='lat' dir='ltr'><strong>et</strong></span> <span class='ocrx_word' id='word_1_513' title='bbox 2172 1980 2366 2036; x_wconf 65' lang='lat' dir='ltr'><strong>laedam</strong></span> <span class='ocrx_word' id='word_1_514' title='bbox 2401 1996 2466 2037; x_wconf 89' lang='lat' dir='ltr'><strong>ex</strong></span> <span class='ocrx_word' id='word_1_515' title='bbox 2506 1981 2629 2037; x_wconf 88' lang='lat' dir='ltr'><strong>albo</strong></span> <span class='ocrx_word' id='word_1_516' title='bbox 2663 1986 2995 2066; x_wconf 78' lang='lat' dir='ltr'><strong>varietatem.</strong></span> <span class='ocrx_word' id='word_1_517' title='bbox 3031 2007 3048 2040; x_wconf 75' lang='grc' dir='ltr'><strong><em>ι</em></strong></span> <span class='ocrx_word' id='word_1_518' title='bbox 3083 1988 3316 2061; x_wconf 87' lang='lat' dir='ltr'><strong>(Senec.,</strong></span> <span class='ocrx_word' id='word_1_519' title='bbox 3348 1991 3439 2048; x_wconf 88' lang='lat' dir='ltr'><strong>lib.</strong></span> <span class='ocrx_word' id='word_1_520' title='bbox 3468 2009 3524 2049; x_wconf 89' lang='lat' dir='ltr'><strong>ut</strong></span> <span class='ocrx_word' id='word_1_521' title='bbox 3554 1993 3670 2063; x_wconf 73' lang='lat' dir='ltr'><strong>Na-</strong></span> 
     </span>
    </p>
   </div>
   <div class='ocr_carea' id='block_1_68' title="bbox 2068 2078 3669 2152">
    <p class='ocr_par' dir='ltr' id='par_1_68' title="bbox 2068 2078 3669 2152">
     <span class='ocr_line' id='line_1_72' title="bbox 2068 2078 3669 2152; baseline 0.011 -24"><span class='ocrx_word' id='word_1_522' title='bbox 2068 2085 2169 2130; x_wconf 88' lang='lat' dir='ltr'><strong>tttr.</strong></span> <span class='ocrx_word' id='word_1_523' title='bbox 2212 2086 2415 2146; x_wconf 61' lang='lat' dir='ltr'><strong>quaest,</strong></span> <span class='ocrx_word' id='word_1_524' title='bbox 2460 2094 2576 2148; x_wconf 86' lang='lat' dir='ltr'><strong>cap.</strong></span> <span class='ocrx_word' id='word_1_525' title='bbox 2619 2078 2711 2144; x_wconf 88' lang='lat'><strong>26,</strong></span> <span class='ocrx_word' id='word_1_526' title='bbox 2755 2099 2808 2146; x_wconf 87' lang='lat' dir='ltr'><strong>p.</strong></span> <span class='ocrx_word' id='word_1_527' title='bbox 2847 2082 3001 2152; x_wconf 70' lang='grc'><strong>454.)</strong></span> <span class='ocrx_word' id='word_1_528' title='bbox 3046 2082 3274 2152; x_wconf 85' lang='lat' dir='ltr'><strong>Quidam</strong></span> <span class='ocrx_word' id='word_1_529' title='bbox 3304 2094 3483 2141; x_wconf 83' lang='lat' dir='ltr'><strong>autem</strong></span> <span class='ocrx_word' id='word_1_530' title='bbox 3532 2088 3669 2144; x_wconf 86' lang='lat' dir='ltr'><strong>hanc</strong></span> 
     </span>
    </p>
   </div>
   <div class='ocr_carea' id='block_1_69' title="bbox 2066 2156 3106 2245">
    <p class='ocr_par' dir='ltr' id='par_1_69' title="bbox 2066 2156 3106 2245">
     <span class='ocr_line' id='line_1_73' title="bbox 2066 2156 3106 2245; baseline 0.012 -23"><span class='ocrx_word' id='word_1_531' title='bbox 2066 2170 2380 2240; x_wconf 88' lang='lat' dir='ltr'><strong>vitiliginem</strong></span> <span class='ocrx_word' id='word_1_532' title='bbox 2414 2156 2616 2241; x_wconf 79' lang='lat' dir='ltr'><strong>lepram</strong></span> <span class='ocrx_word' id='word_1_533' title='bbox 2645 2189 2765 2230; x_wconf 88' lang='lat' dir='ltr'><strong>esse</strong></span> <span class='ocrx_word' id='word_1_534' title='bbox 2795 2177 3106 2245; x_wconf 88' lang='lat' dir='ltr'><strong>opinantur.</strong></span> 
     </span>
    </p>
   </div>
   <div class='ocr_carea' id='block_1_70' title="bbox 2142 2261 3669 2345">
    <p class='ocr_par' dir='ltr' id='par_1_70' title="bbox 2142 2261 3669 2345">
     <span class='ocr_line' id='line_1_74' title="bbox 2142 2261 3669 2345; baseline 0.009 -28"><span class='ocrx_word' id='word_1_535' title='bbox 2142 2261 2380 2333; x_wconf 85' lang='lat' dir='ltr'><strong>Ulpicum</strong></span> <span class='ocrx_word' id='word_1_536' title='bbox 2410 2280 2584 2336; x_wconf 83' lang='lat' dir='ltr'><strong>genus</strong></span> <span class='ocrx_word' id='word_1_537' title='bbox 2625 2268 2735 2322; x_wconf 88' lang='lat' dir='ltr'><strong>allii</strong></span> <span class='ocrx_word' id='word_1_538' title='bbox 2772 2271 3030 2340; x_wconf 82' lang='lat' dir='ltr'><strong>grandius</strong></span> <span class='ocrx_word' id='word_1_539' title='bbox 3069 2281 3173 2337; x_wconf 68' lang='lat' dir='ltr'><strong>est,</strong></span> <span class='ocrx_word' id='word_1_540' title='bbox 3204 2274 3347 2343; x_wconf 86' lang='lat' dir='ltr'><strong>quod</strong></span> <span class='ocrx_word' id='word_1_541' title='bbox 3379 2274 3575 2345; x_wconf 69' lang='lat' dir='ltr'><strong>Grmei,</strong></span> <span class='ocrx_word' id='word_1_542' title='bbox 3608 2287 3669 2333; x_wconf 90' lang='lat' dir='ltr'><strong>ut</strong></span> 
     </span>
    </p>
   </div>
   <div class='ocr_carea' id='block_1_71' title="bbox 2067 2354 3671 2439">
    <p class='ocr_par' dir='ltr' id='par_1_71' title="bbox 2067 2354 3671 2439">
     <span class='ocr_line' id='line_1_75' title="bbox 2067 2354 3671 2439; baseline 0.009 -30"><span class='ocrx_word' id='word_1_543' title='bbox 2067 2354 2235 2411; x_wconf 80' lang='lat' dir='ltr'><strong>refert</strong></span> <span class='ocrx_word' id='word_1_544' title='bbox 2265 2357 2578 2425; x_wconf 82' lang='lat' dir='ltr'><strong>Columella,</strong></span> <span class='ocrx_word' id='word_1_545' title='bbox 2611 2361 3016 2438; x_wconf 76' lang='grc' dir='ltr'><strong>ἀφροσκόδορον,</strong></span> <span class='ocrx_word' id='word_1_546' title='bbox 3043 2365 3259 2433; x_wconf 86' lang='lat' dir='ltr'><strong>quidam</strong></span> <span class='ocrx_word' id='word_1_547' title='bbox 3290 2367 3473 2423; x_wconf 89' lang='lat' dir='ltr'><strong>allium</strong></span> <span class='ocrx_word' id='word_1_548' title='bbox 3515 2371 3671 2439; x_wconf 84' lang='lat' dir='ltr'><strong>puni-</strong></span> 
     </span>
    </p>
   </div>
   <div class='ocr_carea' id='block_1_72' title="bbox 2064 2447 3669 2524">
    <p class='ocr_par' dir='ltr' id='par_1_72' title="bbox 2064 2447 3669 2524">
     <span class='ocr_line' id='line_1_76' title="bbox 2064 2447 3669 2524; baseline 0.008 -21"><span class='ocrx_word' id='word_1_549' title='bbox 2064 2463 2207 2516; x_wconf 89' lang='lat' dir='ltr'><strong>cum,</strong></span> <span class='ocrx_word' id='word_1_550' title='bbox 2239 2448 2323 2504; x_wconf 87' lang='lat' dir='ltr'><strong>vel</strong></span> <span class='ocrx_word' id='word_1_551' title='bbox 2349 2447 2629 2521; x_wconf 91' lang='lat' dir='ltr'><strong>Cyprium,</strong></span> <span class='ocrx_word' id='word_1_552' title='bbox 2661 2456 2816 2507; x_wconf 76' lang='lat' dir='ltr'><strong>sicuti</strong></span> <span class='ocrx_word' id='word_1_553' title='bbox 2846 2456 3006 2511; x_wconf 83' lang='lat' dir='ltr'><strong>docet</strong></span> <span class='ocrx_word' id='word_1_554' title='bbox 3043 2455 3268 2524; x_wconf 75' lang='lat' dir='ltr'><strong>Plinius,</strong></span> <span class='ocrx_word' id='word_1_555' title='bbox 3300 2460 3389 2512; x_wconf 88' lang='lat' dir='ltr'><strong>alii</strong></span> <span class='ocrx_word' id='word_1_556' title='bbox 3431 2462 3669 2516; x_wconf 85' lang='lat' dir='ltr'><strong>antiseo-</strong></span> 
     </span>
    </p>
   </div>
   <div class='ocr_carea' id='block_1_73' title="bbox 2063 2543 3663 2621">
    <p class='ocr_par' dir='ltr' id='par_1_73' title="bbox 2063 2543 3663 2621">
     <span class='ocr_line' id='line_1_77' title="bbox 2063 2543 3663 2621; baseline 0.008 -24"><span class='ocrx_word' id='word_1_557' title='bbox 2063 2543 2233 2597; x_wconf 81' lang='lat' dir='ltr'><strong>rodnn</strong></span> <span class='ocrx_word' id='word_1_558' title='bbox 2274 2546 2546 2614; x_wconf 82' lang='lat' dir='ltr'><strong>appellant</strong></span> <span class='ocrx_word' id='word_1_559' title='bbox 2596 2546 2837 2617; x_wconf 85' lang='lat' dir='ltr'><strong>(Arnob.,</strong></span> <span class='ocrx_word' id='word_1_560' title='bbox 2886 2548 2976 2602; x_wconf 89' lang='lat' dir='ltr'><strong>lib.</strong></span> <span class='ocrx_word' id='word_1_561' title='bbox 3022 2565 3082 2615; x_wconf 91' lang='lat' dir='ltr'><strong>tt,</strong></span> <span class='ocrx_word' id='word_1_562' title='bbox 3129 2568 3182 2620; x_wconf 92' lang='lat' dir='ltr'><strong>p.</strong></span> <span class='ocrx_word' id='word_1_563' title='bbox 3229 2552 3326 2614; x_wconf 77' lang='lat'><strong>85;</strong></span> <span class='ocrx_word' id='word_1_564' title='bbox 3371 2548 3663 2621; x_wconf 83' lang='lat' dir='ltr'><strong>Columell.,</strong></span> 
     </span>
    </p>
   </div>
   <div class='ocr_carea' id='block_1_74' title="bbox 2064 2636 3666 2712">
    <p class='ocr_par' dir='ltr' id='par_1_74' title="bbox 2064 2636 3666 2712">
     <span class='ocr_line' id='line_1_78' title="bbox 2064 2636 3666 2712; baseline 0.009 -23"><span class='ocrx_word' id='word_1_565' title='bbox 2064 2637 2153 2690; x_wconf 86' lang='lat' dir='ltr'><strong>lib.</strong></span> <span class='ocrx_word' id='word_1_566' title='bbox 2182 2652 2234 2691; x_wconf 72' lang='grc' dir='ltr'><strong>χι</strong></span> <span class='ocrx_word' id='word_1_567' title='bbox 2281 2637 2344 2691; x_wconf 84' lang='lat' dir='ltr'><strong>de</strong></span> <span class='ocrx_word' id='word_1_568' title='bbox 2374 2636 2447 2691; x_wconf 83' lang='lat' dir='ltr'><strong>Re</strong></span> <span class='ocrx_word' id='word_1_569' title='bbox 2490 2641 2692 2706; x_wconf 85' lang='lat' dir='ltr'><strong>rustic.,</strong></span> <span class='ocrx_word' id='word_1_570' title='bbox 2734 2657 2849 2712; x_wconf 86' lang='lat' dir='ltr'><strong>cap.</strong></span> <span class='ocrx_word' id='word_1_571' title='bbox 2884 2643 2953 2702; x_wconf 77' lang='grc' dir='ltr'><strong>’ὅς</strong></span> <span class='ocrx_word' id='word_1_572' title='bbox 3008 2642 3176 2707; x_wconf 85' lang='lat' dir='ltr'><strong>Plin.,</strong></span> <span class='ocrx_word' id='word_1_573' title='bbox 3206 2644 3296 2699; x_wconf 86' lang='lat' dir='ltr'><strong>lib.</strong></span> <span class='ocrx_word' id='word_1_574' title='bbox 3327 2661 3418 2701; x_wconf 74' lang='lat' dir='ltr'><strong>six</strong></span> <span class='ocrx_word' id='word_1_575' title='bbox 3468 2646 3666 2703; x_wconf 82' lang='lat' dir='ltr'><strong>Hister.</strong></span> 
     </span>
    </p>
   </div>
   <div class='ocr_carea' id='block_1_75' title="bbox 2064 2731 3661 2811">
    <p class='ocr_par' dir='ltr' id='par_1_75' title="bbox 2064 2731 3661 2811">
     <span class='ocr_line' id='line_1_79' title="bbox 2064 2731 3661 2811; baseline 0.009 -28"><span class='ocrx_word' id='word_1_576' title='bbox 2064 2739 2192 2795; x_wconf 87' lang='lat' dir='ltr'><strong>nat.,</strong></span> <span class='ocrx_word' id='word_1_577' title='bbox 2226 2748 2340 2802; x_wconf 88' lang='lat' dir='ltr'><strong>cap.</strong></span> <span class='ocrx_word' id='word_1_578' title='bbox 2373 2731 2426 2796; x_wconf 87' lang='lat'><strong>6,</strong></span> <span class='ocrx_word' id='word_1_579' title='bbox 2457 2750 2509 2803; x_wconf 89' lang='lat' dir='ltr'><strong>p.</strong></span> <span class='ocrx_word' id='word_1_580' title='bbox 2542 2732 2693 2805; x_wconf 87' lang='lat'><strong>597).</strong></span> <span class='ocrx_word' id='word_1_581' title='bbox 2729 2735 2803 2790; x_wconf 92' lang='lat' dir='ltr'><strong>De</strong></span> <span class='ocrx_word' id='word_1_582' title='bbox 2832 2735 2924 2791; x_wconf 92' lang='lat' dir='ltr'><strong>illo</strong></span> <span class='ocrx_word' id='word_1_583' title='bbox 2948 2736 3171 2793; x_wconf 90' lang='lat' dir='ltr'><strong>Plautus</strong></span> <span class='ocrx_word' id='word_1_584' title='bbox 3204 2740 3399 2795; x_wconf 88' lang='lat' dir='ltr'><strong>cecinit</strong></span> <span class='ocrx_word' id='word_1_585' title='bbox 3432 2738 3661 2811; x_wconf 86' lang='lat' dir='ltr'><strong>(Plaul.,</strong></span> 
     </span>
    </p>
   </div>
   <div class='ocr_carea' id='block_1_76' title="bbox 2061 2818 2890 2901">
    <p class='ocr_par' dir='ltr' id='par_1_76' title="bbox 2061 2818 2890 2901">
     <span class='ocr_line' id='line_1_80' title="bbox 2061 2818 2890 2901; baseline 0.01 -26"><span class='ocrx_word' id='word_1_586' title='bbox 2061 2821 2115 2877; x_wconf 89' lang='lat' dir='ltr'><strong>in</strong></span> <span class='ocrx_word' id='word_1_587' title='bbox 2144 2820 2374 2890; x_wconf 74' lang='lat' dir='ltr'><strong>Pwnul.,</strong></span> <span class='ocrx_word' id='word_1_588' title='bbox 2406 2834 2512 2881; x_wconf 86' lang='lat' dir='ltr'><strong>act.</strong></span> <span class='ocrx_word' id='word_1_589' title='bbox 2544 2842 2594 2894; x_wconf 79' lang='grc' dir='ltr'><strong>ν,</strong></span> <span class='ocrx_word' id='word_1_590' title='bbox 2624 2844 2763 2882; x_wconf 84' lang='lat' dir='ltr'><strong>scen.</strong></span> <span class='ocrx_word' id='word_1_591' title='bbox 2795 2818 2851 2901; x_wconf 84' lang='grc'><strong>5)</strong></span> <span class='ocrx_word' id='word_1_592' title='bbox 2877 2846 2890 2883; x_wconf 93' lang='lat'><strong>:</strong></span> 
     </span>
    </p>
   </div>
   <div class='ocr_carea' id='block_1_77' title="bbox 2820 2944 3351 3010">
    <p class='ocr_par' dir='ltr' id='par_1_77' title="bbox 2820 2944 3351 3010">
     <span class='ocr_line' id='line_1_81' title="bbox 2820 2944 3351 3010; baseline 0.006 -16"><span class='ocrx_word' id='word_1_593' title='bbox 2820 2944 2943 3010; x_wconf 75' lang='lat' dir='ltr'><strong>Tum</strong></span> <span class='ocrx_word' id='word_1_594' title='bbox 2967 2949 3134 2995; x_wconf 89' lang='lat' dir='ltr'><strong>autem</strong></span> <span class='ocrx_word' id='word_1_595' title='bbox 3159 2948 3351 3010; x_wconf 89' lang='lat' dir='ltr'><strong>plenior</strong></span> 
     </span>
    </p>
   </div>
   <div class='ocr_carea' id='block_1_78' title="bbox 2151 3002 3371 3072">
    <p class='ocr_par' dir='ltr' id='par_1_78' title="bbox 2151 3002 3371 3072">
     <span class='ocr_line' id='line_1_82' title="bbox 2151 3002 3371 3072; baseline 0.007 -20"><span class='ocrx_word' id='word_1_596' title='bbox 2151 3002 2264 3052; x_wconf 80' lang='grc' dir='ltr'><strong>ΑΠίί</strong></span> <span class='ocrx_word' id='word_1_597' title='bbox 2289 3003 2559 3069; x_wconf 79' lang='lat' dir='ltr'><strong>ulpicique,</strong></span> <span class='ocrx_word' id='word_1_598' title='bbox 2584 3019 2728 3069; x_wconf 88' lang='lat' dir='ltr'><strong>quam</strong></span> <span class='ocrx_word' id='word_1_599' title='bbox 2751 3014 2866 3058; x_wconf 92' lang='lat' dir='ltr'><strong>sunt</strong></span> <span class='ocrx_word' id='word_1_600' title='bbox 2904 3006 3103 3058; x_wconf 83' lang='lat' dir='ltr'><strong>Romani</strong></span> <span class='ocrx_word' id='word_1_601' title='bbox 3129 3002 3371 3072; x_wconf 72' lang='lat' dir='ltr'><strong>remiges.</strong></span> 
     </span>
    </p>
   </div>
   <div class='ocr_carea' id='block_1_79' title="bbox 2062 3128 3658 3209">
    <p class='ocr_par' dir='ltr' id='par_1_79' title="bbox 2062 3128 3658 3209">
     <span class='ocr_line' id='line_1_83' title="bbox 2062 3128 3658 3209; baseline 0.009 -27"><span class='ocrx_word' id='word_1_602' title='bbox 2062 3128 2274 3185; x_wconf 82' lang='lat' dir='ltr'><strong>Videsis</strong></span> <span class='ocrx_word' id='word_1_603' title='bbox 2326 3130 2503 3189; x_wconf 85' lang='lat' dir='ltr'><strong>adhuc</strong></span> <span class='ocrx_word' id='word_1_604' title='bbox 2550 3132 2867 3200; x_wconf 84' lang='lat' dir='ltr'><strong>Palladium,</strong></span> <span class='ocrx_word' id='word_1_605' title='bbox 2918 3133 2986 3189; x_wconf 92' lang='lat' dir='ltr'><strong>de</strong></span> <span class='ocrx_word' id='word_1_606' title='bbox 3030 3134 3109 3190; x_wconf 84' lang='lat' dir='ltr'><strong>Re</strong></span> <span class='ocrx_word' id='word_1_607' title='bbox 3152 3135 3362 3206; x_wconf 89' lang='lat' dir='ltr'><strong>rustic.,</strong></span> <span class='ocrx_word' id='word_1_608' title='bbox 3412 3138 3509 3194; x_wconf 87' lang='lat' dir='ltr'><strong>lib.</strong></span> <span class='ocrx_word' id='word_1_609' title='bbox 3563 3155 3658 3209; x_wconf 86' lang='lat' dir='ltr'><strong>xu,</strong></span> 
     </span>
    </p>
   </div>
   <div class='ocr_carea' id='block_1_80' title="bbox 2062 3223 2271 3293">
    <p class='ocr_par' dir='ltr' id='par_1_80' title="bbox 2062 3223 2271 3293">
     <span class='ocr_line' id='line_1_84' title="bbox 2062 3223 2271 3293; baseline 0.005 -16"><span class='ocrx_word' id='word_1_610' title='bbox 2062 3237 2183 3293; x_wconf 87' lang='lat' dir='ltr'><strong>cap.</strong></span> <span class='ocrx_word' id='word_1_611' title='bbox 2217 3223 2271 3279; x_wconf 89' lang='lat'><strong>6.</strong></span> 
     </span>
    </p>
   </div>
   <div class='ocr_carea' id='block_1_81' title="bbox 2147 3314 3180 3385">
    <p class='ocr_par' dir='ltr' id='par_1_81' title="bbox 2147 3314 3180 3385">
     <span class='ocr_line' id='line_1_85' title="bbox 2147 3314 3180 3385; baseline 0.005 -16"><span class='ocrx_word' id='word_1_612' title='bbox 2147 3314 2435 3380; x_wconf 85' lang='lat' dir='ltr'><strong>Volumina,</strong></span> <span class='ocrx_word' id='word_1_613' title='bbox 2465 3315 2589 3373; x_wconf 86' lang='lat' dir='ltr'><strong>vide</strong></span> <span class='ocrx_word' id='word_1_614' title='bbox 2613 3332 2775 3385; x_wconf 89' lang='lat' dir='ltr'><strong>supra</strong></span> <span class='ocrx_word' id='word_1_615' title='bbox 2806 3318 3180 3376; x_wconf 88' lang='lat' dir='ltr'><strong>Pollinctores.</strong></span> 
     </span>
    </p>
   </div>
   <div class='ocr_carea' id='block_1_82' title="bbox 2139 3407 3662 3472">
    <p class='ocr_par' dir='ltr' id='par_1_82' title="bbox 2139 3407 3662 3472">
     <span class='ocr_line' id='line_1_86' title="bbox 2139 3407 3662 3472; baseline 0.005 -9"><span class='ocrx_word' id='word_1_616' title='bbox 2139 3407 2351 3464; x_wconf 82' lang='lat' dir='ltr'><strong>Ustrina</strong></span> <span class='ocrx_word' id='word_1_617' title='bbox 2380 3426 2407 3463; x_wconf 89' lang='lat' dir='ltr'><strong>a</strong></span> <span class='ocrx_word' id='word_1_618' title='bbox 2449 3409 2612 3466; x_wconf 86' lang='lat' dir='ltr'><strong>Festo</strong></span> <span class='ocrx_word' id='word_1_619' title='bbox 2650 3412 2729 3466; x_wconf 91' lang='lat' dir='ltr'><strong>sic</strong></span> <span class='ocrx_word' id='word_1_620' title='bbox 2767 3410 3131 3469; x_wconf 89' lang='lat' dir='ltr'><strong>describitur:</strong></span> <span class='ocrx_word' id='word_1_621' title='bbox 3168 3433 3186 3465; x_wconf 76' lang='grc' dir='ltr'><strong><em>ι</em></strong></span> <span class='ocrx_word' id='word_1_622' title='bbox 3220 3412 3322 3471; x_wconf 87' lang='lat' dir='ltr'><strong>Ubi</strong></span> <span class='ocrx_word' id='word_1_623' title='bbox 3349 3415 3662 3472; x_wconf 91' lang='lat' dir='ltr'><strong>combustus</strong></span> 
     </span>
    </p>
   </div>
   <div class='ocr_carea' id='block_1_83' title="bbox 2063 3502 3663 3573">
    <p class='ocr_par' dir='ltr' id='par_1_83' title="bbox 2063 3502 3663 3573">
     <span class='ocr_line' id='line_1_87' title="bbox 2063 3502 3663 3573; baseline 0.006 -19"><span class='ocrx_word' id='word_1_624' title='bbox 2063 3502 2185 3572; x_wconf 90' lang='lat' dir='ltr'><strong>quis</strong></span> <span class='ocrx_word' id='word_1_625' title='bbox 2213 3503 2606 3565; x_wconf 87' lang='lat' dir='ltr'><strong>tantummodo,</strong></span> <span class='ocrx_word' id='word_1_626' title='bbox 2631 3502 2760 3557; x_wconf 89' lang='lat' dir='ltr'><strong>alibi</strong></span> <span class='ocrx_word' id='word_1_627' title='bbox 2784 3518 2911 3558; x_wconf 88' lang='lat' dir='ltr'><strong>vero</strong></span> <span class='ocrx_word' id='word_1_628' title='bbox 2943 3515 3026 3559; x_wconf 89' lang='lat' dir='ltr'><strong>est</strong></span> <span class='ocrx_word' id='word_1_629' title='bbox 3057 3506 3321 3573; x_wconf 81' lang='lat' dir='ltr'><strong>sepultus,</strong></span> <span class='ocrx_word' id='word_1_630' title='bbox 3352 3507 3396 3562; x_wconf 93' lang='lat' dir='ltr'><strong>is</strong></span> <span class='ocrx_word' id='word_1_631' title='bbox 3425 3507 3575 3563; x_wconf 87' lang='lat' dir='ltr'><strong>locus</strong></span> <span class='ocrx_word' id='word_1_632' title='bbox 3594 3508 3663 3564; x_wconf 89' lang='lat' dir='ltr'><strong>ab</strong></span> 
     </span>
    </p>
   </div>
   <div class='ocr_carea' id='block_1_84' title="bbox 2064 3593 3654 3654">
    <p class='ocr_par' dir='ltr' id='par_1_84' title="bbox 2064 3593 3654 3654">
     <span class='ocr_line' id='line_1_88' title="bbox 2064 3593 3654 3654; baseline 0.002 -4"><span class='ocrx_word' id='word_1_633' title='bbox 2064 3595 2271 3651; x_wconf 88' lang='lat' dir='ltr'><strong>urendo</strong></span> <span class='ocrx_word' id='word_1_634' title='bbox 2299 3593 2507 3649; x_wconf 88' lang='lat' dir='ltr'><strong>ustrina</strong></span> <span class='ocrx_word' id='word_1_635' title='bbox 2537 3603 2778 3650; x_wconf 82' lang='lat' dir='ltr'><strong>vocatur.</strong></span> <span class='ocrx_word' id='word_1_636' title='bbox 2812 3614 2831 3648; x_wconf 76' lang='grc' dir='ltr'><strong><em>ι</em></strong></span> <span class='ocrx_word' id='word_1_637' title='bbox 2859 3595 2941 3650; x_wconf 79' lang='lat' dir='ltr'><strong>Ab</strong></span> <span class='ocrx_word' id='word_1_638' title='bbox 2981 3596 3221 3652; x_wconf 85' lang='lat' dir='ltr'><strong>Arnobio</strong></span> <span class='ocrx_word' id='word_1_639' title='bbox 3261 3607 3438 3652; x_wconf 89' lang='lat' dir='ltr'><strong>autem</strong></span> <span class='ocrx_word' id='word_1_640' title='bbox 3481 3612 3542 3654; x_wconf 84' lang='lat' dir='ltr'><strong>ea</strong></span> <span class='ocrx_word' id='word_1_641' title='bbox 3583 3602 3654 3653; x_wconf 83' lang='lat' dir='ltr'><strong>si-</strong></span> 
     </span>
    </p>
   </div>
   <div class='ocr_carea' id='block_1_85' title="bbox 2063 3687 3656 3762">
    <p class='ocr_par' dir='ltr' id='par_1_85' title="bbox 2063 3687 3656 3762">
     <span class='ocr_line' id='line_1_89' title="bbox 2063 3687 3656 3762; baseline -0.001 -17"><span class='ocrx_word' id='word_1_642' title='bbox 2063 3688 2410 3762; x_wconf 73' lang='lat' dir='ltr'><strong>gniﬁcatione</strong></span> <span class='ocrx_word' id='word_1_643' title='bbox 2428 3689 2566 3743; x_wconf 90' lang='lat' dir='ltr'><strong>sumi</strong></span> <span class='ocrx_word' id='word_1_644' title='bbox 2588 3687 2994 3744; x_wconf 55' lang='lat' dir='ltr'><strong>evidentissima</strong></span> <span class='ocrx_word' id='word_1_645' title='bbox 3020 3697 3160 3758; x_wconf 84' lang='lat' dir='ltr'><strong>patet</strong></span> <span class='ocrx_word' id='word_1_646' title='bbox 3184 3688 3426 3762; x_wconf 82' lang='lat' dir='ltr'><strong>(Arnob.,</strong></span> <span class='ocrx_word' id='word_1_647' title='bbox 3447 3689 3536 3744; x_wconf 82' lang='lat' dir='ltr'><strong>lib.</strong></span> <span class='ocrx_word' id='word_1_648' title='bbox 3562 3706 3656 3756; x_wconf 88' lang='lat' dir='ltr'><strong>vu,</strong></span> 
     </span>
    </p>
   </div>
   <div class='ocr_carea' id='block_1_86' title="bbox 2064 3779 3658 3853">
    <p class='ocr_par' dir='ltr' id='par_1_86' title="bbox 2064 3779 3658 3853">
     <span class='ocr_line' id='line_1_90' title="bbox 2064 3779 3658 3853; baseline 0.001 -18"><span class='ocrx_word' id='word_1_649' title='bbox 2064 3799 2116 3853; x_wconf 87' lang='lat' dir='ltr'><strong>p.</strong></span> <span class='ocrx_word' id='word_1_650' title='bbox 2149 3782 2289 3848; x_wconf 86' lang='lat'><strong>222;</strong></span> <span class='ocrx_word' id='word_1_651' title='bbox 2321 3780 2523 3844; x_wconf 78' lang='lat' dir='ltr'><strong>Festus,</strong></span> <span class='ocrx_word' id='word_1_652' title='bbox 2557 3782 2624 3834; x_wconf 87' lang='lat' dir='ltr'><strong>ad</strong></span> <span class='ocrx_word' id='word_1_653' title='bbox 2651 3780 2786 3852; x_wconf 78' lang='lat' dir='ltr'><strong>verb.</strong></span> <span class='ocrx_word' id='word_1_654' title='bbox 2818 3779 3085 3853; x_wconf 78' lang='lat' dir='ltr'><strong>Buswn);</strong></span> <span class='ocrx_word' id='word_1_655' title='bbox 3120 3781 3551 3852; x_wconf 86' lang='lat' dir='ltr'><strong>quandoquidem</strong></span> <span class='ocrx_word' id='word_1_656' title='bbox 3584 3780 3658 3839; x_wconf 90' lang='lat' dir='ltr'><strong>ibi</strong></span> 
     </span>
    </p>
   </div>
   <div class='ocr_carea' id='block_1_87' title="bbox 2062 3876 3661 3939">
    <p class='ocr_par' dir='ltr' id='par_1_87' title="bbox 2062 3876 3661 3939">
     <span class='ocr_line' id='line_1_91' title="bbox 2062 3876 3661 3939; baseline 0 -6"><span class='ocrx_word' id='word_1_657' title='bbox 2062 3877 2251 3933; x_wconf 89' lang='lat' dir='ltr'><strong>scribit</strong></span> <span class='ocrx_word' id='word_1_658' title='bbox 2285 3876 2623 3932; x_wconf 90' lang='lat' dir='ltr'><strong>ethnicorum</strong></span> <span class='ocrx_word' id='word_1_659' title='bbox 2655 3877 2867 3939; x_wconf 81' lang='lat' dir='ltr'><strong>altaria,</strong></span> <span class='ocrx_word' id='word_1_660' title='bbox 2901 3876 2988 3931; x_wconf 89' lang='lat' dir='ltr'><strong>ubi</strong></span> <span class='ocrx_word' id='word_1_661' title='bbox 3022 3876 3270 3931; x_wconf 88' lang='lat' dir='ltr'><strong>animalia</strong></span> <span class='ocrx_word' id='word_1_662' title='bbox 3301 3877 3661 3933; x_wconf 82' lang='lat' dir='ltr'><strong>immolaban-</strong></span> 
     </span>
    </p>
   </div>
   <div class='ocr_carea' id='block_1_88' title="bbox 2064 3968 3659 4039">
    <p class='ocr_par' dir='ltr' id='par_1_88' title="bbox 2064 3968 3659 4039">
     <span class='ocr_line' id='line_1_92' title="bbox 2064 3968 3659 4039; baseline -0.001 -14"><span class='ocrx_word' id='word_1_663' title='bbox 2064 3978 2171 4036; x_wconf 89' lang='lat' dir='ltr'><strong>tur,</strong></span> <span class='ocrx_word' id='word_1_664' title='bbox 2203 3984 2325 4025; x_wconf 87' lang='lat' dir='ltr'><strong>esse</strong></span> <span class='ocrx_word' id='word_1_665' title='bbox 2370 3968 2711 4039; x_wconf 73' lang='lat' dir='ltr'><strong>infelicissimi</strong></span> <span class='ocrx_word' id='word_1_666' title='bbox 2740 3969 3042 4022; x_wconf 85' lang='lat' dir='ltr'><strong>animalium</strong></span> <span class='ocrx_word' id='word_1_667' title='bbox 3068 3969 3268 4038; x_wconf 84' lang='lat' dir='ltr'><strong>generis</strong></span> <span class='ocrx_word' id='word_1_668' title='bbox 3295 3970 3536 4034; x_wconf 88' lang='lat' dir='ltr'><strong>ustrinas,</strong></span> <span class='ocrx_word' id='word_1_669' title='bbox 3568 3984 3659 4024; x_wconf 92' lang='lat' dir='ltr'><strong>ro-</strong></span> 
     </span>
    </p>
   </div>
   <div class='ocr_carea' id='block_1_89' title="bbox 2054 4061 2540 4135">
    <p class='ocr_par' dir='ltr' id='par_1_89' title="bbox 2054 4061 2540 4135">
     <span class='ocr_line' id='line_1_93' title="bbox 2054 4061 2540 4135; baseline -0.014 -16"><span class='ocrx_word' id='word_1_670' title='bbox 2054 4076 2152 4135; x_wconf 86' lang='lat' dir='ltr'><strong>gos</strong></span> <span class='ocrx_word' id='word_1_671' title='bbox 2177 4072 2230 4118; x_wconf 91' lang='lat' dir='ltr'><strong>et</strong></span> <span class='ocrx_word' id='word_1_672' title='bbox 2254 4061 2540 4118; x_wconf 83' lang='lat' dir='ltr'><strong>bnsticeta.</strong></span> 
     </span>
    </p>
   </div>
   <div class='ocr_carea' id='block_1_90' title="bbox 2125 4152 3655 4219">
    <p class='ocr_par' dir='ltr' id='par_1_90' title="bbox 2125 4152 3655 4219">
     <span class='ocr_line' id='line_1_94' title="bbox 2125 4152 3655 4219; baseline -0.003 -5"><span class='ocrx_word' id='word_1_673' title='bbox 2125 4157 2245 4214; x_wconf 85' lang='lat' dir='ltr'><strong>Alia</strong></span> <span class='ocrx_word' id='word_1_674' title='bbox 2288 4156 2466 4212; x_wconf 88' lang='lat' dir='ltr'><strong>adhuc</strong></span> <span class='ocrx_word' id='word_1_675' title='bbox 2509 4154 2781 4219; x_wconf 89' lang='lat' dir='ltr'><strong>inusitata,</strong></span> <span class='ocrx_word' id='word_1_676' title='bbox 2830 4153 3092 4219; x_wconf 79' lang='lat' dir='ltr'><strong>exsoleta,</strong></span> <span class='ocrx_word' id='word_1_677' title='bbox 3136 4153 3384 4217; x_wconf 86' lang='lat' dir='ltr'><strong>barbara,</strong></span> <span class='ocrx_word' id='word_1_678' title='bbox 3427 4152 3655 4209; x_wconf 89' lang='lat' dir='ltr'><strong>obscura</strong></span> 
     </span>
    </p>
   </div>
   <div class='ocr_carea' id='block_1_91' title="bbox 2052 4245 3651 4317">
    <p class='ocr_par' dir='ltr' id='par_1_91' title="bbox 2052 4245 3651 4317">
     <span class='ocr_line' id='line_1_95' title="bbox 2052 4245 3651 4317; baseline -0.001 -13"><span class='ocrx_word' id='word_1_679' title='bbox 2052 4250 2215 4307; x_wconf 89' lang='lat' dir='ltr'><strong>verba</strong></span> <span class='ocrx_word' id='word_1_680' title='bbox 2260 4249 2314 4304; x_wconf 92' lang='lat' dir='ltr'><strong>in</strong></span> <span class='ocrx_word' id='word_1_681' title='bbox 2369 4248 2514 4303; x_wconf 93' lang='lat' dir='ltr'><strong>illius</strong></span> <span class='ocrx_word' id='word_1_682' title='bbox 2560 4247 2711 4302; x_wconf 88' lang='lat' dir='ltr'><strong>libris</strong></span> <span class='ocrx_word' id='word_1_683' title='bbox 2759 4246 2899 4302; x_wconf 88' lang='lat' dir='ltr'><strong>haud</strong></span> <span class='ocrx_word' id='word_1_684' title='bbox 2945 4245 3311 4317; x_wconf 81' lang='lat' dir='ltr'><strong>infrequenter</strong></span> <span class='ocrx_word' id='word_1_685' title='bbox 3342 4254 3651 4302; x_wconf 84' lang='lat' dir='ltr'><strong>occurrunt.</strong></span> 
     </span>
    </p>
   </div>
   <div class='ocr_carea' id='block_1_92' title="bbox 1972 4338 3649 4435">
    <p class='ocr_par' dir='ltr' id='par_1_92' title="bbox 1972 4338 3649 4435">
     <span class='ocr_line' id='line_1_96' title="bbox 1972 4338 3649 4435; baseline -0.002 -37"><span class='ocrx_word' id='word_1_686' title='bbox 1972 4374 2027 4435; x_wconf 80' lang='lat' dir='ltr'><strong>D</strong></span> <span class='ocrx_word' id='word_1_687' title='bbox 2054 4342 2160 4398; x_wconf 86' lang='lat' dir='ltr'><strong>Sed</strong></span> <span class='ocrx_word' id='word_1_688' title='bbox 2181 4357 2244 4398; x_wconf 90' lang='lat' dir='ltr'><strong>ea</strong></span> <span class='ocrx_word' id='word_1_689' title='bbox 2266 4341 2378 4397; x_wconf 90' lang='lat' dir='ltr'><strong>suis</strong></span> <span class='ocrx_word' id='word_1_690' title='bbox 2401 4342 2555 4409; x_wconf 86' lang='lat' dir='ltr'><strong>locis,</strong></span> <span class='ocrx_word' id='word_1_691' title='bbox 2584 4339 2800 4411; x_wconf 89' lang='lat' dir='ltr'><strong>quando</strong></span> <span class='ocrx_word' id='word_1_692' title='bbox 2826 4351 3132 4410; x_wconf 86' lang='lat' dir='ltr'><strong>opportuna</strong></span> <span class='ocrx_word' id='word_1_693' title='bbox 3157 4339 3370 4395; x_wconf 86' lang='lat' dir='ltr'><strong>occasio</strong></span> <span class='ocrx_word' id='word_1_694' title='bbox 3393 4338 3514 4394; x_wconf 87' lang='lat' dir='ltr'><strong>data</strong></span> <span class='ocrx_word' id='word_1_695' title='bbox 3543 4347 3649 4406; x_wconf 90' lang='lat' dir='ltr'><strong>est,</strong></span> 
     </span>
    </p>
   </div>
   <div class='ocr_carea' id='block_1_93' title="bbox 2054 4432 2758 4504">
    <p class='ocr_par' dir='ltr' id='par_1_93' title="bbox 2054 4432 2758 4504">
     <span class='ocr_line' id='line_1_97' title="bbox 2054 4432 2758 4504; baseline -0.001 -16"><span class='ocrx_word' id='word_1_696' title='bbox 2054 4432 2289 4490; x_wconf 86' lang='lat' dir='ltr'><strong>breviter</strong></span> <span class='ocrx_word' id='word_1_697' title='bbox 2326 4432 2758 4504; x_wconf 85' lang='lat' dir='ltr'><strong>explanavimus.</strong></span> 
     </span>
    </p>
   </div>
   <div class='ocr_carea' id='block_1_94' title="bbox 2846 4522 3641 4571">
    <p class='ocr_par' dir='ltr' id='par_1_94' title="bbox 2846 4544 3637 4571">
     <span class='ocr_line' id='line_1_98' title="bbox 2846 4544 3637 4571; baseline 0 0"><span class='ocrx_word' id='word_1_698' title='bbox 2846 4544 3637 4571; x_wconf 53' lang='grc' dir='ltr'>Μ</span> 
     </span>
    </p>
   </div>
   <div class='ocr_carea' id='block_1_95' title="bbox 2839 4571 3641 4605">
    <p class='ocr_par' dir='ltr' id='par_1_95' title="bbox 2839 4571 3639 4605">
     <span class='ocr_line' id='line_1_99' title="bbox 2839 4571 3639 4605; baseline -0.003 -6"><span class='ocrx_word' id='word_1_699' title='bbox 2839 4571 3639 4605; x_wconf 70' lang='lat' dir='ltr'><strong><em>m</em></strong></span> 
     </span>
    </p>
   </div>
   <div class='ocr_carea' id='block_1_96' title="bbox 1080 4897 2927 5047">
    <p class='ocr_par' dir='ltr' id='par_1_96' title="bbox 1080 4897 2927 5047">
     <span class='ocr_line' id='line_1_100' title="bbox 1080 4897 2927 5047; baseline 0.006 -22"><span class='ocrx_word' id='word_1_700' title='bbox 1080 4897 1927 5044; x_wconf 76' lang='lat' dir='ltr'><strong>DISPUTATIONUM</strong></span> <span class='ocrx_word' id='word_1_701' title='bbox 1974 4915 2495 5047; x_wconf 75' lang='lat' dir='ltr'><strong>ADVERSUS</strong></span> <span class='ocrx_word' id='word_1_702' title='bbox 2541 4914 2927 5044; x_wconf 81' lang='lat' dir='ltr'><strong>GENTES</strong></span> 
     </span>
    </p>
   </div>
   <div class='ocr_carea' id='block_1_97' title="bbox 1547 5131 2397 5222">
    <p class='ocr_par' dir='ltr' id='par_1_97' title="bbox 1547 5131 2397 5222">
     <span class='ocr_line' id='line_1_101' title="bbox 1547 5131 2397 5222; baseline 0.001 -5"><span class='ocrx_word' id='word_1_703' title='bbox 1547 5131 1863 5220; x_wconf 81' lang='lat' dir='ltr'><strong>LIBRI</strong></span> <span class='ocrx_word' id='word_1_704' title='bbox 1900 5134 2397 5222; x_wconf 89' lang='lat' dir='ltr'><strong>SEPTEM.</strong></span> 
     </span>
    </p>
   </div>
   <div class='ocr_carea' id='block_1_98' title="bbox 937 5283 1929 5326">
    <p class='ocr_par' dir='ltr' id='par_1_98' title="bbox 937 5283 1929 5326">
     <span class='ocr_line' id='line_1_102' title="bbox 937 5283 1929 5326; baseline 0.027 -25"><span class='ocrx_word' id='word_1_705' title='bbox 937 5283 1929 5326; x_wconf 40' lang='grc' dir='ltr'><strong>ἢ</strong></span> 
     </span>
    </p>
   </div>
   <div class='ocr_carea' id='block_1_99' title="bbox 1947 5281 2001 5323">
    <p class='ocr_par' dir='ltr' id='par_1_99' title="bbox 1947 5281 2001 5323">
     <span class='ocr_line' id='line_1_103' title="bbox 1947 5281 2001 5323; baseline 0 0"><span class='ocrx_word' id='word_1_706' title='bbox 1947 5281 2001 5323; x_wconf 73' lang='lat'><strong>0</strong></span> 
     </span>
    </p>
   </div>
   <div class='ocr_carea' id='block_1_100' title="bbox 2008 5284 2973 5327">
    <p class='ocr_par' dir='ltr' id='par_1_100' title="bbox 2008 5284 2973 5327">
     <span class='ocr_line' id='line_1_104' title="bbox 2008 5284 2973 5327; baseline 0.016 -1"><span class='ocrx_word' id='word_1_707' title='bbox 2008 5284 2973 5327; x_wconf 44' lang='grc' dir='ltr'>Μ</span> 
     </span>
    </p>
   </div>
   <div class='ocr_carea' id='block_1_101' title="bbox 1397 5371 3637 5531">
    <p class='ocr_par' dir='ltr' id='par_1_101' title="bbox 1397 5371 3637 5531">
     <span class='ocr_line' id='line_1_105' title="bbox 1397 5371 3637 5531; baseline 0.014 -50"><span class='ocrx_word' id='word_1_708' title='bbox 1397 5371 1881 5482; x_wconf 87' lang='lat' dir='ltr'><strong><em>LIBER</em></strong></span> <span class='ocrx_word' id='word_1_709' title='bbox 1929 5373 2591 5492; x_wconf 81' lang='lat' dir='ltr'><strong>PRIMUS.</strong></span> <span class='ocrx_word' id='word_1_710' title='bbox 3241 5463 3244 5466; x_wconf 85' lang='lat'><strong><em>~</em></strong></span> <span class='ocrx_word' id='word_1_711' title='bbox 3610 5483 3637 5531; x_wconf 75' lang='lat'><strong>.</strong></span> 
     </span>
    </p>
   </div>
   <div class='ocr_carea' id='block_1_102' title="bbox 1687 5534 2261 5618">
    <p class='ocr_par' dir='ltr' id='par_1_102' title="bbox 1687 5534 2261 5618">
     <span class='ocr_line' id='line_1_106' title="bbox 1687 5534 2261 5618; baseline 0.009 -27"><span class='ocrx_word' id='word_1_712' title='bbox 1687 5534 2261 5618; x_wconf 54' lang='lat' dir='ltr'><strong>tnoexcttprruu.</strong></span> 
     </span>
    </p>
   </div>
   <div class='ocr_carea' id='block_1_103' title="bbox 329 5660 1925 5744">
    <p class='ocr_par' dir='ltr' id='par_1_103' title="bbox 329 5660 1925 5744">
     <span class='ocr_line' id='line_1_107' title="bbox 329 5660 1925 5744; baseline 0.007 -26"><span class='ocrx_word' id='word_1_713' title='bbox 329 5660 607 5736; x_wconf 80' lang='lat' dir='ltr'><strong>Proﬁtetur</strong></span> <span class='ocrx_word' id='word_1_714' title='bbox 642 5665 897 5722; x_wconf 84' lang='lat' dir='ltr'><strong>Arnobius</strong></span> <span class='ocrx_word' id='word_1_715' title='bbox 945 5683 979 5721; x_wconf 93' lang='lat' dir='ltr'><strong>a</strong></span> <span class='ocrx_word' id='word_1_716' title='bbox 1021 5683 1075 5722; x_wconf 86' lang='lat' dir='ltr'><strong>se</strong></span> <span class='ocrx_word' id='word_1_717' title='bbox 1113 5675 1399 5739; x_wconf 87' lang='lat' dir='ltr'><strong>susceptum</strong></span> <span class='ocrx_word' id='word_1_718' title='bbox 1442 5684 1594 5741; x_wconf 86' lang='lat' dir='ltr'><strong>opus,</strong></span> <span class='ocrx_word' id='word_1_719' title='bbox 1631 5679 1687 5724; x_wconf 89' lang='lat' dir='ltr'><strong>ut</strong></span> <span class='ocrx_word' id='word_1_720' title='bbox 1735 5673 1925 5744; x_wconf 67' lang='lat' dir='ltr'><strong>sepius</strong></span> 
     </span>
    </p>
   </div>
   <div class='ocr_carea' id='block_1_104' title="bbox 394 5756 1935 5859">
    <p class='ocr_par' dir='ltr' id='par_1_104' title="bbox 394 5756 1935 5859">
     <span class='ocr_line' id='line_1_108' title="bbox 394 5756 1935 5859; baseline 0.005 -46"><span class='ocrx_word' id='word_1_721' title='bbox 394 5756 701 5814; x_wconf 65' lang='lat' dir='ltr'><strong>inculcatam</strong></span> <span class='ocrx_word' id='word_1_722' title='bbox 768 5758 1080 5814; x_wconf 82' lang='lat' dir='ltr'><strong>calumniam</strong></span> <span class='ocrx_word' id='word_1_723' title='bbox 1138 5760 1492 5834; x_wconf 84' lang='lat' dir='ltr'><strong>propulsaret,</strong></span> <span class='ocrx_word' id='word_1_724' title='bbox 1552 5778 1657 5835; x_wconf 85' lang='lat' dir='ltr'><strong>qua</strong></span> <span class='ocrx_word' id='word_1_725' title='bbox 1736 5764 1935 5859; x_wconf 38' lang='lat' dir='ltr'><strong>ethnici.</strong></span> 
     </span>
    </p>
   </div>
   <div class='ocr_carea' id='block_1_105' title="bbox 762 5853 1169 5918">
    <p class='ocr_par' dir='ltr' id='par_1_105' title="bbox 762 5853 1169 5918">
     <span class='ocr_line' id='line_1_109' title="bbox 762 5853 1169 5918; baseline 0.005 -2"><span class='ocrx_word' id='word_1_726' title='bbox 762 5853 1043 5916; x_wconf 75' lang='grc' dir='ltr'><strong>ΡΑτιιοι..</strong></span> <span class='ocrx_word' id='word_1_727' title='bbox 1090 5853 1169 5918; x_wconf 81' lang='grc' dir='ltr'><strong>ν.</strong></span> 
     </span>
    </p>
   </div>
   <div class='ocr_carea' id='block_1_106' title="bbox 2102 5676 3628 5752">
    <p class='ocr_par' dir='ltr' id='par_1_106' title="bbox 2102 5676 3628 5752">
     <span class='ocr_line' id='line_1_110' title="bbox 2102 5676 3628 5752; baseline 0.009 -24"><span class='ocrx_word' id='word_1_728' title='bbox 2102 5683 2310 5746; x_wconf 85' lang='lat' dir='ltr'><strong>propter</strong></span> <span class='ocrx_word' id='word_1_729' title='bbox 2337 5676 2628 5733; x_wconf 85' lang='lat' dir='ltr'><strong>abdicatum</strong></span> <span class='ocrx_word' id='word_1_730' title='bbox 2656 5695 2690 5734; x_wconf 89' lang='lat' dir='ltr'><strong>a</strong></span> <span class='ocrx_word' id='word_1_731' title='bbox 2724 5679 3019 5736; x_wconf 83' lang='lat' dir='ltr'><strong>cltristianis</strong></span> <span class='ocrx_word' id='word_1_732' title='bbox 3061 5679 3311 5752; x_wconf 77' lang='lat' dir='ltr'><strong>falsorum</strong></span> <span class='ocrx_word' id='word_1_733' title='bbox 3356 5683 3628 5741; x_wconf 85' lang='lat' dir='ltr'><strong>numinum</strong></span> 
     </span>
    </p>
   </div>
   <div class='ocr_carea' id='block_1_107' title="bbox 2101 5767 3627 5844">
    <p class='ocr_par' dir='ltr' id='par_1_107' title="bbox 2101 5767 3627 5844">
     <span class='ocr_line' id='line_1_111' title="bbox 2101 5767 3627 5844; baseline 0.008 -22"><span class='ocrx_word' id='word_1_734' title='bbox 2101 5767 2296 5825; x_wconf 86' lang='lat' dir='ltr'><strong>cultum</strong></span> <span class='ocrx_word' id='word_1_735' title='bbox 2328 5786 2413 5826; x_wconf 87' lang='lat' dir='ltr'><strong>eos</strong></span> <span class='ocrx_word' id='word_1_736' title='bbox 2462 5772 2782 5844; x_wconf 82' lang='lat' dir='ltr'><strong>publicarum</strong></span> <span class='ocrx_word' id='word_1_737' title='bbox 2824 5774 3052 5830; x_wconf 88' lang='lat' dir='ltr'><strong>omnium</strong></span> <span class='ocrx_word' id='word_1_738' title='bbox 3107 5776 3456 5835; x_wconf 88' lang='lat' dir='ltr'><strong>calamitatum</strong></span> <span class='ocrx_word' id='word_1_739' title='bbox 3496 5797 3627 5837; x_wconf 70' lang='lat' dir='ltr'><strong>auc.</strong></span> 
     </span>
    </p>
   </div>
   <div class='ocr_carea' id='block_1_108' title="bbox 3022 5865 3103 5963">
    <p class='ocr_par' dir='ltr' id='par_1_108' title="bbox 3022 5865 3103 5963">
     <span class='ocr_line' id='line_1_112' title="bbox 3022 5865 3103 5963; baseline 0.012 0"><span class='ocrx_word' id='word_1_740' title='bbox 3022 5865 3103 5932; x_wconf 64' lang='grc'><strong>2³</strong></span> 
     </span>
    </p>
   </div>
  </div>
