4230 6266
550 367 661 425 ’215

1658 406 1670 412 -
1745 358 2020 417 ARNOBII
2060 355 2432 417 ADVERSUS
2474 356 2751 418 GENTES

3744 358 3853 417 716

623 493 755 536 tores
792 490 900 535 esse
936 477 1070 551 falso
1116 491 1177 532 ac
1208 485 1392 531 temere
1431 476 1803 532 accusabant...
1835 477 1964 547 Cap.
2014 477 2064 541 1,
2093 474 2147 530 Ξ.
2180 478 2235 541 Α
2328 475 2542 531 deorum
2568 492 2836 533 numerum
2858 479 3049 550 referre
3077 486 3282 549 propter
3309 476 3500 533 collata
3521 474 3634 541 sibi,
3669 480 3723 529 ut
3755 490 3848 545 pu-

556 575 610 630 li
620 576 894 644 anifestum
911 573 1083 643 itaque
1097 572 1243 644 facit,
1259 587 1293 624 a
1308 572 1602 626 christiana:
1625 572 1886 643 religionis
1913 571 2145 633 exordio,

626 665 756 720 nihil
782 665 832 717 in
863 680 1034 718 rerum
1058 674 1277 732 natura,
1304 664 1432 717 nihil
1478 664 1531 718 in
1580 664 1790 734 privatis
1835 663 2150 734 publicisque

626 756 889 810 hominum
902 755 1137 827 negotiis,
1150 766 1239 810 aut
1260 762 1512 809 mutatum
1537 765 1625 810 aut
1645 754 1937 811 relaxatum
1964 764 2010 809 et
2038 755 2143 808 dis-

624 847 867 901 solutum.
1848 846 1977 919 Cap.
2001 847 2057 915 3,
2091 847 2144 902 5.

554 937 800 994 Ethnicos
844 942 1032 1010 refutat
1080 939 1401 1011 objicientes,
1446 940 1706 1010 impietate
1752 940 2149 994 Christianorum

625 1032 747 1086 deos
792 1030 1039 1102 offensos,
1091 1032 1339 1085 mundum
1370 1032 1657 1103 pestilentia
1682 1033 1903 1103 aliisque
1930 1033 2146 1086 calami-

625 1126 815 1181 tatibus
860 1124 1115 1181 obruere:
1147 1141 1210 1180 ea:
1257 1126 1384 1194 ipsis
1431 1127 1564 1180 enim
1613 1127 1875 1198 gentilium
1921 1126 2149 1181 historiis

622 1229 936 1290 compertum
966 1228 1040 1272 est
1068 1220 1298 1274 homines
1327 1229 1447 1274 ante
1484 1219 1719 1273 auditum
1747 1228 1989 1291 umquam
2011 1219 2147 1272 chri-

619 1314 901 1368 stianorum
930 1327 1111 1366 nomen
1151 1322 1239 1365 aut
1278 1311 1459 1366 iisdem
1505 1321 1595 1365 aut
1636 1311 1790 1365 etiam
1831 1310 2147 1382 gravioribus

619 1405 851 1461 cladibus
880 1407 1037 1478 fuisse
1060 1416 1285 1461 vexatos.
1842 1403 1972 1474 Cap.
2002 1406 2054 1471 '5,
2086 1405 2140 1460 Δ.

547 1500 881 1559 Demonstrat
923 1520 1123 1575 quoque
1161 1514 1265 1557 tam
1306 1514 1496 1557 certum
1525 1515 1633 1558 esse
1664 1501 1894 1556 crudelia
1922 1500 2057 1555 bella
2084 1501 2146 1555 ab

620 1597 912 1663 Atlanticis,
944 1597 1184 1668 Assyriis,
1214 1595 1525 1663 Bactrianis,
1550 1590 1744 1658 Persis,
1778 1593 1988 1659 Crtecis,
2022 1592 2147 1648 Tro.

610 1689 755 1760 jauis
778 1697 824 1742 et
846 1688 1116 1753 Romanis,
1140 1703 1173 1741 a
1201 1686 1362 1751 Nino,
1390 1684 1681 1749 Zoroastre,
1706 1684 1898 1749 Xerxe,
1925 1685 2148 1739 Alexan-

621 1782 715 1835 dro
744 1779 957 1851 Magno,
990 1781 1204 1851 aliisque
1218 1781 1339 1834 olim
1366 1790 1509 1851 gesta
1525 1780 1699 1850 fuisse,
1714 1792 1868 1850 quam
1886 1788 2141 1844 constare,

617 1871 854 1941 illa-post
895 1870 1089 1925 Christi
1131 1881 1301 1925 ortum
1342 1872 1610 1925 imminuta
1637 1871 1812 1939 fuisse.
1843 1870 1971 1940 Cap.
2000 1871 2055 1937 5,
2083 1870 2137 1926 ὃ.
2169 1869 2218 1929 Β
2316 1869 2677 1937 superstitioso
2700 1869 2843 1922 cultu
2866 1866 3230 1922 honorabant?

547 1960 790 2031 Inquirit,
806 1977 897 2015 cur
918 1971 989 2016 tot
1006 1963 1259 2031 tantisque
1284 1964 1434 2017 malis
1458 1978 1521 2017 es:
1550 1963 1868 2018 ethnicorum
1893 1963 2140 2017 sententia

617 2054 840 2109 mundus
859 2064 1139 2126 prematur.
1173 2053 1331 2109 Docet
1357 2055 1433 2109 vel
1459 2055 1567 2110 htec
1590 2056 1657 2108 ad
1676 2070 1863 2109 causas
1878 2054 2139 2108 naturales

615 2150 885 2219 referenda
920 2164 1061 2213 esse;
1089 2148 1169 2202 vel
1213 2148 1352 2202 mala
1396 2149 1556 2203 videri
1604 2148 1924 2216 hominibus,
1968 2150 2139 2203 omnia

614 2240 971 2295 commoditate
1014 2254 1111 2294 sua
1154 2240 1503 2309 metientibus,
1531 2255 1643 2310 quae
1668 2249 1799 2295 certe
1823 2241 1915 2294 toti
1942 2249 2140 2295 natura:

614 2342 663 2389 et
686 2334 877 2387 mundo
906 2332 1056 2386 utilia
1080 2343 1220 2387 sunt.
1819 2331 1946 2401 Cap.
1984 2330 2135 2385 7-12.

547 2426 714 2493 Quam
746 2436 1054 2497 praepostere
1094 2434 1263 2479 autem
1305 2424 1493 2481 etlmici
1537 2425 1677 2479 mala
1705 2426 1876 2479 omnia
1906 2426 1959 2478 in
1985 2421 2138 2478 ϐατίς

614 2519 810 2574 stianos
837 2518 1071 2573 trecentis
1098 2516 1299 2571 circiter
1328 2515 1515 2570 abhinc
1543 2516 1693 2570 annis
1717 2526 1921 2571 exortes
1956 2516 2137 2585 refun—

616 2614 787 2667 denda
824 2628 933 2667 esse
975 2611 1317 2678 clamitarent,
1348 2611 1504 2664 uariis
1534 2609 1816 2664 rationibus
1844 2609 1966 2663 scite
1988 2619 2135 2662 coar-

613 2708 743 2778 guit.
1778 2701 1907 2769 Cap.
1940 2700 2133 2756 {3-56.

542 2796 834 2854 Absurdum
880 2812 996 2853 vero
1042 2798 1181 2850 dictu
1211 2812 1318 2851 esse
1347 2796 1692 2861 demonstrat,
1722 2796 1854 2850 iram
1881 2795 2061 2849 cadere
2085 2796 2138 2849 in

615 2893 736 2946 deos
768 2890 1104 2955 immortales,
1135 2887 1431 2959 nullamque
1459 2890 1615 2941 simul
1639 2889 1927 2957 aequitatem
1957 2887 2137 2940 iisdem

612 2986 795 3049 inesse,
828 2986 872 3038 si
902 2983 965 3037 ob
993 2983 1163 3037 illatas
1192 2981 1288 3035 sibi
1315 2999 1346 3034 a
1371 2981 1679 3035 Christianis
1698 2980 1934 3050 injurias,
1962 2988 2138 3032 earum

613 3094 788 3148 plenas
827 3085 933 3129 tam
959 3075 1022 3129 ab
1048 3074 1173 3143 ipsis
1198 3089 1351 3143 quam
1382 3074 1444 3126 ab
1474 3071 1794 3135 insontibus,
1826 3080 1880 3123 ut
1912 3070 2133 3133 aiebant,

611 3169 825 3225 ethnicis
861 3167 968 3221 ullo
1012 3167 1199 3235 absque
1238 3165 1529 3219 discrimine
1570 3163 1882 3232 repetierint.
1913 3161 2135 3215 Conclu-

612 3262 785 3330 ditque
814 3260 905 3312 has
934 3257 1179 3312 ridiculus
1230 3256 1606 3310 criminationes
1647 3256 1759 3310 sola
1806 3259 2128 3335 aruspicum,
2160 3251 2205 3314 C

611 3350 889 3407 arioloram
907 3359 949 3403 et
964 3359 1133 3403 vatum
1156 3348 1370 3403 avaritia
1391 3364 1497 3402 esse
1511 3346 1775 3415 con/ictas.
1796 3345 1923 3416 Cap.
1944 3334 2134 3400 {7-24.

539 3446 832 3519 Respondet
859 3445 1072 3498 ethnicis
1109 3442 1458 3514 objicientibus
1502 3441 1621 3494 deos
1660 3440 1774 3494 ideo
1815 3441 1867 3493 in
1909 3438 2149 3517 homines

609 3540 816 3602 stevire,
854 3536 973 3608 quia
1001 3534 1282 3591 Christiani
1326 3549 1511 3588 novum
1554 3532 1749 3587 cultum
1793 3533 1846 3586 in
1886 3541 2136 3585 terrarum

610 3631 781 3687 orbem
827 3630 1140 3685 invenerant.
1181 3626 1315 3681 lliuc
1346 3626 1555 3692 edocet,
1586 3627 1639 3681 in
1671 3642 1769 3697 quo
1817 3626 2135 3696 potissimum

609 3728 764 3780 totius
789 3720 1096 3776 Christiana:
1142 3720 1403 3791 religionis
1452 3736 1649 3775 summa
1697 3718 1956 3773 consistat.

1647 3794 1776 3881 Cap.
1802 3798 1893 3874 23,
1921 3806 2013 3877 26,
2042 3804 2133 3865 ~27.

540 3911 748 3968 Exinde
790 3910 958 3982 arguit
1004 3908 1264 3962 meliorem
1293 3923 1400 3961 esse
1440 3904 1849 3961 Christianorum
1890 3922 2134 3972 causam,

610 4018 763 4073 quam
807 4017 1011 4066 eorum,
1042 3999 1129 4067 qui
1165 3998 1299 4067 falsa
1336 3998 1545 4050 numina
1575 4007 1889 4050 reverentur.
1924 3990 2135 4049 Patrem

613 4094 746 4147 enim
775 4092 921 4146 illum
946 4089 1183 4155 adorant,
1212 4105 1245 4141 a
1282 4104 1381 4158 quo
1427 4088 1628 4153 ipsimet
1665 4087 1929 4158 gentilium
1960 4087 2052 4153 dii,
2092 4087 2140 4139 si

614 4185 699 4255 qui
745 4192 896 4250 sunt,
942 4184 1171 4252 accipere
1212 4170 1487 4234 debuerant
1535 4177 1782 4249 quidquid
1826 4174 2053 4232 numinis”
2090 4187 2137 4230 et

623 4277 902 4348 majestatis
930 4275 1113 4328 habere
1135 4275 1430 4327 creduntur.
1879 4268 2008 4341 Cap.
2041 4262 2131 4325 28.

540 4368 703 4425 Illum
732 4378 903 4421 autem
932 4381 1103 4420 verum
1126 4366 1291 4418 Deum
1318 4382 1485 4417 rerum
1516 4364 1741 4417 omnium
1768 4380 1877 4417 esse
1902 4363 2137 4435 opificem

616 4477 680 4515 ea:
720 4457 975 4526 effectibus
1025 4458 1202 4527 probat
1247 4456 1536 4522 Arnobius;
1567 4442 1836 4523 Apolline,
1880 4452 2137 4509 Mercurio

613 4553 828 4621 aliisque
857 4551 1090 4604 omnibus
1126 4548 1319 4619 ﬁctitiis
1346 4540 1636 4602 numinibus
1662 4548 2021 4618 antiquiorem,
2052 4551 2135 4603 iii-

617 4647 851 4716 finitum,
897 4643 1218 4714 ingenitum,
1268 4642 1642 4707 immortalem,
1692 4647 1958 4695 aeternum.

1646 4724 1777 4802 Cap.
1799 4724 1891 4799 29,
1925 4732 2012 4801 30,
2045 4720 2135 4788 3‘1.

543 4829 760 4888 Cuilibet
786 4846 818 4882 a
843 4836 1029 4881 natura
1058 4826 1268 4881 insitum
1299 4842 1405 4880 esse
1435 4825 1633 4891 asserit,
1654 4836 1708 4879 ut
1735 4825 1869 4879 hunc
1896 4835 2139 4896 agnoscat

615 4938 782 4993 regem
831 4936 1083 4974 summum
1127 4929 1173 4972 et
1217 4918 1440 4972 omnium
1488 4920 1855 4973 moderatorem
1882 4934 1901 4972 :
1928 4918 2046 4987 quin
2092 4924 2139 4970 et

615 5014 862 5068 animalia
889 5022 933 5067 et
961 5028 1087 5066 saxa
1112 5013 1249 5082 ipsa,
1277 5000 1332 5066 si.
1355 5002 1489 5080 forte
1512 5001 1855 5081 loquerentur,
1882 4998 1947 5063 id
1964 5010 2138 5080 aperte

618 5108 887 5177 palamque
934 5105 1236 5159 clamarent.
1274 5103 1495 5159 Frustra
1541 5107 1697 5177 igitur
1741 5106 1931 5159 ethnici
1956 5103 2137 5158 Jovem

614 5215 868 5253 summum
901 5196 1064 5252 Deum
1099 5197 1406 5266 pratdieant,
1442 5213 1587 5267 quem
1614 5196 1804 5250 scilicet
1847 5193 1998 5250 solito
2038 5195 2134 5248 ho-

613 5290 875 5343 hominum
917 5306 1056 5343 more
1100 5298 1274 5341 natum
1318 5297 1581 5352 noverunt,
1614 5306 1725 5342 cum
1775 5298 1941 5341 tamen
1990 5304 2131 5341 sum-

612 5399 726 5436 mus
757 5380 895 5435 Deus
922 5380 1174 5451 ingenitus
1204 5381 1265 5433 sit
1297 5390 1445 5447 atque
1481 5383 1719 5436 ceterum.
1770 5374 1898 5452 Cap.
1943 5380 2008 5437 51

548 5477 785 5533 Occurrit
817 5478 1029 5531 ethnicis
1058 5476 1375 5531 Christianos
1401 5477 1835 5543 insimulantibus,
1868 5495 1968 5532 non
1998 5477 2134 5548 quod

618 5571 781 5625 Deum
823 5571 1216 5641 omnipotentem
1261 5579 1576 5632 venerentur,
1607 5571 1696 5623 sed
1722 5572 1839 5637 quia
1883 5572 2135 5624 hominem

576 5698 579 5701 η
614 5673 790 5718 natum
822 5670 871 5717 et
895 5665 1081 5735 infami
1105 5664 1271 5717 crucis
1289 5663 1539 5734 supplicio
1584 5663 1941 5733 interemptum
1971 5662 2131 5718 Deum

612 5766 719 5807 esse
739 5754 1066 5808 contendant.
1756 5753 1885 5825 Cap.
1918 5748 2008 5822 56,
2041 5758 2131 5812 57.

544 5843 607 5901 Si
632 5860 769 5912 vero,
800 5844 962 5914 inquit
988 5844 1262 5913 Arnobius,
1294 5849 1374 5917 fas
1402 5847 1499 5918 fuit
1530 5847 1761 5917 ethnicis,
1802 5848 2047 5920 quosdam
2078 5848 2132 5903 in

2323 570 2531 634 labant,
2580 571 2826 639 beneﬁcia
2871 587 2891 625 :
2931 581 3124 641 quanto
3170 571 3332 641 magis
3377 568 3614 624 Christus
3659 567 3850 619 honore

2320 656 2495 715 divino
2544 662 2610 715 ab
2652 662 2949 716 hominibus
2995 662 3259 716 habendus
3290 670 3398 727 est,
3434 659 3524 731 qui
3549 658 3659 713 illis
3687 657 3851 711 multa

2320 759 2523 829 majora
2569 766 2617 812 et
2671 758 2878 827 inﬁnita
2931 756 3367 813 abundantissime
3415 753 3672 810 contulit?

3476 845 3607 916 Cap.
3639 846 3728 911 '58,
3754 846 3845 903 39.

2248 939 2316 994 At
2354 940 2465 1006 ille,
2511 936 2807 1012 inquiebant
2846 943 3060 1008 ethnici,
3092 941 3261 996 erucis
3289 939 3523 1011 patibulo
3545 939 3729 1010 afﬁxas
3762 940 3847 991 in-

2320 1033 2473 1087 teriit.
2512 1033 2651 1101 Quid
2679 1035 2840 1090 inde?
2870 1034 2996 1089 Non
3031 1036 3166 1089 enim
3195 1040 3333 1087 mors
3360 1032 3587 1100 Christi,
3611 1033 3742 1087 sicut
3758 1047 3849 1086 nec

2320 1122 2639 1196 Pythagorte
2678 1134 2771 1180 nec
2813 1120 3078 1190 Socratis,
3106 1127 3220 1198 ejus
3258 1127 3511 1180 doctrina
3536 1126 3850 1197 egregiisque

2322 1220 2476 1289 factis
2515 1219 2685 1273 ullum
2729 1221 2903 1275 attulit
2956 1220 3341 1274 detrimentum.
3374 1218 3514 1284 Quid
3539 1230 3677 1285 vero,
3710 1217 3849 1285 quod

2321 1313 2467 1367 nulla
2495 1312 2674 1368 mortis
2702 1315 2918 1385 infamia
2940 1316 3185 1368 innocens
3213 1315 3385 1380 homo,
3417 1312 3847 1385 quemadmodum

2320 1404 2581 1475 Aquilius,
2602 1403 2883 1461 Trebonius
2902 1416 2947 1461 et
2966 1406 3213 1479 Regulus,
3234 1406 3371 1459 inuri
3383 1414 3622 1474 umquam
3650 1404 3849 1473 potest?

2330 1497 2467 1563 Quid
2496 1499 2703 1569 insuper
2735 1500 2975 1554 irrisione
3013 1501 3177 1570 magis
3207 1498 3419 1569 dignum
3450 1500 3547 1551 hac
3571 1512 3847 1568 argumen-

2324 1589 2517 1642 tatione
2547 1591 2851 1660 gentilium,
2880 1591 2967 1661 qui
2994 1588 3235 1644 Liberum
3265 1602 3295 1642 a
3324 1587 3596 1643 Titanibus
3620 1589 3851 1658 discerp-

2326 1691 2452 1747 tum,
2481 1680 2848 1755 zEsculapium
2877 1684 3093 1754 fulmine
3118 1694 3441 1753 percussam,
3472 1680 3744 1735 llerculem
3768 1680 3851 1734 vi-

2250 1778 2262 1798 *
2322 1790 2443 1826 vum
2494 1774 2815 1828 combustum
2862 1775 3089 1844 aliosque
3141 1785 3305 1828 morte
3353 1774 3573 1828 uiolenta
3621 1771 3849 1827 sublatos

3476 1865 3605 1937 Cap.
3631 1865 3723 1932 i0,
3755 1865 3846 1920 41.

2246 1959 2484 2016 Christus
2505 1968 2661 2033 p'orro
2690 1980 2723 2016 a
2750 1966 2947 2017 summa
2973 1959 3111 2033 Rege
3133 1959 3201 2014 ad
3222 1977 3313 2015 nos
3335 1960 3519 2015 missus
3544 1958 3847 2023 innumeris,

2317 2068 2434 2124 qute
2480 2060 2727 2127 patravit,
2759 2055 3023 2109 miraculis
3054 2063 3174 2123 tam
3217 2063 3353 2109 certo
3396 2069 3551 2122 quam
3595 2052 3853 2106 evidenter

2314 2163 2462 2201 veras
2492 2164 2601 2203 esse
2632 2147 2772 2203 Deus
2799 2148 3182 2219 comprobatur.
3208 2145 3399 2203 Christi
3428 2146 3682 2200 miracula
3707 2161 3852 2200 sum-

2316 2241 2492 2295 matim
2540 2241 2795 2312 exposita,
2824 2257 2887 2295 ea;
2913 2240 3094 2310 quibus
3128 2241 3373 2295 divinitas
3400 2241 3511 2311 ejus
3538 2237 3846 2293 adstruitur.

3490 2328 3623 2402 Cap.
3652 2329 3845 2386 42-57.

2242 2425 2423 2499 Neque
2449 2429 2528 2483 his
2568 2429 2763 2498 opponi
2808 2435 3045 2495 poterant
3070 2436 3267 2481 curata:
3305 2426 3369 2480 ab
3398 2425 3715 2480 ethnicorum
3744 2423 3846 2479 diis

2312 2523 2532 2591 inﬁrma:
2579 2520 2943 2575 nonnullorum
2988 2520 3255 2574 hominum
3293 2518 3629 2574 valetudines.
3676 2516 3841 2586 Nam,

2314 2617 2409 2670 hoc
2437 2616 2641 2669 interim
2667 2616 2829 2686 gratis
2856 2615 2978 2668 dato
2998 2656 3014 2680 ,
3045 2624 3237 2668 certum
3259 2624 3355 2678 est,
3386 2629 3418 2666 a
3437 2612 3580 2667 nullo
3602 2627 3845 2683 umquam

2313 2709 2579 2782 gentilium
2602 2708 2727 2773 Deo,
2745 2709 2893 2762 sicuti
2918 2724 2949 2761 a
2971 2706 3194 2773 Christo,
3220 2708 3373 2779 agris
3401 2707 3709 2770 hominibus,
3733 2706 3846 2760 sola

2313 2805 2543 2858 adhibita
2566 2820 2719 2857 manu
2741 2812 2830 2857 aut
2852 2818 2991 2867 voce,
3014 2798 3269 2856 redditam
3282 2804 3577 2856 sanitatem.
3600 2800 3730 2869 Cap.
3748 2802 3841 2858 48.

2243 2895 2424 2966 Neque
2447 2897 2642 2963 patitur
2668 2904 2848 2948 auctor
2872 2894 2968 2947 sibi
2999 2894 3178 2964 objici,
3219 2909 3373 2963 opem
3397 2910 3429 2945 a
3459 2893 3560 2947 diis
3587 2892 3711 2962 ferri
3741 2910 3846 2947 non

2311 2989 2462 3043 malis
2498 2988 2724 3058 quidem,
2753 2989 2842 3043 sed
2863 2987 3008 3041 bonis
3040 2988 3238 3057 piisque
3266 2986 3580 3040 hominibus.
3607 2983 3845 3040 Christus

2312 3083 2446 3136 enim
2466 3080 2617 3134 malis
2635 3080 2871 3134 omnibus
2892 3079 3157 3148 tequaliter
3177 3094 3239 3132 ac
3260 3077 3407 3132 bonis
3420 3080 3695 3133 succurrit.
3713 3076 3845 3132 Vera

2312 3182 2559 3243 prteterea
2589 3188 2696 3225 esse
2726 3171 2916 3225 Christi
2947 3170 3200 3223 miracula
3221 3170 3440 3223 ostendit
3481 3169 3650 3224 adhuc
3675 3168 3844 3223 Aruo-

2308 3260 2419 3319 bius
2465 3280 2529 3317 ex
2572 3263 2666 3316 illa
2717 3278 2926 3333 prorsus
2968 3260 3187 3316 mirabili
3220 3270 3488 3330 potestate,
3520 3278 3676 3332 quam
3702 3262 3843 3315 dedit

2314 3357 2468 3411 etiam
2513 3356 2707 3419 infima:
2734 3352 2892 3423 plebis
2933 3354 3243 3422 hominibus,
3274 3354 3509 3425 quaelibet
3543 3353 3655 3408 solo
3678 3354 3842 3424 ipsius

2315 3450 2521 3504 nomine
2551 3448 2788 3518 prodigia
2819 3447 3022 3502 edendi.
3480 3446 3613 3517 Cap.
3644 3447 3841 3503 59-52.

2242 3524 2313 3594 Et
2339 3557 2462 3596 sane
2482 3549 2690 3610 quanta:
2719 3539 3090 3611 magnitudinis
3116 3549 3161 3593 et
3188 3540 3452 3607 potestatis
3471 3540 3537 3593 sit
3566 3540 3677 3611 ipse
3696 3539 3844 3595 Chri-

2313 3642 2443 3696 stus,
2476 3629 2704 3684 sublimis
2742 3639 2790 3684 et
2830 3631 2893 3684 ab
2920 3630 3099 3684 intima
3123 3632 3299 3684 radice
3332 3629 3488 3693 Deus,
3519 3632 3717 3685 tametsi
3746 3632 3837 3687 ho-

2315 3714 2535 3777 minibus
2552 3721 2674 3775 olim
2704 3723 3017 3792 incognitus,
3043 3724 3123 3776 vel
3142 3722 3266 3776 solis
3281 3738 3414 3793 quae,
3437 3723 3549 3793 ipso
3572 3725 3840 3793 moriente,

2315 3819 2453 3887 facta
2483 3824 2601 3869 sunt
2624 3814 2886 3868 miraculis
2910 3814 3285 3870 euidentissime
3309 3804 3718 3870 demonstratum
3745 3824 3838 3871 est.

3582 3910 3712 3985 Cap.
3741 3913 3835 3969 55.

2242 4000 2429 4058 Christi
2458 4005 2821 4059 miraculorum
2840 4006 3023 4060 ueritas
3052 4007 3376 4077 comprobata
3405 4006 3623 4073 primum
3645 4021 3709 4061 est
3729 4014 3837 4060 tes-

2316 4099 2446 4152 tibus
2468 4097 2899 4168 locupletissimis,
2930 4097 3120 4154 Christi
3150 4098 3439 4169 discipulis,
3471 4099 3562 4169 qui
3582 4108 3715 4152 certo
3739 4112 3835 4152 ca-

2317 4191 2435 4257 pitis
2465 4192 2689 4257 periculo
2719 4208 2779 4245 ea
2800 4176 3125 4264 publicarunt
3152 4203 3199 4246 et
3234 4192 3449 4262 posteris
3467 4191 3787 4245 tradiderunt
3817 4206 3837 4245 :

2314 4282 2499 4336 deinde
2524 4299 2640 4336 vero
2661 4300 2724 4338 ex
2740 4300 2821 4348 eo,
2841 4284 2975 4354 quod
3002 4281 3296 4337 Christiana
3326 4283 3506 4353 religio
3536 4282 3597 4336 iis
3613 4281 3839 4336 stabilita

2314 4384 2360 4426 et
2400 4375 2736 4441 con/innata,
2772 4375 3063 4430 brevissimo
3098 4384 3321 4447 tempore
3353 4376 3406 4429 in
3448 4382 3552 4429 toto
3585 4385 3837 4428 terrarum

2314 4465 2432 4520 orbe
2459 4476 2690 4538 suscepta
2710 4477 2803 4523 est.
3457 4466 3590 4539 Cap.
3619 4469 3710 4533 5i,
3740 4468 3832 4523 55.

2242 4544 2423 4630 Neque
2462 4559 2663 4613 demum
2697 4577 2755 4613 ea
2782 4558 3044 4616 'miracula
3080 4578 3110 4614 a
3151 4560 3483 4632 scriptoribus
3521 4562 3709 4616 nostris
3749 4571 3838 4614 aut

2164 4647 2229 4707 Ιν
2316 4651 2506 4720 stripta
2543 4651 2854 4706 mendaciter
2900 4662 2989 4706 aut
3033 4653 3245 4707 nimium
3296 4665 3608 4723 exaggerata
3657 4654 3836 4724 probat

2317 4734 2591 4798 Arnobius.
2624 4726 2761 4811 Quin
2789 4744 2942 4799 etiam
2966 4755 3069 4799 tam
3097 4763 3215 4819 vera
3241 4757 3378 4811 sunt,
3423 4762 3537 4814 qute
3569 4745 3755 4800 nostris
3783 4745 3837 4798 in

2315 4841 2483 4895 Librts
2536 4844 2597 4895 de
2638 4841 2841 4896 Christo
2888 4844 3080 4911 scripta
3120 4842 3289 4911 fuere,
3339 4858 3491 4913 quam
3535 4841 3692 4913 falsa,
3722 4853 3837 4909 qua:

2315 4922 2531 5005 gentiles
2561 4932 2625 4985 de
2646 4924 2750 4987 diis
2774 4933 2886 4986 suis
2904 4924 3247 4987 tradiderunt.
3470 4930 3579 5003 Cap
3625 4929 3718 4995 56,
3738 4930 3833 4986 57.

2242 5008 2488 5080 iietundit
2522 5010 2772 5078 Arnobius
2802 5025 3027 5078 ethnicos
3070 5034 3326 5095 urgentes,
3360 5022 3479 5076 hinc
3523 5024 3715 5092 scripta
3741 5037 3836 5075 sua

2312 5126 2421 5172 esSe
2439 5117 2729 5189 antiquiora
2748 5127 2895 5186 atque
2908 5116 3098 5171 idcirco
3118 5116 3335 5183 veriora,
3360 5116 3504 5170 illinc
3525 5132 3639 5170 vero
3661 5125 3835 5170 nostra

2324 5210 2482 5280 fuisse
2503 5210 2566 5262 ab
2596 5208 2811 5263 indoctis
2838 5208 3127 5262 hominibus
3154 5224 3383 5263 sermone
3410 5208 3528 5261 rudi
3552 5218 3700 5279 atque
3730 5209 3832 5261 im-

2312 5304 2472 5374 polita
2497 5312 2727 5357 exarata.
3450 5297 3580 5368 Cap.
3615 5299 3710 5364 58,
3737 5299 3829 5355 59.

2239 5394 2507 5461 Satisfa'eit
2533 5396 2709 5449 tractor
2733 5394 2962 5459 ethnicis,
2996 5394 3079 5462 qui
3109 5410 3140 5446 a
3167 5393 3468 5448 Christianis
3487 5392 3829 5464 postulabant,

2310 5504 2400 5542 our
2422 5485 2674 5551 Christus,
2703 5487 2747 5540 si
2781 5486 2915 5540 Deus
2956 5488 3044 5553 sit,
3088 5486 3367 5540 humanam
3410 5486 3631 5555 formam
3669 5485 3833 5539 induit

2309 5587 2355 5630 et
2384 5593 2522 5629 more
2546 5577 2769 5631 humano
2796 5587 2867 5631 est
2890 5577 3240 5646 interemptus.
3337 5574 3467 5645 Cap.
3492 5577 3579 5641 60,
3615 5577 3705 5643 61,
3736 5575 3829 5631 62.

2238 5666 2536 5736 Resp‘mtdet
2556 5668 2733 5722 iisdem
2753 5669 3134 5738 reprimentibus,
3162 5662 3457 5723 incredibile
3484 5678 3695 5740 prorsus
3724 5678 3834 5723 esse

2309 5754 2565 5814 Christum
2597 5758 2760 5813 Deum
2789 5766 2841 5815 et
2860 5761 3117 5815 hominem
3140 5761 3379 5814 hun‘tan‘d’
3413 5769 3615 5815 tantum
3646 5769 3831 5815 natura

2232 5868 2239 5879 τ
2308 5851 2469 5905 visum
2491 5866 2551 5905 ac
2569 5850 2795 5923 patibulo
2813 5842 3055 5921 adfixum
3068 5852 3225 5908 vitam
3243 5852 3467 5924 Nise:
3490 5851 3827 5923 ostenditque,
