4172 6252
574 282 678 343 719

1741 269 2018 330 ARNOBll
2055 267 2423 329 ADVERSUS
2461 265 2641 327 GEN’i‘
2648 265 2732 324 ES

3764 256 3870 315 7'20

575 407 861 471 postquam
891 394 1088 452 essein
1119 391 1318 450 mundo
1346 388 1636 448 christiana
1665 401 1797 459 gens
1835 389 2032 458 cmpit,
2067 397 2176 444 ter-
2203 390 2250 448 Α
2280 384 2687 441 contentionum
2731 374 3190 471 studiis,_quibus
3216 368 3510 471 iubs-curari
3550 376 3605 426 et
3632 372 3870 471 contegi

578 507 760 547 rarum
792 489 978 544 orbem
1011 487 1255 556 periisse,
1289 480 1713 538 multiformibus
1741 479 1897 533 malis
1926 477 2174 533 allectum

577 599 702 639 esse
729 594 899 652 genus
925 579 1220 633 humanum
1246 593 1261 644 ;
1297 577 1445 647 ipsos
1473 574 1634 630 etiam
1675 573 1913 635 cmlites,
1948 571 2178 626 derelic—

582 678 650 731 tis
679 675 827 730 curis
873 671 1241 738 solemnibus,
1285 669 1477 740 quibus
1507 665 2054 738 quondamsolebant
2097 665 2180 719 in-

581 770 757 824 visere
784 782 872 823 res
917 775 1150 832 nostras,
1185 775 1449 820 terrarum
1491 762 1560 816 ab
1585 761 1892 831 regionibus
1918 761 2176 815 extermi-

583 873 741 918 natos
773 878 788 914 :
827 861 988 915 statui
1021 874 1116 929 pro
1145 870 1303 928 captu
1329 901 1344 925 ,
1389 871 1452 911 ac
1496 855 1867 910 mediocritate
1911 854 2180 911 sermonis

582 954 857 1010 contraire
887 949 1121 1014 invidiae,
1172 959 1228 1003 et
1268 945 1631 1003 calumniosas
1663 945 1964 1000 dissolvere
1994 945 2181 1000 crimi-

587 1048 836 1102 nationes
859 1087 873 1112 ,
905 1059 973 1098 ne
1003 1052 1094 1098 aut
1125 1042 1202 1097 illi
1242 1041 1342 1096 sibi
1377 1040 1665 1095 videantur
1685 1080 1700 1103 ,
1735 1039 2008 1108 popularia
2054 1037 2182 1092 dum

580 1138 742 1194 verba
770 1137 1116 1205 depromunt,
1150 1148 1401 1203 magnum
1424 1130 1622 1200 aliquid
1645 1129 1858 1195 dicere;
1878 1138 1986 1196 aut,
2016 1129 2060 1183 si
2085 1143 2184 1184 nos

481 1244 494 1252 ·
586 1231 778 1287 talibus
795 1227 1222 1284 continuerimus
1243 1224 1476 1278 alitibus
1493 1232 1542 1289 ³,
1563 1222 1864 1278 obtinuisse
1887 1236 1946 1276 se
1965 1235 2182 1276 causam

587 1333 813 1395 putent,
843 1323 1039 1376 victam
1084 1320 1166 1374 sui
1215 1318 1384 1383 vitio,
1438 1332 1544 1370 non
1596 1324 1925 1370 assertorum
1970 1315 2186 1370 silentio

587 1417 918 1472 destitutam.
940 1415 1123 1484 Neque
1146 1412 1290 1468 enim
1318 1411 1626 1481 negaverim
1656 1409 2040 1464 validissimam
2066 1425 2187 1465 csse

591 1511 987 1566 accusationem
1037 1508 1218 1572 istam,
1269 1505 1661 1574 liostilibusque
1708 1504 2007 1574 condignas
2035 1504 2188 1566 odiis

589 1619 689 1659 nos
715 1618 856 1671 esse,
877 1603 920 1657 si
947 1600 1088 1672 apud
1109 1614 1206 1655 nos
1223 1613 1343 1654 esse
1361 1598 1667 1652 constiterit
1682 1611 1898 1663 causas,
1922 1613 2016 1667 per
2055 1612 2189 1668 quas

591 1697 704 1752 suis
745 1695 978 1750 mundus
1007 1691 1278 1748 aberravit
1306 1691 1373 1743 ab
1422 1689 1648 1759 lvgibus,
1681 1689 2020 1743 exterminati
2064 1700 2193 1745 sunt

2278 474 2666 547 contemplatio
2696 487 2877 527 rerum
2904 468 3081 534 solet,
3114 483 3182 522 an
3211 468 3278 522 sit
3324 464 3468 520 istud
3506 463 3646 536 quod
3678 463 3874 519 dicitur

2279 586 2464 626 verum
2493 607 2507 630 ,
2559 572 2960 621 momentorum
3011 561 3214 631 parium
3243 559 3640 614 examinatione
3670 558 3874 625 penda-

2281 676 2419 717 mus.
2455 659 2731 714 El‘licietur
2776 657 2928 712 enim
2962 655 3205 726 proiecto
3242 653 3876 720 rationumconsequen-

2283 755 2412 808 tium
2441 753 2716 822 copulato,
2749 759 2804 803 ut
2835 762 2943 803 non
2973 746 3122 816 impii
3151 761 3248 800 nos
3275 746 3444 815 magis
3469 741 3519 810 ι’,
3545 744 3638 798 sed
3671 743 3748 796 illi
3778 743 3877 812 ipsi

2281 848 2620 917 reperiantur
2647 843 2889 898 criminis
2916 843 3071 896 istius
3096 841 3208 905 rei,
3241 840 3330 909 qui
3357 853 3414 893 se
3447 835 3723 892 numinum
3754 852 3876 906 pro-

2284 943 2506 997 litentur
2531 955 2653 995 esse
2676 938 2934 997 cultores.
2965 945 3127 1003 atque
3170 931 3483 988 inveteratis
3533 930 3878 1001 religionibus

2283 1035 2515 1090 deditos.
2550 1034 2628 1088 Ac
2672 1031 2903 1102 primum
2932 1029 3000 1084 ab
3029 1028 3112 1083 his
3155 1027 3282 1082 illud
3313 1025 3560 1080 familiari
3593 1035 3646 1080 et
3677 1024 3880 1093 placida

2285 1127 2529 1181 oratione
2563 1124 2920 1194 perquirimus
2948 1137 2962 1174 :
2995 1128 3277 1190 postquam
3307 1132 3427 1172 esse
3459 1132 3655 1171 nomen
3687 1117 3739 1170 in
3771 1126 3880 1171 ter-

2285 1220 2360 1274 ris
2390 1219 2697 1273 cliristiante
2727 1215 3004 1285 religionis
3049 1211 3280 1280 occmpit
3300 1252 3314 1275 ,
3353 1209 3611 1280 quidnam
3641 1209 3882 1264 invisita-

2288 1321 2420 1376 tum,
2448 1310 2573 1380 quid
2600 1309 2951 1379 incognitum,
2975 1304 3099 1375 quid
3127 1311 3313 1358 contra
3346 1300 3492 1372 leges
3517 1299 3883 1371 principaliter

2288 1406 2579 1469 institutas,
2611 1414 2701 1456 aut
2729 1403 3019 1457 sensitaut
3047 1412 3199 1468 passa
3243 1405 3328 1451 est
3367 1411 3546 1450 rerum
3594 1394 3712 1464 ipsa
3765 1410 3881 1464 qua:

2290 1499 2485 1554 dicitur
2514 1497 2929 1566 appellaturque
2956 1505 3146 1548 natura
3169 1490 3191 1543 ’ἔ
3214 1488 3483 1560 Numquid
3509 1489 3560 1542 in
3588 1490 3889 1544 contrarias

2291 1590 2581 1660 qualitates
2602 1590 2772 1658 prima
2799 1586 2885 1640 illa
2909 1585 3174 1640 elementa
3197 1590 3398 1636 mutata
3431 1590 3577 1646 sunt,
3605 1596 3668 1635 ex
3694 1581 3889 1650 quibus

2292 1700 2386 1741 res
2412 1697 2604 1738 omnes
2629 1695 2954 1737 consensum
2987 1687 3071 1734 est
3105 1693 3226 1732 esse
3270 1675 3597 1731 concretas?
3625 1673 3894 1744 Numquid

591 1790 664 1844 dii
695 1789 882 1860 longe,
929 1786 1175 1842 exatnina
1221 1793 1366 1838 tanta
1398 1789 1710 1839 'mcerorum
1745 1784 2052 1837 mortalium
2083 1783 2185 1838 im-
2217 1793 2267 1854 Β
2296 1779 2558 1836 machina:
2595 1777 2775 1845 hujus.
2817 1785 2870 1829 et
2910 1771 3069 1828 molis
3094 1813 3108 1834 ,
3148 1786 3256 1842 qua
3284 1769 3521 1825 universi
3565 1770 3812 1838 tegimur,
3843 1778 3899 1824 et

591 1890 805 1954 portata
843 1890 968 1936 sunt
997 1880 1231 1935 saeculis.

664 1975 730 2030 ll.
772 1973 1120 2043 Inspiciamus
1148 1972 1308 2042 igitur
1335 1969 1607 2042 opinionis
1650 1969 1804 2024 istius
1833 1978 2099 2036 mentem,
2134 1980 2189 2026 ct

592 2069 697 2125 hoc
739 2067 882 2138 quod
907 2065 1124 2133 dicitur,
1172 2065 1332 2135 quale
1363 2063 1471 2118 sit:
1521 2062 1914 2133 summotisque
1939 2062 2190 2118 omnibus

2295 1872 2638 1928 continemur
2666 1867 2896 1931 inclusi,
2931 1874 3085 1937 parte
3113 1874 3195 1919 est
3224 1865 3275 1918 in
3305 1863 3482 1934 aliqua
3515 1862 3777 1928 relaxata,
3808 1869 3898 1915 aut

2298 1967 2560 2022 dissoluta
2591 1959 2972 2019 constructio?
3002 1958 3271 2028 Numquid
3297 1957 3504 2027 vertigo
3546 1956 3662 2011 lucc
3688 1954 3900 2021 mundi,

2299 2057 2602 2132 primigenii
2651 2064 2843 2112 motus
2875 2051 3201 2109 moderaren
3231 2049 3525 2115 excedens,
3565 2059 3661 2104 aut
3699 2047 3902 2104 tardius

1839 2201 2220 2261 LECTIONES
2249 2195 2670 2258 VARIANTES.

655 2351 683 2379 ⁸
718 2347 793 2398 Ab
815 2345 983 2397 litibus
1014 2345 1109 2395 Ms.

2355 2334 2387 2375 1)
2421 2334 2563 2398 [mpii
2584 2333 2760 2397 magis.
2785 2344 2875 2383 nos
2897 2330 3035 2384 Fulv.

1958 2448 2522 2508 COMMENTARIUS.

667 2586 949 2659 Postquam
976 2599 1082 2638 esse
1111 2584 1164 2659 in
1187 2581 1381 2659 mundo
1407 2581 1689 2659 christiana
1718 2600 1839 2654 gens
1876 2585 2057 2655 erepit,
2088 2595 2190 2640 ter-

590 2678 766 2716 rarum
808 2653 982 2712 orbem
1031 2655 1261 2724 periisse.
1315 2653 1390 2707 Ita
1439 2653 1783 2709 ascribebant
1835 2670 1901 2710 eo
1951 2653 2194 2720 tempore

593 2745 785 2788 causas
811 2727 1076 2784 malorum
1105 2726 1345 2780 onmium
1373 2725 1701 2788 Christianis,
1729 2735 1784 2781 et
1813 2726 1945 2780 deos
1974 2728 2196 2782 aiebant

592 2803 1008 2858 Christianorum
1063 2798 1336 2864 impietate
1381 2807 1732 2865 exasperatos
1791 2798 1929 2851 mala
1979 2802 2193 2861 omnia,

591 2887 942 2946 quaecumque
955 2871 1244 2946 humanum
1267 2883 1438 2936 genus
1456 2868 1738 2946 urgebant,
1758 2870 2014 2946 excitare.
2035 2869 2192 2946 conf.

596 2939 913 2999 'l‘ertulliun.
972 2940 1282 3007 Apologet.,
1315 2953 1433 3008 cap.
1466 2940 1571 3003 40;
1615 2939 1925 3007 Augustin.,
1969 2939 2036 2993 de
2075 2939 2192 2993 Civ.

594 3017 710 3078 Dei,
741 3015 838 3068 lib.
865 3028 926 3078 ιι,
956 3027 1076 3079 cap.
1105 3011 1140 3064 2
1163 3019 1215 3064 et
1245 3011 1311 3071 5;
1341 3009 1640 3079 Cyprianus
1667 3010 1733 3062 ad
1770 3010 2190 3076 Dctnetrianutn,

2297 2585 2546 2640 Lactant.
2590 2580 2725 2636 Inet.
2774 2577 2870 2632 lib.
2917 2591 2989 2638 vr,
3022 2589 3144 2645 cap.
3173 2575 3263 2639 i9,
3294 2589 3416 2647 pag.
3449 2575 3560 2632 8l0
3589 2592 3741 2647 seq.;
3773 2577 3900 2634 Adr.

2297 2655 2556 2710 Behotius
2579 2654 2629 2705 in
2661 2649 3026 2717 ApOphoretis
3050 2648 3140 2701 lib.
3171 2663 3209 2714 ι,
3234 2663 3355 2718 cap.
3384 2649 3436 2711 9,
3476 2650 3622 2716 conj.
3667 2653 3904 2705 extermi-

2297 2729 2432 2780 natis
2451 2725 2664 2780 summis
2677 2732 2724 2776 et
2739 2721 2836 2774 diis
2859 2720 3306 2788 longe,examina,
3331 2728 3435 2774 etc.
3461 2721 3567 2776 Sed
3586 2723 3723 2776 bene
3747 2721 3904 2778 habet

2302 2797 2522 2853 Codicis
2555 2797 2738 2849 lcetio.
2769 2791 2975 2846 Οιιειιη

2371 2869 2664 2936 Importata
2687 2874 2801 2918 sunt
2829 2861 3052 2916 suculis.
3075 2859 3215 2936 _Vitle
3247 2860 3404 2936 infra,
3435 2877 3558 2936 cap.
3580 2864 3632 2919 5.
3672 2863 3746 2918 lla
3772 2864 3904 2920 Lac-

2300 2931 2502 2993 lautius
2529 2941 2579 2991 in
2611 2937 2880 3004 Epitome.
2910 2949 3031 3000 cap.
3060 2932 3153 3000 40',
3183 2933 3211 3004 §
3240 2932 3274 2988 8
3301 2951 3313 2986 :
3349 2931 3455 2986 Pro
3481 2931 3575 2987 hoc
3615 2938 3905 3004 importavit

2297 3012 2404 3065 illis
2435 3009 2569 3064 Deus
2601 3003 2760 3070 mala,
2792 3005 2881 3058 ubi
2909 3006 3108 3058 multus
3139 3003 3224 3059 est
3259 3004 3327 3057 de
3371 3003 3472 3058 hoc
3514 3003 3698 3061 verbo
3727 3006 3903 3064 Bttne-

592 3073 708 3142 etc;
743 3073 1118 3151 Posteaquam
1166 3073 1464 3151 principum
1503 3080 1919 3134 Christianorum
1967 3073 2192 3148 imperio
2218 3082 2263 3143 C
2299 3098 2547 3148 manuus,
2582 3096 2700 3148 pag.
2738 3077 2898 3131 1285.
2930 3073 3231 3151 Mortalium
3257 3076 3630 3151 steculantiltil
3662 3078 3809 3151 aliud
3839 3080 3907 3134 si-

595 3157 862 3210 idolorum
890 3150 1087 3221 templa
1118 3150 1515 3210 clauderentur.
1549 3161 1605 3204 et
1641 3152 1856 3220 gentilis
1881 3151 2194 3219 superstitio

596 3226 994 3296 prohiberetur,
1017 3222 1159 3296 huic
1178 3223 1340 3296 etiam
1370 3236 1547 3296 causa;
1591 3223 1732 3296 mala
1780 3223 2197 3296 saeculitribne-

597 3290 748 3362 bant,
781 3304 835 3350 et
861 3293 985 3348 inde
1008 3290 1201 3347 Orosio
1225 3291 1356 3362 data,
1370 3292 1584 3346 occasio
1611 3292 1912 3347 scribenda:
1934 3294 2194 3350 historize.

1317 3361 1562 3417 lienam.
1589 3375 1641 3415 et
1674 3365 1916 3418 ELMENH.

673 3436 869 3503 Quibus
907 3433 1164 3502 quondam
1190 3432 1417 3486 solebant
1461 3434 1676 3487 invisere
1707 3451 1785 3488 res
1816 3444 2037 3488 nostras.
2071 3435 2199 3490 Per-

596 3510 811 3576 vulguta
841 3507 1021 3575 opinio
1055 3503 1193 3576 apud
1223 3513 1450 3576 veteres.
1488 3503 1617 3558 Vide
1645 3505 1839 3560 Catulli
1862 3506 2197 3576 Epitltalam.

598 3596 651 3634 v.
683 3573 809 3637 382.
839 3573 1026 3646 seqq.;
1057 3575 1214 3631 Ovid.
1243 3573 1457 3629 Metam.
1486 3591 1522 3637 ι,
1551 3576 1818 3631 145-150.
1855 3573 1999 3631 Fast.
2020 3593 2058 3642 ι,
2095 3577 2199 3631 247

603 3666 732 3718 seqq
744 3689 757 3702 .
785 3648 989 3703 ORELL.

673 3716 962 3789 Popularia
986 3718 1154 3772 verba.
1185 3716 1298 3771 lloc
1320 3727 1400 3770 est
1423 3732 1704 3773 sermones
1735 3727 1883 3772 ortos
1922 3734 1988 3773 ex
2028 3718 2200 3788 impe-

599 3792 720 3846 ritia
750 3791 1014 3860 populari,
1034 3791 1328 3860 qualesque
1347 3799 1592 3857 repetere
1618 3789 2043 3859 indignissimum
2074 3790 2203 3844 luis-

600 3873 686 3917 set
714 3859 1017 3915 hominibus
1033 3859 1272 3914 doctrina
1294 3861 1542 3931 excultis.
1563 3860 1826 3915 Similiter
1851 3863 2199 3931 Augusdnus,

599 3935 668 3989 de
697 3931 854 3987 Civil.
888 3933 1002 3995 Dei,
1036 3932 1126 3984 lib.
1162 3946 1222 3994 ιι,
1251 3945 1370 3998 cap.
1403 3932 1458 3985 5:
1487 3929 1743 3984 Memento
1774 3929 1964 3994 autem,
2000 3949 2078 3986 me
2105 3934 2204 3986 ista

604 4011 1084 4058 connuemorantem
1109 4001 1279 4055 adhuc
1307 4010 1484 4054 contra
1505 4003 1772 4072 imperitos
1801 4019 1971 4072 agere,
1989 4019 2054 4056 ea:
2076 4020 2203 4072 quo-

599 4091 715 4128 rum
758 4073 1011 4143 imperitia
1056 4071 1190 4126 illud
1233 4088 1430 4140 quoque
1456 4083 1623 4125 ortum
1650 4083 1724 4127 est
1757 4071 1966 4142 vulgare
1993 4071 2202 4139 prover-

605 4147 778 4198 bium:
802 4145 984 4198 Pluvia
1013 4143 1196 4212 defecit
1219 4159 1374 4197 causa
1401 4145 1669 4197 christiani
1692 4147 1932 4197 nominis.
1959 4146 2202 4199 lienam.

679 4215 964 4269 Hostilibus
989 4215 1271 4285 condignas
1298 4229 1388 4268 nos
1415 4214 1548 4267 odiis
1577 4231 1702 4270 esse.
1736 4214 2029 4270 Christiani
2060 4217 2204 4270 enim

605 4287 805 4357 publici
847 4287 1029 4339 hostes
1069 4295 1124 4338 et
1169 4285 1614 4340 existimabantur
1663 4297 1719 4341 et
1768 4288 2201 4354 appellabantur.
2239 4327 2250 4336 .

1786 4357 2026 4413 lienam.

2300 3146 2706 3222 gniticut'quam
2733 3163 2902 3217 genus
2943 3146 3258 3203 humanum.
3293 3146 3426 3202 Vide
3467 3146 3625 3214 intra,
3664 3148 3764 3204 lib.
3814 3166 3904 3213 vn.

2301 3220 2419 3292 cap.
2456 3225 2550 3278 24.
2577 3220 2784 3277 Onam“

2382 3295 2541 3349 ll.--—
2575 3291 2848 3362 Opinionis
2891 3289 3036 3343 istius
3084 3298 3320 3362 mentem.
3393 3289 3511 3362 Alii
3541 3294 3757 3357 fontem.
3807 3293 3907 3349 Sed

2305 3369 2485 3420 statim
2529 3360 2646 3434 ipse
2693 3378 2753 3418 se
2797 3360 3346 3434 explicatArnobius
3393 3361 3589 3434 etiltoc
3633 3365 3776 3431 quod
3830 3366 3906 3417 di-

2302 3440 2435 3490 citur
2465 3431 2615 3506 quale
2641 3437 2706 3490 sit
2731 3451 2749 3488 :
2771 3443 2835 3506 ut
2867 3448 2964 3487 nos
3004 3431 3235 3486 dicimus
3265 3450 3278 3485 :
3308 3447 3412 3486 was
3440 3433 3622 3486 duram
3650 3449 3738 3504 sey
3762 3479 3777 3502 ,
3811 3452 3908 3490 was

2303 3505 2540 3562 daltinter
2567 3507 2719 3560 steke.
2749 3505 2955 3561 OnELL.

2375 3578 2764 3632 Contentionum
2790 3577 2995 3630 studiis.
3036 3575 3127 3630 Sic
3154 3575 3487 3645 Augustinus
3513 3573 3761 3641 Confes.,
3818 3579 3908 3632 Μ).

2304 3666 2399 3713 XII,
2433 3665 2553 3718 cap.
2588 3650 2691 3704 iS:
2730 3646 2868 3703 Nolo
2911 3647 3073 3700 verbis
3113 3645 3457 3709 contendere;
3504 3648 3573 3700 ad
3619 3649 3755 3701 nihil
3781 3651 3912 3704 enim

2303 3721 2430 3775 utile
2458 3717 2556 3784 est,
2587 3720 2684 3772 nisi
2705 3719 2772 3772 ad
2798 3718 3175 3772 subversionem
3198 3717 3536 3772 audientium.
3563 3719 3818 3774 Enueun.

2380 3790 2448 3846 Ut
2497 3807 2600 3844 non
2640 3791 2785 3859 impii
2825 3805 2916 3843 nos
2957 3789 3138 3858 magis,
3165 3787 3253 3841 sed
3283 3788 3362 3840 illi
3391 3791 3523 3858 ipsi,
3553 3802 3660 3845 etc.
3693 3793 3910 3847 Crimen

2305 3863 2640 3932 objectorum
2692 3861 2952 3915 malorum
3001 3859 3398 3928 impietatisque
3428 3861 3501 3932 ad
3543 3861 3793 3918 natiooes
3821 3878 3909 3919 re-

2308 3929 2563 4004 torquent
2611 3940 2666 3988 et
2715 3933 2804 3985 alii
2853 3932 3181 4004 scriptores,
3226 3945 3378 4004 v._c.
3427 3929 3830 4004 Tertullianus,
3861 3936 3909 3988 in

2309 4000 2615 4074 Apologet.,
2649 4018 2770 4073 cap.
2802 4004 2902 4068 li;
2933 4000 3266 4075 Lactantius,
3294 4000 3449 4066 lnst.,
3483 4001 3576 4058 lib.
3605 4019 3663 4070 v,
3691 4000 3820 4075 cap.
3844 4005 3909 4069 8;

2307 4073 2611 4147 Cyprianus
2639 4075 2703 4128 ad
2741 4073 3442 4147 Demetriamtm.Eutr-usu.

2383 4147 2643 4213 Quidnam
2670 4147 3001 4207 invisitatum,
3025 4145 3148 4213 quid
3169 4144 3502 4214 incognitum,
3520 4156 3624 4200 etc.
3646 4145 3738 4202 Sic
3757 4148 3916 4204 habet

2308 4218 2474 4272 editio
2505 4217 2675 4287 Lugd.
2709 4217 2824 4270 Bat.
2860 4231 2891 4271 e
2917 4216 3253 4287 correctione
3284 4215 3336 4269 .l.
3367 4213 3582 4270 Meursii
3609 4218 3661 4271 in
3686 4219 3909 4283 Critico,

2313 4305 2432 4359 pag.
2467 4290 2522 4343 4.
2554 4285 2657 4342 Alii
2685 4288 3004 4342 inusitatum.
3039 4285 3144 4339 Sed
3160 4287 3490 4360 invisitatum
3521 4298 3566 4340 et
3596 4289 3914 4360 incognitum

2310 4357 2401 4414 est
2419 4375 2706 4429 numquam
2735 4369 2893 4432 antea
2924 4371 3097 4427 neque
3125 4357 3274 4432 visu,
3309 4373 3482 4432 neque
3511 4361 3696 4432 auditu
3720 4357 3911 4432 cogni-

684 4425 1022 4522 chtﬁrminati
1052 4427 1265 4522 suntaii
1297 4427 1466 4497 longe,
1495 4429 2208 4522 exa'minq‘tanta'mwrorum
2233 4463 2283 4522 υ
2311 4441 2446 4494 tum,
2467 4441 2522 4484 et
2550 4425 2600 4484 iit
2629 4430 2978 4522 seqnetitibus
3010 4425 3279 4522 Arnobius
3304 4425 3639 4522 talialtradit,
3660 4425 3914 4501 qua-bon

609 4499 903 4551 mortalium
947 4498 1222 4566 importata
1274 4510 1393 4550 sunt
1441 4500 1663 4552 swculis.
1718 4499 1865 4553 lianc
1919 4499 2204 4554 [eetionetn

611 4569 844 4623 restituit
899 4568 1239 4622 Stewecltius
1288 4585 1318 4622 e
1364 4569 1498 4622 Cod.
1553 4580 1713 4624 lllSlO.
1772 4571 1950 4624 Editio
2007 4571 2204 4626 llom.:

610 4639 953 4694 Exterminati
998 4655 1200 4702 sumus,
1244 4638 1365 4691 dum
1415 4643 1591 4710 longe,
1628 4652 1758 4698 ctc..
1785 4642 1925 4708 quod
1957 4641 2211 4697 Gelenius

611 4710 1001 4778 depravaverat
1031 4712 1133 4764 hoc
1161 4711 1323 4763 modo
1353 4728 1366 4763 :
1403 4710 1798 4765 Exterminandi
1824 4730 2019 4778 sumus,
2047 4715 2091 4766 si
2121 4730 2212 4780 per

613 4799 708 4834 nos
745 4782 1002 4845 examina,
1032 4789 1159 4845 ctc.,
1203 4791 1462 4850 sequente
1492 4782 1912 4838 Elmenhorstio.
1945 4785 2211 4840 Meursius

613 4853 668 4923 in
717 4851 916 4906 Critico
965 4852 1304 4916 Arnobiano,
1336 4867 1454 4922 pag.
1490 4855 1538 4920 l,
1580 4856 1864 4923 legendum
1898 4859 2208 4911 existimat:

615 4921 960 4976 Extcrminati
987 4923 1144 4976 simus
1173 4923 1339 4994 longe,
1375 4921 1497 4978 dum
1525 4921 1780 4992 exatitina,
1807 4938 1940 4991 ctc.,
1972 4928 2212 4981 extermi-

617 4997 723 5048 nati
759 4997 918 5048 simus
957 4994 1232 5062 explicans
1259 4998 1670 5051 exterminemur.
1714 5006 1782 5050 At
1818 4999 1862 5052 si
1887 4999 2006 5052 aliis
2035 4999 2212 5053 verbis

617 5076 878 5138 repetere
900 5067 1157 5138 voluisset
1187 5064 1458 5138 Arnobius
1491 5068 1539 5120 id
1584 5068 1722 5136 quod
1755 5068 1964 5122 dixerat
2006 5069 2058 5122 in
2105 5085 2209 5138 ,ειη-

618 5136 989 5208 tecedentihus
1028 5137 1352 5208 :_hostilibus
1401 5139 1680 5208 condignas
1731 5155 1825 5194 nos
1875 5140 2008 5192 odiis
2066 5136 2207 5203 esse,

619 5206 845 5260 dixisset
888 5206 1262 5277 proculdubio,
1292 5209 1501 5261 tollendi
1527 5206 1567 5273 ,’
1594 5209 1812 5263 necandi
1861 5225 2035 5263 sumus
2054 5250 2068 5274 ,
2121 5219 2215 5264 aut

617 5277 795 5332 simile
823 5276 971 5346 quid.
992 5276 1124 5331 Nam
1155 5279 1490 5331 exterminare
1517 5295 1621 5334 non
1649 5291 1730 5334 est
1757 5282 2094 5344 interimere,
2118 5281 2212 5335 sed

620 5357 772 5420 extra
797 5349 1055 5420 terminos
1082 5349 1316 5409 mittere.
1342 5366 1370 5401 e
1388 5350 1604 5406 civitate
1626 5352 1842 5420 ejicere.
1868 5353 1984 5405 Vid.
2010 5351 2213 5405 Nonius

621 5415 678 5491 lt.
711 5434 761 5470 v.
792 5418 969 5488 ibique
998 5419 1267 5491 Mercerus
1296 5435 1414 5489 pag.
1446 5421 1535 5484 98,
1569 5415 1708 5491 quod
1740 5432 1924 5477 contra
1956 5422 2210 5477 Rutilium

619 5488 760 5542 bene
791 5498 974 5543 monet
1005 5488 1320 5557 Heusinger.
1365 5488 1428 5545 ad
1463 5488 1608 5546 illuni
1635 5492 1912 5549 Ciceronis
1941 5495 2116 5548 locum
2146 5494 2213 5548 de

621 5559 778 5632 Ollio.
808 5559 898 5614 lib.
927 5576 986 5626 Il,
1015 5575 1135 5630 cap.
1154 5560 1226 5614 25
1251 5577 1265 5615 :
1293 5561 1471 5631 Exque
1499 5580 1554 5615 eo
1583 5574 1806 5632 tempore
1832 5575 1987 5618 taan
2011 5567 2210 5617 discor-

622 5629 724 5683 dia:
765 5643 950 5703 secuta
976 5629 1114 5699 sunt,
1146 5642 1201 5684 ut
1230 5641 1276 5684 et
1308 5629 1511 5702 tyranni
1540 5629 1841 5698 existerent,
1872 5646 1919 5690 et
1945 5637 2213 5703 optimates

621 5702 1094 5772 exterminarentur,
1126 5713 1174 5756 et
1205 5705 1599 5772 prteclarissime
1623 5706 1898 5758 constituta
1927 5702 2214 5771 respublica

622 5770 1226 5848 (Lacedaemoniorum)
1248 5774 1570 5830 dilaberetur.
1601 5773 1754 5831 Conl.
1780 5770 2118 5836 Buuema’nn.
2141 5776 2209 5834 ad

2314 4513 2520 4556 tantum
2551 4516 2580 4554 a
2617 4501 2946 4572 quotidiano
2974 4515 3071 4554 usu
3098 4499 3391 4554 abhorrent
3422 4499 3564 4572 (hoc
3591 4499 3738 4557 enim
3770 4515 3916 4559 esset

2310 4570 2664 4643 inusitatum),
2687 4573 2780 4628 sed
2799 4586 2928 4642 qua:
2950 4573 3108 4641 plane
3134 4585 3422 4643 numquam
3450 4571 3573 4625 vidit
3599 4575 3682 4628 vel
3712 4575 3918 4629 audivit

2310 4660 2480 4712 genus
2510 4639 2837 4697 Ιιιιιιίιιιιιιιιιξ
2857 4639 3062 4697 UnéLL.
3083 4671 3156 4682 -—
3181 4639 3504 4712 [invisitatum
3525 4653 3580 4696 et
3607 4645 3916 4699 inusitatum

2311 4711 2456 4784 su-pe
2500 4714 2790 4781 Confundi,
2833 4711 3407 4784 Illltllll"l‘l1llliLlpSlllS
3445 4712 3667 4784 Epistol.
3709 4717 3914 4783 Qnarst.

2313 4783 2407 4841 lib.
2444 4802 2500 4848 tt.
2531 4801 2650 4853 cap.
2675 4786 2780 4846 26;
2806 4783 3233 4852 llottingerusv.
3255 4784 3360 4847 CL,
3401 4785 3466 4837 ad
3497 4783 3610 4837 Cic.
3639 4788 3708 4841 de
3740 4789 3910 4842 Dixin.

2313 4873 2350 4922 ι,
2389 4874 2507 4926 pug.
2542 4859 2680 4918 3i7;
2715 4856 2802 4910 Fr.
2832 4859 2878 4910 A
2908 4854 3074 4928 Wolf.
3104 4855 3169 4928 ad
3201 4853 3423 4928 Su_ctou.
3464 4855 3581 4928 vol.
3616 4873 3665 4922 ι,
3713 4876 3767 4928 p.
3813 4862 3918 4916 166

2313 4924 2853 4997 seq.;'UlIdendorp.,
2885 4927 2952 4981 ad
2976 4925 3224 4981 eumdem
3253 4924 3495 4997 Suetonii
3540 4924 3754 4993 locum;
3793 4932 3920 4985 Au—

2311 4994 2478 5068 gHLL,
2496 5015 2616 5069 cap.
2647 5002 2723 5054 l5.
2743 4994 2885 5052 Idem
2909 5000 3127 5066 eopiose
3144 4995 3325 5069 docuit
3345 4994 3658 5069 Mettkenius
3683 5003 3735 5054 itt
3752 5001 3916 5058 Obss.

2314 5065 2408 5122 lat.
2441 5065 2594 5138 lingI,
2625 5087 2675 5123 v.
2707 5070 2833 5129 τοο.
2865 5065 3168 5123 invisitatus.
3197 5065 3316 5120 .lsc.
3347 5067 3690 5126 Ocusrtsuvs.

2384 5141 2578 5195 Contra
2609 5143 2744 5210 leges
2772 5141 3124 5209 principaliter
3147 5138 3426 5192 institutas.
3459 5138 3570 5192 Hoc
3609 5153 3695 5196 est
3735 5159 3764 5198 ξι
3807 5145 3918 5200 Deo

2314 5222 2494 5266 rerum
2523 5211 2759 5264 otitnium
2792 5211 3138 5266 moderatore
3157 5223 3219 5262 ac
3239 5210 3478 5282 principe
3501 5211 3552 5262 in
3577 5211 3709 5282 ipsis
3733 5231 3918 5270 rerum

2316 5282 2627 5352 primordiis
2672 5291 3015 5336 constitutas.
3052 5282 3126 5336 Ita
3173 5282 3313 5348 apud
3359 5279 3758 5339 Tertullianutn
3807 5301 3918 5342 non

2313 5354 2503 5407 senu-l.
2541 5354 2782 5408 lienam.

2395 5422 2596 5494 Vertigo
2623 5433 2730 5478 Ittec
2757 5423 2954 5477 mundi.
2989 5422 3045 5477 id
3075 5432 3157 5478 est
3197 5420 3372 5494 mundi
3411 5421 3769 5481 incitatissima
3794 5445 3918 5482 con-

2313 5499 2498 5558 versio,
2523 5493 2578 5549 ut
2607 5498 2681 5549 ait
2708 5495 2901 5550 Cicero
2929 5496 2979 5548 in
3013 5494 3198 5549 Somn.
3239 5493 3412 5555 Scip.,
3445 5508 3562 5560 cap.
3596 5513 3648 5561 v,
3673 5501 3764 5551 der
3781 5498 3915 5554 Um-

2313 5566 2578 5637 schwung,
2613 5568 2696 5620 die
2715 5566 3144 5637 Kreisbewegung
3173 5565 3260 5637 des
3290 5561 3560 5637 llimrncls.
3589 5567 3663 5622 Ita
3690 5571 3914 5628 Plinius.

2315 5635 2453 5690 Hist.
2473 5638 2619 5702 Nat.,
2640 5638 2731 5692 lib.
2763 5654 2818 5702 ιι,
2848 5653 2969 5707 eup.
2988 5635 3044 5704 3,
3068 5635 3523 5707 trittndmnmolem
3547 5638 3678 5694 dicit
3697 5651 3918 5694 rotatum

2315 5708 2558 5778 vertigine
2579 5709 2811 5763 assidua.
2838 5705 3041 5765 Οιιέιιι.
3065 5737 3138 5748 —
3164 5705 3392 5778 Mundus
3419 5721 3515 5778 pro
3541 5714 3704 5776 caelo,
3729 5722 3783 5765 ut
3802 5711 3918 5766 fere

2317 5775 2533 5853 semper
2556 5779 2608 5836 in
2634 5779 2734 5836 hoc
2763 5782 2988 5853 scripto,
3013 5780 3082 5836 ab
3105 5775 3366 5842 Arnobio,
3395 5777 3630 5849 ponitur,
3657 5794 3713 5841 et
3738 5798 3765 5837 a
3796 5782 3922 5854 plu-
