4172 6252
335 354 435 411 721

1723 367 1929 425 LIBER
1967 366 2237 428 PRIMUS.

3523 381 3632 438 H2

329 487 524 542 repere
546 515 563 542 ,
631 483 725 530 aut
769 477 1033 547 praecipiti
1077 480 1243 550 ccepit
1297 482 1632 540 volubilitate
1675 485 1925 555 raptari?
1956 490 2011 550 Α
2033 488 2221 556 longos
2244 485 2444 543 habere
2468 487 2584 543 dies
2604 488 2816 555 bruma,
2847 503 3104 545 revocare
3130 490 3466 547 tardissimas
3485 492 3634 549 luces

327 567 599 638 Numquid
624 570 694 625 ab
709 571 946 626 occiduis
974 573 1215 644 partibus
1239 576 1467 632 attolere
1488 593 1549 632 se
1575 587 1740 644 astra,
1771 587 1931 649 atque

327 660 384 716 in
412 671 566 716 ortus
590 662 706 717 fieri
735 671 760 698 ιι
782 663 1057 733 signorum
1089 675 1262 735 empta
1289 678 1372 722 est
1417 669 1736 724 inclinatio?
1764 670 1952 730 Num-.

329 753 461 824 quid
509 754 623 824 ipse
663 755 900 810 siderum
947 758 1027 810 sol
1071 759 1342 828 princeps,
1391 761 1543 827 cujus
1588 761 1766 816 omnia
1813 760 1931 816 luce

331 847 658 909 vestiuntur,
689 856 851 916 atque
868 847 1177 904 animantur
1196 851 1398 915 calore,
1429 852 1651 914 exarsit.
1680 851 1930 918 intepuit,

330 946 494 1007 atque
517 939 568 992 in
599 940 902 994 contrarios
931 940 1144 996 habitus
1183 943 1566 998 moderaminis
1605 944 1749 999 soliti
1791 953 1929 999 tem-

331 1039 642 1099 peramenta
689 1033 977 1100 corrupit?
1023 1033 1287 1105 Numquid
1335 1036 1458 1091 luna
1506 1036 1703 1092 desivit
1750 1036 1930 1092 redin-

329 1129 540 1191 tegrare
567 1138 624 1178 se
647 1123 836 1193 ipsam,
867 1135 1028 1194 atque
1048 1127 1100 1180 in
1125 1137 1337 1183 veteres
1363 1128 1565 1184 formas
1593 1131 1924 1185 novellarum

324 1227 544 1283 semper
589 1216 930 1272 restitutione
979 1218 1260 1275 traducere
1297 1220 1322 1271 ?
1366 1221 1634 1292 Numquid
1695 1221 1923 1293 frigora,

323 1308 584 1377 numquid
625 1309 874 1376 calores,
920 1313 1182 1383 numquid
1226 1323 1438 1385 tepores
1486 1317 1648 1373 medii
1690 1318 1926 1388 intequa-

321 1397 453 1456 lium
485 1409 790 1472 temporum
817 1402 1228 1464 confusionibus
1255 1407 1614 1465 occiderunt?
1654 1407 1926 1482 Numquid

2017 593 2143 635 mox
2180 583 2345 650 erepit
2371 581 2620 638 aestatis?
2649 581 2916 652 Numquid
2960 597 3085 638 suas
3111 585 3318 639 animas
3347 587 3631 657 expirave-
3677 607 3692 615 -

2035 681 2162 726 runt
2209 674 2402 728 venti?
2454 675 2823 744 emortiusque
2869 674 3173 731 ﬂaminibus
3217 692 3389 748 neque
3435 680 3630 734 ccelum

2035 777 2316 822 coaetatur
2345 769 2398 822 in
2428 767 2632 833 nubila,
2682 783 2780 822 nec
2807 768 3075 823 madidata
3101 786 3168 824 ex
3198 769 3461 826 imbribus
3503 786 3630 826 arva

2038 857 2386 914 succedunt?
2429 858 2821 914 Commendata
2854 859 3061 914 semina
3103 860 3262 915 tellus
3293 870 3502 916 recusat
3539 877 3632 916 ac-

2037 949 2219 1006 cidere
2247 991 2262 1014 ,
2299 960 2389 1004 aut
2417 949 2761 1005 frondescere
2790 949 3014 1005 arbores
3064 951 3256 1006 nolunt
3280 952 3303 1004 ?
3332 965 3495 1022 sapor
3522 952 3634 1007 fru-

2031 1041 2188 1111 gibus
2231 1043 2550 1107 esculentis,
2599 1051 2656 1097 et
2701 1041 2823 1096 vitis
2869 1043 3166 1114 liquoribus
3231 1053 3465 1100 mutatus
3501 1049 3635 1101 est?

2031 1134 2278 1188 olearum
2308 1149 2372 1188 ex
2402 1133 2641 1189 bacculis
2679 1148 2842 1188 cruor
2870 1143 3006 1189 teter
3042 1137 3392 1216 exprimitur,
3423 1153 3521 1192 nec
3549 1137 3630 1191 lu-

2032 1227 2165 1281 mini
2191 1225 2632 1281 subministratur
2658 1226 2894 1281 extincto
2920 1227 2942 1280 ?
2975 1229 3235 1284 Animalia
3268 1231 3427 1284 terris
3450 1237 3621 1297 sueta,

2031 1331 2191 1390 atque
2221 1319 2275 1374 in
2312 1319 2464 1390 aquis
2489 1318 2735 1390 degentia
2765 1334 2872 1375 non
2899 1320 3130 1389 suriunt,
3162 1336 3261 1378 nec
3285 1321 3627 1393 concipiunt?

1557 1550 1854 1610 LECTION
1860 1551 1943 1609 ES
1985 1546 2400 1607 VARIANTES.

321 1678 361 1743 L
385 1682 414 1712 ³
449 1681 531 1732 Ita
545 1679 662 1734 Sab.
686 1681 744 1734 In
766 1695 904 1736 ortus
921 1682 1041 1735 ferri
1075 1684 1217 1738 Futv.

1693 1799 2251 1862 COMMENTARIUS.

319 1929 473 2001 rimis
506 1938 780 1995 veterum,
810 1929 1058 2001 Manilio,
1088 1933 1340 1990 Lucretio
1383 1945 1438 1990 et
1483 1936 1625 1990 aliis.
1668 1936 1866 1992 Festus
1899 1957 1912 1992 :
1944 1938 1993 1999 B

323 2000 552 2054 Mundus
589 2003 857 2069 appetatur
903 2005 1105 2067 cwlum,
1135 2016 1290 2069 terra,
1322 2023 1460 2060 mare
1486 2017 1533 2060 et
1569 2025 1678 2063 aer.
1707 2008 1915 2063 Macro-

321 2071 441 2127 bius
489 2071 555 2125 ad
604 2071 793 2147 Somn.
844 2072 1014 2142 Scip.,
1062 2075 1156 2132 lib.
1198 2092 1256 2139 ll,
1290 2093 1408 2147 cap.
1439 2077 1548 2133 ‘20:
1582 2078 1704 2132 Non
1750 2079 1919 2132 solum

321 2154 510 2196 terram
530 2185 543 2207 ,
576 2145 663 2197 sed
704 2144 872 2213 ipsum
919 2162 1114 2216 quoque
1143 2148 1323 2201 calum
1341 2144 1372 2213 ,⁷
1388 2150 1525 2217 quod
1554 2165 1667 2204 vere
1696 2150 1919 2204 mundus

321 2226 550 2287 vocatur,
585 2217 852 2282 temperari
877 2233 908 2267 a
928 2218 1034 2270 sole
1059 2219 1418 2272 certissimum.
1449 2219 1564 2275 Lib.
1592 2237 1652 2285 ll,
1681 2236 1800 2287 cap.
1821 2220 1913 2284 20,

323 2286 460 2362 unde
484 2295 529 2338 et
555 2287 841 2362 mundanus
863 2287 1068 2362 dicitur,
1103 2290 1223 2359 quia
1252 2292 1472 2344 mundus
1504 2292 1710 2362 praprie
1735 2286 1919 2345 cretum

325 2356 532 2412 dicitur.
558 2357 761 2412 Ennius
790 2358 845 2412 in
867 2356 1160 2428 Scipione:

506 2499 568 2509 -—
592 2471 798 2523 Mundus
819 2474 930 2524 ρωΙί
955 2482 1121 2526 vastus
1144 2477 1364 2527 constitit
1388 2476 1608 2526 silentio.
1647 2477 1916 2528 Meunsms.

395 2575 554 2648 Cujus
576 2578 690 2703 (gf;
712 2578 883 2633 omnia
908 2580 1206 2635 vestiuntur.
1233 2581 1307 2636 Ita
1340 2581 1406 2636 de
1435 2581 1571 2646 sole,
1609 2580 1915 2649 Lucretius,

411 2664 552 2703 vers.
657 2687 676 2703 ι
719 2668 733 2703 :

322 2661 379 2712 ΙΙ,
411 2664 552 2704 νειε.
588 2661 690 2705 145
719 2668 733 2704 2

510 2762 665 2821 Onam
686 2765 850 2814 subito
882 2765 1041 2815 soleat
1075 2766 1145 2814 sol
1172 2771 1312 2815 ortus
1335 2770 1562 2821 tempore
1585 2767 1668 2816 tali

508 2826 795 2890 Convestire
819 2840 904 2876 sua
930 2827 1232 2890 perfundens
1255 2830 1415 2890 onmia
1437 2826 1570 2889 luce,

512 2887 750 2938 Omnibus
776 2890 823 2938 in
850 2887 1095 2953 promptu,
1130 2887 1810 2953 manifestumque'videmus.

321 2991 390 3046 Et
422 2991 666 3062 Virgilius
693 2993 822 3050 (En.
854 3011 928 3060 Vt,
955 2995 1060 3050 640
1085 3014 1098 3050 :

505 3107 814 3234 Ibaqgiuorregic
836 3120 1033 3173 campos
1057 3109 1212 3177 aether
1237 3116 1290 3160 et
1313 3109 1494 3160 lumine
1522 3112 1670 3162 vestit

397 3275 844 3348 (tluunecterenq
868 3277 1035 3348 Epist.
1055 3280 1123 3333 ad
1143 3281 1200 3334 J.
1231 3278 1300 3335 D.
1332 3279 1579 3334 Hortens.
1603 3280 1655 3334 in
1682 3297 1778 3335 van
1807 3279 1916 3336 IIo-

317 3346 528 3418 t'eirOt.
557 3347 708 3409 Litt.,
742 3367 792 3418 p.
826 3346 952 3415 72.)

317 3447 323 3456 -
394 3417 606 3493 Colore,
643 3417 869 3493 exarsit,
898 3421 1132 3490 intepuit.
1169 3421 1258 3477 Sic
1307 3423 1792 3493 interpungendum
1820 3464 1833 3485 ,
1864 3432 1921 3478 ut

319 3491 494 3542 calore
522 3489 783 3545 referatur
807 3492 872 3546 ad
898 3489 1210 3561 prascedens
1232 3489 1541 3547 animantur.
1564 3489 1719 3560 Quod
1743 3495 1916 3549 visum

317 3563 485 3615 etiam
536 3562 848 3616 doctissimo
890 3564 1005 3617 viro
1052 3563 1212 3618 Petro
1249 3564 1452 3618 Bertio.
1498 3563 1764 3619 Exurdere
1789 3582 1918 3620 vero

318 3633 451 3686 dixit
482 3648 577 3700 pro
605 3635 788 3686 ardere
813 3634 981 3699 desiit,
1012 3635 1465 3703 quemadmodum
1492 3642 1654 3691 etiam
1697 3637 1916 3692 Martia-

319 3704 426 3757 lem
454 3704 524 3759 uti
554 3705 858 3771 observavi,
889 3705 984 3760 lib.
1014 3721 1088 3769 ιιι,
1122 3706 1303 3776 Epigr.
1335 3707 1405 3762 66
1436 3724 1451 3762 :

506 3847 613 3910 iam
639 3859 792 3910 prono
815 3847 1127 3910 Phaethonte
1149 3846 1292 3897 sudat
1315 3846 1496 3897 dithon

506 3909 803 3971 Exarsitque
835 3909 963 3959 dies.

393 4012 617 4069 MEL‘RS..
649 4032 702 4080 p.
727 4015 779 4069 5.
796 4045 863 4056 -
888 4012 1122 4081 Iutepuit
1143 4023 1225 4068 est
1251 4017 1500 4084 tepefacta
1526 4014 1710 4067 ardore
1737 4013 1919 4083 (ardo-

316 4086 393 4139 ris
441 4084 760 4139 detrimenta
817 4089 1043 4152 passm)
1092 4085 1343 4153 deriguit,
1390 4093 1448 4138 ut
1493 4084 1605 4152 ipse
1647 4086 1918 4142 Arnobius

318 4157 477 4210 infra.
515 4155 704 4223 Tepere
741 4157 942 4210 scilicpt
973 4156 1061 4211 ubi
1092 4172 1211 4209 cum
1243 4156 1443 4226 frigore
1487 4154 1784 4216 confertur.
1823 4171 1914 4210 ca-

318 4229 488 4281 lorem
518 4229 760 4296 signare;
793 4228 836 4281 si
871 4243 990 4281 cum
1035 4229 1216 4282 calore
1243 4236 1621 4294 componatur,
1658 4226 1915 4294 frigidita-

319 4310 447 4362 lem,
485 4300 664 4352 multis
704 4301 968 4364 exemplis
1013 4298 1249 4353 ostendit
1290 4297 1548 4353 Bebotius
1579 4298 1630 4351 in
1661 4301 1919 4369 Apopho-

316 4381 445 4430 ret.,
477 4369 566 4423 lib.
595 4386 670 4433 ιιι,
694 4385 812 4439 cap.
838 4372 891 4427 5.
919 4370 1122 4425 Οιιιιιι..

394 4461 758 4516 Madet-attriuit:
785 4463 920 4516 soliti
949 4470 1366 4528 temperamenta.
1397 4458 1450 4514 id
1478 4471 1560 4514 est
1587 4478 1598 4513 :
1631 4460 1915 4515 mediocri-

2207 1940 2235 2011 ξ
2241 1953 2317 1990 am
2341 1943 2476 2011 veris
2495 1945 2722 2011 comites._
2741 1947 2826 2008 qui
2845 1957 2980 2011 utare
3006 1950 3308 2011 temperant,

2210 2002 2477 2066 Impellunt
2496 2007 2670 2056 animas
2692 2002 2847 2058 lintea
2869 2008 3112 2060 Thraciae.

2026 2102 2281 2187 Usitatum
2307 2119 2404 2187 est.
2435 2111 2627 2187 inquit,
2651 2115 2812 2187 pactis
2837 2115 3035 2187 animas
3057 2115 3321 2187 nominare
3345 2115 3517 2184 ﬂatus,
3543 2114 3623 2170 al-

2021 2175 2222 2258 lusione
2243 2179 2473 2258 vocabuli
2497 2175 2663 2258 Graeci
2690 2182 2894 2258 &~.a_epo;.
2913 2185 3159 2241 ELMENH.
3177 2214 3249 2226 —
3265 2175 3627 2258 Pliiragetrem-

2023 2245 2106 2330 pila
2126 2248 2310 2330 citavit
2339 2251 2700 2330 bienrsiusﬁn
2725 2245 2925 2310 critico
2957 2272 3074 2330 suo.
3103 2272 3219 2330 pag.
3250 2256 3304 2320 4,
3333 2256 3466 2312 etC.
3491 2255 3623 2312 Bar-

2023 2314 2166 2394 thius
2197 2319 2249 2372 in
2275 2321 2586 2388 Adversar.,
2610 2326 2704 2379 lib.
2733 2341 2811 2388 ιιι,
2839 2341 2957 2394 cap.
2998 2327 3081 2381 l2.
3103 2314 3317 2382 'On'ELL'.

2101 2388 2463 2466 Emortuisque
2491 2396 2809 2466 ﬂaminibus.
2842 2388 3067 2451 veteres
3107 2397 3285 2452 omnia
3317 2397 3620 2452 deﬁcientia

2028 2461 2160 2513 n'ori
2217 2461 2582 2537 dici-bant'ex
2633 2467 3103 2537 Pythagnrmnrum
3169 2467 3474 2530 sententia,
3528 2469 3620 2537 qui

2028 2483 2159 2513 n-an
2217 2483 2466 2519 ωυυοιιιιι
2515 2483 2582 2521 ex
2633 2483 2668 2520 ι’
2714 2483 3103 2536 magoraeorum
3169 2483 3474 2530 sententia,
3528 2483 3618 2537 qui

2026 2543 2216 2610 omne,
2249 2483 2743 2610 qugd-crescerei,
2773 2539 3006 2594 animam
3054 2538 3254 2594 habere
3303 2539 3618 2596 censebant.

2022 2599 2294 2672 Virgilius,
2328 2605 2521 2678 Georg.
2557 2625 2595 2674 ι,
2628 2609 2764 2665 107ε

2215 2695 2406 2747 Etcum
2431 2702 2620 2749 exustis
2644 2713 2768 2762 ager
2789 2703 3116 2752 morientibus
3139 2709 3312 2754 aestuat
3332 2702 3561 2764 herbis.’1

2023 2775 2126 2833 Ubi
2157 2779 2418 2835 videndus
2445 2782 2685 2839 Servius.
2718 2785 2936 2840 Persius
2963 2786 3152 2857 Satyra
3181 2787 3216 2840 4
3244 2805 3258 2839 :

2209 2870 2486 2922 Pannosam
2514 2873 2688 2922 faecem
2708 2876 2964 2926 morientis
2983 2877 3136 2926 sorbit
3159 2878 3304 2926 aceti.

2023 2975 2329 3050 Cyprianus
2351 2986 2536 3032 contra
2567 2979 2962 3033 Demetriannm
2996 2999 3008 3034 :
3050 2978 3211 3033 Vinea
3241 2980 3356 3034 licet
3371 2980 3541 3050 fallat,
3571 2991 3618 3034 et

2024 3049 2138 3100 olea
2164 3047 2405 3118 decipiat,
2449 3059 2496 3102 et
2547 3050 2711 3102 herbis
2759 3051 2983 3118 siccitate
3028 3047 3618 3106 morientibuswstuans

2025 3135 2250 3191 campus
2263 3117 2478 3191 arescat,
2511 3121 2632 3189 quid
2663 3121 2757 3173 hoc
2779 3122 2846 3173 ad
2868 3117 3292 3176 Christianos?et
3317 3123 3428 3191 ipse
3446 3123 3616 3176 Arno-

2024 3189 2143 3243 bius
2173 3188 2307 3290 infra
2327 3207 2340 3245 :
2364 3188 2604 3260 Difﬁciles
2635 3193 2821 3262 pluviae
2840 3201 2950 3246 sata
2972 3194 3166 3262 faciunt
3181 3188 3356 3248 emori:
3379 3192 3615 3258 518035.,

2059 3277 2142 3328 ag.
2175 3277 2228 3314 ἰ).

2020 3275 2386 3404 Ρὲἷίᾳίέιαιαν.
2413 3331 2486 3386 Ita
2511 3331 2685 3387 editor
2719 3333 2886 3404 Lugd.
2912 3334 3030 3389 Bat.
3064 3349 3131 3388 ex
3161 3335 3466 3401 conjectura
3490 3333 3617 3389 Ful-

2021 3402 2091 3474 vii
2123 3401 2304 3457 Ur~mi
2353 3403 2652 3474 verissima,
2709 3401 2869 3474 quam
2921 3406 3350 3460 Elmenhorsdus
3397 3408 3448 3460 in
3489 3405 3611 3460 Var.

2021 3472 2337 3546 Lectionum
2385 3473 2567 3546 libello
2585 3472 2979 3546 exemplorum
3028 3477 3170 3531 nube
3217 3477 3441 3546 astruit,
3488 3491 3614 3546 pro-

2021 3543 2184 3616 bainte
2211 3545 2369 3598 etiam
2401 3544 2530 3598 Adr.
2585 3545 2807 3600 Beliotio
2857 3547 2908 3600 in
2943 3547 3323 3616 Ap0pltorelis.
3369 3543 3615 3601 Coactare

2021 3615 2140 3686 scil.
2169 3614 2614 3686 frequentativum
2644 3633 2672 3669 a
2701 3633 2878 3686 cogere
2905 3614 3229 3670 estverbum
3257 3617 3534 3686 antiquum
3557 3627 3614 3672 et

2022 3684 2400 3740 Lucretianum
2424 3685 2603 3754 (Conf.
2630 3686 2697 3742 de
2714 3684 2842 3741 Rer.
2865 3696 3002 3750 nat.,
3027 3703 3098 3747 vi,
3121 3703 3200 3741 vs.
3223 3684 3406 3753 “20),
3433 3687 3612 3756 qualia

2023 3757 2208 3828 multis
2237 3758 2286 3810 in
2318 3757 2454 3811 locis
2485 3759 2535 3811 in
2578 3756 2820 3811 Arnobio
2850 3757 3184 3828 antiquitatis
3213 3757 3612 3828 studiosissimo

2022 3827 2292 3880 imitatore
2347 3837 2472 3882 sunt
2519 3829 2878 3899 restituenda.
2931 3827 3196 3899 (leguntur
3251 3827 3407 3881 nubes
3449 3829 3608 3893 caelo,

2023 3901 2360 3971 συνάγονται,
2388 3898 2592 3952 centies
2619 3899 2759 3969 apud
2788 3898 3020 3965 veteres,
3049 3908 3371 3971 coarctantur
3401 3903 3612 3971 (litem:-

2023 3977 2120 4022 lert
2153 3968 2369 4034 habent,
2418 3971 2578 4022 etian‘t
2630 3968 3031 4024 recentissimus
3079 3970 3272 4032 editor,
3312 3968 3606 4038 Obcrthi'tr)

2021 4055 2126 4092 non
2162 4040 2324 4116 item,
2361 4039 2460 4094 nisi
2484 4040 2551 4094 de
2581 4040 2644 4116 i_i_s
2673 4044 2980 4116 sermosit,
3014 4040 3226 4116 qu:e_in
3254 4043 3612 4116 στενοχωρίας

2021 4120 2074 4164 et
2107 4109 2366 4164 montium
2411 4110 2686 4164 convalles
2728 4112 2900 4165 ventis
2940 4111 3356 4179 compelluntur.
3401 4109 3607 4166 ϋιιὲιι,

2097 4179 2205 4234 Nec
2238 4179 2499 4234 madidata
2530 4197 2592 4234 ex
2618 4181 2862 4235 imbribus
2891 4199 3013 4235 arva
3039 4179 3353 4234 succedunt?
3374 4180 3500 4235 Hzec
3525 4191 3610 4234 est

1999 4250 2124 4304 "I‘h.
2171 4251 2386 4306 Canteri
2429 4251 2770 4316 emendatio,
2822 4261 3056 4321 excepta
3099 4261 3305 4306 tantum
3351 4251 3608 4321 praeposi-

2022 4323 2167 4375 tione
2211 4338 2294 4386 ex,
2326 4337 2484 4392 quam
2534 4337 2631 4376 nos
2677 4320 3006 4377 addidimus.
3036 4320 3217 4377 Codex
3247 4337 3348 4376 ms.
3398 4320 3558 4376 habet
3589 4340 3604 4376 :

2020 4410 2110 4446 uec
2137 4393 2392 4446 madidari
2433 4409 2498 4447 ex
2526 4392 2766 4447 imbribus
2797 4410 2919 4447 arva
2959 4395 3234 4448 succedunt
3256 4434 3269 4453 ,
3297 4407 3456 4460 quam
3486 4403 3606 4449 tue-

2022 4475 2202 4518 tuetur
2232 4463 2494 4519 Heraldus
2514 4465 2783 4518 succedunt
2806 4464 3004 4519 dictum
3035 4473 3226 4534 putans
3247 4477 3344 4532 pro
3365 4473 3601 4534 pergunt.

319 4544 482 4587 tatem
509 4533 654 4605 illam
685 4535 824 4588 inter
850 4534 1071 4586 nimium
1102 4533 1339 4605 calorem
1371 4530 1628 4605 et_frigns
1652 4573 1667 4598 ,
1701 4548 1800 4602 qua
1835 4534 1914 4588 sol
1943 4529 1993 4589 D
2021 4535 2127 4590 Sed
2175 4535 2442 4589 succedere
2471 4538 2556 4590 vix
2598 4547 2680 4590 est
2712 4551 2934 4605 pergere
2963 4529 3281 4603 simpliciter
3300 4575 3315 4598 ,
3336 4529 3607 4605 _sed'per-

319 4616 480 4658 ιρι-ιω
512 4603 839 4658 moderatur.
878 4605 950 4658 Ita
984 4603 1279 4671 smpissime
1315 4601 1456 4671 apud
1486 4615 1697 4658 veteres
1723 4601 1915 4673 tempe-

317 4678 432 4729 ries.
471 4684 810 4742 temperatura
839 4675 974 4728 cwli.
997 4673 1198 4728 ORELL.

390 4745 728 4817 Novellurmu
753 4747 1314 4812 semper-restitutione.
1370 4745 1500 4800 Nota
1533 4746 1651 4817 ὐφέν
1691 4761 1918 4817 semper-

317 4819 651 4871 rcstitutiouc.
685 4816 774 4871 Sic
803 4817 1115 4888 Lucretius,
1140 4832 1300 4886 quem
1340 4816 1637 4888 saepissime
1680 4816 1916 4871 imitatur

320 4889 588 4942 Arnobius
615 4897 820 4952 nOster,
855 4888 947 4943 lib.
980 4903 1018 4954 ι,
1054 4887 1157 4942 125
1187 4907 1200 4942 :

507 5001 648 5065 lgnde
669 5003 757 5050 sibi
787 5007 1030 5051 extortam
1051 5001 1506 5065 semper-ﬂorentis
1524 5000 1727 5051 Homeri

535 5064 552 5075 Ἰ

519 5067 877 5116 Commemorat
899 5067 1140 5128 Speciem.

317 5170 390 5224 lta
435 5184 650 5239 queque
691 5170 1102 5240 semper-leuitas
1145 5169 1283 5240 apud
1331 5170 1641 5225 Terentium
1693 5169 1908 5236 Andria,

317 5252 422 5294 art.
472 5257 508 5304 ι,
557 5255 705 5312 scen.
735 5240 789 5295 2.
826 5240 1057 5308 Meuns.,
1093 5261 1144 5312 p.
1186 5243 1238 5297 ιί.
1271 5271 1340 5281 --
1367 5245 1436 5296 At
1474 5241 1712 5297 Lucretii
1761 5241 1910 5297 locus

319 5312 448 5366 nihil
485 5311 692 5378 prohat.
722 5315 924 5367 UnELL.

397 5382 661 5456 Numquid
707 5394 904 5456 tepores
931 5384 1083 5456 medii
1113 5384 1444 5456 inrequalium
1474 5393 1759 5452 temporum
1787 5398 1910 5435 con-

320 5455 603 5520 fusionibus
631 5454 962 5507 occiderunt?
988 5454 1235 5510 Pessime
1254 5455 1515 5509 Meursius
1547 5472 1558 5506 :
1590 5456 1905 5507 acciderunt.

321 5538 517 5596 tepores
547 5525 694 5578 medii
719 5536 837 5578 sunt
866 5535 1080 5596 tepores
1112 5529 1254 5580 veris
1280 5537 1332 5580 et
1354 5527 1620 5586 autumni,
1649 5527 1735 5593 qui
1768 5524 1909 5596 uoci-

318 5600 452 5648 dnnt
472 5595 822 5664 ἰηιι-ιιιιειιιὺιιε
848 5594 1174 5664 teiiiporilms
1196 5598 1309 5650 sive
1329 5597 1452 5650 anni
1480 5605 1762 5664 tempestat
1783 5594 1901 5661 bus,

318 5678 504 5721 tusmtc
533 5668 646 5721 scil.
675 5677 726 5721 et
756 5666 948 5738 hyeme
974 5683 1094 5720 cum
1120 5668 1227 5722 illis
1253 5667 1511 5722 confusis.
1546 5669 1746 5722 UBELL.

393 5738 734 5793 Tardissinms
767 5740 921 5793 luces.
955 5738 1113 5794 Luces
1144 5741 1196 5793 h.
1235 5740 1268 5792 Ι.
1307 5754 1401 5808 pro
1431 5739 1675 5794 diluculo.
1706 5740 1902 5792 UnELL.

393 5809 662 5878 Numquid
684 5827 803 5864 suas
829 5811 1027 5864 animus
1054 5812 1372 5881 exspiravere
1399 5810 1550 5866 venti.
1577 5810 1906 5881 Scholiastes

317 5895 475 5939 vetns
505 5882 568 5935 ad
598 5882 904 5938 notissimos
931 5881 1048 5937 illos
1083 5880 1282 5938 llOratii
1313 5898 1532 5948 versus,
1558 5897 1629 5949 iv,
1657 5880 1757 5936 0d.
1790 5881 1856 5936 l2
1887 5898 1902 5938 :

2020 4621 2148 4676 gere
2185 4607 2239 4676 in
2276 4606 2491 4672 labore,
2523 4623 2679 4674 quem
2712 4603 2849 4660 alius
2896 4607 3261 4676 inclinaverat.
3303 4603 3567 4660 Meursius
3589 4646 3604 4668 ,

2022 4675 2143 4747 pag.
2179 4675 2212 4730 5
2232 4718 2246 4741 ,
2278 4677 2422 4745 conj.
2457 4678 2828 4732 madidari.....
2855 4679 3094 4732 succedit.
3123 4675 3377 4747 Gelenius
3406 4676 3602 4730 edidit'

2022 4746 2112 4801 nec
2137 4749 2401 4801 madidam
2426 4749 2668 4801 imbribus
2685 4765 2806 4802 arva
2831 4757 3156 4812 succescunt,
3189 4746 3238 4799 id
3263 4755 3342 4799 est
3385 4760 3603 4800 succum

2020 4819 2257 4887 capiunt.
2285 4819 2582 4874 Salmasius
2609 4819 2772 4873 edidit
2793 4836 2882 4872 uec
2909 4819 3105 4871 madari
3131 4833 3196 4871 ea:
3216 4815 3458 4868 imbribus
3481 4831 3606 4887 arua

2019 4886 2335 4945 succescunt.
2381 4889 2640 4942 Beltotius
2669 4890 2719 4940 in
2751 4888 3139 4956 Apophoretis,
3163 4887 3256 4941 lib.
3290 4901 3376 4949 ιιι,
3407 4886 3600 4952 cap.'5,

2018 4963 2162 5029 conj.
2192 4958 2449 5011 madidari
2593 4970 2849 5010 sucscunt.
2885 4957 3199 5025 Praepositio
3227 4972 3292 5009 ea“.
3321 4973 3428 5029 non
3450 4956 3606 5029 debe-

2019 5026 2132 5084 bat'
2168 5030 2444 5084 offendere
2495 5029 2739 5083 Grotium
2809 5029 3074 5096 legentem
3109 5043 3237 5080 :nec
3293 5026 3607 5080 madidarier

2017 5101 2261 5154 imbribus
2307 5117 2430 5154 arva
2475 5099 2786 5160 succedunt,
2839 5109 2889 5152 et
2938 5099 3251 5153 Canterum.
3287 5097 3436 5151 Solet
3460 5097 3602 5151 enim

2017 5173 2288 5227 Arnobius
2319 5171 2729 5240 prmposititmcs
2769 5186 2860 5234 ex,
2906 5171 2988 5233 de,
3039 5170 3092 5222 in
3140 5168 3476 5240 abundanter
3508 5181 3604 5240 po-

2017 5259 2147 5298 nere
2210 5237 2512 5296 imitatione
2565 5241 2901 5309 Graecorum,
2948 5241 3038 5312 qui
3093 5243 3146 5294 ἐκ
3197 5239 3388 5293 eodem
3442 5237 3605 5294 modo

2013 5322 2294 5390 usurpant.
2321 5315 2549 5390 (ξιιειλιτΔ
3053 5381 3092 5390 __
3281 5388 3289 5390 Α
3423 5379 3434 5390 ,
3499 5378 3512 5390 ,

2088 5379 2161 5436 Et
2189 5381 2302 5437 vitis
2347 5383 2626 5453 liquoribus
2655 5393 2879 5438 mutatus
2913 5392 3005 5437 est.
3047 5381 3175 5453 Haec
3213 5388 3304 5453 est
3328 5379 3605 5453 verissima

2016 5455 2178 5509 lectio
2217 5470 2378 5524 quam
2397 5450 2438 5508 'e
2464 5453 2663 5509 Codice
2695 5465 2834 5508 msto
2865 5456 3005 5508 eruit
3031 5452 3080 5507 J.
3113 5450 3375 5524 Meursius
3404 5453 3454 5504 in
3479 5452 3602 5524 Ap-

2015 5519 2264 5596 pendice.
2297 5525 2520 5581 Sabaeus
2550 5535 2605 5582 et
2649 5525 2906 5581 Gelenius
2933 5525 3020 5579 ed.
3062 5519 3602 5646 exustisogguqribus.

2089 5665 2211 5722 Non
2260 5668 2478 5722 sariunt.
2517 5668 2588 5722 lla
2619 5666 2791 5722 editor
2818 5663 3096 5720 Leidensis
3122 5679 3187 5718 ex
3229 5661 3608 5718 emendatione

2019 5737 2078 5794 F.
2129 5738 2326 5795 Ursini.
2377 5738 2561 5795 Codex
2607 5753 2710 5792 ms.
2769 5737 2927 5790 habet
2959 5753 2973 5787 :
3008 5751 3110 5788 non
3154 5734 3417 5799 esuriant,
3464 5733 3610 5800 quod

2023 5819 2204 5866 tuetur
2251 5810 2556 5873 l-leraldus,
2585 5807 3110 5882 esurireaccipictis
3157 5819 3254 5882 pro
3308 5805 3618 5882 ειρὶηενλιι

2005 5882 2275 5954 egelidum
2326 5896 2433 5950 pro
2462 5881 2708 5956 gelidum,
2755 5878 2936 5949 illique
2958 5873 3304 5948 'astipulatut‘
3357 5873 3621 5932 Bebotius
