4172 6252
214 323 322 387 729

1601 335 1804 391 LIBER
1840 335 2115 397 PRIMUS.

3404 338 3508 393 750

214 456 415 502 nostra:
435 446 503 502 ob
533 446 784 502 invidiam
813 448 1162 515 commoveri,
1193 464 1298 505 non
1329 450 1396 504 sit
1419 448 1639 505 ditticile
1661 466 1811 505 com-
1839 452 1884 512 Λ
1918 460 2003 506 tur
2053 463 2105 506 et
2153 454 2410 522 premitur
2451 451 2767 523 jamdudum
2814 452 3116 510 miseranda
3167 455 3513 512 mortalitas?

211 541 447 610 probare
493 549 617 610 post
661 540 900 594 auditum
931 541 1202 598 Christum
1234 544 1285 596 in
1317 543 1516 598 mundo
1547 558 1651 597 non
1696 554 1810 598 tan-

213 644 326 689 tum
358 650 462 688 non
487 642 665 695 aucta.
691 650 876 688 verum
906 637 1065 690 etiam
1091 635 1294 706 majore
1319 636 1387 692 de
1420 647 1572 706 parte
1596 646 1622 672 ἰ
1647 636 1810 691 furia-

210 742 337 781 rum
366 727 852 797 compressionibus
882 730 1179 784 imminuta.
1212 729 1342 784 Nam
1365 745 1485 784 cum
1533 730 1807 784 hominum

210 819 300 874 vis
332 828 476 874 tanta
541 821 860 889 magisteriis
904 820 1022 888 ejus
1061 824 1424 891 acceperimus
1470 838 1532 876 ac
1579 823 1806 893 legibus,

211 911 419 965 malmu
449 913 586 965 malo
613 911 828 980 rependi
860 927 965 966 non
992 922 1268 983 oportere,
1309 913 1553 984 injuriam
1604 915 1811 984 perpeti

211 1021 379 1076 quam
399 1007 634 1074 irrogare
651 1021 771 1060 esse
796 1005 1132 1075 pra-stantius
1152 1023 1165 1065 ;
1189 1022 1340 1060 suum
1367 1007 1540 1076 potius
1565 1006 1808 1075 tundere,

213 1113 378 1168 quam
405 1099 581 1154 alieno
609 1099 844 1166 polluere
871 1114 1062 1154 manus
1087 1109 1141 1154 et
1167 1101 1550 1155 conscientiam
1577 1117 1770 1156 cruore
1793 1118 1808 1156 :

212 1190 380 1247 habet
401 1210 428 1246 a
451 1192 665 1247 Christo
695 1193 1014 1249 beneﬁcium
1038 1195 1350 1263 jamdudum
1382 1195 1528 1250 orbis
1553 1197 1810 1266 ingratus,

212 1302 313 1358 per
334 1303 490 1356 quem
526 1287 752 1342 feritatis
789 1288 992 1342 mollita
1023 1300 1104 1343 est
1130 1289 1328 1355 rabies,
1385 1299 1543 1359 atque
1588 1289 1812 1345 hostiles

211 1395 412 1435 manus
442 1379 695 1436 cohibere
735 1396 764 1433 a
794 1382 1052 1450 sanguine
1079 1383 1289 1451 cognati
1319 1382 1604 1437 animantis
1633 1397 1812 1438 occas-

215 1473 314 1541 pit.
334 1471 484 1538 Quod
505 1471 549 1525 si
575 1471 603 1509 ι)
623 1487 811 1527 omnes
829 1473 1070 1540 omnino,
1094 1474 1184 1544 qui
1210 1475 1455 1529 homines
1478 1490 1536 1530 se
1560 1491 1680 1531 esse
1704 1491 1809 1531 non

213 1563 399 1632 Specie
447 1576 756 1632 corporum,
805 1563 900 1618 sed
942 1565 1164 1620 rationis
1192 1567 1494 1636 intelligunt
1521 1576 1810 1636 potestate,

211 1654 536 1709 salutaribus
576 1655 692 1724 ejus
735 1656 1078 1728 paciﬁcisque
1121 1657 1352 1713 decretis
1379 1674 1563 1714 aurem
1614 1661 1815 1715 vellent

211 1747 562 1803 commodare
593 1749 884 1820 paulisper,
915 1759 967 1804 et
997 1765 1102 1804 non
1145 1749 1282 1806 fastu
1324 1761 1376 1806 et
1414 1753 1705 1822 supercilio
1732 1753 1813 1808 lu-

1915 545 2248 599 Sententiam
2278 561 2364 600 me
2388 546 2562 615 poscis
2586 545 2708 599 huic
2738 546 3099 601 necessariam
3143 546 3272 601 nihil
3313 561 3510 602 causae.

1913 637 2099 706 Neque
2142 639 2284 692 enim
2321 653 2558 707 przesens
2583 650 2742 709 atque
2781 641 2833 693 in
2868 639 3110 694 manibus
3138 639 3304 708 posita
3335 639 3512 695 disce-

1916 732 2084 803 ptatio
2103 742 2123 769 ε
2151 732 2200 786 in
2224 731 2273 786 id
2299 742 2613 801 sumptaest
2639 747 2668 785 a
2694 747 2799 797 me,
2825 731 3266 796 utostenderem,
3288 731 3513 802 velpro-

1916 825 2119 889 harem,
2171 824 2364 894 quibus
2414 838 2745 892 unaqumque
2789 838 2876 878 res
2923 823 3100 878 causis
3131 832 3186 878 et.
3214 825 3513 881 rationibus

1919 919 2070 970 lieret
2094 937 2105 970 :
2129 915 2221 970 sed
2255 926 2311 969 ut
2343 916 2618 970 maledicta
2651 915 2891 970 criminis
2921 915 3050 969 tanti
3080 915 3264 986 procul
3295 932 3417 972 esse
3444 917 3513 973 al)

1917 1008 2073 1063 nobis
2102 1008 2462 1063 ostenderem.
2513 1008 2664 1075 Quod
2705 1009 2747 1061 si
2779 1017 2995 1077 prmsto,
3025 1009 3069 1061 si
3112 1008 3250 1063 tacto
3277 1019 3330 1063 et
3358 1024 3515 1079 argu-

1919 1102 2118 1154 tnentis
2165 1100 2460 1170 insignibus
2498 1101 2571 1153 rei
2606 1101 2807 1154 veritas
2857 1100 3175 1169 explicatur.
3220 1099 3358 1156 unde
3406 1101 3514 1155 sint

1918 1191 2033 1247 hate
2060 1193 2220 1258 mala,
2246 1193 2327 1246 vel
2354 1209 2419 1246 ex
2445 1193 2638 1262 quibus
2657 1192 2922 1262 protluant
2951 1193 3187 1248 fontibus
3213 1193 3514 1265 principiis-

1915 1300 2037 1356 que.
2072 1300 2176 1339 non
2216 1299 2368 1340 curo.

1994 1376 2122 1431 VIII.
2147 1379 2222 1430 Ac
2249 1393 2316 1431 ne
2340 1386 2517 1433 tamen
2536 1378 2757 1432 omnino
2781 1378 2908 1449 quid
2935 1378 3001 1434 de
3026 1378 3185 1434 rebus
3205 1379 3511 1451 hujusmodi

1915 1471 2164 1534 sentiam,
2193 1471 2322 1526 nihil
2338 1471 2518 1526 videar
2545 1472 2900 1543 interrogatus
2924 1489 3266 1544 expromere,
3291 1489 3508 1544 possum

1916 1563 2096 1619 dicere
2129 1583 2138 1614 :
2170 1563 2306 1632 Quid
2333 1565 2478 1618 enim
2508 1564 2551 1617 si
2584 1564 2754 1634 prima
2785 1565 3056 1632 materies,
3099 1582 3217 1635 qua:
3248 1567 3300 1621 in
3329 1581 3512 1623 rerum

1917 1666 2146 1726 quatuor
2191 1656 2454 1710 elementa
2500 1655 2702 1726 digesta
2743 1665 2845 1724 est,
2898 1658 3238 1713 miseriarum
3270 1658 3509 1712 omnium

1917 1763 2106 1803 causas
2147 1748 2259 1802 suis
2300 1748 2539 1802 continet
2569 1749 2620 1802 in
2649 1749 2948 1804 rationibus
2977 1749 3280 1804 involutas?
3303 1747 3439 1826 Quid
3467 1749 3514 1804 si

210 1840 392 1906 minis,
429 1841 543 1895 suis
569 1842 744 1910 potius
773 1841 1039 1905 sensibus,
1071 1858 1230 1911 quam
1263 1843 1406 1898 illius
1435 1845 1810 1900 commonitio-
1839 1846 1887 1906 B
1913 1843 2150 1898 siderum
2199 1852 2376 1896 motus
2419 1843 2582 1898 certis
2634 1843 2824 1913 signis,
2879 1844 3136 1912 partibus.
3181 1846 3514 1916 temporibus

210 1932 368 1988 nibus
397 1931 681 1987 crederent
715 1949 728 1984 :
762 1933 1044 1988 universus
1069 1933 1383 2004 jamdudum
1409 1935 1556 1990 orbis
1597 1935 1812 1990 mitiora

209 2028 260 2080 in
290 2042 457 2096 opera
487 2027 764 2081 conversis
795 2026 977 2082 usibus
1005 2026 1155 2091 ferri,
1187 2029 1571 2096 tranquillitate
1602 2030 1652 2081 in
1687 2029 1819 2083 mol-

206 2121 414 2176 lissima
441 2121 682 2190 degeret,
712 2132 765 2175 et
799 2120 849 2174 in
879 2120 1222 2176 concordiam
1251 2121 1560 2190 salutarem,
1580 2122 1814 2178 incorru-

204 2213 316 2284 ptis
347 2213 607 2268 toederum
637 2213 1004 2268 sanctionibus
1029 2215 1364 2269 conveniret.

280 2305 396 2360 VII.
446 2305 548 2361 Sed
592 2307 636 2359 si
666 2323 760 2374 per
783 2321 895 2372 vos,
930 2307 1194 2376 inquiunt,
1229 2309 1363 2363 nihil
1396 2309 1554 2364 rebus
1605 2309 1808 2364 incom-

204 2399 457 2454 modatur
486 2399 752 2466 humanis,
785 2399 926 2456 unde
951 2410 1075 2456 sunt
1103 2402 1218 2457 haec
1250 2403 1408 2468 mala,
1433 2402 1625 2470 quibus
1653 2418 1808 2472 urge-

1915 1936 2070 1990 lineis
2095 1939 2307 2004 pariunt
2335 1933 2451 1989 haec
2481 1935 2640 2001 mala,
2685 1947 2736 1990 et
2764 1935 3021 2005 subjectis
3055 1934 3286 1991 atterunt
3335 1936 3516 1994 vario-

1916 2045 2033 2084 rum
2061 2027 2436 2083 discriminum
2463 2027 2850 2082 necessitates?
2877 2027 3014 2094 Quid
3041 2028 3088 2083 si
3119 2028 3273 2083 statis
3302 2038 3513 2100 tempo-

1916 2123 2063 2178 ribus
2093 2138 2269 2176 rerum
2299 2121 2698 2177 vicissitudines
2731 2122 2884 2190 tiunl,
2916 2129 3074 2192 atque
3107 2131 3165 2178 ut
3208 2123 3262 2177 in
3306 2123 3511 2179 mariti-

1917 2217 2022 2271 mis
2052 2215 2294 2282 restibus,
2327 2214 2487 2268 modo
2515 2213 2766 2269 secunda:
2794 2228 2881 2268 res
2909 2212 3155 2281 afﬂuunt,
3192 2214 3354 2269 modo
3395 2230 3514 2270 rur-

1917 2323 2008 2364 sus
2033 2309 2267 2363 retluunt
2296 2307 2450 2360 malis
2477 2305 2938 2375 reciprocantibus
2981 2305 3274 2377 prospera?
3302 2304 3438 2374 Quid
3467 2307 3514 2361 si

1916 2401 2157 2456 materiae
2189 2399 2288 2453 faex
2317 2399 2436 2466 ista,
2469 2413 2628 2468 quam
2659 2397 2757 2452 sub
2787 2397 2986 2452 nostris
3011 2397 3281 2453 calcamus
3308 2397 3514 2468 ingres-

1459 2512 1845 2571 LEGTIONES
1878 2511 2294 2569 VARIANTES.

270 2628 298 2689 ἒ
341 2627 417 2675 Ila
437 2626 555 2689 Sub.
586 2626 656 2689 Ex
694 2631 830 2689 parte
855 2621 960 2689 alii.

267 2687 297 2727 ἲ»
335 2691 415 2740 Ita
440 2687 579 2739 Fulv.
607 2687 731 2748 Qttid
752 2690 792 2738 si
834 2688 948 2740 Sab.

205 2924 355 2969 nuta.
396 2913 715 2986 Simillimus
755 2914 904 2968 locus
948 2923 1031 2969 est
1059 2913 1373 2969 Tertulliani
1403 2915 1452 2969 in
1490 2916 1796 2986 Apologet.,

206 3003 257 3042 c.
291 2987 383 3040 40.
423 3005 439 3035 ι
479 2985 545 3039 Ει
578 2998 776 3049 tamen,
808 2987 852 3040 si
887 2987 1140 3056 pristinas
1179 2986 1360 3040 clades
1395 2985 1794 3055 comparemus,

208 3059 414 3111 leviora
449 3071 588 3111 nunc
615 3058 884 3114 accidunt.
917 3074 980 3110 ex
1013 3074 1119 3126 quo
1157 3057 1480 3111 christianos
1512 3074 1539 3111 a
1576 3059 1686 3113 Deo
1705 3073 1791 3111 or-

1985 2630 2006 2657 ο
2046 2623 2439 2688 Disceptatione.
2462 2626 2556 2675 Ms.
2592 2622 2854 2688 disputatio
2877 2621 3017 2673 Fato.
3045 2621 3192 2674 Male.

1593 2794 1971 2853 COMMENTA
1984 2792 2158 2850 RIUS.

1899 2911 2106 2988 disserit.
2148 2912 2225 2988 Et;
2245 2911 2447 2988 eodem
2479 2929 2677 2981 genere
2707 2924 2789 2970 est
2825 2917 3041 2970 mortale
3069 2918 3283 2972 malum.
3322 2917 3502 2988 Ovid.,

1900 2981 2024 3036 Met.
2059 2998 2156 3046 vn,
2191 2985 2318 3038 525.
2353 2985 2625 3040 OCHSNER.

1985 3053 2044 3106 Si
2073 3061 2209 3131 [acto
2241 3066 2306 3131 et_
2326 3058 2640 3131 argumentis
2664 3059 2946 3131 insignibus
2991 3060 3064 3113 rei
3104 3063 3290 3114 veritas
3331 3060 3506 3130 expli-

209 3130 294 3182 bis
323 3130 554 3204 accepit.
589 3130 664 3182 Ex
691 3145 759 3204 eo
788 3130 929 3182 enim
962 3125 1262 3204 innocentia
1294 3129 1475 3182 saeculi
1500 3129 1806 3204 iniquitates
1835 3129 1880 3188 C
1911 3134 2074 3204 catur.
2109 3125 2235 3204 Jac._
2267 3125 2540 3204 (ΙιιῇειυίιιεΔ
2562 3125 2784 3197 legend:
2815 3131 2958 3204 eonj.
2991 3132 3035 3185 si
3068 3135 3211 3204 faxo,
3241 3141 3296 3184 ut
3345 3125 3505 3204 argu-

211 3200 556 3269 temperavit,
589 3209 643 3254 et
671 3200 1050 3267 deprecatores
1080 3200 1170 3254 Dei
1198 3214 1317 3254 esse
1354 3211 1656 3268 imperent.
1687 3221 1706 3252 ι
1744 3200 1810 3254 Et

208 3273 437 3324 omnino
485 3279 696 3324 veteres
738 3271 991 3325 Ecclesiae
1033 3271 1219 3325 Patres
1263 3282 1506 3338 pacatum
1553 3273 1654 3325 sub
1698 3275 1805 3324 Au-

210 3358 374 3411 gusui
405 3342 631 3411 ejusque
671 3343 1076 3396 successoribus
1113 3343 1298 3395 orbem
1330 3342 1532 3396 Christi
1569 3343 1620 3395 in
1653 3343 1810 3395 terris

211 3413 541 3482 apparitioni
605 3425 877 3483 tamquam
934 3413 1222 3483 praecipua».
1276 3428 1453 3467 causm
1511 3413 1808 3468 ascribunt.

212 3483 350 3538 Vide
383 3485 496 3537 lora
529 3483 837 3555 llierooymi
888 3483 939 3536 in
975 3484 1171 3537 l’salm.
1207 3499 1367 3549 LXXI,
1413 3494 1465 3555 et
1495 3485 1546 3538 itt
1598 3499 1718 3554 cap.
1752 3499 1807 3540 ιι.

215 3555 369 3609 Isaiae
400 3555 629 3624 allegata
665 3554 1157 3609 ahEltnenhorslio
1184 3555 1247 3608 ad
1283 3555 1335 3609 lt.
1363 3557 1398 3609 l.
1429 3554 1632 3610 Οιιειι..

315 3626 531 3694 Cognati
584 3626 879 3679 animantis.
937 3625 1012 3679 Ita
1063 3625 1331 3680 Arnobius
1400 3627 1536 3680 infra
1597 3627 1689 3681 lib.
1743 3643 1808 3691 tt,

215 3713 341 3764 cap.
375 3697 442 3751 16
472 3715 485 3749 :
511 3697 804 3749 Animantia
848 3713 937 3750 nos
977 3713 1102 3760 esse,
1148 3707 1236 3750 aut
1277 3698 1566 3750 consimilia
1595 3699 1809 3764 ca'teris,

213 3779 305 3822 aut
334 3786 434 3821 non
466 3769 688 3837 plurima
717 3767 991 3833 diﬂ'erttate
1020 3768 1283 3821 distantia.
1319 3770 1699 3824 ELIIENIIORST.

292 3841 396 3904 Qui
427 3839 653 3892 homines
671 3854 776 3892 esse
799 3855 852 3892 se
873 3855 970 3892 non
988 3841 1152 3907 specie
1175 3855 1468 3906 corporum.
1520 3881 1532 3893 .
1581 3882 1592 3894 .
1640 3884 1654 3892 .
1702 3882 1713 3892 .
1763 3885 1771 3893 .

216 3911 530 3981 intelligunt.
557 3909 630 3963 Ita
653 3909 804 3964 Fulv.
825 3908 1072 3972 Ursinus,
1095 3913 1363 3965 Stewech.
1383 3921 1429 3964 et
1454 3911 1734 3966 Meursius.
1758 3911 1813 3965 In

215 3983 359 4037 Cod.
388 3997 490 4034 tus.
520 3983 669 4035 abest
695 3997 764 4034 se.
791 3982 994 4036 ORELL.
1024 4010 1094 4020 —
1124 3983 1186 4036 Et
1213 3992 1389 4050 potest
1421 3984 1629 4044 abesse.
1663 3997 1810 4037 more

218 4055 341 4108 scil.
374 4052 722 4115 Graecorum,
756 4061 810 4105 ut
857 4055 990 4106 intra
1034 4068 1152 4122 cap.
1181 4051 1252 4105 ‘28
1293 4071 1306 4108 :
1351 4051 1600 4106 Deitatem
1646 4054 1813 4106 sortiti

219 4141 333 4178 esse
361 4125 600 4190 sentiunt,
623 4140 780 4192 quem
801 4125 972 4177 locum
1003 4123 1204 4177 notavit
1227 4123 1372 4192 Lips.
1394 4124 1520 4179 Aut.
1554 4125 1724 4178 Lcctt.
1757 4140 1815 4189 tt,

220 4196 276 4248 7.
310 4194 449 4248 Add.
485 4194 712 4248 Bentlei.
735 4195 799 4248 ad
827 4194 1008 4249 llorat.
1043 4212 1079 4259 I,
1107 4196 1276 4260 Epist.
1306 4211 1400 4257 vn,
1424 4194 1513 4248 22.
1547 4196 1649 4250 Aut
1674 4196 1816 4248 enim

222 4267 390 4320 latine
418 4265 615 4319 dicitur
641 4284 652 4318 :
676 4267 927 4318 hominem
951 4283 1145 4320 incesse
1166 4265 1416 4334 intelligo,
1445 4278 1535 4320 aut
1561 4282 1653 4335 per
1685 4283 1820 4337 grte-

224 4339 458 4394 cisntum
495 4355 506 4388 :
539 4337 688 4389 homo
717 4354 822 4390 esse
851 4337 1097 4408 intelligo.
1127 4337 1398 4392 OcnsNEn.

299 4408 594 4477 Supercilio
628 4408 852 4460 (uotiuis.
892 4407 1035 4462 Haut:
1067 4409 1348 4464 lectionem
1381 4409 1614 4463 atlirmat
1657 4410 1818 4463 etiam

224 4479 409 4535 Codex
445 4495 547 4534 ms.
585 4478 762 4550 Quare
795 4479 958 4532 nolim
989 4495 1107 4533 eam
1133 4491 1334 4550 temere
1366 4493 1592 4534 mutare.
1626 4485 1822 4550 Super-

225 4551 405 4605 cilimn
450 4550 654 4604 luminis
701 4548 929 4604 fortasse
975 4549 1213 4619 appellat
1252 4550 1520 4605 Arnobius
1561 4548 1820 4620 arrogan-

229 4625 382 4678 tiatu.
436 4636 539 4692 qua
571 4636 630 4674 se
674 4622 855 4692 credit
887 4621 1080 4687 aliquis
1114 4621 1326 4676 Cauteris
1375 4623 1821 4692 perspicitciorcm

229 4699 309 4747 καὶ
341 4691 791 4763 ὀξυδερκέστατον.
818 4691 1056 4746 ΙΙΕιιΑιι).
1082 4722 1150 4731 -
1170 4694 1356 4747 Gclen.
1380 4691 1616 4747 mutabat
1639 4708 1821 4763 super-

230 4747 730 4834 ciliot'umitlitquod
757 4765 914 4834 habet
934 4765 1215 4834 Arnobius
1237 4765 1368 4818 intra
1393 4765 1486 4819 lib.
1518 4781 1574 4828 Il,
1599 4747 1716 4830 cap:
1747 4767 1822 4830 1,)

232 4843 497 4906 sequente
522 4833 866 4888 Ohcrthnrio.
899 4833 1162 4890 Meursius
1192 4840 1357 4906 [astus
1387 4847 1430 4891 et
1453 4835 1711 4905 supercilii
1743 4836 1826 4890 .‘u-

233 4904 389 4960 mine.
420 4904 624 4961 ORELL.

310 4977 522 5049 Mitiora
570 4979 642 5049 in,
669 4978 1128 5049 opera‘conversis
1173 4977 1362 5049 usibus
1392 4978 1534 5045 ferri.
1591 4977 1828 5049 Respicit

235 5048 509 5103 Arnobius
535 5050 598 5101 ad
635 5047 983 5102 loettm-ls:tia.-
1010 5064 1128 5116 cap.
1161 5064 1218 5110 tt,
1253 5063 1303 5101 ν.
1337 5048 1392 5103 4.
1418 5050 1620 5103 Οιιειι..
1679 5059 1684 5066 ‘

317 5119 406 5173 ΠΙ
469 5148 541 5157 -
584 5118 882 5172 Miseranda
923 5121 1224 5173 mortalitas.
1281 5117 1650 5174 Mortalitatem
1696 5120 1828 5175 dicit

241 5191 552 5253 Arnobius,
625 5199 681 5243 ttt
745 5191 1107 5244 ltutnanitalent
1167 5191 1461 5254 Minucius,
1530 5191 1823 5245 humantnn

238 5278 432 5332 genus.
481 5261 568 5314 Sic
609 5260 786 5315 inira:
822 5261 957 5314 Nam
988 5262 1127 5315 Deus
1164 5265 1479 5331 omnipotens
1517 5273 1678 5315 mente
1724 5279 1827 5314 una

240 5334 470 5385 omnium
499 5343 544 5384 et
570 5334 824 5385 eunnnuni
855 5334 1177 5386 mortalitatis
1205 5350 1415 5386 assensu
1447 5349 1606 5400 neque
1630 5334 1827 5401 genitus

240 5407 420 5462 scitur,
451 5414 579 5467 etc.;
605 5413 654 5457 et
690 5403 780 5457 lib.
816 5419 888 5457 tv:
917 5403 978 5456 Et
1005 5405 1199 5456 audetis
1218 5415 1329 5470 post
1349 5405 1446 5456 ista
1467 5405 1660 5464 mirari,
1693 5403 1826 5456 unde

242 5477 478 5528 oriantur
507 5478 614 5528 hac
643 5475 800 5537 mala,
843 5475 1021 5540 quibus
1059 5475 1335 5526 inundatur
1363 5486 1408 5526 et
1449 5475 1693 5544 premitur
1720 5477 1829 5530 sine

244 5547 354 5597 ulla
385 5546 755 5597 intermissione
783 5547 1086 5597 mortalitas.
1125 5546 1362 5598 lienam.
1389 5575 1456 5584 ——
1488 5544 1560 5598 ltzt
1605 5555 1655 5598 el
1687 5545 1824 5599 Plin.

243 5616 388 5670 Hist.
411 5616 526 5669 Nat.
547 5632 604 5680 ιι,
624 5616 683 5668 7:
710 5614 938 5684 Frogilis
960 5616 1212 5669 laboriosa
1234 5616 1532 5677 mortalitas,
1559 5629 1610 5670 et
1637 5617 1827 5671 eodem

243 5704 368 5757 (ap.
400 5687 427 5758 §
459 5687 549 5751 9.2,
580 5689 863 5755 improvida
890 5687 1191 5758 mortalitas.
1209 5689 1409 5742 Ont-zLL.
1429 5717 1500 5728 —
1519 5688 1656 5741 Adtl.
1688 5688 1825 5742 I’lin.

248 5757 419 5822 min.,
441 5759 599 5824 epist.
629 5774 698 5819 Vl,
729 5758 800 5813 ‘20
826 5777 838 5812 :
871 5757 990 5812 Nisi
1011 5775 1088 5812 me
1113 5775 1225 5812 cum
1246 5763 1492 5827 omnibus,
1529 5759 1698 5813 omnia
1721 5777 1826 5812 tne-

248 5847 387 5896 cum,
427 5831 628 5898 misero,
659 5846 842 5901 magno
871 5839 1036 5887 tamen
1076 5830 1404 5886 mortalitatis
1437 5829 1620 5888 solatio
1658 5832 1826 5886 credi-

1847 4515 1900 4572 D

1915 3198 2093 3270 mentis
2134 3197 2420 3270 insignibus
2467 3199 2540 3251 rei
2590 3205 2775 3254 veritas
2819 3197 3120 3270 explicetur.
3176 3197 3516 3256 Menam:—

1912 3265 1994 3342 δί]
2027 3269 2340 3342 mutandum
2369 3287 2380 3323 :
2410 3273 2566 3340 facto,
2604 3272 2638 3325 i.
2672 3288 2722 3326 e.
2749 3265 3012 3338 exemplis
3043 3273 3092 3326 in
3123 3276 3264 3326 facto
3297 3275 3506 3342 positis,

1917 3335 2275 3422 Tltatsaclten,
2310 3351 2364 3393 ttt
2393 3335 2712 3424 stt-pissime.
2742 3335 2928 3426 Iiehot.
2973 3345 3018 3397 si
3061 3344 3198 3430 facta
3245 3359 3276 3398 e
3297 3335 3513 3430 glofe;

1914 3419 2058 3463 tnate
2083 3423 2233 3478 putat
2267 3415 2316 3463 itt
2347 3421 2551 3466 textum
2583 3415 2884 3478 irrepsisse,
2928 3430 3049 3470 eum
3073 3415 3211 3470 absit
3237 3430 3265 3468 a
3300 3415 3501 3472 Codice

1921 3477 2106 3546 Ilegio’.
2147 3482 2295 3534 Delet
2325 3484 2506 3550 itaque
2536 3499 2657 3537 cmn
2690 3485 2939 3539 llleursio.
2964 3487 3167 3540 Οιιειι..

1989 3551 2118 3606 VIII.
2150 3581 2221 3590 —-
2250 3551 2372 3608 Suis
2415 3556 2636 3607 continet
2680 3557 2732 3610 in
2760 3552 3045 3609 rationibus
3073 3557 3344 3612 involutas.
3371 3556 3505 3613 Cod.

1916 3637 2041 3687 ms.,
2095 3624 2216 3677 Suis
2267 3625 2489 3678 continet
2559 3627 2946 3692 irritationibus,
2996 3637 3100 3682 etc.
3163 3627 3296 3694 Qua:
3357 3628 3513 3684 lectio

1916 3695 2291 3767 aliti-.habenda
2322 3697 2480 3748 edita:
2505 3700 2555 3750 in
2586 3696 2942 3752 Rotattonibus
2979 3697 3161 3767 (quam
3191 3708 3311 3766 post
3347 3698 3510 3754 Gele-

1920 3765 2066 3839 nium
2097 3781 2287 3839 omnes
2316 3767 2484 3839 secuti
2517 3777 2662 3832 sunt,
2695 3779 2926 3836 excepto
2952 3765 3249 3839 lleraldo'),
3281 3770 3403 3838 quia
3431 3773 3507 3824 si-

1917 3837 2137 3904 gniticat
2197 3836 2394 3906 aliquid
2446 3839 2494 3890 in
2544 3854 2605 3892 ea
2653 3855 2772 3894 esse
2817 3841 3118 3904 occultum,
3183 3836 3322 3908 quod
3373 3841 3511 3896 tnala

1922 3915 2174 3978 provocet
2204 3917 2361 3976 atque
2393 3909 2585 3962 irritet.
2619 3911 2671 3965 Si
2706 3910 2832 3978 quid
2882 3921 3056 3964 tamen
3091 3913 3428 3976 mutamlum,
3458 3913 3511 3966 in

1919 3977 2200 4052 rationibus
2249 3979 2416 4052 magis
2460 3981 2676 4034 vellem.
2712 3977 2896 4052 (Just.
2930 3980 3071 4052 Lips.
3117 3982 3169 4034 in
3212 3981 3506 4052 Pitysiolog.

1923 4049 2080 4121 Stoict
2113 4049 2202 4121 lib.
2236 4065 2270 4110 t.
2306 4048 2523 4103 Dissert.
2556 4067 2671 4114 xw,
2719 4048 2771 4121 p.
2822 4052 2944 4106 568.
2993 4048 3149 4119 Oper.
3185 4048 3394 4117 volfttt,
3425 4048 3509 4107 ed.

1931 4117 2128 4191 Vesal.)
2149 4119 2471 4191 Irritationes
2500 4128 2676 4191 itaque
2701 4117 2872 4176 active
2893 4123 2944 4180 1.
2970 4117 3050 4191 q.,
3075 4125 3204 4175 vires
3232 4125 3510 4187 irritantes,

1922 4191 2004 4261 {lie
2050 4190 2376 4261 bett'egenden
2423 4189 2625 4257 Krafte.
2682 4193 2784 4247 Sed
2819 4189 3046 4258 praefero
3079 4193 3512 4248 emendationem

1924 4259 2282 4326 lleraldi,‘vcl
2315 4264 2486 4330 politis
2516 4262 2754 4330 Canteri,
2789 4264 2838 4316 in
2871 4263 3174 4319 rationibus.
3208 4265 3279 4318 lla
3311 4264 3512 4319 Lucre-

1925 4333 2050 4394 tius,
2083 4333 2173 4386 lib.
2211 4349 2265 4395 v,
2314 4349 2392 4387 vs.
2431 4333 2588 4393 H82.
2621 4335 2752 4389 dicit
2781 4336 2890 4390 cali
2935 4335 3186 4396 rationes,
3229 4337 3264 4389 i.
3295 4350 3346 4390 c.
3389 4335 3514 4391 caeli

1924 4413 2108 4476 motus
2133 4415 2304 4476 ratos,
2339 4415 2482 4458 ratos
2511 4416 2776 4460 astrorum
2808 4405 3047 4470 ordines,
3081 4416 3241 4476 atque
3266 4407 3332 4460 ah
3365 4408 3514 4461 omni

1926 4475 2228 4546 icternitate
2259 4475 2620 4530 immutabiles
2649 4492 2860 4541 cursus,
2895 4487 2953 4530 ut
2997 4475 3163 4546 expl.
3196 4477 3510 4532 Lambinus.

1929 4544 2090 4598 Vorte
2120 4547 2278 4614 igitur
2305 4547 2356 4600 in
2383 4547 2526 4600 iltren
2556 4549 2887 4612 bestimmten,
2913 4544 3098 4617 ewigen
3131 4547 3389 4602 Gesetzrn.
3411 4549 3517 4603 Ito-

1929 4620 2145 4690 taliones
2171 4627 2352 4671 essent
2379 4620 2506 4672 vires
2533 4630 2774 4682 rotantes,
2811 4618 3252 4690 Schwungkraste.
3306 4619 3512 4675 ORELL.

2000 4685 2192 4758 Lineis,
2229 4691 2262 4741 i.
2291 4705 2342 4758 q.
2375 4692 2897 4746 censtellationilms.
2927 4685 3128 4745 Οιιείι..

2003 4757 2138 4823 Quid
2167 4760 2210 4812 si
2237 4757 2381 4812 statis
2413 4761 2736 4827 temporibus.
2765 4761 2899 4815 Cod.
2932 4778 3031 4817 ms.
3074 4762 3208 4827 Quid
3237 4761 3280 4815 si
3325 4762 3516 4817 testati:

1930 4830 2256 4898 temporibus,
2288 4831 2429 4883 nmle
2458 4831 2664 4885 Theod.
2695 4830 2960 4887 Canterus
2983 4832 3185 4886 fecerat
3219 4832 3356 4900 Quid
3385 4834 3428 4886 si
3469 4844 3518 4887 et

1927 4909 2072 4972 stans
2103 4903 2425 4972 temporibus.
2458 4904 2659 4956 URELL.

2003 4969 2159 5025 Malis
2186 4969 2618 5040 reciprocantibus
2651 4989 2918 5042 prospera.
2949 4973 3194 5042 Proprie.
3223 4973 3257 5027 i.
3287 4989 3336 5028 e.
3362 4975 3516 5043 quasi

1929 5041 2123 5096 ﬂuetus
2175 5044 2558 5112 recipientibus
2596 5041 2659 5098 et
2699 5041 3119 5098 retnittentilms.
3168 5046 3258 5100 Sic
3307 5041 3517 5098 Ennius

1929 5111 2408 5182 Andromedaap.
2443 5113 2670 5168 Nonium
2705 5133 2718 5166 :
2759 5113 2954 5168 ltursus
2989 5131 3197 5184 prorsus
3236 5117 3518 5184 reciprocat

1929 5186 2113 5254 ﬂuctus
2140 5187 2320 5254 feram,
2364 5193 2418 5238 et
2447 5186 2598 5241 ibid..
2629 5200 2693 5239 ex
2734 5185 2840 5240 alio
2877 5188 3147 5253 scriptore
3191 5205 3202 5238 :
3239 5186 3520 5254 lteciproca

1930 5257 2178 5326 animum,
2209 5257 2435 5324 inquam,
2471 5257 2662 5318 odiose.
2705 5258 2794 5311 ubi
2843 5255 3052 5326 legend.
3093 5257 3336 5310 animam.
3384 5257 3518 5310 Pro-

1932 5325 2046 5397 prie
2083 5328 2227 5380 euim
2261 5328 2480 5378 omnino
2526 5329 2844 5397 reciprocare
2883 5325 3158 5391 spiritum,
3208 5339 3266 5382 ut
3305 5328 3440 5381 infra
3466 5328 3518 5380 in

1932 5396 2037 5450 hoc
2064 5397 2221 5449 libro.
2259 5397 2496 5452 “suam.
2531 5427 2600 5437 —
2631 5396 2707 5452 Ad
2748 5399 2906 5452 verba
2945 5401 3295 5467 praecedentia
3344 5414 3522 5451 rursus

1930 5467 2154 5537 reﬂuunt
2183 5467 2442 5521 Meursius
2474 5469 2751 5534 observat,
2794 5485 2972 5522 rursus
2997 5471 3290 5537 antiquitus~
3317 5469 3519 5521 dietum

1930 5536 2095 5590 fuis~e
2154 5554 2250 5605 pro
2308 5555 2603 5604 retrorsum,
2637 5544 2808 5594 citatis
2861 5536 3139 5595 Donatum
3179 5541 3246 5596 ad
3298 5541 3518 5595 'l‘erent.

1932 5609 2130 5678 Ilecyr.
2166 5621 2271 5662 act.
2301 5626 2388 5675 III,
2419 5626 2570 5665 scen.
2606 5615 2664 5666 'l:

2055 5724 2310 5790 'l‘rOpidari
2335 5729 2516 5788 sentio,
2540 5729 2726 5778 cursari
2753 5739 2944 5778 rursum
2972 5739 3215 5792 prorsum.

1938 5831 2159 5886 Rursum
2184 5835 2387 5905 praprie
2413 5840 2576 5906 retro,
2608 5850 2840 5906 prorsum
2873 5841 2989 5888 ante
3019 5834 3300 5905 signiﬁcat.
3329 5830 3449 5891 0M;
3522 5842 3600 5886 LL
