4172 6252
647 263 748 322 751

1774 257 2074 327 ianuoen
2113 257 2478 334 ADVEllSUS
2513 255 2790 320 osurus

3835 251 3939 309 752

645 375 814 454 sibus,
847 375 983 450 lianc
1027 375 1185 446 habet
1228 374 1328 434 sibi
1360 374 1532 452 legem
1562 376 1760 442 datam,
1792 383 1852 428 ut
1878 375 2089 450 expiret
2135 389 2236 429 no-
2265 381 2532 455 Aventos
2551 373 2757 443 jamdiu
2798 388 2904 429 non
2935 388 3078 448 esse,
3128 382 3183 430 et
3206 372 3330 430 οωιί
3359 369 3733 444 conquievisse
3773 368 3932 424 ﬂatu—

645 467 986 524 centissimos
1007 465 1224 543 halitus,
1247 465 1442 536 quibus
1468 475 1752 540 corruptus
1777 480 1870 520 aer
1894 466 2016 529 iste,
2041 475 2095 520 ct
2116 479 2237 520 cor-

645 559 866 635 poribus
912 557 1086 612 labem
1121 557 1274 621 lerat,
1329 568 1384 613 et
1429 557 1638 628 negotia
1687 556 1922 610 inlirmet
1969 554 2237 610 humana?

643 647 779 726 Quid
826 647 894 714 si,
945 647 1086 718 quod
1130 647 1431 718 proximum
1479 662 1607 701 vero
1646 656 1748 710 est,
1783 646 2034 717 quicquid
2081 646 2236 700 nobis

640 743 854 802 videtur
882 741 1194 806 adversum,
1226 741 1429 795 mundo
1460 741 1560 810 ipsi
1590 755 1694 794 non
1725 750 1807 795 est
1834 740 2032 794 malum
2069 756 2082 792 :
2117 755 2236 793 oin-

642 833 841 903 niaque
874 848 994 902 qua:
1027 830 1161 886 littnt
1190 834 1387 887 nostris
1415 831 1884 886 commoditatibus
1913 839 2231 895 statuentes,

640 925 986 996 Opinionibus
1043 924 1302 994 improbis
1357 925 1703 978 criminamur
1751 931 1940 978 eventa
1995 922 2236 977 natura“!

641 1010 814 1086 I‘Iato,
852 1017 942 1072 ille
980 1017 1223 1072 sublimis
1249 1032 1384 1086 apex
1415 1015 1852 1086 philosophorum
1885 1025 1938 1071 et
1962 1017 2232 1085 columen,

642 1125 785 1167 saiva
808 1110 894 1165 illa
920 1109 1142 1173 diluvia,
1172 1120 1225 1165 et
1251 1109 1700 1180 conﬂagrationes
1725 1109 1929 1174 nmndi,
1962 1109 2235 1180 purgatio—

641 1219 763 1260 nem
811 1211 1074 1258 terrarum
1105 1202 1216 1256 suis
1243 1217 1362 1256 esse
1409 1203 1459 1256 in
1502 1203 1905 1258 commentariis
1950 1202 2226 1273 prodidit:

641 1311 742 1358 nec
771 1297 856 1350 vir
878 1295 1112 1366 prudens
1133 1295 1380 1351 extimuit
1406 1294 1640 1350 humani
1660 1297 1894 1366 generis,
1927 1295 2234 1352 subversio-

637 1404 783 1450 nem,
808 1387 1040 1452 cladem,
1073 1387 1279 1452 ruinas,
1313 1388 1583 1456 interitus,
1614 1389 1820 1456 funera,
1849 1405 2027 1444 rerum
2073 1390 2230 1444 inno-

635 1480 903 1535 vationem
936 1495 1148 1547 vocare,
1181 1488 1234 1536 et
1255 1480 1592 1550 juventutem
1621 1481 1707 1536 his
1737 1481 2023 1552 quamdam
2052 1483 2232 1537 rediu-

637 1573 860 1646 tegratis
885 1573 1090 1628 viribus
1112 1573 1434 1642 comparari.

707 1665 800 1724 ιχ.
849 1664 965 1722 Non
1016 1665 1166 1735 pluit,
1214 1667 1403 1736 inquit,
1457 1665 1678 1733 coelum,
1727 1675 1782 1722 et
1831 1665 2224 1724 frumentorum

634 1756 812 1827 inopia
853 1757 1036 1811 nescio
1063 1771 1166 1826 qua
1208 1755 1532 1811 laboramus.
1583 1755 1722 1824 Quid
1773 1759 1916 1812 enim
1966 1761 2228 1814 inservire

633 1849 900 1904 elementa
929 1845 1032 1900 tuis
1062 1845 1468 1914 necessitatibus
1498 1848 1776 1917 postulas?
1829 1857 2011 1919 atque,
2061 1858 2118 1904 ut
2146 1851 2226 1904 vi-

636 1952 765 1994 vere
794 1936 1008 1992 mollius
1030 1947 1086 1992 et
1109 1937 1389 1993 delicatius
1419 1947 1472 1992 tu
1502 1939 1698 2008 possis,
1727 1940 1985 2012 obsequia
2015 1953 2228 2014 tempo-

633 2044 754 2086 rum
787 2031 892 2084 tuis
921 2028 1120 2084 debent
1143 2030 1614 2087 commoditatibus
1640 2047 1700 2088 se
1726 2032 1891 2090 dare?
1918 2035 2053 2104 Quid
2085 2036 2226 2093 enim

633 2121 683 2178 si
711 2119 814 2177 hoc
857 2132 1014 2208 paeto
1041 2121 1398 2202 navigationis
1453 2123 1833 2195 cupidissimus
1866 2140 2226 2205 conqueratur

632 2353 660 2415 ξε
688 2353 724 2417 ,α
755 2355 852 2416 us.
875 2353 1043 2414 ιιιιεήι
1063 2360 1197 2422 sunt.
1223 2354 1354 2423 Md
1372 2357 1702 2420 Arnobimmu
1718 2367 1808 2418 est.

2343 465 2476 521 ras?
2522 464 2792 536 Numquid
2825 465 2946 520 ideo
2972 465 3254 520 dicendum
3299 475 3382 520 est
3429 463 3782 535 perniciosam
3812 476 3933 516 esse

2341 557 2785 628 tranquillitatem
2835 557 2982 612 illam
3027 557 3230 618 mundi,
3259 557 3380 628 quia
3409 555 3714 611 rectoribus
3761 555 3932 624 impe-

2338 649 2446 705 diat
2481 651 2635 703 vota?
2675 649 2811 718 Quid
2858 651 2902 704 si
2931 650 3048 706 sole
3091 649 3282 720 aliquis
3327 659 3534 704 torrere
3563 663 3622 702 se
3649 657 3854 709 suetus,
3880 654 3934 701 et

2339 743 2619 812 acquirere
2649 742 2864 813 corpori
2897 741 3212 808 siccitatem,
3247 740 3456 796 ratione
3483 738 3749 796 consimili
3799 753 3930 794 eon-

2339 844 2594 904 queratur
2624 831 3077 902 frequentissimis
3126 831 3322 888 nubilis
3369 831 3757 906 jucunditatcm
3789 845 3935 886 sere-

2339 926 2522 981 nitatis
2561 926 2830 980 ablatam?
2860 924 3128 995 Numquid
3179 923 3298 980 ideo
3327 924 3552 978 dicenda
3585 931 3708 976 sunt
3753 921 3932 976 nubila

2338 1019 2550 1074 inimica
2583 1017 2906 1073 obductione
2940 1016 3197 1086 pendete,
3246 1017 3367 1086 quia
3420 1015 3625 1070 libidini
3672 1029 3784 1069 non
3815 1029 3936 1084 per-

2335 1111 2568 1166 mittitur
2595 1111 2780 1164 otiosa:
2812 1109 3029 1164 rutilare
3076 1125 3134 1164 se
3163 1107 3414 1172 ﬂammis,
3443 1120 3494 1164 et
3525 1121 3716 1162 causas
3762 1107 3938 1176 potio-

2336 1203 2494 1258 nibus
2539 1200 2883 1272 pra‘parare?
2911 1201 3114 1254 Eveuta
3145 1199 3258 1253 ba-c
3285 1198 3485 1265 omnia,
3534 1212 3654 1268 qua:
3698 1198 3854 1266 tiunt,
3882 1207 3936 1253 et

2335 1295 2582 1352 accidunt
2611 1295 2756 1349 mole
2785 1293 2885 1348 sub
2913 1292 3013 1347 hac
3045 1291 3248 1358 mundi,
3292 1288 3647 1345 cotmnodulis
3677 1307 3782 1342 non
3812 1305 3938 1344 nos-

2337 1390 2434 1445 tris
2462 1397 2510 1456 α,
2533 1387 2630 1444 sed
2653 1385 3134 1458 ipsiuspendenda
3163 1393 3293 1440 sunt
3313 1383 3612 1440 rationibus
3629 1383 3934 1438 ordinibus-

2335 1498 2440 1555 que
2466 1489 2694 1538 naturae.

2408 1573 2475 1630 Χ.
2519 1573 2630 1629 Nec
2659 1573 2702 1628 si
2733 1571 2932 1644 aliquid
2977 1570 3189 1634 accidit,
3223 1568 3366 1644 quod
3401 1568 3793 1640 nosmetipsos,
3849 1575 3936 1624 aut

2333 1681 2422 1722 res
2459 1677 2672 1720 nostras
2703 1653 2887 1735 parum
2935 1663 3072 1718 Ia~tis
3113 1661 3456 1717 successibus
3495 1659 3649 1728 fovit,
3679 1661 3942 1714 continuo

2335 1759 2534 1815 malum
2576 1767 2660 1814 est
2694 1768 2749 1814 et
2777 1759 2827 1812 in
2857 1755 3147 1812 exitiabilis
3173 1756 3252 1811 rei
3302 1755 3557 1823 Opinione
3606 1753 3937 1824 ponendum.

2336 1852 2474 1908 Pluit
2528 1850 2759 1906 mundus
2801 1859 2894 1904 aut
2924 1865 3029 1904 non
3064 1847 3232 1919 pluit,
3263 1846 3481 1902 sibimet
3521 1846 3655 1916 pluit
3695 1856 3787 1900 aut
3833 1861 3940 1900 non

2337 1945 2473 2017 pluit
2505 1963 2518 2000 :
2552 1953 2608 2000 et
2629 1947 2776 2016 quod
2806 1943 3030 1998 lorsitan
3064 1942 3294 2015 nescias,
3327 1951 3419 1995 aut
3441 1940 3692 2010 uliginem
3719 1940 3940 1994 nimiam

2337 2039 2591 2096 siccitatis
2641 2039 2835 2096 ardore
2881 2038 3153 2110 decoquit,
3200 2045 3292 2092 aut
3337 2034 3632 2106 longissimi
3679 2036 3941 2105 temporis

2339 2133 2645 2189 ariditatem
2684 2132 2985 2204 pluviarum
3023 2129 3370 2187 ellusionibus
3413 2137 3695 2200 temperat.
3752 2127 3929 2184 Pesti-

1749 2255 1752 2258 ’
1839 2245 2136 2316 LECTIDN
2142 2248 2226 2308 ES
2264 2249 2682 2323 VABIANTES.

2012 2470 2572 2542 COMMENTARIUS.

707 2593 856 2654 Plato
875 2597 962 2654 ille
980 2592 1210 2654 sublimis
1232 2639 1248 2667 ,
1277 2615 1412 2670 apex
1439 2596 1858 2668 philosophorum
1884 2609 1932 2656 et
1960 2601 2213 2658 columen.

632 2668 810 2726 Editio
834 2670 1161 2744 Bouiana‘et
1188 2668 1376 2744 lumen.
1412 2671 1743 2728 Stewecliius
1767 2673 1960 2744 colmen
2005 2676 2221 2744 antique

631 2755 731 2812 pro
760 2742 978 2797 culmen.
1010 2741 1161 2796 Male.
1192 2739 1454 2797 Diﬂ‘cruot
1493 2744 1632 2812 enim
1667 2743 1904 2798 nonnihil
1940 2739 2147 2802 culmen
2168 2755 2221 2800 et

633 2809 1239 2885 columen,_quamquam
1271 2824 1496 2882 Cognata
1523 2809 1629 2885 sint
1659 2817 1910 2875 marime,
1946 2826 1999 2870 et
2031 2817 2220 2885 s:rpis-

632 2885 766 2940 sime
778 2881 1216 2938 confundantura
1243 2881 1524 2938 veteribus.
1545 2884 1757 2939 Culmen
1774 2889 1985 2955 proprie
2009 2881 2218 2940 euntium

633 2971 755 3026 pars
783 2957 926 3017 tecti,
947 2971 974 3006 a
1002 2955 1201 3026 culmis,
1227 2954 1262 3007 i.
1283 2969 1334 3008 e.
1361 2956 1524 3026 paleis
1550 2954 1883 3019 emessilius,
1925 2958 2116 3026 quibus
2144 2972 2216 3010 :13-

636 3100 784 3152 trabs
828 3097 946 3159 illa,
973 3111 1092 3166 quae
1137 3111 1231 3165 per
1262 3097 1475 3166 longum
1514 3098 1568 3151 in
1625 3099 1936 3154 summitate
1965 3099 2218 3154 culminis

669 3167 868 3231 onitur,
899 3183 926 3218 ιι
959 3182 1061 3237 qua
1095 3177 1361 3237 tamquam
1383 3177 1500 3222 ulla
1519 3167 2071 3236 producunturomnia
2093 3171 2218 3226 tecti

657 3239 940 3308 igatnenta,
964 3237 1412 3307 quemadmodum
1439 3253 1471 3292 e
1500 3240 1649 3308 Spina
1681 3241 1904 3309 piscium
1923 3243 2110 3306 majori
2135 3257 2223 3296 re-

635 3309 792 3380 liqua!
816 3324 1005 3363 omnes
1023 3310 1834 3375 prolicismttttttr.'ﬂtAdBALIBN.
1860 3311 1965 3366 rid.
1990 3311 2218 3367 Gesner.

637 3379 1010 3443 in'l'hesauro,
1045 3380 1097 3432 li.
1117 3395 1166 3434 v.
1198 3379 1400 3436 Vitruv.
1422 3380 1490 3434 de
1521 3380 1836 3449 Architect.,
1861 3399 1937 3438 iv.
1965 3383 1996 3436 7
2028 3402 2040 3436 :
2070 3381 2222 3438 Colu-

635 3468 747 3506 men
783 3452 836 3504 in
866 3467 1062 3523 summa
1090 3451 1298 3523 fastigio
1335 3452 1571 3505 culminis
1593 3492 1607 3516 ,
1633 3453 1767 3505 unde
1785 3465 1832 3507 et
1860 3453 2112 3510 columna
2142 3456 2225 3508 di-

635 3533 836 3596 cuntur.
866 3520 1001 3596 Hinc
1027 3520 1477 3596 eolumeusazpius
1499 3538 1593 3592 pro
1612 3525 1860 3579 columna
1885 3567 1901 3592 ,
1939 3542 1989 3578 v.
2038 3542 2088 3580 c.
2132 3541 2221 3596 ap.

635 3592 906 3657 Cicerom,
930 3593 998 3648 de
1026 3593 1274 3658 Divinat.,
1305 3608 1344 3662 ι,
1376 3595 1435 3648 Η
1463 3613 1476 3647 ι

761 3679 863 3733 Nisi
891 3691 993 3746 post
1014 3682 1268 3734 excelsum
1293 3684 1354 3732 ad
1378 3682 1607 3746 columen
1633 3683 1835 3734 formata
1859 3685 2041 3736 decore

762 3745 940 3797 Sancta
965 3745 1100 3796 lovis
1129 3748 1326 3808 species
1349 3745 1509 3795 claros
1530 3755 1784 3808 Spectaret
1804 3747 1863 3797 ad
1883 3756 2038 3799 ortus.

635 3851 722 3910 ubi
771 3848 878 3906 vid.
927 3847 1227 3922 Hottinger.
1277 3849 1343 3906 Υ.
1383 3849 1465 3906 Cl.
1491 3849 1734 3907 Columen
1766 3851 1943 3922 itaque
1968 3851 2228 3922 signiﬁcat

635 3939 740 3978 non
771 3931 971 3977 tantum
999 3921 1358 3976 summitatem
1392 3963 1406 3986 ,
1454 3923 1684 3991 apicem,
1717 3921 1982 3978 summam
2015 3921 2218 3994 partem

633 3994 733 4064 rei,
761 3993 853 4049 sed
883 3994 1218 4064 etiamquod
1243 4009 1355 4047 rem
1379 4009 1769 4064 quamcumque
1791 3996 2020 4064 sustinet
2051 4035 2064 4058 ,
2095 4009 2228 4050 con-

635 4063 790 4137 tinet,
823 4073 1023 4120 tuetur.
1050 4061 1122 4137 Ita
1152 4061 1509 4137 Curtius,’lib.
1555 4079 1630 4128 ix,
1659 4061 1708 4119 c'.
1739 4063 1792 4130 6,
1825 4061 1853 4137 §
1887 4065 1940 4121 8.
1987 4065 2225 4137 Ajexan-

634 4131 788 4192 drum
816 4137 1028 4206 appelat
1056 4131 1376 4190 Macedoniae
1403 4135 1635 4206 columen
1663 4153 1724 4190 ac
1753 4131 1916 4200 sidus,
1938 4147 1990 4189 ct
2008 4135 2226 4192 Plautus

637 4207 789 4276 Epid.
818 4205 919 4260 act.
954 4223 1012 4268 tl,
1041 4221 1186 4260 scen.
1219 4222 1280 4270 ll,
1309 4221 1386 4260 vs.
1412 4207 1466 4265 5.
1494 4205 1765 4276 Senatiqui
1794 4207 2022 4260 columen
2039 4209 2227 4274 rluent,

636 4279 722 4334 ubi
772 4279 875 4332 vid.
914 4277 1246 4332 Tttubtliann.
1295 4277 1537 4347 (iatullus
1578 4280 1629 4347 in
1663 4277 1934 4347 Epitlta|.,
1977 4277 2231 4333 Emathia?

633 4349 863 4403 columen
890 4347 1066 4411 Peleu.
1099 4347 1286 4419 Aquila
1311 4346 1470 4419 illum.
1491 4347 1558 4419 de
1587 4345 1796 4419 Figuris
1818 4358 2074 4415 sentent.,
2102 4366 2221 4402 cus-

634 4431 712 4490 tos
741 4430 784 4490 et
819 4419 1054 4490 defensor
1100 4411 1596 4490 reipublirwusalns
1635 4411 1680 4474 ἐξ
1717 4417 1952 4490 columen
1978 4411 2218 4475 civitatis.
2250 4411 2302 4472 Ι)

633 4488 712 4546 Cf.
747 4485 1015 4544 Burmann
1039 4527 1052 4540 .
1107 4485 1184 4542 ad
1202 4485 1381 4550 Ovid,
1413 4486 1561 4551 Μαι..
1595 4504 1632 4544 ι.
1666 4506 1744 4544 vs.
1778 4487 1902 4544 (389.
1935 4489 2097 4546 Verte
2123 4491 2221 4544 ita-

633 4576 739 4632 que
764 4560 819 4616 lt.
837 4562 884 4632 il.
917 4560 1010 4614 das
1040 4557 1216 4632 Haupt
1239 4559 1342 4612 und
1367 4559 1456 4612 der
1480 4558 1844 4632 grundpfeilcr
1861 4563 1950 4632 der
1980 4559 2222 4616 Philoso-

637 4627 790 4700 ῥΙιρη.
822 4631 1092 4687 Caeterum
1119 4627 1189 4686 de
1241 4645 1446 4683 summa
1479 4627 1720 4686 Platonis
1762 4631 1902 4699 apud
1930 4633 2222 4701 scriptores

634 4715 863 4765 veteres,
895 4704 1124 4756 iiiaximo
1148 4701 1572 4767 ecclesiasticos,
1607 4703 2004 4758 existimatione
2033 4703 2138 4756 vid.
2167 4703 2218 4758 .I.

633 4772 778 4842 Lips.
802 4773 1014 4828 llanud.
1041 4771 1106 4826 ad
1138 4773 1305 4827 Stoic.
1336 4771 1762 4843 PliilosOpbiam,
1787 4773 1882 4828 lib.
1915 4789 1966 4839 ι,
1999 4775 2130 4832 diss.
2169 4775 2216 4842 l,

633 4845 794 4915 Oper.
821 4853 952 4900 tom.
986 4860 1059 4908 tv,
1086 4859 1138 4914 p.
1171 4844 1296 4899 652.
1319 4845 1521 4899 UBELL.

705 4935 1076 5006 Purgationem
1126 4945 1274 4992 terra
1307 4939 1416 4991 suis
1461 4937 1516 4992 in
1563 4937 1939 4992 commentariis
1971 4937 2218 5006 prodidit.

633 5007 872 5078 Respicit
901 5007 1168 5078 Arnobius
1209 5007 1275 5078 ad
1301 5008 1579 5078 verbauilla
1633 5007 1875 5063 Platonis
1897 5010 1949 5062 in
1994 5007 2219 5074 Tiimeo,

633 5076 758 5148 pag.
785 5077 913 5143 29l,
936 5077 1042 5132 vol.
1069 5077 1254 5152 tx,_ed.
1281 5078 1395 5146 Bip.
1427 5076 1619 5134 ε”οταν
1634 5081 1680 5133 οἱ
1706 5083 1824 5138 Grai
1850 5085 1938 5138 τήν
1955 5089 2046 5152 γῇν
2069 5079 2238 5137 ὕδασι.

631 5153 949 5225 ιιαθοιίροντες
993 5149 1385 5225 Menidan-tv,
1427 5165 1582 5225 quam
1628 5149 2224 5225 sententiain'Platonis

634 5217 916 5275 laudarunt
935 5229 992 5274 et
1015 5219 1103 5273 alii
1133 5220 1320 5289 Patres
1349 5217 1626 5282 Ecclesiae,
1655 5236 1705 5274 v.
1732 5236 1779 5274 c.
1812 5217 2073 5289 Origenes
2099 5235 2225 5276 cou-

634 5302 712 5366 t_r:t
733 5291 901 5352 Cels,
937 5291 1028 5344 lii).
1063 5305 1113 5344 Iv
1147 5307 1172 5366 :_
1194 5287 1380 5366 "tantth
1409 5289 1463 5346 δὲ
1501 5296 1586 5366 xui
1610 5289 1844 5366 ⁰Ελληνις
1883 5287 2224 5366 κὰτακλυσμῶ

631 5361 663 5422 ἦ
693 5365 822 5438 πυρὶ
841 5367 939 5440 rm:
947 5363 1182 5440 ﬂuitare?
1210 5359 1476 5440 σιτ-τριόδους
1493 5364 1869 5440 καθαιρομένην,
1905 5366 1972 5426 ὡς
1991 5368 2079 5419 καὶ
2098 5359 2224 5420 ι]λά-

631 5454 732 5488 των
749 5432 850 5488 nou
882 5432 1016 5488 οὗοὲω
1037 5432 1184 5508 λέγει.
1213 5432 1455 5488 HénALD.

719 5521 930 5589 Vocare,
953 5533 1000 5576 et
1008 5523 1328 5594 favent-atem
1359 5524 1435 5576 his
1459 5524 1730 5594 quamdam
1753 5527 2062 5594 comparari.
2085 5525 2218 5582 God.

640 5609 739 5647 ms.
768 5593 931 5646 habet
959 5593 1018 5646 et
1037 5597 1404 5664 iujuventutem
1431 5635 1446 5660 ,
1474 5593 1620 5664 quod
1655 5594 1760 5648 Th.
1809 5593 2072 5650 Canterus
2119 5613 2225 5652 uno

636 5664 896 5737 vocabulo
915 5673 971 5718 ut
999 5669 1272 5737 antiquum
1299 5666 1634 5737 retinendum
1656 5674 1842 5737 censet
1866 5707 1882 5733 ,
1915 5676 1973 5720 ut
1993 5668 2059 5721 sit
2087 5668 2226 5737 inju-

639 5744 814 5789 oentus
860 5736 895 5789 i.
927 5751 983 5804 q.
1015 5733 1220 5790 summa
1241 5736 1511 5804 juventus.
1543 5736 1648 5794 Sed
1673 5733 1779 5793 hoc
1803 5743 1888 5793 est
1929 5733 2231 5794 inauditum-

2326 2621 2545 2676 prorsus
2567 2616 2619 2663 et
2640 2616 2942 2664 monstrum
2971 2605 3239 2662 vocabuli.
3262 2602 3596 2661 Stewechins
3612 2602 3742 2673 legit
3767 2623 3782 2658 :
3817 2603 3932 2659 Ete-

2326 2679 2431 2734 nim
2451 2681 2791 2748 juveututem,
2825 2695 2944 2748 qua:
2968 2679 3236 2734 correctio
3275 2677 3329 2731 in
3379 2685 3588 2730 textum
3622 2684 3838 2748 recepta
3865 2677 3934 2732 ab

2323 2749 2532 2820 edituro
2559 2747 3048 2820 Lugdune-Batavo
3075 2751 3140 2803 ad
3169 2764 3387 2820 sensum
3414 2748 3554 2820 bona
3581 2747 3800 2820 quidem
3824 2759 3930 2812 est,

2326 2819 2417 2874 sed
2461 2837 2564 2875 non
2619 2817 2946 2877 necessaria.
3002 2822 3093 2876 Est
3124 2819 3242 2874 scil.
3277 2821 3328 2873 h.
3365 2821 3400 2872 ι.
3447 2817 3934 2889 byllepsis,_ligura

2325 2893 2464 2958 apud
2493 2892 2742 2961 antiquos
2761 2895 3052 2962 scriptores
3078 2887 3539 2962 frequentissima,
3585 2904 3689 2957 qua
3720 2887 3934 2962 duabus

2284 3014 2292 3034 _
2325 2960 2659 3034 diversisque
2711 2960 2995 3019 sententiis
3029 2972 3084 3018 et
3114 2965 3276 3034 rebus
3306 2976 3486 3034 unum
3511 2961 3667 3034 datur
3709 2960 3932 3016 verbum

634 3014 1303 3098 dillcia"contegebantur.
1355 3014 1596 3080 Columen
1649 3039 1828 3082 autem
1870 3014 1966 3082 'es't
2004 3028 2221 3098 proprie
2249 3014 2294 3080 C

2323 3035 2544 3161 renggime
2575 3028 2818 3106 utrisque
2846 3035 3192 3090 couveuiens.
3222 3033 3297 3088 lta
3326 3028 3538 3102 γένευ..
3585 3030 3738 3098 1En.,
3762 3047 3826 3098 tt,
3849 3045 3930 3086 vs.

2573 3197 2795 3250 Inclusas
2818 3202 2965 3248 utero
2987 3197 3181 3247 Danaos
3204 3203 3254 3246 et
3274 3195 3422 3258 pinea
3444 3193 3614 3244 l‘urtlm

2573 3260 2732 3311 Laxat
2756 3260 2970 3312 claustra
2991 3260 3146 3310 Sinon

2327 3385 2416 3440 ubi
2442 3386 2584 3442 laxat
2631 3386 2697 3440 ad
2749 3385 2958 3440 Danaos
3001 3383 3192 3440 referri
3222 3399 3327 3441 non
3367 3391 3577 3454 potest,
3612 3381 3709 3438 sed
3737 3383 3929 3440 subin-

2329 3458 2673 3525 telligent'lum
2702 3467 2786 3512 est
2815 3457 3015 3512 emittit.
3046 3455 3120 3511 ltu
3169 3455 3222 3509 li.
3253 3455 3292 3510 ι.
3323 3456 3618 3524 comparari
3651 3471 3759 3509 non
3791 3472 3930 3524 peu-

2328 3528 2415 3583 det
2439 3546 2466 3580 a
2488 3530 2820 3597 pris-cedente
2849 3543 3048 3592 vocare,
3077 3530 3172 3583 sed
3202 3535 3346 3580 totus
3377 3525 3526 3580 locus
3562 3528 3630 3580 ita
3665 3527 3934 3597 supplen-

2329 3599 2430 3654 das
2462 3615 2600 3654 :non
2629 3601 2880 3654 extimuit.
2920 3637 2934 3652 .
2978 3637 2994 3653 .
3040 3635 3056 3652 .
3101 3637 3114 3650 .
3161 3637 3177 3655 .
3217 3611 3396 3652 uocare
3424 3598 3496 3669 (et
3521 3598 3812 3668 afﬁrmare)
3835 3599 3934 3668 ju-

2329 3681 2581 3746 ventuteru
2617 3671 2698 3724 Itis
2729 3669 3024 3740 quamdam.
3071 3709 3086 3725 .
3133 3707 3148 3722 .
3192 3709 3205 3724 .
3254 3706 3268 3721 .
3313 3707 3328 3722 .
3367 3669 3681 3738 comparari.
3713 3669 3925 3726 OBSLL.

2403 3760 2493 3816 IX.
2535 3793 2608 3802 —
2651 3761 2792 3827 Quid
2839 3761 2883 3814 si
2935 3762 3042 3815 sole
3091 3759 3278 3828 aliquis
3326 3769 3520 3814 torrere
3562 3777 3614 3813 se
3656 3772 3834 3816 suetus
3879 3772 3932 3816 et

2331 3834 2587 3903 acquirere
2633 3833 2835 3902 corpori
2865 3833 3162 3886 siccitatem.
3209 3831 3367 3903 Multa
3413 3831 3484 3886 de
3531 3831 3630 3886 hac
3658 3834 3929 3886 exercita-

2331 3902 2479 3958 tione
2504 3912 2744 3974 veterum
2776 3904 3190 3974 Gyinnastarum
3223 3902 3500 3974 notissima
3533 3905 3932 3971 exemplacou-

2331 3974 2498 4042 gessit
2527 3972 2916 4039 blmenhoréh,
2949 3975 3015 4028 ad
3067 3973 3121 4026 lt.
3168 3975 3205 4026 l.
3245 3972 3648 4036 Ineolationem,
3691 3975 3929 4040 sum,

2333 4046 2594 4105 ἡλιοκαΐαν
2649 4045 2900 4113 dicebant
2949 4057 3192 4109 veteres,
3249 4044 3445 4113 illaque
3493 4058 3556 4099 ex
3609 4049 3931 4113 praescripto

2335 4118 2664 4172 medicorum
2697 4115 2763 4169 ad
2810 4115 3106 4170 siccitatem
3138 4115 3351 4184 corpori
3377 4114 3756 4185 acquiremlam
3803 4126 3928 4171 utc-

2335 4187 2546 4244 bantur.
2575 4188 2728 4241 tiont.
2759 4186 2980 4251 Meurs.,
3023 4186 3074 4240 in
3104 4185 3321 4252 Critico,
3357 4199 3478 4256 pag.
3509 4185 3565 4256 8,
3595 4195 3670 4249 et,
3701 4187 3792 4256 qui
3821 4188 3928 4242 hac

2334 4259 2400 4312 de
2433 4275 2489 4312 re
2520 4259 2722 4312 inultus
2762 4266 2876 4323 est,
2921 4257 2990 4312 Is.
3035 4255 3369 4320 Casaulmn.,
3397 4258 3464 4310 ad
3514 4255 3682 4311 Persii
3713 4268 3818 4311 sat.
3847 4273 3925 4322 tv,

2335 4345 2385 4384 v.
2409 4329 2508 4396 52;
2537 4345 2636 4384 nec
2661 4344 2768 4383 non
2797 4330 2912 4384 Ast.
2941 4328 3009 4383 ad
3038 4329 3245 4384 Platon.
3269 4326 3777 4452 Ptimdr.(paag.L26%
3801 4344 3921 4400 seq.

3537 4415 3565 4452 ιι
3611 4414 3642 4452 ι,
3684 4437 3696 4450 .

3537 4413 3696 4454 κειι..

2398 4469 2664 4525 Flaturaa.
2695 4469 3014 4526 Insolentior
3044 4470 3294 4524 formatio
3319 4483 3416 4540 pro
3433 4470 3607 4539 ﬂatus.
3642 4468 3814 4525 libet
3843 4481 3928 4526 ta-

2325 4557 2446 4597 men
2469 4541 2744 4597 Vitruvius
2774 4557 2828 4606 n,
2861 4543 2914 4607 'l,
2944 4543 2996 4594 in
3019 4541 3150 4596 aeris
3175 4542 3384 4610 ﬂatura.
3411 4543 3616 4596 UBSLL.

2400 4631 2591 4686 Otiose:
2611 4632 2823 4686 rutilare
2841 4647 2896 4687 se
2923 4633 3165 4703 ﬂammis.
3195 4629 3348 4703 Fulv.
3377 4629 3604 4703 Ursinus
3633 4631 3737 4702 leg.
3770 4633 3917 4700 conj.

2325 4705 2490 4758 ociose
2516 4705 2758 4758 ustulare.
2786 4701 2979 4758 Sednil
3009 4701 3344 4758 mutandum.
3373 4701 3604 4757 Verbum
3632 4706 3776 4758 enim
3792 4719 3922 4773 pru-

2364 4777 2500 4828 I'llltll
2543 4784 2598 4831 et
2639 4775 2968 4846 exquisitum
3001 4775 3052 4828 in
3087 4775 3186 4827 hac
3210 4790 3268 4846 re
3297 4783 3378 4827 est
3407 4775 3637 4841 rutilare,
3669 4774 3723 4825 h.
3745 4790 3801 4846 fc.
3825 4791 3921 4829 cn-

2346 4861 2497 4900 orem
2526 4843 2748 4900 rutilum
2769 4848 2878 4900 cuti
2919 4846 3194 4900 inducere.
3230 4843 3307 4898 lta
3343 4857 3522 4896 curata
3561 4845 3785 4899 cuticula
3817 4847 3924 4900 sole

2325 4917 2570 4972 dicitura
2607 4917 2814 4983 Persio,
2870 4926 2968 4970 sat.
3005 4931 3081 4970 tv.
3117 4929 3196 4969 vs.
3237 4918 3324 4978 15,
3367 4915 3452 4968 ubi
3487 4915 3808 4971 scholiastes
3833 4933 3923 4972 ve-

2328 4996 2412 5042 tus
2439 5005 2451 5040 :
2481 4987 2674 5042 Curata
2687 4987 2802 5051 scil,
2834 4986 3253 5040 achromatiorils
3276 5027 3292 5054 .
3324 4999 3440 5038 nam
3464 4987 3819 5042 chroiimtiarii
3838 4989 3919 5042 di-

2326 5070 2510 5112 cuntur
2539 5058 2797 5120 colorarii,
2832 5057 2909 5112 vel
2944 5059 3032 5126 qui
3078 5067 3185 5112 tota
3212 5059 3292 5110 die
3320 5058 3372 5109 in
3401 5073 3559 5110 arma
3577 5069 3733 5122 sunt,
3763 5060 3840 5113 vel
3867 5061 3919 5112 in

2325 5130 2452 5184 sole.
2483 5129 2684 5199 Antiqui
2704 5130 2838 5183 enim
2859 5129 3110 5199 angebant
3129 5145 3181 5184 se
3206 5138 3252 5183 et
3278 5129 3330 5182 iu
3351 5127 3458 5181 sole
3477 5141 3644 5196 erant,
3674 5140 3730 5184 ut
3752 5134 3919 5184 oleant

2327 5215 2511 5271 corpus
2542 5201 2817 5254 imbiberat.
2851 5201 3056 5255 OnELL.

2397 5291 2748 5346 Conuuodulis
2790 5292 2994 5348 nostris.
3053 5289 3092 5345 1.
3133 5305 3186 5346 e.
3237 5287 3557 5351 commodis,
3595 5307 3720 5361 qua:
3767 5292 3919 5350 nobis

2328 5377 2518 5432 magna
2543 5363 2708 5418 videri
2759 5373 3015 5432 possunt,
3054 5362 3148 5416 sed
3187 5360 3316 5416 nihil
3345 5369 3470 5415 sunt
3514 5360 3920 5432 comparatione

2327 5431 2515 5503 salutis
2559 5433 2720 5503 hujus
2764 5431 3003 5486 universi
3037 5472 3054 5498 ,
3104 5441 3162 5486 ut
3201 5436 3344 5503 bene
3368 5432 3600 5501 explicat
3631 5431 3844 5490 Gesner
3869 5436 3921 5492 in

2329 5499 3045 5559 Thesauro.'Conmiodulum
3066 5513 3148 5558 est
3177 5502 3315 5568 ἅπαξ
3341 5499 3628 5578 λεονὸμεδον.
3651 5507 3856 5562 υιιειι..

2407 5596 2476 5650 Χ.
2535 5626 2604 5636 -—
2667 5596 2924 5668 Uligt'nem
2956 5597 3211 5669 _niniiam.
3269 5597 3487 5651 Servius
3548 5597 3614 5651 ad
3689 5598 3870 5669 Virgil.
3903 5641 3920 5665 ,

2335 5665 2530 5738 Georg.
2567 5683 2623 5732 ιι,
2652 5683 2732 5722 vs.
2760 5665 2869 5723 184
2903 5685 2916 5721 :
2951 5667 3102 5738 Uligo
3130 5677 3203 5721 est
3232 5669 3438 5737 proprie
3465 5671 3718 5725 naturalis
3748 5665 3930 5725 humor

2341 5747 2510 5806 terrae,
2536 5753 2600 5792 ex
2626 5754 2684 5792 ea
2707 5754 2986 5809 numquam
3017 5739 3278 5794 recedens.
3311 5739 3552 5794 Euasit.
