4172 6252
635 311 746 370 735

1773 311 2052 369 ARNOBII
2088 310 2455 370 ADVERSUS
2493 308 2775 368 GENTES

3833 303 3937 358 756

640 433 782 487 ciis?
809 429 1059 487 Trecenti
1099 439 1225 486 sunt
1253 428 1379 485 anni
1409 427 1617 494 ferme,
1652 429 1829 486 minus
1860 430 1948 485 vel
1983 431 2103 501 plus
2131 430 2233 484 ali-
2267 437 2320 493 Α
2344 429 2542 488 litatcs,
2575 435 2736 496 atque
2762 424 3117 480 abundantias
3143 438 3322 479 rerum
3357 429 3551 488 tantas,
3584 429 3640 476 ut
3664 433 3930 476 commer-

638 523 767 596 quid
793 566 807 587 ,
841 538 908 578 ex
939 537 1046 593 quo
1073 523 1338 593 coepimus
1367 537 1490 578 esse
1506 522 1784 576 christiani
1812 563 1827 588 ,
1882 532 1936 576 et
1968 533 2230 577 terrarum

641 616 694 671 in
727 614 858 671 orbe
881 615 1094 670 censi-ri
1125 632 1139 668 :
1175 615 1436 684 numquid
1474 615 1725 670 omnibus
1751 615 1833 669 his
1871 615 2026 670 annis
2051 616 2228 669 eonti-

638 724 744 765 nua
775 707 998 763 fuerunt
1021 707 1184 772 bella,
1214 708 1486 762 continua:
1514 707 1844 773 sterilitates,
1879 723 1980 774 pax
2013 707 2155 760 nulla
2183 710 2234 761 in

639 799 837 862 terris,
881 799 1028 854 nulla
1073 800 1318 869 protinus
1349 800 1526 854 vilitas
1565 809 1657 853 aut
1686 799 2014 854 abundantia
2055 815 2237 854 rerum

638 890 780 944 fuit?
813 889 926 945 Hoc
953 891 1097 946 enim
1127 891 1362 961 primum
1399 890 1742 946 efficiendum
1779 900 1862 945 est
1887 933 1902 957 ,
1937 893 1984 945 ei
2011 893 2099 960 qui
2139 907 2236 947 nos

641 985 858 1054 arguit,
907 995 1195 1053 perpetuas
1236 994 1289 1039 et
1330 984 1488 1053 juges
1531 985 1863 1038 calamitates
1908 983 2072 1038 fuisse
2117 985 2236 1049 has,

641 1091 934 1146 numquam
961 1077 1184 1130 omnino
1207 1085 1232 1112 ἰ
1256 1076 1552 1145 reSpirasse
1597 1075 1865 1138 mortalia,
1884 1083 1939 1144 et
1965 1075 2083 1130 sine
2119 1075 2242 1130 ullis

642 1170 667 1242 (
695 1178 756 1224 ut
791 1166 1033 1241 dicitur)
1063 1169 1214 1225 feriis
1237 1209 1253 1237 ,
1281 1169 1658 1241 multiplicium
1691 1167 1892 1224 formas
1922 1169 2241 1226 sustinuisse

644 1263 1042 1320 discriminum.

714 1354 858 1413 XIV.
891 1357 1052 1426 Atqui
1086 1371 1192 1412 non
1218 1355 1246 1395 δ
1271 1357 1518 1413 videmus
1552 1355 1746 1412 mediis
1768 1357 1850 1410 his
1881 1357 2038 1412 annis
2059 1397 2073 1423 ,
2117 1370 2235 1412 me-

646 1448 862 1521 diisque
901 1453 1237 1521 temporibus
1263 1495 1279 1520 ,
1326 1468 1393 1508 ex
1420 1452 1578 1507 victis
1605 1451 1849 1506 hosnbus
1874 1451 2240 1507 innumerabia

644 1545 725 1600 les
747 1558 869 1599 esse
897 1545 1151 1602 victorias
1181 1545 1528 1612 reportatas?
1570 1543 1806 1616 prolatos
1838 1543 2054 1615 imperii
2083 1543 2242 1605 ﬁnes.

643 1645 700 1692 et
728 1637 780 1692 in
803 1645 1121 1707 potestatem
1154 1636 1398 1692 redactas
1445 1634 1671 1690 inauditi
1701 1635 1937 1690 nominis
1967 1633 2246 1690 nationes?

2337 521 2418 574 cia
2460 528 2737 586 stuperent
2786 517 3033 571 universa
3083 517 3376 587 pretiorum
3423 514 3749 570 auctoritate
3799 529 3925 582 pro-

2339 612 2548 666 strata?
2590 609 3048 678 Quemadmodum
3086 611 3230 664 enim
3273 623 3359 663 res
3385 608 3513 678 agi,
3561 617 3616 662 et
3659 621 3832 677 usque
3864 605 3934 660 ad

2343 703 2444 757 hoc
2495 713 2704 770 tempus
2754 717 2925 771 genus
2971 701 3064 771 qui
3111 703 3308 755 durare
3346 699 3688 760 mortalium,
3740 698 3785 752 si
3834 712 3938 753 non

2342 798 2522 851 omnia
2547 839 2561 861 ,
2594 812 2713 866 quae
2747 811 2874 852 usus
2905 803 3150 864 posceret
3171 805 3191 832 ο
3215 793 3652 849 subministraret
3678 791 3930 848 fertilitas

2342 905 2521 944 rerum
2550 889 2572 941 ?

2418 981 2534 1037 XV.
2585 981 2690 1038 Sed
2721 982 2935 1038 fuerunt
2981 981 3274 1052 aliquando
3311 979 3568 1034 nonnulla
3606 980 3662 1034 in
3704 980 3940 1035 necessi-

2343 1075 2538 1128 tatibus
2569 1084 2830 1142 tempora.
2868 1073 2933 1128 Et
2961 1074 3200 1128 relaxata
3229 1081 3356 1127 sunt
3382 1070 3756 1125 abundantiis.
3788 1071 3928 1125 Rur-

2337 1180 2436 1221 sus
2473 1176 2658 1220 contra
2694 1167 3024 1220 voluntatem
3067 1165 3313 1237 quiedam
3345 1165 3484 1219 bella
3531 1164 3929 1220 adminiSIrata.

2345 1259 2412 1313 Et
2464 1259 2699 1314 victoriis
2755 1259 3095 1326 postmodum
3152 1259 3602 1326 SliCCCaSlbUStlue
3665 1267 3928 1313 c0rrecta.

2346 1351 2484 1419 Quid
2534 1368 2662 1422 ergo
2711 1351 2987 1406 dicemus?
3058 1351 3372 1421 injuriarum
3437 1359 3750 1405 nostrarum
3812 1352 3943 1406 deos

2353 1447 2512 1501 modo
2557 1460 2825 1500 memores
2861 1461 3017 1511 esse,
3067 1445 3225 1498 modo
3251 1458 3372 1500 esse
3414 1460 3602 1498 rursus
3650 1444 3938 1498 immemo-

2353 1539 2482 1594 res?
2523 1538 2579 1594 Si
2608 1553 2713 1608 quo
2746 1547 2989 1606 tempore
3022 1535 3192 1592 fames
3217 1547 3334 1602 est,
3365 1535 3487 1590 irati
3507 1550 3630 1590 esse
3655 1535 3941 1602 dicuntur,

2354 1633 2599 1702 sequitur
2647 1640 2704 1686 ut
2747 1629 3092 1686 abundantiae
3139 1640 3380 1700 tempore
3427 1630 3550 1684 irati
3595 1638 3652 1685 et
3695 1628 3946 1683 difﬁciles

645 1742 1019 1804 saepenumero
1047 1728 1317 1786 maximos
1343 1741 1572 1785 annonae
1605 1725 1772 1783 fuisse
1800 1738 2128 1798 proventus,
2159 1727 2239 1781 vi-
2272 1718 2320 1778 B
2349 1741 2454 1782 non
2485 1724 2594 1780 sint
2625 1741 2637 1778 :
2674 1733 2837 1794 atque
2864 1723 2936 1778 ita
2964 1721 3271 1794 perducitur
3309 1737 3396 1779 res
3422 1737 3519 1791 eo,
3556 1731 3612 1778 ut
3636 1721 3844 1779 vicibus
3870 1722 3953 1777 lu-

1822 1854 2114 1913 LECTION
2122 1857 2204 1913 ES
2239 1854 2656 1914 VABIANTES.

712 2002 740 2031 ⁸
776 2003 868 2050 Ms.
892 1998 1035 2053 male.
1059 1998 1234 2051 Omnia
1257 2012 1375 2048 non.

709 2062 740 2104 ι)
772 2065 920 2130 Atqui
944 2065 1060 2126 Ms;
1085 2062 1213 2130 quod
1246 2059 1552 2114 retinendum
1573 2072 1742 2113 censeo
1763 2066 1808 2110 et
1830 2055 2067 2111 tollendas
2089 2056 2240 2109 inter-

2353 1993 2616 2062 rogationis
2631 2001 2766 2048 notas
2786 1993 2837 2046 in
2859 1997 2988 2048 omni
3009 1995 3103 2048 ista
3125 1995 3342 2062 periodo.
3391 2001 3571 2053 Meurs.

2412 2061 2435 2090 ο
2478 2058 2604 2110 Usus
2621 2066 2674 2109 ut
2698 2067 2944 2123 posceret.
2973 2063 3069 2111 Ms.

2003 2214 2560 2273 COMMENTARIUS.

646 2357 708 2413 τὸ
735 2358 802 2412 τὰ

685 2357 802 2438 bed
832 2358 1017 2438 φοινιρά
1057 2357 1340 2434 ἀρνιίσθαι,
1374 2355 1546 2427 inquit
1587 2353 1910 2411 Aristoteles
1952 2354 2005 2408 in
2047 2353 2254 2410 Rheto-

650 2442 800 2483 rlClS.

864 2429 1084 2483 Istisne.

722 2497 959 2553 Trecenti
979 2510 1097 2552 sunt
1128 2499 1261 2570 anni
1298 2500 1476 2570 ferme.
1500 2496 1758 2553 Similiter
1784 2496 1860 2552 lib
1910 2513 1969 2570 tt.
2001 2496 2128 2570 Ante
2153 2505 2256 2570 tre-

651 2580 823 2624 centos
869 2587 1032 2625 annos
1062 2569 1264 2640 religio,
1298 2566 1502 2640 inquit,
1555 2579 1720 2622 vestra
1750 2585 1851 2622 non
1895 2568 2126 2640 fuit.
2173 2566 2258 2621 bis

652 2649 801 2711 patet
847 2651 1123 2696 auctorem
1162 2639 1438 2694 iuostruin
1493 2639 1691 2693 vixisse
1744 2640 1845 2693 sub
1902 2639 2253 2711 Diocletiano,

659 2709 916 2766 irecentis
947 2713 1066 2779 plus
1097 2712 1274 2766 minus
1314 2712 1470 2767 annis
1511 2720 1633 2781 post
1674 2720 1855 2766 natum
1896 2709 2256 2772 SillVillOl‘l‘m,

655 2795 896 2852 Opusque
919 2782 1021 2837 hoc
1040 2783 1185 2852 varia
1207 2782 1511 2838 eruditione
1532 2781 1786 2836 refertum
1811 2781 2091 2849 scripsisse
2117 2795 2260 2832 anno

655 2851 827 2909 ferme
855 2854 1054 2909 Christi
1083 2851 1213 2918 298,
1247 2853 1408 2910 Urbis
1433 2851 1663 2907 condita:
1710 2853 1870 2918 1050,
1903 2852 1984 2904 vel
2030 2860 2260 2904 exeunte

660 2925 820 2989 10t9,
854 2940 997 2980 coss.
1040 2923 1362 2979 Maximiano
1392 2935 1440 2978 et
1471 2922 1746 2980 Gordiano
1766 2966 1779 2984 .
1815 2934 1874 2977 ut
1903 2923 2154 2978 observat
2181 2921 2262 2974 vir

659 2995 1003 3052 doctissimus
1027 2995 1263 3050 Joannes
1295 2995 1575 3049 Meursius.
1611 2995 1854 3048 Emesa.

733 3066 898 3137 Nulla
917 3069 1148 3137 protinus
1170 3067 1351 3120 vilitas.
1374 3065 1721 3133 Oudendorp.
1741 3067 1806 3118 ad
1823 3064 2053 3137 Apttleii.
2071 3063 2255 3123 Met.v,

658 3151 714 3206 p.
745 3136 884 3202 διες
914 3135 1010 3208 pro
1040 3140 1274 3206 protinus
1300 3137 1500 3192 mavult
1537 3151 1746 3208 prorsus
1776 3151 1794 3189 :
1820 3135 1914 3189 sed
1951 3135 2114 3208 nolim
2134 3151 2260 3208 _mu-

658 3205 776 3261 tare
817 3205 1066 3273 protinus,
1119 3209 1157 3264 i.
1199 3227 1250 3262 e.
1293 3224 1432 3272 mox,
1482 3222 1638 3277 parva
1676 3206 2076 3277 intercapedine.
2123 3205 2262 3276 Opp.

659 3279 916 3333 continua:
937 3279 1250 3333 sterilitates.
1283 3278 1488 3334 ORELL.

740 3348 868 3402 Sine
895 3349 1034 3411 ullis,
1063 3359 1119 3402 ut
1140 3351 1348 3414 dicitur,
1381 3350 1551 3420 feriis.
1577 3347 1628 3420 Id
1658 3359 1741 3403 est
1771 3365 1784 3400 :
1817 3349 1934 3403 sine
1963 3348 2068 3401 ulla
2098 3347 2266 3403 bono-

666 3435 784 3474 rum
825 3420 1246 3476 intermixtione.
1295 3419 1500 3475 Idcirco
1531 3419 1686 3474 Philo
1733 3420 1825 3482 ait,
1879 3421 2043 3474 Deum
2091 3420 2264 3472 solum

663 3506 795 3546 vere
825 3492 1002 3547 feriari
1022 3532 1036 3557 ,
1081 3492 1202 3556 quia
1231 3493 1382 3547 solus
1405 3506 1538 3545 vero
1575 3489 1770 3560 gaudio
1799 3490 2026 3555 fruitur,
2057 3501 2103 3560 et
2124 3505 2267 3560 pace

665 3563 897 3628 sincera,
928 3577 1027 3616 nec
1080 3564 1188 3618 ullo
1233 3562 1356 3617 helli
1401 3559 1690 3616 simulacro
1736 3561 2056 3628 interrupta.
2090 3559 2262 3615 Verba

665 3633 782 3698 ejus
836 3644 960 3687 sunt
1013 3633 1064 3687 in
1115 3635 1517 3688 Commentario
1561 3634 1628 3685 de
1680 3630 1809 3685 Cain
1843 3650 1856 3684 :
1886 3634 2040 3692 Μόνος
2081 3632 2106 3686 ὁ
2145 3634 2267 3692 Θεὸς

667 3703 905 3780 ἁψενδῷς·
925 3706 1175 3780 ἑορτάζει.
1206 3709 1294 3760 καὶ
1317 3707 1417 3779 γὰρ
1440 3705 1771 3780 powers/136st,
1798 3707 1882 3780 nati.
1908 3705 2059 3775 μόνος
2092 3706 2269 3780 χᾳίρει

666 3779 749 3828 καὶ
799 3776 945 3850 pauo;
981 3775 1334 3850 ἐὐφραίνετριιέ
1513 3777 1649 3847 μόνῳ
1697 3780 1786 3834 τήν
1838 3776 1994 3848 ἀμιγῆ
2045 3775 2266 3845 πολέμου

672 3797 749 3828 και
861 3798 945 3837 νος
989 3797 1332 3850 ενφραινεται,
1386 3797 1465 3829 και
1513 3798 1649 3847 μονῳ

672 3797 996 3922 συμεξέϐηκεν
1019 3852 1213 3922 ξερήγδην
1235 3844 1395 3922 ἄγειν.Δ
1413 3846 1653 3922 illati/iw.

793 3917 883 3971 IV.
915 3947 988 3958 ——
1017 3915 1230 3971 l'fvictis
1268 3915 1496 3971 hostibus
1541 3915 1938 3970 innumerabiles
1980 3932 2085 3970 esse
2112 3915 2268 3969 victo-

667 3987 775 4041 rias
801 3997 1105 4057 reportatus.
1125 3987 1503 4058 Canncgietcr.
1534 3988 1635 4057 leg.
1663 3998 1847 4041 censet
1868 3988 1930 4040 de
1945 3987 2110 4058 virtis,
2131 3986 2268 4051 quod

671 4058 872 4182 aliquid
922 4059 1153 4129 amplius
1191 4069 1276 4114 est
1319 4057 1479 4129 quam
1522 4060 1689 4123 victis,
1744 4073 1938 4128 nempe
1983 4057 2267 4113 debellatis.

724 4145 879 4182 nens.

724 4145 879 4184 BELL.

746 4200 1108 4271 Saepenumero
1160 4203 1412 4255 maximos
1477 4216 1699 4254 annona!
1757 4200 1916 4268 fuisse
1977 4209 2274 4269 proventus:

673 4271 822 4326 Hauc
870 4272 1153 4326 lectionem
1198 4289 1226 4325 e
1264 4273 1386 4326 cod.
1427 4287 1526 4326 ms.
1559 4273 1765 4340 primus
1795 4271 2031 4324 restituit
2064 4273 2271 4328 Stewe-

673 4343 849 4396 chius.
909 4343 1084 4397 Editio
1130 4342 1372 4397 Romana
1420 4353 1474 4398 et
1518 4344 1638 4412 alia:
1695 4345 1836 4396 illam
1883 4351 2103 4408 secutm,
2138 4358 2188 4393 ν.
2219 4357 2266 4395 c.

674 4413 984 4467 Oberthurii
1004 4455 1019 4477 ,
1053 4413 1246 4468 habent
1289 4423 1556 4482 proventus
1583 4428 1838 4468 annorum
1865 4454 1876 4470 .
1905 4413 2048 4481 quod
2081 4415 2266 4467 delen-

674 4483 749 4537 dit
773 4482 833 4536 N.
862 4483 1044 4538 Heins.
1073 4483 1137 4538 ad
1162 4484 1332 4538 Tacit.
1360 4484 1494 4537 Dial.
1522 4483 1589 4538 de
1614 4485 1867 4551 Corrupt.
1891 4483 2072 4553 Eloq..
2097 4501 2145 4538 c.
2175 4486 2261 4548 19,

678 4569 727 4615 p.
753 4554 876 4618 945,
903 4555 988 4610 ed.
1013 4555 1280 4618 0bcrlin..
1301 4564 1356 4608 et
1384 4555 1696 4617 Adversum,
1727 4570 1804 4614 ιιι,
1831 4556 1884 4620 5,
1917 4573 1966 4622 p.
1992 4555 2119 4619 925.
2147 4557 2264 4609 l0ro

677 4623 834 4679 Plinii
866 4625 1002 4681 Hist.
1034 4625 1155 4681 Nat.
1183 4668 1196 4686 .
1241 4627 1332 4680 lib.
1365 4641 1436 4679 XII
1461 4668 1473 4686 .
1508 4641 1626 4694 cap.
1666 4627 1690 4680 1
1728 4643 1740 4677 :
1773 4624 1851 4678 Ea:
1893 4627 2160 4679 arboribus
2187 4642 2266 4679 re—

674 4712 854 4749 creans
884 4698 1104 4751 membra
1129 4698 1228 4751 olei
1257 4698 1441 4763 liquor.
1472 4699 1700 4767 viresque
1731 4708 1878 4766 potus
1907 4699 2045 4759 vini;
2073 4708 2141 4750 tot
2174 4699 2266 4751 de-

675 4769 827 4834 nique
849 4785 1059 4834 sapores
1099 4771 1222 4820 anni
1248 4777 1425 4837 sponte
1452 4769 1702 4822 venientes
1735 4782 1830 4834 pro
1863 4768 2262 4836 provettiontes.

675 4837 783 4893 Sed
812 4839 974 4894 nolim
999 4839 1291 4910 quidquam
1325 4849 1534 4895 mutare
1563 4851 1749 4893 contra
1780 4840 1902 4965 (ξοιὸ
1935 4857 2036 4892 ms.
2082 4840 2264 4895 lidetn.

1907 4927 2059 4964 RELL.

1907 4927 2059 4964 ΒΕΖΗ..

751 4979 819 5034 Et
843 4983 1144 5036 commercia
1183 4991 1440 5047 stuperent
1483 4982 1748 5046 universa,
1791 4985 2270 5049 pretiornmauctoo

679 5053 832 5105 ritate
881 5062 1155 5119 prostrata.
1202 5052 1346 5107 Nihil
1379 5063 1588 5122 poterat
1631 5052 1737 5106 dici
1770 5054 2099 5118 eXpreSsias.
2145 5053 2271 5108 Stu-

679 5139 798 5190 pere
825 5123 984 5190 igitur
1009 5125 1332 5178 commercia
1361 5123 1635 5187 dicuntur,
1665 5125 1699 5176 i.
1725 5139 1772 5177 e.
1801 5132 2018 5185 stupore
2037 5124 2268 5190 quodam

678 5206 728 5248 et
767 5204 983 5262 torpore
1023 5195 1242 5250 obsessa
1279 5206 1424 5247 stare
1451 5235 1466 5258 ,
1499 5193 1768 5262 quomodo
1800 5194 2058 5249 λιοοῦσθαι
2097 5194 2271 5249 Graeci

679 5266 864 5334 dicunt
888 5281 1004 5330 eos,
1037 5268 1126 5334 qui
1155 5275 1376 5334 stupore
1398 5267 1580 5333 aliquo
1604 5265 1830 5329 perculsi
1862 5275 2002 5318 stant
2025 5267 2259 5320 attoniti.

683 5333 836 5390 Unde
867 5347 987 5388 nata
1018 5336 1086 5389 de
1115 5335 1324 5403 Gorgns
1353 5338 1527 5404 capite
1556 5336 1747 5390 fabula.
1786 5335 2026 5390 Henna.

756 5406 1196 5470 Quemadmodum
1221 5407 1356 5460 enim
1395 5423 1474 5460 res
1507 5407 1628 5476 agi,
1665 5416 1710 5462 et
1739 5424 1892 5476 usque
1919 5409 1988 5460 ad
2018 5409 2112 5461 ltoc
2150 5418 2275 5462 tem-

682 5493 777 5545 pus
821 5494 981 5546 genus
1021 5477 1108 5546 qui
1137 5479 1324 5530 durare
1367 5480 1659 5533 mortalium
1732 5477 1883 5531 Fulv.
1930 5478 2157 5534 Ursinus
2198 5479 2274 5533 le-

680 5546 838 5620 gend.
889 5559 1074 5602 censet
1103 5550 1268 5619 quiret
1301 5551 1519 5616 durare,
1557 5548 1850 5620 quodcum
1885 5549 2276 5620 Cannegietero

683 5619 913 5692 praefero
938 5661 952 5686 ,
984 5622 1147 5674 inuno
1179 5622 1332 5675 unice
1365 5635 1550 5674 verum
1586 5631 1731 5692 puto.
1765 5619 1896 5692 Nam
1927 5619 2123 5686 potest.
2157 5638 2276 5692 pos-

681 5689 828 5762 sibile
855 5700 930 5744 est
959 5707 1246 5762 numquam
1277 5707 1372 5762 per
1393 5692 1606 5762 ellipsin
1637 5690 1982 5755 subauditur,
2009 5693 2109 5746 nisi
2139 5689 2272 5762 pra:-

683 5761 908 5836 cedenl‘e
945 5777 1037 5826 ne,
1069 5761 1119 5836 γᾷ
1153 5779 1202 5816 c.
1234 5761 1387 5836 Mene
1413 5761 1611 5836 incepto
1636 5762 1875 5836 desistere
1912 5762 2092 5836 victam
2122 5761 2273 5836 (scil.

682 5831 939 5900 possibile
976 5832 1133 5905 est),
1162 5833 1249 5892 vel
1297 5834 1461 5893 etiam
1499 5835 1554 5892 itt
1599 5833 1768 5892 altero
1811 5835 2084 5905 membro,
2130 5831 2178 5895 si
2219 5834 2276 5896 in

2286 3105 2333 3164 C

2357 2353 2520 2422 priori
2564 2353 2706 2408 aliud
2748 2363 2906 2423 potest
2952 2355 3307 2420 praecesserit.
3351 2355 3462 2410 Dici
3497 2353 3676 2424 itaque
3729 2367 3835 2408 non
3864 2366 3960 2424 po-

2358 2435 2461 2479 test
2491 2425 2734 2498 absolute
2765 2443 2776 2478 :
2806 2428 2893 2490 qui
2937 2430 3104 2498 facere
3128 2427 3156 2498 ξ)
3212 2427 3299 2496 qui
3352 2427 3514 2498 ﬁeri?
3560 2427 3678 2480 scil.
3734 2436 3950 2498 potest,

2361 2497 2615 2564 possibile
2656 2506 2757 2550 est.
2797 2499 2998 2552 OneLL.
3031 2497 3266 2552 —Bona
3310 2508 3392 2552 est
3435 2497 3612 2552 Ursini
3643 2497 3956 2550 emendatio

2360 2568 2524 2640 quiret
2554 2569 2760 2621 durare.
2791 2569 2893 2622 Srd
2926 2585 3044 2634 qua-
3075 2570 3140 2622 de
3169 2567 3352 2640 ΕΙΙὶρεί
3384 2578 3584 2640 potest,
3617 2567 3857 2635 possibile
3883 2577 3956 2620 est

2361 2639 2522 2691 allata
2551 2651 2694 2700 sunt,
2731 2641 3137 2708 parmnjnvant.
3169 2638 3400 2694 Omnino
3426 2639 3711 2708 multiplex
3743 2648 3829 2691 est
3857 2653 3952 2705 pro

2362 2712 2646 2762 sententia:
2705 2709 2965 2779 cujusque
3009 2711 3318 2764 diversitate
3356 2710 3620 2779 eju~modi
3662 2709 3954 2763 acetisativi

2364 2794 2484 2832 cum
2519 2781 2782 2833 inlinitivo
2810 2783 3067 2836 orationis
3107 2783 3583 2848 eomplementum.
3630 2781 3954 2849 Plerumque

2363 2851 2612 2904 allectum
2640 2852 2880 2921 designat
2908 2865 2999 2906 aut
3024 2852 3339 2907 admirantis
3377 2865 3468 2906 aut
3500 2852 3832 2921 indignantis
3859 2856 3956 2904 do-

2366 2922 2592 2976 lontisve
2627 2940 2639 2977 :
2673 2923 2740 2977 ita
2775 2933 2828 2976 nt
2855 2925 2977 2978 illud
3004 2934 3183 2992 potest.
3205 2925 3442 2993 possibile
3466 2935 3538 2977 est
3571 2924 3732 2977 nimis
3760 2938 3952 2992 vagum

2363 3002 2420 3046 et
2464 2993 2724 3047 incvrtum
2775 2995 2862 3048 sit.
2913 2995 3044 3049 Nam
3085 2996 3148 3048 ad
3190 3011 3373 3049 vocem
3401 2995 3630 3050 lunonis
3673 2993 3827 3046 Mene
3877 2997 3957 3046 in-

2366 3074 2509 3132 cepto
2537 3065 2773 3118 desistere
2804 3067 2981 3118 victam
3008 3068 3030 3118 ?
3059 3067 3400 3135 cogi'andutn
3428 3076 3510 3120 est
3545 3084 3557 3119 :
3588 3082 3748 3132 quam
3793 3079 3955 3133 grate

2367 3146 2450 3189 est
2481 3147 2528 3190 et
2568 3137 2840 3204 indignum
2866 3137 3142 3205 majestate
3170 3148 3371 3197 nostra.
3404 3149 3458 3191 nt
3485 3137 3681 3191 clarius
3702 3145 3956 3190 cernatur

2369 3208 2504 3260 ratio
2532 3207 2754 3273 adjectw
2790 3207 3063 3274 particula:
3092 3225 3172 3270 ne,
3205 3225 3323 3278 qum
3353 3209 3533 3278 utique
3563 3223 3629 3263 ex
3663 3222 3952 3275 suppressa

2369 3278 2596 3345 quadam
2629 3278 3043 3346 itttet'rogatimte
3071 3277 3235 3333 alteri
3254 3277 3494 3333 tuentbro
3518 3281 3571 3333 in
3599 3278 3743 3332 illene
3773 3277 3958 3330 adhae-

2370 3350 2438 3402 sit
2471 3366 2482 3401 :
2519 3347 2870 3400 Ferendumne
2889 3351 2954 3402 sit
2983 3366 3060 3402 me
3087 3351 3325 3404 desistere
3343 3363 3446 3404 etc.
3477 3351 3530 3404 In
3561 3350 3755 3404 talibus
3779 3356 3956 3401 autem

2371 3420 2634 3480 formulis.
2666 3421 2716 3473 iu
2743 3421 2933 3486 quibus
2953 3420 3176 3474 affet-tus
3203 3422 3464 3475 dominari
3493 3424 3653 3486 solet,
3683 3437 3788 3473 tton
3812 3431 3957 3473 certa

2372 3492 2701 3559 singularum
2734 3505 2922 3544 vocum
2955 3495 3088 3546 ratio
3115 3493 3374 3561 exigitur,
3409 3495 3630 3562 ipsaque
3659 3496 3959 3559 interroga—

2374 3562 2468 3621 lio,
2488 3571 2776 3628 utrumque
2793 3563 3121 3632 accipienda,
3152 3565 3406 3619 conttnoti
3431 3565 3594 3618 animi
3617 3564 3828 3628 signum
3854 3571 3954 3615 est.

2371 3633 2554 3700 Neque
2595 3649 2721 3704 vero
2771 3635 2885 3686 sine
2931 3635 3348 3704 interrogatione
3402 3651 3505 3688 non
3555 3633 3732 3688 efferri
3792 3632 3962 3700 pos~it

2372 3703 2672 3777 istiusmodi
2703 3707 2969 3777 sent_entia
2995 3721 3009 3767 ;
3041 3703 3151 3777 quo
3169 3707 3345 3759 minus
3375 3706 3650 3777 probabile
3681 3705 3735 3757 lit
3756 3745 3771 3766 ,
3816 3705 3958 3777 quod

2375 3776 2678 3843 prmcipitur
2709 3792 2721 3828 :
2758 3797 2773 3825 ι
2809 3775 2990 3829 Talem
3041 3776 3269 3843 Ellipsin
3300 3775 3588 3844 ttttmqnam
3634 3791 3755 3830 esse
3782 3817 3796 3836 ,
3859 3775 3962 3828 nisi

2373 3848 2709 3916 praecedente
2736 3862 2812 3901 ne.
2855 3867 2872 3898 ›
2910 3846 3041 3902 Vide
3073 3848 3200 3900 milti
3246 3849 3419 3903 locum
3452 3847 3585 3902 Livii
3628 3863 3720 3912 nt,
3748 3845 3842 3910 67,
3873 3846 3963 3898 ubi

2372 3919 2571 3970 Consul
2630 3917 2859 3984 Quintus
2905 3917 3092 3986 plenus
3140 3919 3344 3973 doloris
3387 3929 3440 3973 et
3487 3918 3868 3987 indignationis
3913 3917 3966 3968 in

2375 3989 2517 4042 hunc
2540 3990 2753 4041 tnodntn
2785 3991 3063 4042 ordinatur
3094 4007 3104 4042 :
3142 3989 3254 4044 Hoc
3274 4004 3356 4044 ros
3386 3992 3514 4045 scire
3539 4032 3553 4051 ,
3612 3993 3708 4042 hoc
3748 3990 3968 4057 posteris

2374 4061 2630 4112 memoria’
2655 4061 2896 4113 traditum
2922 4060 3022 4112 iri!
3048 4062 3163 4115 scil.
3197 4077 3351 4129 quam
3383 4062 3799 4125 ignominiosum
3828 4057 3967 4112 mihi

2375 4131 2584 4185 consuli
2627 4131 2741 4184 est!
2779 4129 2985 4184 Nullam
3019 4147 3149 4185 sane
3191 4133 3340 4186 vides
3385 4130 3750 4200 interrogandi
3795 4131 3969 4200 parti-

2376 4202 2550 4255 culam
2578 4244 2592 4265 ,
2622 4217 2943 4270 quamquam
2977 4219 3038 4254 ne
3076 4203 3298 4271 intelligi
3339 4205 3503 4270 possit
3531 4203 3595 4256 ad
3627 4218 3715 4255 ros
3747 4219 3760 4252 :
3803 4202 3973 4254 Vosne

2377 4273 2472 4325 ltoc
2498 4274 2625 4326 scire
2652 4282 2756 4325 etc.
2789 4272 2892 4326 Sed
2919 4288 3109 4326 vanum
3137 4289 3255 4327 esse
3285 4286 3649 4330 commentum
3680 4273 3748 4327 de
3779 4285 3974 4325 ncces-

2376 4345 2536 4398 silate
2575 4343 2888 4410 adjicienda:
2940 4346 3213 4410 particula}
3251 4362 3330 4410 ne,
3360 4345 3673 4400 Graecorum
3716 4343 3973 4410 esetnpla

2380 4417 2549 4482 magis
2577 4417 2844 4468 evinettut.
2895 4414 3101 4468 Clamat
3131 4416 3470 4477 Strt-psiatles
3504 4417 3555 4468 in
3586 4414 3973 4479 Aristolthnnis

2292 4498 2344 4557 D
2369 4487 2570 4558 Ntlltl_t.,
2594 4500 2677 4558 VS.
2713 4484 2818 4558 ?b7
2848 4503 2858 4536 :
2888 4488 2952 4540 Τὸ
2978 4483 3043 4558 νδέ
3075 4493 3142 4558 μή
3170 4489 3343 4544 κυνέην
3368 4485 3552 4540 οἴιοθεν
3574 4489 3751 4558 ἐλθεῖν.
3775 4487 3859 4557 ἐμὲ
3887 4488 3975 4540 τὸν

2369 4555 2680 4633 κακοδαίςωΞ
2703 4553 2911 4633 ἔχοντα,
2933 4557 3022 4610 ulti
3055 4553 3257 4633 Scitolg
3290 4560 3360 4612 Οὐ
3392 4559 3559 4633 μωρὸν
3595 4553 3838 4616 δηλονότι.
3876 4561 3972 4611 οὐκ

2372 4625 2596 4685 ἀνόητοί.
2635 4625 2933 4699 Xenophon
2986 4628 3264 4697 (“.yropznd.
3308 4625 3627 4699 11.12116;
3670 4632 3883 4699 τύχης,
3916 4633 3974 4682 τὸ

2374 4703 2459 4772 ἐμὲ
2475 4706 2566 4773 *νῦν
2586 4699 2818 4773 κληθέντα
2843 4697 2993 4773 δεῦρο
3021 4708 3232 4770 τυχεῖν,
3263 4700 3384 4754 scil.
3415 4702 3500 4754 οὐκ
3525 4697 3695 4755 ἄθλιόν
3719 4697 3851 4765 ἐίσίτι,
3887 4701 3972 4754 vel

2377 4769 2444 4832 ὧς
2469 4769 2677 4825 δυνατὸν
2709 4772 2834 4824 ἐστι.
2861 4769 3136 4824 OCIISNER.

2448 4841 2539 4895 XV
2605 4869 2676 4880 ——
2711 4841 2773 4893 Et
2820 4843 3049 4893 relaxata
3099 4851 3214 4895 sttnt
3263 4842 3609 4896 abundantiis.
3659 4843 3974 4897 Observan-

2374 4913 2475 4966 dus
2524 4911 2610 4965 hic
2663 4925 2790 4964 usus
2832 4913 3106 4981 particula:
3159 4923 3212 4966 et
3255 4929 3402 4968 ntere
3442 4913 3813 4967 :tdvcrsativus
3876 4931 3969 4983 pro

2374 4995 2465 5048 αι,
2494 4983 2561 5036 de
2588 4998 2694 5051 quo
2717 4983 2924 5036 dubitat
2951 4983 3009 5037 P.
3042 4983 3337 5040 Burmann.
3357 5027 3370 5050 ,
3399 4984 3462 5038 ad
3495 4983 3650 5039 Ovid.
3691 4986 3814 5040 Met.
3843 5027 3860 5052 ,
3894 5001 3962 5051 tv,

2375 5070 2457 5109 vs.
2495 5054 2618 5108 615.
2655 5052 2856 5106 Οιιειι..

2454 5125 2517 5178 Et
2544 5125 2764 5196 victoriis
2793 5127 3109 5191 postmodum
3136 5127 3549 5196 successibusque
3573 5138 3824 5182 correcta.
3850 5127 3960 5182 Jul.

2378 5196 2594 5251 Firtnic.
2643 5195 2863 5248 lllzttltcs.
2895 5238 2908 5259 ,
2938 5195 3029 5250 lib.
3064 5212 3113 5250 tv
3140 5240 3151 5254 .
3181 5213 3229 5250 c.
3267 5199 3349 5251 H.
3381 5195 3532 5252 Tunc
3564 5199 3708 5251 enim
3741 5199 3970 5252 infortu-

2377 5271 2462 5322 ltia
2490 5282 2786 5336 gravesque
2826 5282 2983 5320 t-asus
3027 5269 3296 5334 prosperis
3335 5285 3513 5324 rerum
3547 5270 3758 5324 actibus
3800 5270 3971 5324 corri-

2376 5349 2587 5413 guntur
2613 5337 2942 5413 διορθοᾷνῖαιο
3033 5337 3274 5413 Ηειιλιυί.

2454 5409 2588 5482 Irati
2610 5421 2654 5462 et
2682 5409 2922 5482 difﬁciles
2945 5426 3042 5482 non
3065 5422 3202 5461 sunt.
3227 5412 3424 5482 contra
3459 5411 3637 5476 [ariles
3660 5422 3704 5464 et
3738 5413 3964 5482 propitii.

2379 5479 2633 5534 Dilliciles
2680 5481 2930 5534 dicuntur
2973 5479 3214 5536 δύσκολοι
3235 5521 3250 5546 ,
3282 5481 3546 5550 δυο-ἔριδες
3569 5526 3582 5546 ,
3635 5479 3864 5550 quorum
3897 5493 3976 5535 est

2379 5552 2666 5604 delicatum
2701 5551 2990 5604 iracundia:
3035 5539 3313 5617 genusput
3351 5539 3424 5607 aii
3467 5539 3697 5619 Seneca,
3731 5555 3974 5608 homines

2380 5624 2468 5690 qui
2495 5623 2558 5675 ad
2587 5623 2814 5676 aliorum
2846 5637 3144 5675 ntoreSnon
3164 5624 3316 5676 facile
3336 5640 3393 5678 se
3411 5628 3849 5680 accommodant.
3875 5625 3968 5679 sed

2381 5694 2560 5746 Statim
2593 5694 2910 5757 irascuntur,
2943 5694 2985 5746 si
3015 5694 3142 5762 quid
3173 5695 3407 5764 ingenio.
3437 5699 3550 5750 sive
3578 5699 3756 5764 potius
3787 5698 3978 5748 morbo

2380 5778 2478 5842 suo
2501 5765 2676 5842 minus
2701 5765 2989 5842 Coltclttfl‘c
3011 5765 3241 5842 videtur,
3265 5783 3400 5842 quos
3421 5767 3623 5824 idcirco
3645 5767 3980 5842 δυστρόπους

2381 5837 2542 5894 etiam
2574 5835 2849 5908 eleganter
2877 5835 3053 5895 Graeci
3074 5835 3293 5896 dicunt.
3315 5839 3558 5898 llensw.
