4230 6266
312 304 427 361 7'57

1703 304 1908 367 LIBER
1949 307 2226 370 PRIMUS.

3515 311 3618 372 738

313 416 485 473 dicris
505 457 521 484 ,
551 423 610 472 et
638 423 877 488 ponant,
911 423 966 473 et
1007 426 1259 488 repetant
1303 419 1412 477 iras
1439 437 1451 476 :
1483 431 1535 478 et
1565 424 1614 479 in
1644 425 1910 498 integrum
1945 447 1989 504 Α
2019 430 2193 484 cuncti
2223 429 2354 484 nihil
2376 428 2480 484 lacti
2509 426 2708 484 habere
2735 427 3058 495 debuerunt,
3082 428 3126 484 si
3155 427 3420 485 malorum
3444 443 3612 485 causa

316 527 383 566 se
413 526 631 578 semper
654 508 1012 565 oliensionttm
1037 513 1412 569 recordatione
1443 518 1749 574 restituant.

397 600 536 656 XVI.
577 601 914 671 Quamquam
947 603 1087 658 istud
1121 606 1261 674 quod
1290 606 1506 672 dicitur,
1540 612 1696 680 quale
1721 613 1790 666 sit
1822 629 1918 668 cx-

327 701 566 772 plicabili
614 718 721 756 non
773 712 951 772 potest
995 707 1486 776 comprehensione
1534 708 1806 779 cognosci.
1861 706 1918 761 Si

319 795 688 862 Alamannos,
726 794 917 852 Persas
945 797 1145 852 idcirco
1173 801 1457 855 voluerunt
1497 800 1742 863 devinci,
1777 798 1916 868 quod

319 887 628 942 habitarent
651 895 706 942 et
731 888 992 959 degerent
1024 891 1075 945 in
1104 907 1291 946 eorum
1324 893 1576 962 gentibus
1605 892 1913 955 christiani,

320 978 777 1049 quemadmodum
833 980 1090 1036 Romanis
1146 983 1385 1039 tribuere
1436 985 1746 1049 victoriam,
1796 998 1917 1038 cum

323 1071 632 1126 habitarent
677 1080 732 1127 et
775 1073 1034 1143 degerent
1078 1076 1130 1130 in
1175 1091 1364 1131 eorum
1408 1093 1622 1148 quoque
1667 1077 1920 1147 gentibus

322 1164 650 1220 chrisuani?
693 1164 751 1220 Si
778 1166 828 1220 in
860 1166 1008 1231 Asia,
1042 1167 1221 1240 Syria,
1258 1169 1464 1225 idcirco
1497 1186 1711 1234 mures,
1759 1180 1812 1224 et
1840 1169 1922 1222 lo-

322 1265 508 1310 custas
531 1255 884 1313 eifervescere
916 1258 1284 1330 prodigialiter
1309 1263 1631 1328 voluerunt,
1663 1262 1804 1332 quod
1835 1276 1922 1316 ra-

323 1347 478 1403 tione
519 1349 784 1404 consimili
829 1350 1132 1406 habitarent
1164 1354 1215 1406 in
1249 1369 1437 1409 eorum
1478 1355 1729 1424 gentibus
1769 1354 1909 1408 chri-

322 1444 482 1498 stiani
516 1463 530 1500 :
555 1445 606 1500 in
639 1445 891 1516 Hispania
914 1489 930 1513 ,
959 1446 1129 1502 Gallia
1156 1490 1171 1513 ,
1197 1463 1295 1502 cur
1327 1451 1517 1504 eodem
1541 1459 1785 1519 tempore
1811 1448 1911 1503 ho-

323 1552 446 1591 rum
478 1535 608 1592 nihil
651 1547 834 1592 natum
867 1547 985 1606 est,
1019 1555 1142 1594 cum
1175 1540 1443 1597 innumeri
1471 1545 1714 1598 viverent
1752 1544 1802 1596 in
1839 1542 1922 1598 his

324 1646 541 1701 quoque
568 1631 861 1701 provinciis
890 1632 1208 1688 christiani?
1245 1635 1299 1690 Si
1331 1635 1468 1704 apud
1501 1635 1758 1699 Getulos,
1792 1634 1924 1689 Tin-

323 1723 570 1794 guitanos
600 1723 758 1794 hujus
787 1725 864 1780 rei
896 1740 1054 1779 causa
1085 1727 1386 1783 siccitatem
1414 1730 1546 1783 satis
1585 1727 1919 1783 ariditatcm-

2025 534 2125 574 nos
2167 535 2348 573 sumus
2379 536 2392 572 :
2426 519 2732 573 nationibus
2757 520 2902 574 enim
2931 535 3120 575 sumus
3161 522 3212 574 in
3255 522 3462 576 cunctis
3487 541 3499 576 :
3527 530 3623 578 aut

2024 627 2146 667 cum
2185 613 2345 665 mixta
2379 613 2605 668 videatis
2644 628 2766 667 curn
2803 614 3160 668 incommodis
3205 615 3358 681 Irata,
3391 616 3623 672 desinite

2025 705 2180 758 nobis
2218 705 2490 760 ascribere
2539 705 2589 759 id
2632 706 2773 776 quod
2809 705 3030 762 offendit
3080 724 3168 763 res
3198 719 3444 776 vestras,
3491 725 3616 765 cum

2024 799 2158 851 nihil
2189 799 2325 853 lactis
2361 799 2661 854 oftlciamus
2693 807 2748 854 et
2789 802 3080 870 prosperis.
3131 801 3187 855 Si
3227 801 3371 856 enim
3415 816 3516 872 ego
3559 810 3620 857 ut

2025 891 2166 946 male
2192 891 2260 944 sit
2290 889 2429 945 facio
2453 931 2467 953 ,
2517 905 2612 945 cur
2643 901 2698 944 ut
2739 892 2876 946 bene
2903 892 3006 959 sit,
3041 907 3148 946 non
3186 892 3390 947 obsto?
3431 892 3488 948 Si
3517 934 3529 958 ,
3561 900 3622 948 ut

2026 982 2201 1050 inopia
2249 997 2437 1052 magna
2481 983 2584 1047 sit,
2633 999 2810 1038 meum
2844 999 3040 1040 nomen
3089 985 3140 1039 in
3181 998 3341 1039 causa
3367 993 3451 1039 est
3482 1002 3495 1038 :
3524 999 3622 1041 cur

2027 1075 2158 1129 nihil
2211 1076 2483 1145 impedio,
2530 1085 2586 1130 ut
2625 1077 2694 1129 sit
2736 1075 2988 1132 feracitas
3031 1077 3305 1132 maxima?
3349 1077 3449 1144 Si,
3481 1086 3540 1132 ut
3567 1077 3620 1132 in

2024 1169 2180 1223 bellis
2211 1168 2502 1238 accipiatur
2532 1169 2757 1234 vulnus,
2789 1185 2888 1238 ego
2916 1169 3068 1226 dicor
3089 1169 3284 1224 alierre
3324 1168 3618 1237 fortunam,

2026 1277 2123 1317 cur
2143 1263 2349 1318 duelles
2380 1279 2502 1317 cum
2533 1274 2779 1332 pereunt,
2807 1264 3000 1317 ItBVIlm
3023 1265 3306 1334 augurium
3339 1279 3446 1318 non
3475 1279 3621 1332 sum,

2028 1372 2127 1411 nec
2155 1357 2413 1412 adversus
2460 1372 2583 1426 spes
2626 1359 2796 1413 bonas
2828 1367 2852 1394 τι
2885 1359 3010 1413 mali
3042 1358 3238 1413 ominis
3267 1358 3622 1414 obscenitate
3696 1377 3706 1386 ’

2028 1448 2318 1503 traducor?

2101 1540 2263 1596 XVII.
2298 1542 2364 1597 Et
2390 1551 2588 1610 tamen,
2623 1559 2656 1597 ο
2687 1543 2864 1613 magni
2904 1543 3141 1598 cultores
3167 1553 3328 1613 atque
3357 1542 3626 1600 antistites

2028 1637 2307 1690 numinum
2334 1679 2349 1704 ,
2379 1653 2477 1692 cur
2503 1649 2558 1690 ut
2585 1637 2741 1692 irasci
2771 1637 2983 1706 populis
3012 1636 3324 1692 cbristianis
3347 1638 3624 1708 angustis-

2027 1730 2195 1784 simos
2218 1730 2338 1784 illos
2368 1731 2690 1785 asseveratis
2725 1729 2890 1794 deos,
2924 1729 2996 1784 ita
3026 1745 3131 1784 non
3161 1729 3477 1795 advertitis,
3516 1745 3624 1786 non

321 1835 428 1889 que
456 1820 738 1885 miserunt,
769 1835 835 1875 eo
856 1834 998 1876 anno
1026 1837 1122 1876 cur
1145 1838 1352 1878 messes
1379 1824 1746 1894 amplissimas
1771 1823 1920 1879 Mau-
1951 1860 1999 1919 Β
2029 1821 2254 1886 videtis,
2290 1820 2514 1877 aﬂ‘ectus
2542 1837 2702 1892 quam
2743 1831 2927 1891 turpes
2952 1863 2967 1886 ,
2999 1837 3159 1892 quam
3204 1823 3487 1878 indecoras
3521 1838 3620 1876 nu-

324 1916 399 1965 ris
433 1910 870 1982 Nomadibusque
895 1913 1221 1979 tribuerunt,
1246 1932 1368 1970 cum
1399 1917 1589 1987 religio
1617 1918 1807 1972 similis
1837 1917 1922 1973 his

321 2018 535 2073 quoque
560 2005 614 2058 in
645 2004 954 2075 regionibus
978 2016 1286 2063 verteretur
1311 2007 1334 2060 ?
1360 2009 1416 2064 Si
1451 2011 1501 2062 in
1530 2008 1755 2064 civitate
1787 2026 1920 2065 una-

321 2097 562 2166 qualibet
605 2098 744 2152 tame
792 2099 1054 2169 plurimos
1075 2102 1246 2156 emori
1293 2105 1464 2157 nostri
1509 2104 1743 2158 nominis
1771 2119 1921 2159 aver-

321 2188 476 2244 sione
503 2187 750 2244 fecerunt
775 2232 788 2255 ,
821 2206 917 2246 cur
958 2191 1153 2248 ibidem
1201 2196 1496 2250 annonaria
1541 2196 1766 2251 caritate
1804 2211 1912 2252 non

319 2291 528 2338 tantum
554 2285 801 2354 corporis
832 2301 938 2340 non
965 2286 1155 2352 llOsIl‘I,
1185 2303 1371 2342 verum
1399 2289 1562 2343 etiam
1588 2288 1919 2344 christianos

317 2374 539 2432 ditiores
585 2386 639 2433 et
680 2377 1137 2448 locupletissimos
1180 2379 1568 2435 reddiderunt?
1612 2382 1719 2435 Aut
1761 2381 1922 2452 igitur

2029 1911 2264 1968 minibus
2313 1915 2619 1969 attribuatis
2668 1913 2940 1970 insanias?
2979 1914 3117 1982 Quid
3161 1925 3245 1970 est
3288 1917 3431 1970 enim
3477 1914 3624 1971 aliud

2025 2009 2214 2074 irasci,
2245 2025 2404 2080 quam
2433 2009 2669 2066 insanire
2695 2052 2710 2075 ,
2743 2025 2902 2082 quam
2933 2010 3113 2066 furere
3134 2053 3146 2076 ,
3178 2027 3338 2082 quam
3367 2013 3420 2065 in
3453 2011 3618 2066 ultio-

2024 2100 2109 2155 nis
2147 2101 2428 2157 libidinem
2463 2103 2610 2170 ferri,
2647 2113 2702 2158 et
2732 2104 2784 2158 in
2824 2103 3046 2159 alterius
3075 2103 3280 2159 doloris
3307 2119 3516 2172 cruces,
3547 2103 3630 2160 ef-

2022 2193 2179 2247 ferati
2228 2194 2462 2263 pectoris
2513 2194 2843 2250 alienatione
2884 2195 3176 2250 bacchari?
3219 2195 3330 2251 Hoc
3373 2212 3503 2268 ergo
3551 2197 3628 2254 dii

2025 2285 2205 2357 magni
2235 2296 2456 2353 norunt,
2487 2288 2886 2357 perpetiuntur,
2919 2298 2974 2342 et
3003 2289 3264 2354 sentiunt,
3293 2289 3438 2360 quod
3475 2289 3629 2360 ferte,

2026 2379 2172 2450 quod
2203 2379 2419 2446 bellum,
2447 2380 2590 2451 quod
2621 2381 2914 2438 mortifera:
2952 2383 3230 2438 continent
3265 2393 3534 2440 venenato
3573 2387 3627 2442 in

1548 2520 1924 2578 LECTIONES
1960 2520 2375 2578 VABIANTES.

382 2656 409 2684 "
431 2656 548 2716 Ms,
572 2656 620 2704 in
651 2653 898 2718 adversas,
923 2660 1014 2707 etc.
1050 2653 1212 2718 Fulv.,
1238 2671 1331 2709 nec
1363 2657 1593 2709 adversas
1615 2672 1701 2709 res
1723 2660 1894 2710 bonas.

2003 2655 2124 2717 Alii,
2161 2672 2256 2709 nec
2279 2659 2511 2711 adversas
2549 2674 2666 2725 spes
2703 2661 2858 2712 bonas
2890 2674 2956 2712 tn.
2985 2674 3034 2712 ο.
3057 2661 3381 2713 οῠεεαξῐιιωιθ
3407 2661 3630 2716 traduce.

1675 2767 2234 2826 COMMENTARIUS.

387 2907 457 2962 In
505 2907 756 2976 integrum
787 2921 858 2977 _se
912 2921 1108 2977 semper
1159 2905 1503 2972 offensionum
1556 2907 1910 2962 recordatione

313 2975 624 3038 restituant.
671 2977 743 3031 Ita
774 2975 908 3048 God.
939 2975 1064 3043 ms},
1087 2993 1202 3036 una:
1229 2979 1388 3033 lectio
1428 2993 1594 3048 quare
1621 2979 1910 3034 deferenda

316 3053 422 3115 sit,
455 3066 559 3104 non
594 3047 766 3103 video.
803 3047 958 3102 Fulv.
1005 3049 1229 3103 Ursinus
1261 3051 1358 3120 :Win
1399 3047 1653 3117 integrum
1693 3067 1799 3104 sese
1827 3067 1916 3120 per

318 3121 660 3187 offensionum
683 3120 1107 3184 recordationem,
1135 3128 1241 3174 etc.
1259 3119 1383 3175 Vult
1413 3121 1592 3175 dicere
1623 3122 1914 3184 Arnobius.

315 3196 453 3247 deos
493 3206 615 3245 esse
656 3199 843 3244 natura
895 3192 1059 3244 iratos
1115 3201 1168 3244 et
1214 3191 1500 3257 ditticiles,
1551 3192 1685 3245 adeo
1732 3203 1818 3255 ιιι,
1871 3195 1914 3247 si

317 3263 534 3330 quando
565 3261 814 3329 precibus
843 3261 925 3316 vel
963 3262 1239 3316 sacriﬁciis
1268 3263 1464 3317 fuerint
1494 3264 1739 3329 mitigati.
1785 3280 1910 3317 mox

317 3337 493 3406 prima
536 3333 727 3406 statitn_
765 3331 1124 3406 oII'ensionntn
1163 3335 1542 3406 recordatione
1577 3335 1630 3387 in
1661 3335 1918 3405 integrant

317 3401 372 3466 se
397 3406 686 3464 restituant.
713 3402 768 3456 lt.
803 3418 854 3458 c.
879 3401 947 3457 ad
979 3405 1255 3472 pristinam
1283 3405 1627 3471 iunatamque
1651 3401 1783 3473 ipsis
1811 3407 1918 3459 ira-

318 3477 530 3531 cuntlire
586 3474 820 3528 indolem
866 3484 1224 3531 revertantur.
1281 3477 1387 3531 Pro
1441 3478 1630 3531 vicibus
1679 3478 1914 3531 ludicris.

321 3548 521 3602 Meurs.
541 3546 600 3619 in_
611 3544 836 3619 _Critico_.
855 3545 952 3619 lib:
976 3561 1068 3610 vn,
1088 3561 1210 3616 cap.
1230 3547 1282 3610 9,
1309 3547 1593 3619 legendum
1617 3551 1920 3618 suspicatur

320 3619 549 3672 lubricis.
582 3616 697 3672 Non
727 3616 887 3670 male.
917 3615 1120 3671 Onam“

398 3688 631 3744 XVI.-
659 3687 990 3741 Alamannos.
1042 3688 1388 3758 Intelligenda
1438 3706 1544 3746 non
1586 3699 1731 3745 certa
1779 3691 1913 3746 Ger-

322 3762 518 3816 manize
585 3758 909 3830 genshsed
971 3758 1364 3814 Germanorum
1437 3767 1582 3816 natio
1647 3763 1916 3827 universa,

323 3831 467 3898 quod
525 3831 767 3900 pluribus
813 3831 1044 3884 ostendit
1089 3831 1384 3886 Salinasius
1427 3833 1494 3887 ad
1543 3834 1704 3887 verba
1753 3833 1917 3887 Flavii

328 3903 540 3970 VOpisci
592 3904 644 3955 in
686 3900 915 3954 Proculo
953 3901 1148 3970 Script.
1201 3902 1333 3956 I'Iist.
1377 3904 1602 3966 August.
1635 3945 1648 3963 .
1694 3905 1801 3955 vol.
1859 3920 1918 3966 Il,

321 3991 378 4043 ι).
426 3975 527 4028 761
568 3991 582 4028 :
619 3971 753 4026 Nam
800 3970 1143 4038 Alamannos,
1189 3974 1274 4043 qui
1310 3985 1426 4028 tunc
1457 3975 1626 4027 adhuc
1677 3973 1920 4027 Germani

321 4045 624 4099 dicebantur
649 4085 664 4108 ,
705 4059 804 4097 non
845 4045 952 4096 sine
985 4045 1163 4113 gloria:
1189 4045 1462 4111 splendore
1499 4046 1733 4099 contrivit
1760 4086 1774 4108 ,
1819 4045 1919 4099 do-

322 4133 456 4172 cens
485 4116 847 4176 Alamannos,
900 4126 1114 4185 gentem
1141 4114 1448 4170 Germania:
1487 4116 1800 4185 populosam
1825 4158 1838 4180 ,
1868 4126 1923 4169 et

323 4191 407 4255 (ut
435 4187 624 4241 scribit
654 4183 1136 4256 AureliusVictor)
1167 4201 1232 4240 ex
1255 4202 1394 4253 equo
1424 4183 1651 4241 mirifice
1682 4203 1922 4255 pugnan-

326 4270 434 4313 tem
473 4258 654 4326 (quos
696 4272 818 4310 cum
856 4255 1142 4310 devicisset
1185 4272 1351 4322 prope
1401 4259 1633 4313 Moenum
1676 4259 1925 4311 (laracal-

325 4333 409 4384 lus
429 4371 443 4390 .
475 4328 805 4384 Alamannici
835 4342 1131 4398 eognonten
1161 4335 1579 4398 assutnpserat),
1616 4339 1798 4398 postea
1829 4329 1922 4383 toti

325 4401 632 4456 Germania:
675 4414 866 4452 nomen
898 4397 1151 4461 dedisse,
1201 4415 1319 4465 qum
1353 4397 1421 4453 ab
1465 4401 1567 4454 illis
1608 4397 1925 4454 Alamannis

2018 2922 2116 2977 pro
2151 2907 2358 2970 bellum,
2389 2907 2498 2962 vid.
2531 2905 2701 2976 itttpp.
2742 2906 2808 2961 ad
2839 2907 2986 2963 Fest.
3017 2923 3071 2962 ν.
3105 2907 3354 2963 duellum.
3386 2909 3590 2966 ORELL.

1941 3010 1987 3074 c
2022 2978 2733 3074 -.-r‘€“:":'5:.ue-ista:
2756 2978 3444 3074 i!§:-i':_9dts:§r;__':e%°
3475 2981 3630 3036 ίηαίι·

2022 3066 2223 3113 versus,
2259 3051 2532 3119 quomodo
2559 3052 2752 3113 inante,
2783 3053 3029 3105 incoram.
3066 3051 3355 3106 Msunsws.

2097 3119 2230 3194 Mali
2257 3122 2444 3194 ominis
2472 3121 2820 3194 obscoenitate.
2851 3121 3072 3194 Herald.
3099 3123 3150 3176 in
3178 3123 3334 3194 Curis
3355 3124 3630 3194 secundis,

2022 3193 2242 3247 insertis
2261 3191 2746 3247 Ohservationibus
2765 3194 2878 3246 suis
2905 3194 2956 3246 in
2985 3193 3236 3248 Salmasii
3271 3193 3362 3263 jus
3392 3191 3629 3252 Atticum

2021 3275 2076 3318 et
2108 3263 2410 3339 Romanum
2432 3307 2462 3339 ,Δ
2481 3264 2683 3339 mavult
2737 3265 2859 3339 ntali
2905 3264 3148 3339 nominis.
3179 3265 3475 3339 _Steyvech.
3525 3269 3630 3339 leg.

2021 3334 2170 3402 conj.
2205 3332 2330 3386 mali
2359 3334 2544 3388 ominis
2588 3335 2928 3397 obscenitate,
2976 3337 3149 3390 citans
3178 3335 3410 3390 Nonium
3441 3354 3492 3391 v.
3541 3332 3632 3392 ob-

2021 3405 2251 3465 ctevavit,
2287 3406 2440 3474 quasi
2482 3421 2742 3466 sczevum.
2778 3405 2976 3459 malum
3009 3421 3169 3461 omen
3198 3408 3396 3472 attulit,
3438 3425 3634 3465 saevus

2023 3478 2274 3548 nimirum
2305 3517 2319 3537 ,
2353 3477 2510 3530 lwvus
2539 3486 2596 3532 et
2623 3477 2827 3530 sinister
2847 3517 2861 3538 ,
2896 3477 2932 3530 i.
2967 3493 3022 3546 q.
3057 3478 3320 3533 infaustus
3348 3480 3631 3548 signiﬁca-

2024 3546 2390 3619 tionejGrteca
2423 3565 2436 3600 :
2468 3564 2590 3601 nam
2623 3549 2762 3619 apud
2801 3548 3072 3619 Romanos
3101 3550 3254 3616 Iteva,
3285 3546 3503 3605 sinistra
3531 3568 3631 3606 au-

2022 3620 2172 3688 guria
2201 3627 2357 3672 erant
2383 3618 2520 3673 bona
2553 3618 2851 3689 faustaque.
2897 3618 3023 3683 Sed,
3055 3629 3113 3673 ut
3146 3620 3280 3674 bene
3309 3632 3493 3674 mouet
3521 3622 3630 3677 I-Ie-

2023 3689 2226 3751 raldus,
2259 3689 2390 3742 nihil
2418 3690 2754 3744 mutandum.
2779 3689 3055 3744 Obscaznus
3079 3691 3222 3744 enim
3247 3701 3297 3744 et
3333 3690 3633 3748 obscaetiuas

2026 3761 2245 3829 proprie
2273 3761 2341 3814 de
2369 3761 2638 3815 ominibus
2663 3762 2839 3820 malis.
2869 3777 3062 3830 nempe
3091 3763 3212 3830 quia
3241 3762 3491 3818 obscaena
3519 3779 3636 3818 om-

2026 3835 2112 3885 nia
2135 3842 2190 3886 et
2213 3831 2353 3885 fceda
2378 3831 2615 3900 antiquis
2644 3834 2757 3886 visa
2791 3833 2965 3885 tristia
2997 3842 3052 3886 et
3079 3832 3330 3899 infausta,
3359 3844 3416 3887 ut
3443 3844 3631 3889 c0ntra

2025 3911 2524 3975 purahnutlgataque
2557 3903 2675 3955 laeta
2718 3901 3001 3975 etgi'elit-ja.
3037 3901 3111 3956 Ita
3130 3903 3323 3975 Virgil.
3355 3904 3558 3975 Georg.
3591 3921 3630 3970 t,

2025 3989 2104 4025 vs.
2124 3971 2680 4036 470,0bscaznicanes,
2699 3973 2788 4027 ttbi
2804 3971 3400 4040 vid.Voss.|dem}En.,
3421 3971 3630 4042 unite,

2023 4045 2164 4104 262,
2200 4044 2466 4097 Obscaeua:
2497 4045 2764 4108 volucres,
2793 4053 2845 4098 et
2883 4043 3094 4104 Festus.
3129 4060 3181 4106 v,
3217 4045 3634 4102 Alliensiszbies

2023 4116 2254 4168 alliensis
2285 4114 2548 4167 dicebatur
2583 4115 2723 4183 apud
2754 4113 3010 4168 Romanos
3031 4114 3399 4169 obscenissimi
3420 4119 3628 4173 ominis.

2025 4185 2107 4241 Cf.
2128 4185 2402 4249 eumdem,
2419 4201 2468 4239 v.
2493 4183 2655 4238 Oscus
2675 4196 2730 4240 et
2746 4187 2997 4249 Nonium,
3019 4201 3071 4239 v.
3096 4185 3396 4242 Obscmnus.
3419 4188 3628 4246 OBELL.

2097 4255 2265 4311 XVII.
2312 4285 2383 4296 -—
2420 4256 2689 4330 ﬁutistitcs
2755 4258 3042 4330 numinum.
3123 4260 3416 4321 Antistites,
3475 4261 3510 4314 i.
3569 4276 3627 4330 q.

2027 4331 2334 4389 sacerdotes,
2381 4327 2454 4381 nil
2488 4329 2734 4396 amplius.
2775 4328 2907 4382 Vide
2935 4338 3212 4382 auctorem
3245 4327 3631 4385 cortfulaliOItis

2032 4399 2470 4472 virulentissimtc
2499 4399 3030 4472 altitnadversiouum
3061 4402 3190 4472 éut.
3241 4400 3495 4456 Cercmtii
3525 4401 3543 4472 (
3569 4401 3632 4456 D.

326 4473 468 4552 dicta
507 4480 706 4552 est,.et
735 4485 876 4524 nunc
912 4468 1108 4552 dicitur
1133 4469 1719 4552 apud'b‘t'attcogallos:
1763 4471 1922 4552 idque
1948 4489 2002 4548 ι)
2028 4470 2231 4552 ρειπΞί
2300 4469 2375 4552 _a_d
2401 4469 2483 4524 Cl.
2510 4469 2762 4552 Salinasii
2793 4480 2948 4552 notas
2979 4475 3029 4524 in
3059 4470 3480 4552 Tertulliatt._de
3512 4468 3637 4552 Pal-

326 4543 526 4596 factum
569 4543 731 4595 tuisse
758 4556 862 4596 non
893 4540 1062 4612 multo
1093 4551 1217 4594 ante
1257 4541 1495 4612 Vospisci
1527 4540 1764 4609 tempora
1791 4584 1806 4606 ,
1835 4540 1923 4611 qui

326 4626 814 4682 Contemporaneos
851 4611 1070 4682 Arnobii
1101 4611 1256 4677 vixit,
1293 4613 1677 4679 imperantibus
1721 4614 1927 4668 Diocle-

328 4686 476 4738 tiano
508 4693 566 4738 et
612 4681 950 4754 Maximiano.
992 4681 1106 4735 Non
1149 4685 1448 4738 necessaria
1492 4685 1668 4754 itaque
1709 4683 1923 4739 Meursii

329 4755 641 4822 conjectura
666 4753 881 4807 Alanos.
907 4754 1109 4808 ORELL.

405 4827 467 4880 Si
502 4825 646 4890 apud
691 4823 898 4878 Getulos
937 4823 1294 4895 Tinguitunos.
1333 4826 1456 4880 llznc
1495 4835 1578 4882 est
1617 4824 1926 4880 emendatio

329 4897 611 4952 verissima
655 4895 789 4949 Lud.
837 4895 1108 4949 Carrionis
1151 4896 1345 4951 merito
1378 4899 1428 4950 in
1462 4907 1672 4952 textum
1710 4909 1924 4964 recepta

329 4970 400 5022 ab
443 4967 652 5021 editore
702 4965 984 5025 Leitlensi.
1029 4969 1248 5033 probata
1292 4969 1450 5022 etiam
1502 4984 1531 5020 a
1578 4968 1814 5022 Livinwo
1859 4967 1925 5022 ad

328 5038 766 5110 PanegyruLat”
803 5054 853 5106 p.
891 5037 1014 5110 158,
1042 5038 1130 5110 ed.
1165 5041 1420 5093 Atntzeu.
1451 5038 1634 5093 Lectio
1661 5040 1923 5110 antiqua:

329 5111 376 5163 si
405 5108 547 5177 apud
592 5108 797 5163 Getulos
837 5119 942 5161 tum
974 5109 1254 5178 Aquitanos
1290 5120 1406 5163 orta
1447 5111 1656 5165 videtur
1685 5125 1713 5162 a
1755 5109 1927 5164 sciolo

333 5181 517 5250 aliquo
564 5180 784 5236 librario
829 5180 1124 5246 Aquitanos
1171 5180 1258 5234 hic
1304 5180 1646 5246 intrudente,
1700 5195 1820 5233 cum
1874 5181 1926 5235 in

333 5251 764 5321 prmeedeutibus
796 5251 974 5305 verbi.
1003 5250 1136 5304 facta
1170 5265 1314 5305 esset
1342 5251 1527 5306 Gallia:
1555 5254 1754 5305 mentio
1779 5291 1794 5316 ,
1825 5265 1922 5305 cu-

330 5328 420 5392 jus
452 5323 724 5387 provincia
755 5331 870 5376 erat
899 5321 1203 5392 Aquitania.
1244 5327 1311 5375 At
1341 5339 1471 5376 vero
1500 5323 1677 5377 verbis
1718 5324 1757 5375 si
1789 5323 1929 5390 apud

337 5391 548 5447 Grtulos
573 5435 590 5460 ,
623 5404 728 5448 etc.
757 5434 771 5457 ,
819 5391 1010 5447 novam
1053 5392 1326 5460 periodum
1357 5394 1613 5447 inchoatis
1659 5394 1928 5447 Arnobius

338 5465 574 5534 loquitur
601 5464 670 5520 de
702 5465 908 5533 pOpulis
948 5465 1139 5534 Africa:
1182 5465 1620 5531 septentrionalis
1663 5463 1928 5534 ejusmodi

337 5533 732 5590 Calamilalibus
772 5535 1050 5589 infestatis.
1085 5533 1285 5589 OnrzLL.
1696 5533 1727 5577 ⁷-

410 5605 564 5660 Niltil
593 5607 714 5660 lteri.
752 5607 845 5660 Ms.
886 5606 1014 5659 ni/til
1041 5606 1230 5659 lectum.
1267 5606 1472 5660 Meons.
1493 5647 1506 5670 ,
1535 5605 1588 5660 in
1620 5606 1854 5675 Append.

407 5676 643 5742 Duelles,
674 5677 714 5732 I.
743 5693 790 5732 e.
824 5678 1010 5741 hostes,
1037 5677 1189 5746 cujus
1218 5678 1460 5733 vocabuli
1493 5693 1656 5732 unum
1698 5679 1798 5732 hoc
1827 5679 1930 5732 Ar—

339 5749 484 5804 nobii
503 5749 810 5818 exemplum
837 5749 965 5803 citat
989 5748 1214 5804 Gesner.
1243 5749 1294 5802 in
1317 5747 1614 5804 Thesauro.
1645 5748 1932 5818 Composi-

337 5837 424 5882 um
455 5819 731 5891 perduellis
757 5820 929 5876 multo
959 5821 1314 5894 frequentius.
1350 5821 1395 5876 A
1423 5819 1654 5876 duellum
1709 5821 1929 5906 antique

2030 4542 2123 4607 lio,
2171 4541 2356 4611 p.1t7
2405 4557 2512 4610 sq.,
2562 4542 2652 4611 qui
2682 4542 2780 4596 hac
2810 4541 2876 4597 de
2922 4557 2981 4598 re
3014 4542 3213 4598 multus
3243 4553 3344 4598 est.
3396 4542 3470 4597 Ita
3511 4543 3634 4599 Liv.

2031 4613 2193 4677 Ilist.,
2226 4628 2264 4673 ι,
2298 4612 2328 4665 7
2355 4631 2368 4666 :
2394 4611 2571 4666 Potitii
2615 4613 2679 4665 ab
2715 4612 2958 4668 Evandro
2993 4613 3159 4667 edocti
3201 4615 3452 4668 antistites
3498 4616 3635 4672 sacri

2028 4685 2140 4754 ejus
2163 4700 2281 4755 ipsi:
2302 4686 2490 4738 multas
2520 4693 2694 4738 (states
2741 4689 2905 4755 fuere.
2955 4683 3041 4740 Cf.
3090 4685 3208 4742 loca
3247 4687 3409 4741 citata
3439 4685 3507 4742 ab
3535 4687 3634 4742 El-

2031 4751 2214 4809 menb.
2247 4751 2452 4808 ORELL.

2100 4825 2205 4879 Cur
2236 4835 2289 4878 ut
2322 4825 2496 4880 irasci.
2534 4825 2602 4879 Ut
2634 4829 3000 4882 necessarium
3034 4826 3098 4880 ad
3131 4842 3348 4882 sensum
3390 4828 3630 4883 restituit

2029 4898 2203 4968 editor
2225 4895 2396 4968 Lugd.
2424 4897 2537 4950 Bal.
2558 4897 2744 4951 Bebot.
2775 4901 2920 4966 conj.
2945 4899 3031 4968 qui
3057 4900 3206 4963 iraci,
3244 4915 3348 4952 non
3377 4901 3534 4954 tnale.
3555 4899 3630 4954 Io.

2104 4967 2240 5032 Quid
2279 4977 2352 5038 est
2395 4968 2528 5038 enim
2571 4968 2715 5038 aliud
2753 4967 3134 5037 irasci,'quam
3174 4969 3438 5027 insanire.
3480 4986 3636 5038 quam

2029 5038 2199 5108 furere
2222 5038 2246 5092 ?
2269 5037 2344 5092 Ita
2371 5037 2551 5092 Ilorat.
2581 5037 2752 5108 EpiSI.
2777 5054 2835 5104 tt,
2863 5039 2916 5104 I,
2939 5038 3016 5092 ira
3057 5041 3205 5107 {uror
3225 5039 3404 5093 brevis.
3430 5039 3640 5096 Seneca

2031 5111 2098 5163 de
2129 5112 2227 5175 Ira,
2263 5110 2356 5164 lib.
2382 5125 2418 5173 t,
2452 5122 2501 5164 e.
2530 5109 2553 5162 I
2586 5128 2598 5162 :
2629 5109 2854 5176 Quidam
2881 5125 2908 5162 e
2934 5112 3248 5179 sapientibus
3277 5110 3408 5163 iram
3435 5109 3634 5165 brevem

2031 5181 2271 5235 dixerunt
2298 5181 2571 5234 insaniam.
2593 5179 3184 5236 Et.|tettn.——Czeterutn
3213 5184 3494 5247 Arnobius,
3520 5184 3573 5236 h.
3596 5182 3635 5238 I.

2037 5253 2274 5321 loquitur
2303 5268 2368 5305 cx
2396 5253 2663 5306 sententia
2687 5252 3013 5314 Stoicorum,
3037 5255 3129 5322 qui
3154 5252 3438 5322 benignam
3470 5263 3526 5308 et
3549 5253 3642 5308 be-

2035 5324 2259 5377 nelicatn
2290 5333 2535 5394 naturain
2565 5323 2676 5377 Deo
2696 5324 3021 5388 tribuebant,
3039 5338 3270 5394 eumque
3293 5338 3453 5392 passe
3472 5322 3641 5380 irasci

2035 5395 2319 5460 negabant.
2366 5393 2609 5447 Hanno.

2105 5463 2170 5516 In
2199 5465 2406 5518 alterius
2435 5465 2628 5519 doloris
2657 5481 2856 5530 cruces,
2889 5473 2994 5520 etc.
3037 5465 3110 5519 Ita
3153 5463 3440 5532 legendum
3465 5508 3480 5533 ,
3515 5481 3639 5522 cum

2037 5535 2106 5588 sit
2135 5537 2184 5588 in
2216 5535 2351 5589 Cod.
2373 5550 2472 5589 tus.
2493 5538 2680 5595 crucis.
2711 5537 2830 5592 scil.
2863 5552 2958 5603 pro
2984 5552 3178 5590 cruces.
3212 5540 3227 5598 (
3245 5535 3491 5596 Herald..
3515 5537 3640 5592 Cur.

2035 5605 2245 5659 secund.
2271 5605 2436 5678 Obss.
2454 5607 2508 5659 in
2533 5607 2810 5678 Salamasii
2839 5606 2939 5661 Jus
2963 5608 3097 5672 Au.,
3118 5625 3171 5676 p.
3194 5607 3352 5678 600).
3378 5607 3643 5664 Meursius

2037 5679 2088 5732 itt
2123 5677 2394 5748 Append.,
2427 5677 2713 5748 legendum
2735 5680 3074 5748 suspicatur:
3101 5681 3154 5732 in
3173 5679 3388 5732 alterius
3411 5677 3639 5744 dolores,

2036 5745 2218 5814 trucis,
2248 5745 2444 5816 eﬂ‘erati
2471 5745 2688 5818 pectoris
2713 5745 3026 5803 alienatione
3055 5749 3317 5804 bacchari.
3345 5748 3549 5806 OnELL.

2112 5818 2225 5876 Hoc
2251 5835 2371 5894 ergo
2397 5819 2470 5874 dii
2496 5822 2670 5892 magni
2691 5829 2899 5876 norunt.
2938 5819 3169 5896 Norant,
3193 5819 3248 5878 h.
3276 5821 3314 5878 I.
3345 5821 3383 5878 i.
3411 5839 3466 5897 q.
3491 5838 3645 5904 expc.
