  <div class='ocr_page' id='page_1' title='image "/cluster/home/n/w/nwhite01/storage/ocr_20150623/5/hvd.32044073505224/377.png"; bbox 0 0 4172 6252; ppageno 0'>
   <div class='ocr_carea' id='block_1_1' title="bbox 657 235 763 302">
    <p class='ocr_par' dir='ltr' id='par_1_1' title="bbox 657 235 763 302">
     <span class='ocr_line' id='line_1_1' title="bbox 657 235 763 302; baseline 0 -1"><span class='ocrx_word' id='word_1_1' title='bbox 657 235 763 302; x_wconf 69' lang='grc'><strong>⁸143</strong></span> 
     </span>
    </p>
   </div>
   <div class='ocr_carea' id='block_1_2' title="bbox 1746 235 2740 299">
    <p class='ocr_par' dir='ltr' id='par_1_2' title="bbox 1746 235 2740 299">
     <span class='ocr_line' id='line_1_2' title="bbox 1746 235 2740 299; baseline 0 -4"><span class='ocrx_word' id='word_1_2' title='bbox 1746 235 2027 297; x_wconf 80' lang='lat' dir='ltr'><strong>ARNOBII</strong></span> <span class='ocrx_word' id='word_1_3' title='bbox 2063 235 2433 299; x_wconf 81' lang='lat' dir='ltr'><strong>ADVERSUS</strong></span> <span class='ocrx_word' id='word_1_4' title='bbox 2471 235 2740 297; x_wconf 88' lang='lat' dir='ltr'><strong>GENTES</strong></span> 
     </span>
    </p>
   </div>
   <div class='ocr_carea' id='block_1_3' title="bbox 3853 234 3959 292">
    <p class='ocr_par' dir='ltr' id='par_1_3' title="bbox 3853 234 3959 292">
     <span class='ocr_line' id='line_1_3' title="bbox 3853 234 3959 292; baseline 0.019 -4"><span class='ocrx_word' id='word_1_5' title='bbox 3853 234 3959 292; x_wconf 70' lang='lat' dir='ltr'><strong>7H</strong></span> 
     </span>
    </p>
   </div>
   <div class='ocr_carea' id='block_1_4' title="bbox 725 355 3960 433">
    <p class='ocr_par' dir='ltr' id='par_1_4' title="bbox 725 355 3960 433">
     <span class='ocr_line' id='line_1_4' title="bbox 725 355 3960 433; baseline -0.002 -19"><span class='ocrx_word' id='word_1_6' title='bbox 725 358 892 418; x_wconf 77' lang='lat' dir='ltr'>XXII.</span> <span class='ocrx_word' id='word_1_7' title='bbox 941 356 1094 427; x_wconf 88' lang='lat' dir='ltr'><strong>Quod</strong></span> <span class='ocrx_word' id='word_1_8' title='bbox 1148 370 1272 414; x_wconf 88' lang='lat' dir='ltr'><strong>cum</strong></span> <span class='ocrx_word' id='word_1_9' title='bbox 1331 356 1554 415; x_wconf 90' lang='lat' dir='ltr'><strong>minime</strong></span> <span class='ocrx_word' id='word_1_10' title='bbox 1600 358 1715 415; x_wconf 86' lang='lat' dir='ltr'><strong>ﬁeri</strong></span> <span class='ocrx_word' id='word_1_11' title='bbox 1761 361 2118 416; x_wconf 83' lang='lat' dir='ltr'><strong>testiﬁcentur</strong></span> <span class='ocrx_word' id='word_1_12' title='bbox 2170 376 2256 417; x_wconf 88' lang='lat' dir='ltr'><strong>res</strong></span> <span class='ocrx_word' id='word_1_13' title='bbox 2284 363 2329 423; x_wconf 84' lang='lat' dir='ltr'><strong>A</strong></span> <span class='ocrx_word' id='word_1_14' title='bbox 2360 362 2596 433; x_wconf 90' lang='lat' dir='ltr'><strong>pientem</strong></span> <span class='ocrx_word' id='word_1_15' title='bbox 2630 361 2775 415; x_wconf 87' lang='lat' dir='ltr'><strong>illam</strong></span> <span class='ocrx_word' id='word_1_16' title='bbox 2803 357 3027 416; x_wconf 79' lang='lat' dir='ltr'><strong>credere</strong></span> <span class='ocrx_word' id='word_1_17' title='bbox 3055 355 3531 430; x_wconf 80' lang='lat' dir='ltr'><strong>beatissimamque</strong></span> <span class='ocrx_word' id='word_1_18' title='bbox 3555 362 3812 412; x_wconf 87' lang='lat' dir='ltr'><strong>naturam</strong></span> <span class='ocrx_word' id='word_1_19' title='bbox 3847 372 3960 410; x_wconf 87' lang='lat' dir='ltr'><strong>ma-</strong></span> 
     </span>
    </p>
   </div>
   <div class='ocr_carea' id='block_1_5' title="bbox 656 450 2250 524">
    <p class='ocr_par' dir='ltr' id='par_1_5' title="bbox 656 450 2250 524">
     <span class='ocr_line' id='line_1_5' title="bbox 656 450 2250 524; baseline 0.001 -17"><span class='ocrx_word' id='word_1_20' title='bbox 656 453 783 524; x_wconf 64' lang='lat' dir='ltr'><strong>ipsaa</strong></span> <span class='ocrx_word' id='word_1_21' title='bbox 805 493 819 515; x_wconf 88' lang='lat'><strong>,</strong></span> <span class='ocrx_word' id='word_1_22' title='bbox 856 466 1031 521; x_wconf 90' lang='lat' dir='ltr'><strong>neque</strong></span> <span class='ocrx_word' id='word_1_23' title='bbox 1054 450 1232 506; x_wconf 90' lang='lat' dir='ltr'><strong>minus</strong></span> <span class='ocrx_word' id='word_1_24' title='bbox 1269 450 1335 506; x_wconf 90' lang='lat' dir='ltr'><strong>ad</strong></span> <span class='ocrx_word' id='word_1_25' title='bbox 1365 467 1464 506; x_wconf 91' lang='lat' dir='ltr'><strong>nos</strong></span> <span class='ocrx_word' id='word_1_26' title='bbox 1492 452 1785 524; x_wconf 78' lang='lat' dir='ltr'><strong>quicquam</strong></span> <span class='ocrx_word' id='word_1_27' title='bbox 1811 495 1824 517; x_wconf 94' lang='lat'><strong>,</strong></span> <span class='ocrx_word' id='word_1_28' title='bbox 1853 470 2025 520; x_wconf 88' lang='lat' dir='ltr'><strong>nequc</strong></span> <span class='ocrx_word' id='word_1_29' title='bbox 2051 457 2116 509; x_wconf 91' lang='lat' dir='ltr'><strong>ad</strong></span> <span class='ocrx_word' id='word_1_30' title='bbox 2156 470 2250 508; x_wconf 84' lang='lat' dir='ltr'><strong>vos</strong></span> 
     </span>
    </p>
   </div>
   <div class='ocr_carea' id='block_1_6' title="bbox 652 543 2248 616">
    <p class='ocr_par' dir='ltr' id='par_1_6' title="bbox 652 543 2248 616">
     <span class='ocr_line' id='line_1_6' title="bbox 652 543 2248 616; baseline 0.001 -18"><span class='ocrx_word' id='word_1_31' title='bbox 652 544 938 615; x_wconf 88' lang='lat' dir='ltr'><strong>plurimum</strong></span> <span class='ocrx_word' id='word_1_32' title='bbox 989 543 1296 600; x_wconf 83' lang='lat' dir='ltr'><strong>redundare</strong></span> <span class='ocrx_word' id='word_1_33' title='bbox 1343 544 1594 599; x_wconf 91' lang='lat' dir='ltr'><strong>vitalibus</strong></span> <span class='ocrx_word' id='word_1_34' title='bbox 1625 561 1688 599; x_wconf 84' lang='lat' dir='ltr'><strong>ex</strong></span> <span class='ocrx_word' id='word_1_35' title='bbox 1721 545 1992 602; x_wconf 82' lang='lat' dir='ltr'><strong>beneﬁciis</strong></span> <span class='ocrx_word' id='word_1_36' title='bbox 2017 557 2248 616; x_wconf 86' lang='lat' dir='ltr'><strong>constet,</strong></span> 
     </span>
    </p>
   </div>
   <div class='ocr_carea' id='block_1_7' title="bbox 654 635 2252 706">
    <p class='ocr_par' dir='ltr' id='par_1_7' title="bbox 654 635 2252 706">
     <span class='ocr_line' id='line_1_7' title="bbox 654 635 2252 706; baseline 0.004 -16"><span class='ocrx_word' id='word_1_37' title='bbox 654 635 820 690; x_wconf 89' lang='lat' dir='ltr'><strong>libido</strong></span> <span class='ocrx_word' id='word_1_38' title='bbox 858 650 976 704; x_wconf 73' lang='lat' dir='ltr'><strong>quae</strong></span> <span class='ocrx_word' id='word_1_39' title='bbox 1009 646 1153 691; x_wconf 90' lang='lat' dir='ltr'><strong>tanta</strong></span> <span class='ocrx_word' id='word_1_40' title='bbox 1184 647 1268 691; x_wconf 91' lang='lat' dir='ltr'><strong>est</strong></span> <span class='ocrx_word' id='word_1_41' title='bbox 1298 636 1546 691; x_wconf 90' lang='lat' dir='ltr'><strong>inimicos</strong></span> <span class='ocrx_word' id='word_1_42' title='bbox 1567 645 1729 706; x_wconf 86' lang='lat' dir='ltr'><strong>atque</strong></span> <span class='ocrx_word' id='word_1_43' title='bbox 1760 637 1945 692; x_wconf 91' lang='lat' dir='ltr'><strong>hostes</strong></span> <span class='ocrx_word' id='word_1_44' title='bbox 1971 639 2102 694; x_wconf 90' lang='lat' dir='ltr'><strong>deos</strong></span> <span class='ocrx_word' id='word_1_45' title='bbox 2130 654 2252 696; x_wconf 89' lang='lat' dir='ltr'><strong>esse</strong></span> 
     </span>
    </p>
   </div>
   <div class='ocr_carea' id='block_1_8' title="bbox 650 719 2253 800">
    <p class='ocr_par' dir='ltr' id='par_1_8' title="bbox 650 719 2253 800">
     <span class='ocr_line' id='line_1_8' title="bbox 650 719 2253 800; baseline 0.001 -16"><span class='ocrx_word' id='word_1_46' title='bbox 650 729 978 784; x_wconf 91' lang='lat' dir='ltr'><strong>contendere</strong></span> <span class='ocrx_word' id='word_1_47' title='bbox 1004 729 1336 793; x_wconf 82' lang='lat' dir='ltr'><strong>clu-istianis,</strong></span> <span class='ocrx_word' id='word_1_48' title='bbox 1369 745 1507 800; x_wconf 91' lang='lat' dir='ltr'><strong>quos</strong></span> <span class='ocrx_word' id='word_1_49' title='bbox 1528 731 1580 784; x_wconf 91' lang='lat' dir='ltr'><strong>in</strong></span> <span class='ocrx_word' id='word_1_50' title='bbox 1604 719 1765 785; x_wconf 81' lang='lat' dir='ltr'><strong>rebus</strong></span> <span class='ocrx_word' id='word_1_51' title='bbox 1795 731 2139 798; x_wconf 87' lang='lat' dir='ltr'><strong>tristissimis,</strong></span> <span class='ocrx_word' id='word_1_52' title='bbox 2172 741 2253 786; x_wconf 88' lang='lat' dir='ltr'><strong>at-</strong></span> 
     </span>
    </p>
   </div>
   <div class='ocr_carea' id='block_1_9' title="bbox 650 820 2255 891">
    <p class='ocr_par' dir='ltr' id='par_1_9' title="bbox 650 820 2255 891">
     <span class='ocr_line' id='line_1_9' title="bbox 650 820 2255 891; baseline 0.004 -17"><span class='ocrx_word' id='word_1_53' title='bbox 650 837 756 891; x_wconf 91' lang='lat' dir='ltr'><strong>que</strong></span> <span class='ocrx_word' id='word_1_54' title='bbox 785 820 925 876; x_wconf 83' lang='lat' dir='ltr'><strong>la-tis</strong></span> <span class='ocrx_word' id='word_1_55' title='bbox 958 820 1087 875; x_wconf 91' lang='lat' dir='ltr'><strong>nihil</strong></span> <span class='ocrx_word' id='word_1_56' title='bbox 1113 821 1209 876; x_wconf 89' lang='lat' dir='ltr'><strong>abs</strong></span> <span class='ocrx_word' id='word_1_57' title='bbox 1229 831 1282 876; x_wconf 91' lang='lat' dir='ltr'><strong>te</strong></span> <span class='ocrx_word' id='word_1_58' title='bbox 1303 821 1490 877; x_wconf 90' lang='lat' dir='ltr'><strong>videas</strong></span> <span class='ocrx_word' id='word_1_59' title='bbox 1519 822 1729 878; x_wconf 89' lang='lat' dir='ltr'><strong>ratione</strong></span> <span class='ocrx_word' id='word_1_60' title='bbox 1759 823 1811 878; x_wconf 92' lang='lat' dir='ltr'><strong>in</strong></span> <span class='ocrx_word' id='word_1_61' title='bbox 1841 822 2017 891; x_wconf 91' lang='lat' dir='ltr'><strong>aliqua</strong></span> <span class='ocrx_word' id='word_1_62' title='bbox 2051 825 2255 880; x_wconf 36' lang='lat' dir='ltr'><strong>discrcs</strong></span> 
     </span>
    </p>
   </div>
   <div class='ocr_carea' id='block_1_10' title="bbox 651 913 2250 984">
    <p class='ocr_par' dir='ltr' id='par_1_10' title="bbox 651 913 2250 984">
     <span class='ocr_line' id='line_1_10' title="bbox 651 913 2250 984; baseline 0.003 -18"><span class='ocrx_word' id='word_1_63' title='bbox 651 915 814 984; x_wconf 84' lang='lat' dir='ltr'><strong>pare?</strong></span> <span class='ocrx_word' id='word_1_64' title='bbox 843 913 897 967; x_wconf 93' lang='lat' dir='ltr'><strong>Si</strong></span> <span class='ocrx_word' id='word_1_65' title='bbox 933 928 1114 968; x_wconf 88' lang='lat' dir='ltr'><strong>vermn</strong></span> <span class='ocrx_word' id='word_1_66' title='bbox 1143 913 1296 968; x_wconf 90' lang='lat' dir='ltr'><strong>vobis</strong></span> <span class='ocrx_word' id='word_1_67' title='bbox 1324 913 1652 983; x_wconf 75' lang='lat' dir='ltr'><strong>permittitis,</strong></span> <span class='ocrx_word' id='word_1_68' title='bbox 1677 929 1739 969; x_wconf 91' lang='lat' dir='ltr'><strong>ac</strong></span> <span class='ocrx_word' id='word_1_69' title='bbox 1767 916 1884 969; x_wconf 88' lang='lat' dir='ltr'><strong>sine</strong></span> <span class='ocrx_word' id='word_1_70' title='bbox 1913 915 2034 970; x_wconf 91' lang='lat' dir='ltr'><strong>ullis</strong></span> <span class='ocrx_word' id='word_1_71' title='bbox 2061 932 2250 970; x_wconf 84' lang='lat' dir='ltr'><strong>assen-</strong></span> 
     </span>
    </p>
   </div>
   <div class='ocr_carea' id='block_1_11' title="bbox 653 1005 2251 1081">
    <p class='ocr_par' dir='ltr' id='par_1_11' title="bbox 653 1005 2251 1081">
     <span class='ocr_line' id='line_1_11' title="bbox 653 1005 2251 1081; baseline 0.001 -20"><span class='ocrx_word' id='word_1_72' title='bbox 653 1005 948 1081; x_wconf 82' lang='lat' dir='ltr'><strong>tationibus</strong></span> <span class='ocrx_word' id='word_1_73' title='bbox 972 1005 1078 1060; x_wconf 91' lang='lat' dir='ltr'><strong>dici</strong></span> <span class='ocrx_word' id='word_1_74' title='bbox 1110 1024 1123 1059; x_wconf 88' lang='lat'><strong>:</strong></span> <span class='ocrx_word' id='word_1_75' title='bbox 1155 1006 1316 1061; x_wconf 90' lang='lat' dir='ltr'><strong>verba</strong></span> <span class='ocrx_word' id='word_1_76' title='bbox 1371 1015 1497 1061; x_wconf 91' lang='lat' dir='ltr'><strong>sunt</strong></span> <span class='ocrx_word' id='word_1_77' title='bbox 1545 1007 1698 1072; x_wconf 76' lang='lat' dir='ltr'><strong>lucc,</strong></span> <span class='ocrx_word' id='word_1_78' title='bbox 1755 1007 1919 1062; x_wconf 90' lang='lat' dir='ltr'><strong>verba</strong></span> <span class='ocrx_word' id='word_1_79' title='bbox 1968 1016 2114 1072; x_wconf 89' lang='lat' dir='ltr'><strong>sunt,</strong></span> <span class='ocrx_word' id='word_1_80' title='bbox 2165 1023 2251 1063; x_wconf 87' lang='lat' dir='ltr'><strong>res</strong></span> 
     </span>
    </p>
   </div>
   <div class='ocr_carea' id='block_1_12' title="bbox 652 1097 2254 1169">
    <p class='ocr_par' dir='ltr' id='par_1_12' title="bbox 652 1097 2254 1169">
     <span class='ocr_line' id='line_1_12' title="bbox 652 1097 2254 1169; baseline -0.001 -15"><span class='ocrx_word' id='word_1_81' title='bbox 652 1099 819 1154; x_wconf 68' lang='lat' dir='ltr'><strong>iu‘tmo</strong></span> <span class='ocrx_word' id='word_1_82' title='bbox 849 1113 945 1166; x_wconf 86' lang='lat' dir='ltr'><strong>per</strong></span> <span class='ocrx_word' id='word_1_83' title='bbox 972 1097 1268 1153; x_wconf 83' lang='lat' dir='ltr'><strong>calumnias</strong></span> <span class='ocrx_word' id='word_1_84' title='bbox 1298 1098 1520 1153; x_wconf 86' lang='lat' dir='ltr'><strong>creditae</strong></span> <span class='ocrx_word' id='word_1_85' title='bbox 1543 1137 1557 1166; x_wconf 91' lang='lat'><strong>,</strong></span> <span class='ocrx_word' id='word_1_86' title='bbox 1592 1112 1699 1154; x_wconf 93' lang='lat' dir='ltr'><strong>non</strong></span> <span class='ocrx_word' id='word_1_87' title='bbox 1731 1099 2056 1169; x_wconf 86' lang='lat' dir='ltr'><strong>cognitionis</strong></span> <span class='ocrx_word' id='word_1_88' title='bbox 2083 1099 2254 1153; x_wconf 89' lang='lat' dir='ltr'><strong>alicu-</strong></span> 
     </span>
    </p>
   </div>
   <div class='ocr_carea' id='block_1_13' title="bbox 644 1191 1467 1262">
    <p class='ocr_par' dir='ltr' id='par_1_13' title="bbox 644 1191 1467 1262">
     <span class='ocr_line' id='line_1_13' title="bbox 644 1191 1467 1262; baseline -0.006 -15"><span class='ocrx_word' id='word_1_89' title='bbox 644 1192 733 1262; x_wconf 84' lang='lat' dir='ltr'><strong>jus</strong></span> <span class='ocrx_word' id='word_1_90' title='bbox 755 1191 1062 1247; x_wconf 89' lang='lat' dir='ltr'><strong>testimonio</strong></span> <span class='ocrx_word' id='word_1_91' title='bbox 1087 1191 1467 1262; x_wconf 61' lang='lat' dir='ltr'><strong>comprobatae.</strong></span> 
     </span>
    </p>
   </div>
   <div class='ocr_carea' id='block_1_14' title="bbox 721 1282 2248 1357">
    <p class='ocr_par' dir='ltr' id='par_1_14' title="bbox 721 1282 2248 1357">
     <span class='ocr_line' id='line_1_14' title="bbox 721 1282 2248 1357; baseline 0.003 -19"><span class='ocrx_word' id='word_1_92' title='bbox 721 1283 915 1338; x_wconf 83' lang='lat' dir='ltr'><strong>XXIII.</strong></span> <span class='ocrx_word' id='word_1_93' title='bbox 961 1282 1228 1339; x_wconf 64' lang='lat' dir='ltr'><strong>Czcterum</strong></span> <span class='ocrx_word' id='word_1_94' title='bbox 1259 1284 1331 1338; x_wconf 90' lang='lat' dir='ltr'><strong>dii</strong></span> <span class='ocrx_word' id='word_1_95' title='bbox 1361 1283 1497 1350; x_wconf 85' lang='lat' dir='ltr'><strong>veri,</strong></span> <span class='ocrx_word' id='word_1_96' title='bbox 1530 1293 1584 1338; x_wconf 91' lang='lat' dir='ltr'><strong>et</strong></span> <span class='ocrx_word' id='word_1_97' title='bbox 1610 1284 1702 1354; x_wconf 89' lang='lat' dir='ltr'><strong>qui</strong></span> <span class='ocrx_word' id='word_1_98' title='bbox 1736 1285 1955 1352; x_wconf 89' lang='lat' dir='ltr'><strong>habere,</strong></span> <span class='ocrx_word' id='word_1_99' title='bbox 1984 1288 2074 1357; x_wconf 87' lang='lat' dir='ltr'><strong>qui</strong></span> <span class='ocrx_word' id='word_1_100' title='bbox 2105 1291 2248 1342; x_wconf 78' lang='lat' dir='ltr'><strong>ferre</strong></span> 
     </span>
    </p>
   </div>
   <div class='ocr_carea' id='block_1_15' title="bbox 655 1375 2254 1450">
    <p class='ocr_par' dir='ltr' id='par_1_15' title="bbox 655 1375 2254 1450">
     <span class='ocr_line' id='line_1_15' title="bbox 655 1375 2254 1450; baseline 0.001 -18"><span class='ocrx_word' id='word_1_101' title='bbox 655 1376 892 1432; x_wconf 89' lang='lat' dir='ltr'><strong>nominis</strong></span> <span class='ocrx_word' id='word_1_102' title='bbox 918 1375 1079 1445; x_wconf 85' lang='lat' dir='ltr'><strong>hujus</strong></span> <span class='ocrx_word' id='word_1_103' title='bbox 1106 1377 1453 1431; x_wconf 89' lang='lat' dir='ltr'><strong>autoritatem</strong></span> <span class='ocrx_word' id='word_1_104' title='bbox 1481 1377 1731 1447; x_wconf 84' lang='lat' dir='ltr'><strong>condigni</strong></span> <span class='ocrx_word' id='word_1_105' title='bbox 1755 1389 1902 1445; x_wconf 93' lang='lat' dir='ltr'><strong>sunt,</strong></span> <span class='ocrx_word' id='word_1_106' title='bbox 1927 1395 2098 1450; x_wconf 91' lang='lat' dir='ltr'><strong>neque</strong></span> <span class='ocrx_word' id='word_1_107' title='bbox 2121 1379 2254 1434; x_wconf 89' lang='lat' dir='ltr'><strong>iras-</strong></span> 
     </span>
    </p>
   </div>
   <div class='ocr_carea' id='block_1_16' title="bbox 652 1468 2250 1541">
    <p class='ocr_par' dir='ltr' id='par_1_16' title="bbox 652 1468 2250 1541">
     <span class='ocr_line' id='line_1_16' title="bbox 652 1468 2250 1541; baseline 0.001 -17"><span class='ocrx_word' id='word_1_108' title='bbox 652 1477 866 1535; x_wconf 88' lang='lat' dir='ltr'><strong>cuntur,</strong></span> <span class='ocrx_word' id='word_1_109' title='bbox 898 1485 1069 1540; x_wconf 91' lang='lat' dir='ltr'><strong>neque</strong></span> <span class='ocrx_word' id='word_1_110' title='bbox 1094 1468 1462 1540; x_wconf 81' lang='lat' dir='ltr'><strong>indignantur,</strong></span> <span class='ocrx_word' id='word_1_111' title='bbox 1489 1484 1663 1541; x_wconf 86' lang='lat' dir='ltr'><strong>neque</strong></span> <span class='ocrx_word' id='word_1_112' title='bbox 1689 1471 1830 1541; x_wconf 89' lang='lat' dir='ltr'><strong>quod</strong></span> <span class='ocrx_word' id='word_1_113' title='bbox 1859 1473 2012 1528; x_wconf 88' lang='lat' dir='ltr'><strong>alteri</strong></span> <span class='ocrx_word' id='word_1_114' title='bbox 2043 1481 2250 1538; x_wconf 90' lang='lat' dir='ltr'><strong>noceat,</strong></span> 
     </span>
    </p>
   </div>
   <div class='ocr_carea' id='block_1_17' title="bbox 655 1561 2262 1621">
    <p class='ocr_par' dir='ltr' id='par_1_17' title="bbox 655 1561 2262 1621">
     <span class='ocr_line' id='line_1_17' title="bbox 655 1561 2262 1621; baseline 0.001 -4"><span class='ocrx_word' id='word_1_115' title='bbox 655 1561 930 1617; x_wconf 89' lang='lat' dir='ltr'><strong>insidiosis</strong></span> <span class='ocrx_word' id='word_1_116' title='bbox 957 1561 1448 1618; x_wconf 86' lang='lat' dir='ltr'><strong>machinationibus</strong></span> <span class='ocrx_word' id='word_1_117' title='bbox 1471 1571 1811 1617; x_wconf 87' lang='lat' dir='ltr'><strong>construunt.</strong></span> <span class='ocrx_word' id='word_1_118' title='bbox 1834 1565 2043 1619; x_wconf 87' lang='lat' dir='ltr'><strong>Etenim</strong></span> <span class='ocrx_word' id='word_1_119' title='bbox 2067 1580 2262 1621; x_wconf 79' lang='lat' dir='ltr'><strong>revera</strong></span> 
     </span>
    </p>
   </div>
   <div class='ocr_carea' id='block_1_18' title="bbox 2355 451 3961 525">
    <p class='ocr_par' dir='ltr' id='par_1_18' title="bbox 2355 451 3961 525">
     <span class='ocr_line' id='line_1_18' title="bbox 2355 451 3961 525; baseline -0.001 -18"><span class='ocrx_word' id='word_1_120' title='bbox 2355 472 2518 525; x_wconf 82' lang='lat' dir='ltr'><strong>gnum</strong></span> <span class='ocrx_word' id='word_1_121' title='bbox 2541 455 2740 524; x_wconf 88' lang='lat' dir='ltr'><strong>aliquid</strong></span> <span class='ocrx_word' id='word_1_122' title='bbox 2772 463 2992 524; x_wconf 86' lang='lat' dir='ltr'><strong>putare,</strong></span> <span class='ocrx_word' id='word_1_123' title='bbox 3022 453 3067 508; x_wconf 90' lang='lat' dir='ltr'><strong>si</strong></span> <span class='ocrx_word' id='word_1_124' title='bbox 3092 469 3152 508; x_wconf 87' lang='lat' dir='ltr'><strong>se</strong></span> <span class='ocrx_word' id='word_1_125' title='bbox 3182 453 3282 508; x_wconf 93' lang='lat' dir='ltr'><strong>sibi</strong></span> <span class='ocrx_word' id='word_1_126' title='bbox 3311 451 3507 521; x_wconf 87' lang='lat' dir='ltr'><strong>aliquis</strong></span> <span class='ocrx_word' id='word_1_127' title='bbox 3529 451 3829 505; x_wconf 80' lang='lat' dir='ltr'><strong>adulatoria</strong></span> <span class='ocrx_word' id='word_1_128' title='bbox 3859 451 3961 506; x_wconf 78' lang='lat' dir='ltr'><strong>hu-</strong></span> 
     </span>
    </p>
   </div>
   <div class='ocr_carea' id='block_1_19' title="bbox 2355 543 3957 612">
    <p class='ocr_par' dir='ltr' id='par_1_19' title="bbox 2355 543 3957 612">
     <span class='ocr_line' id='line_1_19' title="bbox 2355 543 3957 612; baseline -0.002 -10"><span class='ocrx_word' id='word_1_129' title='bbox 2355 547 2581 602; x_wconf 82' lang='lat' dir='ltr'><strong>militate</strong></span> <span class='ocrx_word' id='word_1_130' title='bbox 2611 547 2886 602; x_wconf 85' lang='lat' dir='ltr'><strong>submittat</strong></span> <span class='ocrx_word' id='word_1_131' title='bbox 2909 564 2921 598; x_wconf 89' lang='lat'>:</span> <span class='ocrx_word' id='word_1_132' title='bbox 2944 555 2996 600; x_wconf 92' lang='lat' dir='ltr'><strong>et</strong></span> <span class='ocrx_word' id='word_1_133' title='bbox 3019 545 3061 598; x_wconf 91' lang='lat' dir='ltr'><strong>si</strong></span> <span class='ocrx_word' id='word_1_134' title='bbox 3087 543 3370 600; x_wconf 86' lang='lat' dir='ltr'><strong>fueritnon</strong></span> <span class='ocrx_word' id='word_1_135' title='bbox 3402 543 3624 606; x_wconf 81' lang='lat' dir='ltr'><strong>factum,</strong></span> <span class='ocrx_word' id='word_1_136' title='bbox 3645 543 3957 612; x_wconf 78' lang='lat' dir='ltr'><strong>despecmn</strong></span> 
     </span>
    </p>
   </div>
   <div class='ocr_carea' id='block_1_20' title="bbox 2354 634 3955 706">
    <p class='ocr_par' dir='ltr' id='par_1_20' title="bbox 2354 634 3955 706">
     <span class='ocr_line' id='line_1_20' title="bbox 2354 634 3955 706; baseline -0.002 -12"><span class='ocrx_word' id='word_1_137' title='bbox 2354 653 2416 694; x_wconf 89' lang='lat' dir='ltr'><strong>se</strong></span> <span class='ocrx_word' id='word_1_138' title='bbox 2459 637 2709 704; x_wconf 83' lang='lat' dir='ltr'><strong>credere,</strong></span> <span class='ocrx_word' id='word_1_139' title='bbox 2741 647 2793 693; x_wconf 84' lang='lat' dir='ltr'><strong>et</strong></span> <span class='ocrx_word' id='word_1_140' title='bbox 2831 638 2898 693; x_wconf 88' lang='lat' dir='ltr'><strong>ab</strong></span> <span class='ocrx_word' id='word_1_141' title='bbox 2927 637 3121 692; x_wconf 91' lang='lat' dir='ltr'><strong>summi</strong></span> <span class='ocrx_word' id='word_1_142' title='bbox 3153 634 3401 691; x_wconf 90' lang='lat' dir='ltr'><strong>culminis</strong></span> <span class='ocrx_word' id='word_1_143' title='bbox 3426 634 3695 691; x_wconf 71' lang='lat' dir='ltr'><strong>decidisse</strong></span> <span class='ocrx_word' id='word_1_144' title='bbox 3727 636 3955 706; x_wconf 80' lang='lat' dir='ltr'><strong>fastigio.</strong></span> 
     </span>
    </p>
   </div>
   <div class='ocr_carea' id='block_1_21' title="bbox 2359 726 3961 800">
    <p class='ocr_par' dir='ltr' id='par_1_21' title="bbox 2359 726 3961 800">
     <span class='ocr_line' id='line_1_21' title="bbox 2359 726 3961 800; baseline -0.001 -16"><span class='ocrx_word' id='word_1_145' title='bbox 2359 730 2601 795; x_wconf 80' lang='lat' dir='ltr'><strong>Puerile,</strong></span> <span class='ocrx_word' id='word_1_146' title='bbox 2644 731 2896 800; x_wconf 89' lang='lat' dir='ltr'><strong>pusillum</strong></span> <span class='ocrx_word' id='word_1_147' title='bbox 2951 738 3068 796; x_wconf 89' lang='lat' dir='ltr'><strong>est,</strong></span> <span class='ocrx_word' id='word_1_148' title='bbox 3115 737 3167 782; x_wconf 92' lang='lat' dir='ltr'><strong>et</strong></span> <span class='ocrx_word' id='word_1_149' title='bbox 3215 728 3384 790; x_wconf 87' lang='lat' dir='ltr'><strong>exile.</strong></span> <span class='ocrx_word' id='word_1_150' title='bbox 3435 728 3522 782; x_wconf 88' lang='lat' dir='ltr'><strong>vix</strong></span> <span class='ocrx_word' id='word_1_151' title='bbox 3552 737 3605 782; x_wconf 89' lang='lat' dir='ltr'><strong>et</strong></span> <span class='ocrx_word' id='word_1_152' title='bbox 3626 726 3736 781; x_wconf 92' lang='lat' dir='ltr'><strong>illis</strong></span> <span class='ocrx_word' id='word_1_153' title='bbox 3765 742 3961 783; x_wconf 88' lang='lat' dir='ltr'><strong>conve-</strong></span> 
     </span>
    </p>
   </div>
   <div class='ocr_carea' id='block_1_22' title="bbox 2360 819 3960 893">
    <p class='ocr_par' dir='ltr' id='par_1_22' title="bbox 2360 819 3960 893">
     <span class='ocr_line' id='line_1_22' title="bbox 2360 819 3960 893; baseline -0.002 -15"><span class='ocrx_word' id='word_1_154' title='bbox 2360 823 2546 885; x_wconf 90' lang='lat' dir='ltr'><strong>niens,</strong></span> <span class='ocrx_word' id='word_1_155' title='bbox 2601 838 2736 893; x_wconf 90' lang='lat' dir='ltr'><strong>quos</strong></span> <span class='ocrx_word' id='word_1_156' title='bbox 2773 822 3088 890; x_wconf 88' lang='lat' dir='ltr'><strong>jamdudum</strong></span> <span class='ocrx_word' id='word_1_157' title='bbox 3134 821 3466 890; x_wconf 76' lang='lat' dir='ltr'><strong>experientia</strong></span> <span class='ocrx_word' id='word_1_158' title='bbox 3514 819 3798 874; x_wconf 89' lang='lat' dir='ltr'><strong>doctorum</strong></span> <span class='ocrx_word' id='word_1_159' title='bbox 3848 822 3960 875; x_wconf 77' lang='lat' dir='ltr'><strong>da:-</strong></span> 
     </span>
    </p>
   </div>
   <div class='ocr_carea' id='block_1_23' title="bbox 2357 912 3960 984">
    <p class='ocr_par' dir='ltr' id='par_1_23' title="bbox 2357 912 3960 984">
     <span class='ocr_line' id='line_1_23' title="bbox 2357 912 3960 984; baseline -0.001 -14"><span class='ocrx_word' id='word_1_160' title='bbox 2357 931 2545 970; x_wconf 79' lang='lat' dir='ltr'><strong>monas</strong></span> <span class='ocrx_word' id='word_1_161' title='bbox 2570 916 2806 984; x_wconf 78' lang='lat' dir='ltr'><strong>appellat</strong></span> <span class='ocrx_word' id='word_1_162' title='bbox 2837 925 2889 970; x_wconf 90' lang='lat' dir='ltr'><strong>et</strong></span> <span class='ocrx_word' id='word_1_163' title='bbox 2919 914 3146 978; x_wconf 89' lang='lat' dir='ltr'><strong>heroas,</strong></span> <span class='ocrx_word' id='word_1_164' title='bbox 3189 927 3297 967; x_wconf 92' lang='lat' dir='ltr'><strong>non</strong></span> <span class='ocrx_word' id='word_1_165' title='bbox 3326 925 3487 966; x_wconf 89' lang='lat' dir='ltr'><strong>nosse</strong></span> <span class='ocrx_word' id='word_1_166' title='bbox 3511 912 3753 967; x_wconf 69' lang='lat' dir='ltr'><strong>caelestia</strong></span> <span class='ocrx_word' id='word_1_167' title='bbox 3776 955 3792 979; x_wconf 92' lang='lat'><strong>,</strong></span> <span class='ocrx_word' id='word_1_168' title='bbox 3823 923 3876 968; x_wconf 89' lang='lat' dir='ltr'><strong>et</strong></span> <span class='ocrx_word' id='word_1_169' title='bbox 3906 914 3960 970; x_wconf 89' lang='lat' dir='ltr'><strong>in</strong></span> 
     </span>
    </p>
   </div>
   <div class='ocr_carea' id='block_1_24' title="bbox 2359 1004 3960 1064">
    <p class='ocr_par' dir='ltr' id='par_1_24' title="bbox 2359 1004 3960 1064">
     <span class='ocr_line' id='line_1_24' title="bbox 2359 1004 3960 1064; baseline 0.001 -3"><span class='ocrx_word' id='word_1_170' title='bbox 2359 1007 2460 1064; x_wconf 91' lang='lat' dir='ltr'><strong>hac</strong></span> <span class='ocrx_word' id='word_1_171' title='bbox 2489 1023 2670 1063; x_wconf 88' lang='lat' dir='ltr'><strong>rerum</strong></span> <span class='ocrx_word' id='word_1_172' title='bbox 2704 1007 2928 1064; x_wconf 85' lang='lat' dir='ltr'><strong>materia</strong></span> <span class='ocrx_word' id='word_1_173' title='bbox 2958 1005 3223 1061; x_wconf 87' lang='lat' dir='ltr'><strong>crassiore</strong></span> <span class='ocrx_word' id='word_1_174' title='bbox 3250 1004 3578 1060; x_wconf 88' lang='lat' dir='ltr'><strong>conditionis</strong></span> <span class='ocrx_word' id='word_1_175' title='bbox 3599 1020 3713 1059; x_wconf 71' lang='lat' dir='ltr'><strong>sua:</strong></span> <span class='ocrx_word' id='word_1_176' title='bbox 3746 1014 3960 1062; x_wconf 78' lang='lat' dir='ltr'><strong>exortes</strong></span> 
     </span>
    </p>
   </div>
   <div class='ocr_carea' id='block_1_25' title="bbox 2360 1101 2587 1155">
    <p class='ocr_par' dir='ltr' id='par_1_25' title="bbox 2360 1101 2587 1155">
     <span class='ocr_line' id='line_1_25' title="bbox 2360 1101 2587 1155; baseline 0 0"><span class='ocrx_word' id='word_1_177' title='bbox 2360 1101 2562 1155; x_wconf 85' lang='lat' dir='ltr'><strong>verSari</strong></span> <span class='ocrx_word' id='word_1_178' title='bbox 2573 1138 2587 1154; x_wconf 96' lang='lat'><strong>.</strong></span> 
     </span>
    </p>
   </div>
   <div class='ocr_carea' id='block_1_26' title="bbox 2431 1190 3960 1262">
    <p class='ocr_par' dir='ltr' id='par_1_26' title="bbox 2431 1190 3960 1262">
     <span class='ocr_line' id='line_1_26' title="bbox 2431 1190 3960 1262; baseline 0 -14"><span class='ocrx_word' id='word_1_179' title='bbox 2431 1192 2622 1249; x_wconf 83' lang='lat' dir='ltr'>XXIV.</span> <span class='ocrx_word' id='word_1_180' title='bbox 2670 1191 2860 1248; x_wconf 83' lang='lat' dir='ltr'><strong>Vestra</strong></span> <span class='ocrx_word' id='word_1_181' title='bbox 2906 1199 3032 1246; x_wconf 89' lang='lat' dir='ltr'><strong>sunt</strong></span> <span class='ocrx_word' id='word_1_182' title='bbox 3078 1190 3230 1258; x_wconf 87' lang='lat' dir='ltr'><strong>haec,</strong></span> <span class='ocrx_word' id='word_1_183' title='bbox 3287 1199 3464 1246; x_wconf 90' lang='lat' dir='ltr'><strong>vestra</strong></span> <span class='ocrx_word' id='word_1_184' title='bbox 3507 1199 3632 1245; x_wconf 90' lang='lat' dir='ltr'><strong>sunt</strong></span> <span class='ocrx_word' id='word_1_185' title='bbox 3658 1191 3960 1262; x_wconf 73' lang='lat' dir='ltr'><strong>irreligioso</strong></span> 
     </span>
    </p>
   </div>
   <div class='ocr_carea' id='block_1_27' title="bbox 2359 1282 3960 1355">
    <p class='ocr_par' dir='ltr' id='par_1_27' title="bbox 2359 1282 3960 1355">
     <span class='ocr_line' id='line_1_27' title="bbox 2359 1282 3960 1355; baseline 0 -15"><span class='ocrx_word' id='word_1_186' title='bbox 2359 1287 2596 1355; x_wconf 91' lang='lat' dir='ltr'><strong>opinata,</strong></span> <span class='ocrx_word' id='word_1_187' title='bbox 2628 1293 2683 1339; x_wconf 90' lang='lat' dir='ltr'><strong>et</strong></span> <span class='ocrx_word' id='word_1_188' title='bbox 2709 1284 3058 1354; x_wconf 89' lang='lat' dir='ltr'><strong>irreligiosius</strong></span> <span class='ocrx_word' id='word_1_189' title='bbox 3083 1282 3310 1338; x_wconf 78' lang='lat' dir='ltr'><strong>credita.</strong></span> <span class='ocrx_word' id='word_1_190' title='bbox 3340 1282 3671 1350; x_wconf 87' lang='lat' dir='ltr'><strong>Quinimmo,</strong></span> <span class='ocrx_word' id='word_1_191' title='bbox 3703 1294 3760 1338; x_wconf 90' lang='lat' dir='ltr'><strong>ut</strong></span> <span class='ocrx_word' id='word_1_192' title='bbox 3785 1284 3960 1340; x_wconf 78' lang='lat' dir='ltr'><strong>verius</strong></span> 
     </span>
    </p>
   </div>
   <div class='ocr_carea' id='block_1_28' title="bbox 2355 1374 3958 1448">
    <p class='ocr_par' dir='ltr' id='par_1_28' title="bbox 2355 1374 3958 1448">
     <span class='ocr_line' id='line_1_28' title="bbox 2355 1374 3958 1448; baseline -0.001 -18"><span class='ocrx_word' id='word_1_193' title='bbox 2355 1378 2665 1448; x_wconf 90' lang='lat' dir='ltr'><strong>proloquar,</strong></span> <span class='ocrx_word' id='word_1_194' title='bbox 2688 1374 3002 1445; x_wconf 84' lang='lat' dir='ltr'><strong>haruspices</strong></span> <span class='ocrx_word' id='word_1_195' title='bbox 3035 1374 3130 1428; x_wconf 89' lang='lat' dir='ltr'><strong>bas</strong></span> <span class='ocrx_word' id='word_1_196' title='bbox 3155 1374 3380 1437; x_wconf 81' lang='lat' dir='ltr'><strong>fabulas,</strong></span> <span class='ocrx_word' id='word_1_197' title='bbox 3399 1374 3759 1442; x_wconf 77' lang='lat' dir='ltr'><strong>conjectures,</strong></span> <span class='ocrx_word' id='word_1_198' title='bbox 3777 1375 3958 1442; x_wconf 86' lang='lat' dir='ltr'><strong>arioli,</strong></span> 
     </span>
    </p>
   </div>
   <div class='ocr_carea' id='block_1_29' title="bbox 2359 1465 3960 1539">
    <p class='ocr_par' dir='ltr' id='par_1_29' title="bbox 2359 1465 3960 1539">
     <span class='ocr_line' id='line_1_29' title="bbox 2359 1465 3960 1539; baseline 0 -16"><span class='ocrx_word' id='word_1_199' title='bbox 2359 1479 2525 1534; x_wconf 81' lang='lat' dir='ltr'><strong>vates,</strong></span> <span class='ocrx_word' id='word_1_200' title='bbox 2551 1476 2608 1523; x_wconf 91' lang='lat' dir='ltr'><strong>et</strong></span> <span class='ocrx_word' id='word_1_201' title='bbox 2645 1482 2934 1539; x_wconf 90' lang='lat' dir='ltr'><strong>numquam</strong></span> <span class='ocrx_word' id='word_1_202' title='bbox 2965 1483 3069 1522; x_wconf 91' lang='lat' dir='ltr'><strong>non</strong></span> <span class='ocrx_word' id='word_1_203' title='bbox 3100 1467 3227 1522; x_wconf 84' lang='lat' dir='ltr'><strong>vani</strong></span> <span class='ocrx_word' id='word_1_204' title='bbox 3253 1467 3645 1522; x_wconf 88' lang='lat' dir='ltr'><strong>concinnavere</strong></span> <span class='ocrx_word' id='word_1_205' title='bbox 3694 1465 3914 1522; x_wconf 84' lang='lat' dir='ltr'><strong>fanatici</strong></span> <span class='ocrx_word' id='word_1_206' title='bbox 3943 1485 3960 1523; x_wconf 88' lang='lat'><strong>:</strong></span> 
     </span>
    </p>
   </div>
   <div class='ocr_carea' id='block_1_30' title="bbox 2361 1562 3964 1634">
    <p class='ocr_par' dir='ltr' id='par_1_30' title="bbox 2361 1562 3964 1634">
     <span class='ocr_line' id='line_1_30' title="bbox 2361 1562 3964 1634; baseline 0 -16"><span class='ocrx_word' id='word_1_207' title='bbox 2361 1565 2449 1634; x_wconf 92' lang='lat' dir='ltr'><strong>qui</strong></span> <span class='ocrx_word' id='word_1_208' title='bbox 2472 1605 2487 1630; x_wconf 94' lang='lat'><strong>,</strong></span> <span class='ocrx_word' id='word_1_209' title='bbox 2519 1579 2585 1618; x_wconf 91' lang='lat' dir='ltr'><strong>ne</strong></span> <span class='ocrx_word' id='word_1_210' title='bbox 2608 1577 2718 1618; x_wconf 77' lang='lat' dir='ltr'><strong>sure</strong></span> <span class='ocrx_word' id='word_1_211' title='bbox 2741 1573 2887 1617; x_wconf 90' lang='lat' dir='ltr'><strong>artes</strong></span> <span class='ocrx_word' id='word_1_212' title='bbox 2907 1563 3193 1625; x_wconf 83' lang='lat' dir='ltr'><strong>intereant,</strong></span> <span class='ocrx_word' id='word_1_213' title='bbox 3217 1575 3281 1617; x_wconf 93' lang='lat' dir='ltr'><strong>ac</strong></span> <span class='ocrx_word' id='word_1_214' title='bbox 3301 1576 3369 1617; x_wconf 91' lang='lat' dir='ltr'><strong>ne</strong></span> <span class='ocrx_word' id='word_1_215' title='bbox 3396 1562 3568 1632; x_wconf 82' lang='lat' dir='ltr'><strong>stipes</strong></span> <span class='ocrx_word' id='word_1_216' title='bbox 3587 1563 3812 1633; x_wconf 65' lang='lat' dir='ltr'><strong>exiguas</strong></span> <span class='ocrx_word' id='word_1_217' title='bbox 3835 1579 3964 1619; x_wconf 89' lang='lat' dir='ltr'><strong>con-</strong></span> 
     </span>
    </p>
   </div>
   <div class='ocr_carea' id='block_1_31' title="bbox 651 1645 3964 1728">
    <p class='ocr_par' dir='ltr' id='par_1_31' title="bbox 651 1645 3964 1728">
     <span class='ocr_line' id='line_1_31' title="bbox 651 1645 3964 1728; baseline 0.001 -18"><span class='ocrx_word' id='word_1_218' title='bbox 651 1665 734 1710; x_wconf 87' lang='lat' dir='ltr'><strong>cst</strong></span> <span class='ocrx_word' id='word_1_219' title='bbox 764 1654 1018 1725; x_wconf 89' lang='lat' dir='ltr'><strong>impium,</strong></span> <span class='ocrx_word' id='word_1_220' title='bbox 1047 1664 1103 1711; x_wconf 92' lang='lat' dir='ltr'><strong>et</strong></span> <span class='ocrx_word' id='word_1_221' title='bbox 1131 1654 1411 1726; x_wconf 90' lang='lat' dir='ltr'><strong>sacrilegia</strong></span> <span class='ocrx_word' id='word_1_222' title='bbox 1464 1663 1655 1711; x_wconf 87' lang='lat' dir='ltr'><strong>cuncta</strong></span> <span class='ocrx_word' id='word_1_223' title='bbox 1709 1658 2097 1714; x_wconf 89' lang='lat' dir='ltr'><strong>trauscendcns</strong></span> <span class='ocrx_word' id='word_1_224' title='bbox 2116 1703 2130 1727; x_wconf 96' lang='lat'><strong>,</strong></span> <span class='ocrx_word' id='word_1_225' title='bbox 2159 1673 2250 1713; x_wconf 89' lang='lat' dir='ltr'><strong>sa-</strong></span> <span class='ocrx_word' id='word_1_226' title='bbox 2279 1645 2328 1707; x_wconf 88' lang='lat' dir='ltr'><strong>B</strong></span> <span class='ocrx_word' id='word_1_227' title='bbox 2357 1657 2648 1712; x_wconf 88' lang='lat' dir='ltr'><strong>sultoribus</strong></span> <span class='ocrx_word' id='word_1_228' title='bbox 2699 1657 2974 1712; x_wconf 82' lang='lat' dir='ltr'><strong>excutiant</strong></span> <span class='ocrx_word' id='word_1_229' title='bbox 3017 1657 3127 1728; x_wconf 87' lang='lat' dir='ltr'><strong>jam</strong></span> <span class='ocrx_word' id='word_1_230' title='bbox 3178 1657 3346 1724; x_wconf 88' lang='lat' dir='ltr'><strong>raris,</strong></span> <span class='ocrx_word' id='word_1_231' title='bbox 3379 1655 3428 1714; x_wconf 88' lang='lat' dir='ltr'><strong>si</strong></span> <span class='ocrx_word' id='word_1_232' title='bbox 3458 1657 3674 1728; x_wconf 86' lang='lat' dir='ltr'><strong>quando</strong></span> <span class='ocrx_word' id='word_1_233' title='bbox 3699 1672 3796 1713; x_wconf 87' lang='lat' dir='ltr'><strong>vos</strong></span> <span class='ocrx_word' id='word_1_234' title='bbox 3825 1658 3964 1715; x_wconf 84' lang='lat' dir='ltr'><strong>velle</strong></span> 
     </span>
    </p>
   </div>
   <div class='ocr_carea' id='block_1_32' title="bbox 2039 1793 2598 1852">
    <p class='ocr_par' dir='ltr' id='par_1_32' title="bbox 2039 1793 2598 1852">
     <span class='ocr_line' id='line_1_32' title="bbox 2039 1793 2598 1852; baseline -0.005 0"><span class='ocrx_word' id='word_1_235' title='bbox 2039 1793 2598 1852; x_wconf 81' lang='lat' dir='ltr'><strong>COMMENTARIUS.</strong></span> 
     </span>
    </p>
   </div>
   <div class='ocr_carea' id='block_1_33' title="bbox 653 1931 2243 2006">
    <p class='ocr_par' dir='ltr' id='par_1_33' title="bbox 653 1931 2243 2006">
     <span class='ocr_line' id='line_1_33' title="bbox 653 1931 2243 2006; baseline 0 -20"><span class='ocrx_word' id='word_1_236' title='bbox 653 1943 853 2006; x_wconf 86' lang='lat' dir='ltr'><strong>repente</strong></span> <span class='ocrx_word' id='word_1_237' title='bbox 879 1934 1086 1988; x_wconf 88' lang='lat' dir='ltr'><strong>mutari.</strong></span> <span class='ocrx_word' id='word_1_238' title='bbox 1124 1933 1308 2006; x_wconf 84' lang='lat' dir='ltr'><strong>Pomm</strong></span> <span class='ocrx_word' id='word_1_239' title='bbox 1327 1975 1340 1997; x_wconf 98' lang='lat'><strong>,</strong></span> <span class='ocrx_word' id='word_1_240' title='bbox 1369 1931 1510 2002; x_wconf 90' lang='lat' dir='ltr'><strong>quod</strong></span> <span class='ocrx_word' id='word_1_241' title='bbox 1546 1947 1643 2006; x_wconf 80' lang='lat' dir='ltr'><strong>pro</strong></span> <span class='ocrx_word' id='word_1_242' title='bbox 1667 1932 1856 2006; x_wconf 75' lang='lat' dir='ltr'><strong>vitiosa</strong></span> <span class='ocrx_word' id='word_1_243' title='bbox 1888 1932 2118 2006; x_wconf 78' lang='lat' dir='ltr'><strong>lectione</strong></span> <span class='ocrx_word' id='word_1_244' title='bbox 2149 1948 2243 1986; x_wconf 91' lang='lat' dir='ltr'><strong>an-</strong></span> 
     </span>
    </p>
   </div>
   <div class='ocr_carea' id='block_1_34' title="bbox 651 2003 2242 2076">
    <p class='ocr_par' dir='ltr' id='par_1_34' title="bbox 651 2003 2242 2076">
     <span class='ocr_line' id='line_1_34' title="bbox 651 2003 2242 2076; baseline 0 -18"><span class='ocrx_word' id='word_1_245' title='bbox 651 2003 792 2076; x_wconf 86' lang='lat' dir='ltr'><strong>tiqua</strong></span> <span class='ocrx_word' id='word_1_246' title='bbox 824 2016 946 2076; x_wconf 87' lang='lat' dir='ltr'><strong>potu</strong></span> <span class='ocrx_word' id='word_1_247' title='bbox 978 2007 1215 2059; x_wconf 86' lang='lat' dir='ltr'><strong>restituit</strong></span> <span class='ocrx_word' id='word_1_248' title='bbox 1245 2005 1532 2064; x_wconf 87' lang='lat' dir='ltr'><strong>Gelenius.</strong></span> <span class='ocrx_word' id='word_1_249' title='bbox 1562 2003 1739 2076; x_wconf 79' lang='lat' dir='ltr'><strong>editor</strong></span> <span class='ocrx_word' id='word_1_250' title='bbox 1765 2003 1935 2076; x_wconf 81' lang='lat' dir='ltr'><strong>Lugd.</strong></span> <span class='ocrx_word' id='word_1_251' title='bbox 1975 2003 2092 2058; x_wconf 83' lang='lat' dir='ltr'><strong>Bat.</strong></span> <span class='ocrx_word' id='word_1_252' title='bbox 2127 2019 2242 2058; x_wconf 86' lang='lat' dir='ltr'><strong>mu-</strong></span> 
     </span>
    </p>
   </div>
   <div class='ocr_carea' id='block_1_35' title="bbox 653 2075 2238 2147">
    <p class='ocr_par' dir='ltr' id='par_1_35' title="bbox 653 2075 2238 2147">
     <span class='ocr_line' id='line_1_35' title="bbox 653 2075 2238 2147; baseline -0.001 -17"><span class='ocrx_word' id='word_1_253' title='bbox 653 2075 781 2130; x_wconf 87' lang='lat' dir='ltr'><strong>tavit</strong></span> <span class='ocrx_word' id='word_1_254' title='bbox 810 2075 862 2130; x_wconf 89' lang='lat' dir='ltr'><strong>in</strong></span> <span class='ocrx_word' id='word_1_255' title='bbox 895 2077 1136 2147; x_wconf 86' lang='lat' dir='ltr'><strong>positum,</strong></span> <span class='ocrx_word' id='word_1_256' title='bbox 1175 2091 1276 2144; x_wconf 87' lang='lat' dir='ltr'><strong>qua</strong></span> <span class='ocrx_word' id='word_1_257' title='bbox 1303 2090 1485 2147; x_wconf 85' lang='lat' dir='ltr'><strong>causa,</strong></span> <span class='ocrx_word' id='word_1_258' title='bbox 1521 2075 1836 2147; x_wconf 75' lang='lat' dir='ltr'><strong>non_vidco.</strong></span> <span class='ocrx_word' id='word_1_259' title='bbox 1870 2075 2069 2147; x_wconf 81' lang='lat' dir='ltr'><strong>Acoris,</strong></span> <span class='ocrx_word' id='word_1_260' title='bbox 2100 2075 2238 2130; x_wconf 88' lang='lat' dir='ltr'><strong>idem</strong></span> 
     </span>
    </p>
   </div>
   <div class='ocr_carea' id='block_1_36' title="bbox 650 2145 2238 2217">
    <p class='ocr_par' dir='ltr' id='par_1_36' title="bbox 650 2145 2238 2217">
     <span class='ocr_line' id='line_1_36' title="bbox 650 2145 2238 2217; baseline 0 -17"><span class='ocrx_word' id='word_1_261' title='bbox 650 2147 790 2212; x_wconf 88' lang='lat' dir='ltr'><strong>quod</strong></span> <span class='ocrx_word' id='word_1_262' title='bbox 816 2145 975 2211; x_wconf 80' lang='lat' dir='ltr'><strong>aceti,</strong></span> <span class='ocrx_word' id='word_1_263' title='bbox 1004 2148 1272 2217; x_wconf 81' lang='lat' dir='ltr'><strong>perﬁdiam</strong></span> <span class='ocrx_word' id='word_1_264' title='bbox 1297 2146 1573 2217; x_wconf 72' lang='lat' dir='ltr'><strong>eleganter</strong></span> <span class='ocrx_word' id='word_1_265' title='bbox 1598 2145 1731 2217; x_wconf 72' lang='lat' dir='ltr'><strong>dixit</strong></span> <span class='ocrx_word' id='word_1_266' title='bbox 1758 2146 2048 2209; x_wconf 87' lang='lat' dir='ltr'><strong>Arnobius,</strong></span> <span class='ocrx_word' id='word_1_267' title='bbox 2081 2148 2238 2215; x_wconf 80' lang='lat' dir='ltr'><strong>perﬁ-</strong></span> 
     </span>
    </p>
   </div>
   <div class='ocr_carea' id='block_1_37' title="bbox 649 2215 2238 2287">
    <p class='ocr_par' dir='ltr' id='par_1_37' title="bbox 649 2215 2238 2287">
     <span class='ocr_line' id='line_1_37' title="bbox 649 2215 2238 2287; baseline 0.001 -17"><span class='ocrx_word' id='word_1_268' title='bbox 649 2219 745 2271; x_wconf 87' lang='lat' dir='ltr'><strong>dus</strong></span> <span class='ocrx_word' id='word_1_269' title='bbox 771 2219 914 2272; x_wconf 88' lang='lat' dir='ltr'><strong>enim</strong></span> <span class='ocrx_word' id='word_1_270' title='bbox 947 2215 1014 2272; x_wconf 78' lang='lat' dir='ltr'><strong>et</strong></span> <span class='ocrx_word' id='word_1_271' title='bbox 1033 2218 1248 2287; x_wconf 79' lang='lat' dir='ltr'><strong>perﬁdia</strong></span> <span class='ocrx_word' id='word_1_272' title='bbox 1276 2216 1472 2270; x_wconf 90' lang='lat' dir='ltr'><strong>dicitur</strong></span> <span class='ocrx_word' id='word_1_273' title='bbox 1498 2233 1585 2283; x_wconf 86' lang='lat' dir='ltr'><strong>ap.</strong></span> <span class='ocrx_word' id='word_1_274' title='bbox 1621 2215 1839 2270; x_wconf 89' lang='lat' dir='ltr'><strong>Latinos</strong></span> <span class='ocrx_word' id='word_1_275' title='bbox 1878 2219 2144 2284; x_wconf 82' lang='lat' dir='ltr'><strong>exquisite</strong></span> <span class='ocrx_word' id='word_1_276' title='bbox 2170 2217 2238 2272; x_wconf 87' lang='lat' dir='ltr'><strong>de</strong></span> 
     </span>
    </p>
   </div>
   <div class='ocr_carea' id='block_1_38' title="bbox 649 2288 2236 2357">
    <p class='ocr_par' dir='ltr' id='par_1_38' title="bbox 649 2288 2236 2357">
     <span class='ocr_line' id='line_1_38' title="bbox 649 2288 2236 2357; baseline 0 -15"><span class='ocrx_word' id='word_1_277' title='bbox 649 2289 784 2342; x_wconf 88' lang='lat' dir='ltr'><strong>cibis</strong></span> <span class='ocrx_word' id='word_1_278' title='bbox 813 2289 974 2343; x_wconf 89' lang='lat' dir='ltr'><strong>etiam</strong></span> <span class='ocrx_word' id='word_1_279' title='bbox 1006 2301 1059 2343; x_wconf 90' lang='lat' dir='ltr'><strong>et</strong></span> <span class='ocrx_word' id='word_1_280' title='bbox 1095 2289 1432 2356; x_wconf 85' lang='lat' dir='ltr'><strong>potionibus,</strong></span> <span class='ocrx_word' id='word_1_281' title='bbox 1465 2301 1587 2356; x_wconf 58' lang='lat' dir='ltr'><strong>quae</strong></span> <span class='ocrx_word' id='word_1_282' title='bbox 1617 2303 1766 2355; x_wconf 87' lang='lat' dir='ltr'><strong>spem</strong></span> <span class='ocrx_word' id='word_1_283' title='bbox 1797 2289 2061 2357; x_wconf 89' lang='lat' dir='ltr'><strong>gustantis</strong></span> <span class='ocrx_word' id='word_1_284' title='bbox 2088 2288 2236 2342; x_wconf 80' lang='lat' dir='ltr'><strong>frus-</strong></span> 
     </span>
    </p>
   </div>
   <div class='ocr_carea' id='block_1_39' title="bbox 652 2357 2248 2429">
    <p class='ocr_par' dir='ltr' id='par_1_39' title="bbox 652 2357 2248 2429">
     <span class='ocr_line' id='line_1_39' title="bbox 652 2357 2248 2429; baseline 0 -16"><span class='ocrx_word' id='word_1_285' title='bbox 652 2368 881 2413; x_wconf 88' lang='lat' dir='ltr'><strong>trantur.</strong></span> <span class='ocrx_word' id='word_1_286' title='bbox 907 2357 982 2412; x_wconf 86' lang='lat' dir='ltr'><strong>Ita</strong></span> <span class='ocrx_word' id='word_1_287' title='bbox 1023 2359 1275 2414; x_wconf 85' lang='lat' dir='ltr'><strong>Martialis</strong></span> <span class='ocrx_word' id='word_1_288' title='bbox 1297 2359 1391 2414; x_wconf 93' lang='lat' dir='ltr'><strong>lib.</strong></span> <span class='ocrx_word' id='word_1_289' title='bbox 1419 2373 1493 2413; x_wconf 82' lang='lat' dir='ltr'><strong>xu</strong></span> <span class='ocrx_word' id='word_1_290' title='bbox 1515 2398 1530 2426; x_wconf 86' lang='lat'><strong>,</strong></span> <span class='ocrx_word' id='word_1_291' title='bbox 1564 2360 1705 2428; x_wconf 80' lang='lat' dir='ltr'><strong>epig.</strong></span> <span class='ocrx_word' id='word_1_292' title='bbox 1731 2359 1822 2425; x_wconf 70' lang='lat'><strong>48,</strong></span> <span class='ocrx_word' id='word_1_293' title='bbox 1849 2358 1938 2429; x_wconf 86' lang='lat' dir='ltr'><strong>qui</strong></span> <span class='ocrx_word' id='word_1_294' title='bbox 1968 2359 2123 2414; x_wconf 87' lang='lat' dir='ltr'><strong>locus</strong></span> <span class='ocrx_word' id='word_1_295' title='bbox 2151 2374 2248 2414; x_wconf 91' lang='lat' dir='ltr'><strong>no-</strong></span> 
     </span>
    </p>
   </div>
   <div class='ocr_carea' id='block_1_40' title="bbox 650 2430 1134 2485">
    <p class='ocr_par' dir='ltr' id='par_1_40' title="bbox 650 2430 1134 2485">
     <span class='ocr_line' id='line_1_40' title="bbox 650 2430 1134 2485; baseline -0.002 0"><span class='ocrx_word' id='word_1_296' title='bbox 650 2441 762 2485; x_wconf 89' lang='lat' dir='ltr'><strong>stro</strong></span> <span class='ocrx_word' id='word_1_297' title='bbox 789 2430 1094 2485; x_wconf 90' lang='lat' dir='ltr'><strong>simillimus</strong></span> <span class='ocrx_word' id='word_1_298' title='bbox 1121 2448 1134 2484; x_wconf 91' lang='lat'><strong>:</strong></span> 
     </span>
    </p>
   </div>
   <div class='ocr_carea' id='block_1_41' title="bbox 772 2521 1972 2584">
    <p class='ocr_par' dir='ltr' id='par_1_41' title="bbox 772 2521 1972 2584">
     <span class='ocr_line' id='line_1_41' title="bbox 772 2521 1972 2584; baseline 0.002 -13"><span class='ocrx_word' id='word_1_299' title='bbox 772 2521 991 2584; x_wconf 83' lang='lat' dir='ltr'><strong>Imputet</strong></span> <span class='ocrx_word' id='word_1_300' title='bbox 1015 2524 1120 2584; x_wconf 85' lang='lat' dir='ltr'><strong>ipse</strong></span> <span class='ocrx_word' id='word_1_301' title='bbox 1145 2522 1285 2573; x_wconf 91' lang='lat' dir='ltr'><strong>Deus</strong></span> <span class='ocrx_word' id='word_1_302' title='bbox 1309 2527 1479 2573; x_wconf 90' lang='lat' dir='ltr'><strong>nectar</strong></span> <span class='ocrx_word' id='word_1_303' title='bbox 1505 2522 1641 2584; x_wconf 87' lang='lat' dir='ltr'><strong>mihi,</strong></span> <span class='ocrx_word' id='word_1_304' title='bbox 1667 2523 1753 2573; x_wconf 83' lang='lat' dir='ltr'><strong>(iet</strong></span> <span class='ocrx_word' id='word_1_305' title='bbox 1777 2530 1972 2574; x_wconf 88' lang='lat' dir='ltr'><strong>acetum</strong></span> 
     </span>
    </p>
   </div>
   <div class='ocr_carea' id='block_1_42' title="bbox 901 2585 1754 2649">
    <p class='ocr_par' dir='ltr' id='par_1_42' title="bbox 901 2585 1754 2649">
     <span class='ocr_line' id='line_1_42' title="bbox 901 2585 1754 2649; baseline -0.001 -14"><span class='ocrx_word' id='word_1_306' title='bbox 901 2585 964 2635; x_wconf 81' lang='lat' dir='ltr'><strong>Et</strong></span> <span class='ocrx_word' id='word_1_307' title='bbox 985 2585 1204 2636; x_wconf 84' lang='lat' dir='ltr'><strong>Vaticani</strong></span> <span class='ocrx_word' id='word_1_308' title='bbox 1232 2587 1430 2648; x_wconf 87' lang='lat' dir='ltr'><strong>persida</strong></span> <span class='ocrx_word' id='word_1_309' title='bbox 1451 2597 1602 2649; x_wconf 86' lang='lat' dir='ltr'><strong>vappa</strong></span> <span class='ocrx_word' id='word_1_310' title='bbox 1628 2587 1754 2636; x_wconf 89' lang='lat' dir='ltr'><strong>cadi.</strong></span> 
     </span>
    </p>
   </div>
   <div class='ocr_carea' id='block_1_43' title="bbox 651 2665 2238 2738">
    <p class='ocr_par' dir='ltr' id='par_1_43' title="bbox 651 2665 2238 2738">
     <span class='ocr_line' id='line_1_43' title="bbox 651 2665 2238 2738; baseline 0.002 -15"><span class='ocrx_word' id='word_1_311' title='bbox 651 2665 856 2725; x_wconf 78' lang='lat' dir='ltr'><strong>Eodem</strong></span> <span class='ocrx_word' id='word_1_312' title='bbox 900 2684 1061 2724; x_wconf 85' lang='lat' dir='ltr'><strong>sensu</strong></span> <span class='ocrx_word' id='word_1_313' title='bbox 1105 2668 1328 2738; x_wconf 86' lang='lat' dir='ltr'><strong>nequitia</strong></span> <span class='ocrx_word' id='word_1_314' title='bbox 1368 2685 1455 2738; x_wconf 87' lang='lat' dir='ltr'><strong>ap.</strong></span> <span class='ocrx_word' id='word_1_315' title='bbox 1490 2669 1654 2731; x_wconf 85' lang='lat' dir='ltr'><strong>Plin..</strong></span> <span class='ocrx_word' id='word_1_316' title='bbox 1688 2669 1823 2724; x_wconf 87' lang='lat' dir='ltr'><strong>Hist.</strong></span> <span class='ocrx_word' id='word_1_317' title='bbox 1855 2669 1973 2724; x_wconf 84' lang='lat' dir='ltr'><strong>Nat.</strong></span> <span class='ocrx_word' id='word_1_318' title='bbox 2008 2686 2116 2737; x_wconf 79' lang='lat' dir='ltr'><strong>xw,</strong></span> <span class='ocrx_word' id='word_1_319' title='bbox 2147 2671 2238 2738; x_wconf 72' lang='lat'><strong>20,</strong></span> 
     </span>
    </p>
   </div>
   <div class='ocr_carea' id='block_1_44' title="bbox 649 2741 2241 2811">
    <p class='ocr_par' dir='ltr' id='par_1_44' title="bbox 649 2741 2241 2811">
     <span class='ocr_line' id='line_1_44' title="bbox 649 2741 2241 2811; baseline 0.001 -17"><span class='ocrx_word' id='word_1_320' title='bbox 649 2742 776 2794; x_wconf 83' lang='lat' dir='ltr'><strong>aceti</strong></span> <span class='ocrx_word' id='word_1_321' title='bbox 805 2741 1041 2808; x_wconf 71' lang='lat' dir='ltr'><strong>nequitiae</strong></span> <span class='ocrx_word' id='word_1_322' title='bbox 1068 2742 1196 2795; x_wconf 88' lang='lat' dir='ltr'><strong>inest</strong></span> <span class='ocrx_word' id='word_1_323' title='bbox 1224 2741 1480 2811; x_wconf 78' lang='lat' dir='ltr'><strong>virtusad</strong></span> <span class='ocrx_word' id='word_1_324' title='bbox 1519 2757 1730 2811; x_wconf 87' lang='lat' dir='ltr'><strong>magnos</strong></span> <span class='ocrx_word' id='word_1_325' title='bbox 1760 2757 1898 2795; x_wconf 83' lang='lat' dir='ltr'><strong>usus.</strong></span> <span class='ocrx_word' id='word_1_326' title='bbox 1930 2741 2013 2796; x_wconf 85' lang='lat' dir='ltr'><strong>Cl.</strong></span> <span class='ocrx_word' id='word_1_327' title='bbox 2049 2742 2109 2795; x_wconf 85' lang='lat' dir='ltr'><strong>N.</strong></span> <span class='ocrx_word' id='word_1_328' title='bbox 2147 2743 2241 2796; x_wconf 80' lang='lat' dir='ltr'><strong>Ri-</strong></span> 
     </span>
    </p>
   </div>
   <div class='ocr_carea' id='block_1_45' title="bbox 647 2810 2240 2883">
    <p class='ocr_par' dir='ltr' id='par_1_45' title="bbox 647 2810 2240 2883">
     <span class='ocr_line' id='line_1_45' title="bbox 647 2810 2240 2883; baseline 0.003 -20"><span class='ocrx_word' id='word_1_329' title='bbox 647 2813 865 2882; x_wconf 77' lang='lat' dir='ltr'><strong>galtium</strong></span> <span class='ocrx_word' id='word_1_330' title='bbox 909 2812 975 2866; x_wconf 88' lang='lat' dir='ltr'><strong>ad</strong></span> <span class='ocrx_word' id='word_1_331' title='bbox 1016 2811 1342 2883; x_wconf 68' lang='lat' dir='ltr'><strong>Artemitlur.</strong></span> <span class='ocrx_word' id='word_1_332' title='bbox 1387 2810 1735 2877; x_wconf 77' lang='lat' dir='ltr'><strong>Oneirocrit.,</strong></span> <span class='ocrx_word' id='word_1_333' title='bbox 1780 2811 1874 2865; x_wconf 90' lang='lat' dir='ltr'><strong>lib.</strong></span> <span class='ocrx_word' id='word_1_334' title='bbox 1921 2828 1966 2878; x_wconf 86' lang='lat' dir='ltr'><strong>I,</strong></span> <span class='ocrx_word' id='word_1_335' title='bbox 1994 2828 2115 2883; x_wconf 86' lang='lat' dir='ltr'><strong>pag.</strong></span> <span class='ocrx_word' id='word_1_336' title='bbox 2147 2814 2240 2881; x_wconf 76' lang='grc'><strong>45,</strong></span> 
     </span>
    </p>
   </div>
   <div class='ocr_carea' id='block_1_46' title="bbox 651 2882 1392 2938">
    <p class='ocr_par' dir='ltr' id='par_1_46' title="bbox 651 2882 1392 2938">
     <span class='ocr_line' id='line_1_46' title="bbox 651 2882 1392 2938; baseline -0.001 -2"><span class='ocrx_word' id='word_1_337' title='bbox 651 2883 758 2937; x_wconf 87' lang='lat' dir='ltr'><strong>vol.</strong></span> <span class='ocrx_word' id='word_1_338' title='bbox 787 2898 822 2936; x_wconf 96' lang='grc' dir='ltr'><strong>ιι</strong></span> <span class='ocrx_word' id='word_1_339' title='bbox 877 2883 964 2938; x_wconf 90' lang='lat' dir='ltr'><strong>ed.</strong></span> <span class='ocrx_word' id='word_1_340' title='bbox 1001 2882 1156 2938; x_wconf 63' lang='lat' dir='ltr'><strong>liciti.</strong></span> <span class='ocrx_word' id='word_1_341' title='bbox 1185 2883 1392 2938; x_wconf 74' lang='lat' dir='ltr'><strong>ORELL.</strong></span> 
     </span>
    </p>
   </div>
   <div class='ocr_carea' id='block_1_47' title="bbox 724 2951 2243 3024">
    <p class='ocr_par' dir='ltr' id='par_1_47' title="bbox 724 2951 2243 3024">
     <span class='ocr_line' id='line_1_47' title="bbox 724 2951 2243 3024; baseline 0.001 -16"><span class='ocrx_word' id='word_1_342' title='bbox 724 2953 886 3009; x_wconf 76' lang='lat' dir='ltr'>XXII.</span> <span class='ocrx_word' id='word_1_343' title='bbox 917 2983 988 2996; x_wconf 90' lang='lat'><strong>——</strong></span> <span class='ocrx_word' id='word_1_344' title='bbox 1015 2952 1195 3024; x_wconf 81' lang='lat' dir='ltr'><strong>Neque</strong></span> <span class='ocrx_word' id='word_1_345' title='bbox 1249 2954 1317 3007; x_wconf 86' lang='lat' dir='ltr'><strong>ad</strong></span> <span class='ocrx_word' id='word_1_346' title='bbox 1349 2969 1433 3006; x_wconf 85' lang='lat' dir='ltr'><strong>vos</strong></span> <span class='ocrx_word' id='word_1_347' title='bbox 1464 2953 1757 3022; x_wconf 82' lang='lat' dir='ltr'><strong>plurimum.</strong></span> <span class='ocrx_word' id='word_1_348' title='bbox 1807 2951 2100 3008; x_wconf 79' lang='lat' dir='ltr'><strong>Plurimum</strong></span> <span class='ocrx_word' id='word_1_349' title='bbox 2146 2969 2243 3024; x_wconf 89' lang='lat' dir='ltr'><strong>pro</strong></span> 
     </span>
    </p>
   </div>
   <div class='ocr_carea' id='block_1_48' title="bbox 651 3024 2248 3098">
    <p class='ocr_par' dir='ltr' id='par_1_48' title="bbox 651 3024 2248 3098">
     <span class='ocr_line' id='line_1_48' title="bbox 651 3024 2248 3098; baseline 0.001 -19"><span class='ocrx_word' id='word_1_350' title='bbox 651 3025 792 3096; x_wconf 86' lang='lat' dir='ltr'><strong>plus.</strong></span> <span class='ocrx_word' id='word_1_351' title='bbox 825 3027 939 3098; x_wconf 74' lang='lat' dir='ltr'><strong>Sic</strong></span> <span class='ocrx_word' id='word_1_352' title='bbox 996 3024 1129 3079; x_wconf 78' lang='lat' dir='ltr'><strong>iul‘ra</strong></span> <span class='ocrx_word' id='word_1_353' title='bbox 1188 3025 1280 3078; x_wconf 86' lang='lat' dir='ltr'><strong>lib.</strong></span> <span class='ocrx_word' id='word_1_354' title='bbox 1335 3040 1393 3088; x_wconf 88' lang='grc' dir='ltr'>ιι,</span> <span class='ocrx_word' id='word_1_355' title='bbox 1427 3039 1561 3098; x_wconf 60' lang='lat' dir='ltr'><strong>cap.</strong></span> <span class='ocrx_word' id='word_1_356' title='bbox 1600 3026 1689 3090; x_wconf 78' lang='lat' dir='ltr'><strong>il,</strong></span> <span class='ocrx_word' id='word_1_357' title='bbox 1729 3025 1864 3098; x_wconf 77' lang='lat' dir='ltr'><strong>init:</strong></span> <span class='ocrx_word' id='word_1_358' title='bbox 1915 3024 1979 3098; x_wconf 81' lang='lat' dir='ltr'><strong>Et</strong></span> <span class='ocrx_word' id='word_1_359' title='bbox 2015 3029 2139 3098; x_wconf 86' lang='lat' dir='ltr'><strong>quid</strong></span> <span class='ocrx_word' id='word_1_360' title='bbox 2175 3036 2248 3080; x_wconf 87' lang='lat' dir='ltr'><strong>est</strong></span> 
     </span>
    </p>
   </div>
   <div class='ocr_carea' id='block_1_49' title="bbox 646 3095 2247 3166">
    <p class='ocr_par' dir='ltr' id='par_1_49' title="bbox 646 3095 2247 3166">
     <span class='ocr_line' id='line_1_49' title="bbox 646 3095 2247 3166; baseline 0.002 -17"><span class='ocrx_word' id='word_1_361' title='bbox 646 3098 781 3166; x_wconf 86' lang='lat' dir='ltr'><strong>quod</strong></span> <span class='ocrx_word' id='word_1_362' title='bbox 816 3096 870 3151; x_wconf 84' lang='lat' dir='ltr'><strong>in</strong></span> <span class='ocrx_word' id='word_1_363' title='bbox 898 3097 997 3151; x_wconf 82' lang='lat' dir='ltr'><strong>hac</strong></span> <span class='ocrx_word' id='word_1_364' title='bbox 1027 3104 1169 3166; x_wconf 89' lang='lat' dir='ltr'><strong>parte</strong></span> <span class='ocrx_word' id='word_1_365' title='bbox 1195 3106 1284 3150; x_wconf 87' lang='lat' dir='ltr'><strong>aut</strong></span> <span class='ocrx_word' id='word_1_366' title='bbox 1313 3110 1398 3148; x_wconf 83' lang='lat' dir='ltr'><strong>ros</strong></span> <span class='ocrx_word' id='word_1_367' title='bbox 1428 3095 1705 3162; x_wconf 85' lang='lat' dir='ltr'><strong>plurimum</strong></span> <span class='ocrx_word' id='word_1_368' title='bbox 1759 3095 1986 3149; x_wconf 76' lang='lat' dir='ltr'><strong>habeatis</strong></span> <span class='ocrx_word' id='word_1_369' title='bbox 2025 3095 2114 3152; x_wconf 83' lang='lat' dir='ltr'><strong>aut</strong></span> <span class='ocrx_word' id='word_1_370' title='bbox 2155 3114 2247 3152; x_wconf 89' lang='lat' dir='ltr'><strong>nos</strong></span> 
     </span>
    </p>
   </div>
   <div class='ocr_carea' id='block_1_50' title="bbox 650 3166 2245 3240">
    <p class='ocr_par' dir='ltr' id='par_1_50' title="bbox 650 3166 2245 3240">
     <span class='ocr_line' id='line_1_50' title="bbox 650 3166 2245 3240; baseline 0.003 -21"><span class='ocrx_word' id='word_1_371' title='bbox 650 3167 1038 3240; x_wconf 80' lang='lat' dir='ltr'><strong>minus?_Vide</strong></span> <span class='ocrx_word' id='word_1_372' title='bbox 1101 3167 1504 3221; x_wconf 88' lang='lat' dir='ltr'><strong>annotationem</strong></span> <span class='ocrx_word' id='word_1_373' title='bbox 1579 3166 1798 3221; x_wconf 83' lang='lat' dir='ltr'><strong>Heraldi</strong></span> <span class='ocrx_word' id='word_1_374' title='bbox 1850 3168 1915 3222; x_wconf 86' lang='lat' dir='ltr'><strong>ad</strong></span> <span class='ocrx_word' id='word_1_375' title='bbox 1963 3169 2245 3240; x_wconf 87' lang='lat' dir='ltr'><strong>sequentia</strong></span> 
     </span>
    </p>
   </div>
   <div class='ocr_carea' id='block_1_51' title="bbox 649 3236 1242 3310">
    <p class='ocr_par' dir='ltr' id='par_1_51' title="bbox 649 3236 1242 3310">
     <span class='ocr_line' id='line_1_51' title="bbox 649 3236 1242 3310; baseline 0.003 -20"><span class='ocrx_word' id='word_1_376' title='bbox 649 3238 828 3293; x_wconf 82' lang='lat' dir='ltr'><strong>verba.</strong></span> <span class='ocrx_word' id='word_1_377' title='bbox 860 3236 1063 3294; x_wconf 79' lang='lat' dir='ltr'><strong>ORELL.</strong></span> <span class='ocrx_word' id='word_1_378' title='bbox 1207 3303 1242 3310; x_wconf 30' lang='grc' dir='ltr'><em>Α</em></span> 
     </span>
    </p>
   </div>
   <div class='ocr_carea' id='block_1_52' title="bbox 723 3307 2245 3379">
    <p class='ocr_par' dir='ltr' id='par_1_52' title="bbox 723 3307 2245 3379">
     <span class='ocr_line' id='line_1_52' title="bbox 723 3307 2245 3379; baseline 0.005 -20"><span class='ocrx_word' id='word_1_379' title='bbox 723 3311 862 3376; x_wconf 88' lang='lat' dir='ltr'><strong>Quos</strong></span> <span class='ocrx_word' id='word_1_380' title='bbox 887 3311 939 3363; x_wconf 82' lang='lat' dir='ltr'><strong>in</strong></span> <span class='ocrx_word' id='word_1_381' title='bbox 966 3311 1113 3364; x_wconf 88' lang='lat' dir='ltr'><strong>rebus</strong></span> <span class='ocrx_word' id='word_1_382' title='bbox 1153 3307 1455 3362; x_wconf 83' lang='lat' dir='ltr'><strong>tristissimis</strong></span> <span class='ocrx_word' id='word_1_383' title='bbox 1481 3316 1632 3379; x_wconf 88' lang='lat' dir='ltr'><strong>atque</strong></span> <span class='ocrx_word' id='word_1_384' title='bbox 1659 3309 1812 3363; x_wconf 74' lang='lat' dir='ltr'><strong>(retis.</strong></span> <span class='ocrx_word' id='word_1_385' title='bbox 1861 3309 2114 3366; x_wconf 90' lang='lat' dir='ltr'><strong>Solemne</strong></span> <span class='ocrx_word' id='word_1_386' title='bbox 2159 3321 2245 3367; x_wconf 89' lang='lat' dir='ltr'><strong>est</strong></span> 
     </span>
    </p>
   </div>
   <div class='ocr_carea' id='block_1_53' title="bbox 647 3379 2242 3451">
    <p class='ocr_par' dir='ltr' id='par_1_53' title="bbox 647 3379 2242 3451">
     <span class='ocr_line' id='line_1_53' title="bbox 647 3379 2242 3451; baseline 0.002 -16"><span class='ocrx_word' id='word_1_387' title='bbox 647 3379 884 3435; x_wconf 79' lang='lat' dir='ltr'><strong>Arnobio</strong></span> <span class='ocrx_word' id='word_1_388' title='bbox 915 3390 970 3435; x_wconf 90' lang='lat' dir='ltr'><strong>et</strong></span> <span class='ocrx_word' id='word_1_389' title='bbox 1006 3380 1271 3448; x_wconf 72' lang='lat' dir='ltr'><strong>plerisque</strong></span> <span class='ocrx_word' id='word_1_390' title='bbox 1310 3379 1558 3451; x_wconf 84' lang='lat' dir='ltr'><strong>omnibus</strong></span> <span class='ocrx_word' id='word_1_391' title='bbox 1597 3380 1739 3435; x_wconf 89' lang='lat' dir='ltr'><strong>illius</strong></span> <span class='ocrx_word' id='word_1_392' title='bbox 1764 3381 1861 3451; x_wconf 56' lang='lat' dir='ltr'><strong>aevi</strong></span> <span class='ocrx_word' id='word_1_393' title='bbox 1893 3383 2242 3451; x_wconf 89' lang='lat' dir='ltr'><strong>scriptoribus</strong></span> 
     </span>
    </p>
   </div>
   <div class='ocr_carea' id='block_1_54' title="bbox 650 3449 2240 3521">
    <p class='ocr_par' dir='ltr' id='par_1_54' title="bbox 650 3449 2240 3521">
     <span class='ocr_line' id='line_1_54' title="bbox 650 3449 2240 3521; baseline 0.003 -17"><span class='ocrx_word' id='word_1_394' title='bbox 650 3460 858 3506; x_wconf 78' lang='lat' dir='ltr'><strong>mutare</strong></span> <span class='ocrx_word' id='word_1_395' title='bbox 904 3451 1319 3520; x_wconf 85' lang='lat' dir='ltr'><strong>comparationis</strong></span> <span class='ocrx_word' id='word_1_396' title='bbox 1355 3449 1571 3519; x_wconf 79' lang='lat' dir='ltr'><strong>gradus,</strong></span> <span class='ocrx_word' id='word_1_397' title='bbox 1600 3461 1653 3504; x_wconf 88' lang='lat' dir='ltr'><strong>et</strong></span> <span class='ocrx_word' id='word_1_398' title='bbox 1682 3449 2064 3521; x_wconf 80' lang='lat' dir='ltr'><strong>superlativum</strong></span> <span class='ocrx_word' id='word_1_399' title='bbox 2094 3455 2240 3509; x_wconf 89' lang='lat' dir='ltr'><strong>acci-</strong></span> 
     </span>
    </p>
   </div>
   <div class='ocr_carea' id='block_1_55' title="bbox 650 3521 2243 3598">
    <p class='ocr_par' dir='ltr' id='par_1_55' title="bbox 650 3521 2243 3598">
     <span class='ocr_line' id='line_1_55' title="bbox 650 3521 2243 3598; baseline 0.003 -24"><span class='ocrx_word' id='word_1_400' title='bbox 650 3536 776 3598; x_wconf 76' lang='lat' dir='ltr'><strong>pere</strong></span> <span class='ocrx_word' id='word_1_401' title='bbox 799 3539 911 3598; x_wconf 30' lang='lat' dir='ltr'><strong>pro‘</strong></span> <span class='ocrx_word' id='word_1_402' title='bbox 923 3523 1148 3598; x_wconf 80' lang='lat' dir='ltr'><strong>positivo</strong></span> <span class='ocrx_word' id='word_1_403' title='bbox 1165 3531 1281 3598; x_wconf 79' lang='lat' dir='ltr'><strong>,__tlt</strong></span> <span class='ocrx_word' id='word_1_404' title='bbox 1310 3521 1600 3598; x_wconf 83' lang='lat' dir='ltr'><strong>loquuntur</strong></span> <span class='ocrx_word' id='word_1_405' title='bbox 1640 3523 1685 3578; x_wconf 84' lang='grc' dir='ltr'><strong>οἱ</strong></span> <span class='ocrx_word' id='word_1_406' title='bbox 1730 3532 1829 3580; x_wconf 82' lang='grc' dir='ltr'><strong>τῶν</strong></span> <span class='ocrx_word' id='word_1_407' title='bbox 1854 3533 2243 3598; x_wconf 60' lang='grc' dir='ltr'><strong>γραμματικῶν</strong></span> 
     </span>
    </p>
   </div>
   <div class='ocr_carea' id='block_1_56' title="bbox 647 3592 2242 3670">
    <p class='ocr_par' dir='ltr' id='par_1_56' title="bbox 647 3592 2242 3670">
     <span class='ocr_line' id='line_1_56' title="bbox 647 3592 2242 3670; baseline 0.001 -22"><span class='ocrx_word' id='word_1_408' title='bbox 647 3593 851 3670; x_wconf 45' lang='grc' dir='ltr'><strong>παῖδεςτ</strong></span> <span class='ocrx_word' id='word_1_409' title='bbox 897 3592 1050 3670; x_wconf 29' lang='lat' dir='ltr'><strong>‘lJn‘tle</strong></span> <span class='ocrx_word' id='word_1_410' title='bbox 1088 3605 1140 3649; x_wconf 86' lang='lat' dir='ltr'><strong>et</strong></span> <span class='ocrx_word' id='word_1_411' title='bbox 1182 3592 1454 3670; x_wconf 71' lang='lat' dir='ltr'><strong>Menandri</strong></span> <span class='ocrx_word' id='word_1_412' title='bbox 1482 3607 1762 3670; x_wconf 70' lang='lat' dir='ltr'><strong>_\_lt&#39;rSllttt:</strong></span> <span class='ocrx_word' id='word_1_413' title='bbox 1809 3592 2096 3670; x_wconf 55' lang='grc' dir='ltr'><strong>φθέἱροξδὸιν</strong></span> <span class='ocrx_word' id='word_1_414' title='bbox 2146 3599 2242 3657; x_wconf 71' lang='grc' dir='ltr'><strong>ἤθη</strong></span> 
     </span>
    </p>
   </div>
   <div class='ocr_carea' id='block_1_57' title="bbox 647 3662 2242 3743">
    <p class='ocr_par' dir='ltr' id='par_1_57' title="bbox 647 3662 2242 3743">
     <span class='ocr_line' id='line_1_57' title="bbox 647 3662 2242 3743; baseline -0.006 -16"><span class='ocrx_word' id='word_1_415' title='bbox 647 3665 1080 3743; x_wconf 22' lang='grc' dir='ltr'><strong>χρηᾳτὰῇὁμιλίαι</strong></span> <span class='ocrx_word' id='word_1_416' title='bbox 1107 3668 1275 3726; x_wconf 77' lang='grc' dir='ltr'>κακαί,</span> <span class='ocrx_word' id='word_1_417' title='bbox 1299 3665 1376 3743; x_wconf 71' lang='lat' dir='ltr'><strong>ita</strong></span> <span class='ocrx_word' id='word_1_418' title='bbox 1405 3662 1667 3743; x_wconf 59' lang='lat' dir='ltr'><strong>redditum</strong></span> <span class='ocrx_word' id='word_1_419' title='bbox 1699 3662 1838 3734; x_wconf 84' lang='lat' dir='ltr'><strong>apud</strong></span> <span class='ocrx_word' id='word_1_420' title='bbox 1872 3662 2126 3743; x_wconf 78' lang='lat' dir='ltr'><strong>antiquos</strong></span> <span class='ocrx_word' id='word_1_421' title='bbox 2152 3671 2242 3723; x_wconf 75' lang='lat' dir='ltr'><strong>Ec-</strong></span> 
     </span>
    </p>
   </div>
   <div class='ocr_carea' id='block_1_58' title="bbox 644 3733 2240 3807">
    <p class='ocr_par' dir='ltr' id='par_1_58' title="bbox 644 3733 2240 3807">
     <span class='ocr_line' id='line_1_58' title="bbox 644 3733 2240 3807; baseline 0.001 -16"><span class='ocrx_word' id='word_1_422' title='bbox 644 3733 822 3793; x_wconf 65' lang='lat' dir='ltr'><strong>clesia)</strong></span> <span class='ocrx_word' id='word_1_423' title='bbox 847 3733 1098 3792; x_wconf 75' lang='lat' dir='ltr'><strong>doctores</strong></span> <span class='ocrx_word' id='word_1_424' title='bbox 1139 3734 1484 3807; x_wconf 83' lang='lat' dir='ltr'><strong>reperimus_:</strong></span> <span class='ocrx_word' id='word_1_425' title='bbox 1516 3733 1860 3807; x_wconf 73' lang='lat' dir='ltr'><strong>Corrumpunt</strong></span> <span class='ocrx_word' id='word_1_426' title='bbox 1881 3733 2086 3807; x_wconf 83' lang='lat' dir='ltr'><strong>ingenia</strong></span> <span class='ocrx_word' id='word_1_427' title='bbox 2107 3739 2240 3792; x_wconf 85' lang='lat' dir='ltr'><strong>bona</strong></span> 
     </span>
    </p>
   </div>
   <div class='ocr_carea' id='block_1_59' title="bbox 646 3803 2239 3880">
    <p class='ocr_par' dir='ltr' id='par_1_59' title="bbox 646 3803 2239 3880">
     <span class='ocr_line' id='line_1_59' title="bbox 646 3803 2239 3880; baseline 0.003 -19"><span class='ocrx_word' id='word_1_428' title='bbox 646 3809 1081 3880; x_wconf 83' lang='lat' dir='ltr'><strong>confabulationes</strong></span> <span class='ocrx_word' id='word_1_429' title='bbox 1136 3803 1386 3875; x_wconf 74' lang='lat' dir='ltr'><strong>pessinuz.</strong></span> <span class='ocrx_word' id='word_1_430' title='bbox 1434 3803 1582 3860; x_wconf 85' lang='lat' dir='ltr'><strong>Talia</strong></span> <span class='ocrx_word' id='word_1_431' title='bbox 1611 3803 1748 3877; x_wconf 88' lang='lat' dir='ltr'><strong>apud</strong></span> <span class='ocrx_word' id='word_1_432' title='bbox 1794 3803 2088 3877; x_wconf 77' lang='lat' dir='ltr'><strong>scripiores</strong></span> <span class='ocrx_word' id='word_1_433' title='bbox 2119 3810 2239 3866; x_wconf 85' lang='lat' dir='ltr'><strong>illos</strong></span> 
     </span>
    </p>
   </div>
   <div class='ocr_carea' id='block_1_60' title="bbox 645 3879 1138 3936">
    <p class='ocr_par' dir='ltr' id='par_1_60' title="bbox 645 3879 1138 3936">
     <span class='ocr_line' id='line_1_60' title="bbox 645 3879 1138 3936; baseline 0.002 -3"><span class='ocrx_word' id='word_1_434' title='bbox 645 3879 871 3934; x_wconf 86' lang='lat' dir='ltr'><strong>inlinita.</strong></span> <span class='ocrx_word' id='word_1_435' title='bbox 900 3880 1138 3936; x_wconf 70' lang='grc' dir='ltr'>ΗιειιΑιι).</span> 
     </span>
    </p>
   </div>
   <div class='ocr_carea' id='block_1_61' title="bbox 715 3948 2238 4020">
    <p class='ocr_par' dir='ltr' id='par_1_61' title="bbox 715 3948 2238 4020">
     <span class='ocr_line' id='line_1_61' title="bbox 715 3948 2238 4020; baseline 0.002 -16"><span class='ocrx_word' id='word_1_436' title='bbox 715 3949 904 4006; x_wconf 82' lang='lat' dir='ltr'>XXIII.</span> <span class='ocrx_word' id='word_1_437' title='bbox 936 3982 1006 3992; x_wconf 91' lang='lat'><strong>-</strong></span> <span class='ocrx_word' id='word_1_438' title='bbox 1034 3949 1119 4004; x_wconf 83' lang='lat' dir='ltr'><strong>Dii</strong></span> <span class='ocrx_word' id='word_1_439' title='bbox 1148 3950 1273 4006; x_wconf 84' lang='lat' dir='ltr'><strong>veri.</strong></span> <span class='ocrx_word' id='word_1_440' title='bbox 1322 3948 1448 4005; x_wconf 68' lang='lat' dir='ltr'><strong>Haac</strong></span> <span class='ocrx_word' id='word_1_441' title='bbox 1487 3959 1570 4005; x_wconf 90' lang='lat' dir='ltr'><strong>est</strong></span> <span class='ocrx_word' id='word_1_442' title='bbox 1617 3949 1875 4020; x_wconf 89' lang='lat' dir='ltr'><strong>palmaria</strong></span> <span class='ocrx_word' id='word_1_443' title='bbox 1931 3951 2238 4007; x_wconf 79' lang='lat' dir='ltr'><strong>emendatio</strong></span> 
     </span>
    </p>
   </div>
   <div class='ocr_carea' id='block_1_62' title="bbox 644 4021 2236 4090">
    <p class='ocr_par' dir='ltr' id='par_1_62' title="bbox 644 4021 2236 4090">
     <span class='ocr_line' id='line_1_62' title="bbox 644 4021 2236 4090; baseline -0.001 -13"><span class='ocrx_word' id='word_1_444' title='bbox 644 4021 802 4077; x_wconf 85' lang='lat' dir='ltr'><strong>Fulv.</strong></span> <span class='ocrx_word' id='word_1_445' title='bbox 851 4021 1048 4089; x_wconf 88' lang='lat' dir='ltr'><strong>Ursini,</strong></span> <span class='ocrx_word' id='word_1_446' title='bbox 1108 4023 1298 4077; x_wconf 82' lang='lat' dir='ltr'><strong>merito</strong></span> <span class='ocrx_word' id='word_1_447' title='bbox 1351 4022 1402 4074; x_wconf 93' lang='lat' dir='ltr'><strong>iu</strong></span> <span class='ocrx_word' id='word_1_448' title='bbox 1451 4029 1654 4075; x_wconf 83' lang='lat' dir='ltr'><strong>textum</strong></span> <span class='ocrx_word' id='word_1_449' title='bbox 1688 4028 1903 4090; x_wconf 75' lang='lat' dir='ltr'><strong>recepta</strong></span> <span class='ocrx_word' id='word_1_450' title='bbox 1958 4022 2024 4075; x_wconf 90' lang='lat' dir='ltr'><strong>ab</strong></span> <span class='ocrx_word' id='word_1_451' title='bbox 2067 4024 2236 4078; x_wconf 84' lang='lat' dir='ltr'><strong>Ober-</strong></span> 
     </span>
    </p>
   </div>
   <div class='ocr_carea' id='block_1_63' title="bbox 646 4093 2235 4164">
    <p class='ocr_par' dir='ltr' id='par_1_63' title="bbox 646 4093 2235 4164">
     <span class='ocr_line' id='line_1_63' title="bbox 646 4093 2235 4164; baseline 0.002 -18"><span class='ocrx_word' id='word_1_452' title='bbox 646 4093 843 4148; x_wconf 92' lang='lat' dir='ltr'><strong>thurio.</strong></span> <span class='ocrx_word' id='word_1_453' title='bbox 895 4093 1026 4149; x_wconf 87' lang='lat' dir='ltr'><strong>Nam</strong></span> <span class='ocrx_word' id='word_1_454' title='bbox 1053 4094 1473 4164; x_wconf 87' lang='lat' dir='ltr'><strong>quotusquisque</strong></span> <span class='ocrx_word' id='word_1_455' title='bbox 1498 4102 1578 4146; x_wconf 80' lang='lat' dir='ltr'><strong>est</strong></span> <span class='ocrx_word' id='word_1_456' title='bbox 1605 4093 1879 4164; x_wconf 80' lang='lat' dir='ltr'><strong>gentilium</strong></span> <span class='ocrx_word' id='word_1_457' title='bbox 1915 4093 2055 4148; x_wconf 91' lang='lat' dir='ltr'><strong>Deus</strong></span> <span class='ocrx_word' id='word_1_458' title='bbox 2075 4137 2090 4160; x_wconf 92' lang='lat'><strong>,</strong></span> <span class='ocrx_word' id='word_1_459' title='bbox 2145 4094 2235 4164; x_wconf 91' lang='lat' dir='ltr'><strong>qui</strong></span> 
     </span>
    </p>
   </div>
   <div class='ocr_carea' id='block_1_64' title="bbox 643 4163 2233 4233">
    <p class='ocr_par' dir='ltr' id='par_1_64' title="bbox 643 4163 2233 4233">
     <span class='ocr_line' id='line_1_64' title="bbox 643 4163 2233 4233; baseline 0.001 -14"><span class='ocrx_word' id='word_1_460' title='bbox 643 4164 898 4220; x_wconf 90' lang='lat' dir='ltr'><strong>immunis</strong></span> <span class='ocrx_word' id='word_1_461' title='bbox 922 4164 1080 4222; x_wconf 86' lang='lat' dir='ltr'><strong>fuerit</strong></span> <span class='ocrx_word' id='word_1_462' title='bbox 1107 4163 1318 4220; x_wconf 84' lang='lat' dir='ltr'><strong>illorum</strong></span> <span class='ocrx_word' id='word_1_463' title='bbox 1342 4164 1589 4218; x_wconf 89' lang='lat' dir='ltr'><strong>vitiorum</strong></span> <span class='ocrx_word' id='word_1_464' title='bbox 1621 4173 1674 4218; x_wconf 85' lang='lat' dir='ltr'><strong>et</strong></span> <span class='ocrx_word' id='word_1_465' title='bbox 1694 4163 2000 4223; x_wconf 82' lang='lat' dir='ltr'><strong>ali‘ectuum.</strong></span> <span class='ocrx_word' id='word_1_466' title='bbox 2024 4163 2233 4233; x_wconf 28' lang='lat' dir='ltr'><strong>quos’in</strong></span> 
     </span>
    </p>
   </div>
   <div class='ocr_carea' id='block_1_65' title="bbox 643 4235 2235 4364">
    <p class='ocr_par' dir='ltr' id='par_1_65' title="bbox 643 4235 2235 4364">
     <span class='ocr_line' id='line_1_65' title="bbox 643 4235 2235 4364; baseline 0.001 -75"><span class='ocrx_word' id='word_1_467' title='bbox 643 4237 990 4364; x_wconf 64' lang='lat' dir='ltr'><strong>sequenghus</strong></span> <span class='ocrx_word' id='word_1_468' title='bbox 1019 4247 1271 4292; x_wconf 88' lang='lat' dir='ltr'><strong>recenset</strong></span> <span class='ocrx_word' id='word_1_469' title='bbox 1297 4235 1608 4290; x_wconf 83' lang='lat' dir='ltr'><strong>Arnobius?</strong></span> <span class='ocrx_word' id='word_1_470' title='bbox 1645 4235 1817 4289; x_wconf 87' lang='lat' dir='ltr'><strong>Antea</strong></span> <span class='ocrx_word' id='word_1_471' title='bbox 1850 4235 2125 4304; x_wconf 78' lang='lat' dir='ltr'><strong>legebatur</strong></span> <span class='ocrx_word' id='word_1_472' title='bbox 2161 4237 2235 4290; x_wconf 86' lang='lat' dir='ltr'><strong>dii</strong></span> 
     </span>
     <span class='ocr_line' id='line_1_66' title="bbox 643 4317 1048 4364; baseline 0.007 -3"><span class='ocrx_word' id='word_1_473' title='bbox 643 4317 812 4363; x_wconf 76' lang='lat' dir='ltr'><strong>vestri.</strong></span> <span class='ocrx_word' id='word_1_474' title='bbox 893 4323 1048 4364; x_wconf 70' lang='lat' dir='ltr'><strong>seu.</strong></span> 
     </span>
    </p>
   </div>
   <div class='ocr_carea' id='block_1_66' title="bbox 643 4309 1048 4364">
    <p class='ocr_par' dir='ltr' id='par_1_66' title="bbox 643 4309 1048 4364">
     <span class='ocr_line' id='line_1_67' title="bbox 643 4309 1048 4364; baseline 0.007 -3"><span class='ocrx_word' id='word_1_475' title='bbox 643 4309 812 4363; x_wconf 78' lang='lat' dir='ltr'><strong>vestri.</strong></span> <span class='ocrx_word' id='word_1_476' title='bbox 843 4309 1048 4364; x_wconf 76' lang='lat' dir='ltr'><strong>OnsLL.</strong></span> 
     </span>
    </p>
   </div>
   <div class='ocr_carea' id='block_1_67' title="bbox 718 4377 2308 4462">
    <p class='ocr_par' dir='ltr' id='par_1_67' title="bbox 718 4377 2308 4462">
     <span class='ocr_line' id='line_1_68' title="bbox 718 4377 2308 4462; baseline 0.001 -30"><span class='ocrx_word' id='word_1_477' title='bbox 718 4379 778 4461; x_wconf 67' lang='grc' dir='ltr'><strong>βε</strong></span> <span class='ocrx_word' id='word_1_478' title='bbox 805 4395 858 4434; x_wconf 86' lang='lat' dir='ltr'><strong>se</strong></span> <span class='ocrx_word' id='word_1_479' title='bbox 877 4381 973 4462; x_wconf 69' lang='lat' dir='ltr'><strong>sibi</strong></span> <span class='ocrx_word' id='word_1_480' title='bbox 989 4379 1182 4462; x_wconf 72' lang='lat' dir='ltr'><strong>aliquis</strong></span> <span class='ocrx_word' id='word_1_481' title='bbox 1206 4379 1495 4462; x_wconf 82' lang='lat' dir='ltr'><strong>adulatorio</strong></span> <span class='ocrx_word' id='word_1_482' title='bbox 1518 4377 1808 4460; x_wconf 69' lang='lat' dir='ltr'><strong>bunzilitate</strong></span> <span class='ocrx_word' id='word_1_483' title='bbox 1831 4379 2108 4462; x_wconf 73' lang='lat' dir='ltr'><strong>submittat.</strong></span> <span class='ocrx_word' id='word_1_484' title='bbox 2141 4379 2230 4435; x_wconf 88' lang='lat' dir='ltr'><strong>Sic</strong></span> <span class='ocrx_word' id='word_1_485' title='bbox 2254 4403 2308 4462; x_wconf 79' lang='lat' dir='ltr'><strong>D</strong></span> 
     </span>
    </p>
   </div>
   <div class='ocr_carea' id='block_1_68' title="bbox 642 4450 2230 4520">
    <p class='ocr_par' dir='ltr' id='par_1_68' title="bbox 642 4450 2230 4520">
     <span class='ocr_line' id='line_1_69' title="bbox 642 4450 2230 4520; baseline 0.001 -17"><span class='ocrx_word' id='word_1_486' title='bbox 642 4451 784 4504; x_wconf 90' lang='lat' dir='ltr'><strong>enim</strong></span> <span class='ocrx_word' id='word_1_487' title='bbox 829 4450 1006 4506; x_wconf 78' lang='lat' dir='ltr'><strong>solent</strong></span> <span class='ocrx_word' id='word_1_488' title='bbox 1042 4452 1342 4505; x_wconf 88' lang='lat' dir='ltr'><strong>adulatores</strong></span> <span class='ocrx_word' id='word_1_489' title='bbox 1367 4458 1423 4504; x_wconf 89' lang='lat' dir='ltr'><strong>et</strong></span> <span class='ocrx_word' id='word_1_490' title='bbox 1443 4450 1531 4518; x_wconf 89' lang='lat' dir='ltr'><strong>qui</strong></span> <span class='ocrx_word' id='word_1_491' title='bbox 1576 4464 1820 4519; x_wconf 85' lang='lat' dir='ltr'><strong>magnam</strong></span> <span class='ocrx_word' id='word_1_492' title='bbox 1872 4451 2230 4520; x_wconf 87' lang='lat' dir='ltr'><strong>abjectiunem</strong></span> 
     </span>
    </p>
   </div>
   <div class='ocr_carea' id='block_1_69' title="bbox 643 4520 2233 4587">
    <p class='ocr_par' dir='ltr' id='par_1_69' title="bbox 643 4520 2233 4587">
     <span class='ocr_line' id='line_1_70' title="bbox 643 4520 2233 4587; baseline 0 -13"><span class='ocrx_word' id='word_1_493' title='bbox 643 4521 832 4576; x_wconf 89' lang='lat' dir='ltr'><strong>restari</strong></span> <span class='ocrx_word' id='word_1_494' title='bbox 880 4522 1086 4576; x_wconf 88' lang='lat' dir='ltr'><strong>volunt.</strong></span> <span class='ocrx_word' id='word_1_495' title='bbox 1143 4521 1334 4576; x_wconf 84' lang='lat' dir='ltr'><strong>Noster</strong></span> <span class='ocrx_word' id='word_1_496' title='bbox 1391 4521 1524 4574; x_wconf 80' lang='lat' dir='ltr'><strong>inira</strong></span> <span class='ocrx_word' id='word_1_497' title='bbox 1578 4520 1670 4578; x_wconf 83' lang='lat' dir='ltr'><strong>lib.</strong></span> <span class='ocrx_word' id='word_1_498' title='bbox 1699 4537 1790 4587; x_wconf 89' lang='lat' dir='ltr'><strong>vn,</strong></span> <span class='ocrx_word' id='word_1_499' title='bbox 1823 4537 1941 4585; x_wconf 80' lang='lat' dir='ltr'><strong>cap.</strong></span> <span class='ocrx_word' id='word_1_500' title='bbox 1977 4523 2075 4576; x_wconf 77' lang='lat' dir='ltr'><strong>l5:</strong></span> <span class='ocrx_word' id='word_1_501' title='bbox 2103 4520 2233 4574; x_wconf 83' lang='lat' dir='ltr'><strong>Tum</strong></span> 
     </span>
    </p>
   </div>
   <div class='ocr_carea' id='block_1_70' title="bbox 643 4591 2232 4660">
    <p class='ocr_par' dir='ltr' id='par_1_70' title="bbox 643 4591 2232 4660">
     <span class='ocr_line' id='line_1_71' title="bbox 643 4591 2232 4660; baseline 0.001 -16"><span class='ocrx_word' id='word_1_502' title='bbox 643 4591 828 4647; x_wconf 85' lang='lat' dir='ltr'><strong>deinde</strong></span> <span class='ocrx_word' id='word_1_503' title='bbox 869 4591 1054 4647; x_wconf 69' lang='lat' dir='ltr'><strong>salutet</strong></span> <span class='ocrx_word' id='word_1_504' title='bbox 1093 4593 1302 4646; x_wconf 79' lang='lat' dir='ltr'><strong>acclinis</strong></span> <span class='ocrx_word' id='word_1_505' title='bbox 1322 4635 1336 4656; x_wconf 89' lang='lat'><strong>,</strong></span> <span class='ocrx_word' id='word_1_506' title='bbox 1362 4591 1566 4645; x_wconf 66' lang='lat' dir='ltr'><strong>ancillae</strong></span> <span class='ocrx_word' id='word_1_507' title='bbox 1590 4602 1680 4646; x_wconf 78' lang='lat' dir='ltr'><strong>aut</strong></span> <span class='ocrx_word' id='word_1_508' title='bbox 1700 4593 1886 4646; x_wconf 86' lang='lat' dir='ltr'><strong>servuli</strong></span> <span class='ocrx_word' id='word_1_509' title='bbox 1917 4593 2232 4660; x_wconf 82' lang='lat' dir='ltr'><strong>pavibundas</strong></span> 
     </span>
    </p>
   </div>
   <div class='ocr_carea' id='block_1_71' title="bbox 643 4662 2234 4734">
    <p class='ocr_par' dir='ltr' id='par_1_71' title="bbox 643 4662 2234 4734">
     <span class='ocr_line' id='line_1_72' title="bbox 643 4662 2234 4734; baseline 0 -17"><span class='ocrx_word' id='word_1_510' title='bbox 643 4663 1004 4734; x_wconf 73' lang='lat' dir='ltr'><strong>trepidationes</strong></span> <span class='ocrx_word' id='word_1_511' title='bbox 1039 4665 1283 4718; x_wconf 82' lang='lat' dir='ltr'><strong>imitatus.</strong></span> <span class='ocrx_word' id='word_1_512' title='bbox 1320 4663 1430 4717; x_wconf 86' lang='lat' dir='ltr'><strong>Hoc</strong></span> <span class='ocrx_word' id='word_1_513' title='bbox 1457 4663 1730 4732; x_wconf 81' lang='lat' dir='ltr'><strong>eleganter</strong></span> <span class='ocrx_word' id='word_1_514' title='bbox 1759 4663 1990 4733; x_wconf 86' lang='lat' dir='ltr'><strong>appellat</strong></span> <span class='ocrx_word' id='word_1_515' title='bbox 2019 4662 2234 4717; x_wconf 87' lang='lat' dir='ltr'><strong>Tertul-</strong></span> 
     </span>
    </p>
   </div>
   <div class='ocr_carea' id='block_1_72' title="bbox 643 4731 2234 4803">
    <p class='ocr_par' dir='ltr' id='par_1_72' title="bbox 643 4731 2234 4803">
     <span class='ocr_line' id='line_1_73' title="bbox 643 4731 2234 4803; baseline 0 -17"><span class='ocrx_word' id='word_1_516' title='bbox 643 4731 820 4789; x_wconf 87' lang='lat' dir='ltr'><strong>liauus</strong></span> <span class='ocrx_word' id='word_1_517' title='bbox 857 4736 1143 4790; x_wconf 82' lang='lat' dir='ltr'><strong>decrescere</strong></span> <span class='ocrx_word' id='word_1_518' title='bbox 1182 4735 1316 4789; x_wconf 90' lang='lat' dir='ltr'><strong>libro</strong></span> <span class='ocrx_word' id='word_1_519' title='bbox 1343 4734 1412 4787; x_wconf 88' lang='lat' dir='ltr'><strong>de</strong></span> <span class='ocrx_word' id='word_1_520' title='bbox 1444 4731 1774 4788; x_wconf 81' lang='lat' dir='ltr'><strong>I’oenitentia</strong></span> <span class='ocrx_word' id='word_1_521' title='bbox 1795 4731 1810 4800; x_wconf 61' lang='grc' dir='ltr'>ζ</span> <span class='ocrx_word' id='word_1_522' title='bbox 1832 4731 1978 4803; x_wconf 23' lang='lat' dir='ltr'><strong>Vcap.</strong></span> <span class='ocrx_word' id='word_1_523' title='bbox 2007 4735 2069 4789; x_wconf 82' lang='grc' dir='ltr'>Η</span> <span class='ocrx_word' id='word_1_524' title='bbox 2110 4752 2125 4789; x_wconf 91' lang='lat'><strong>:</strong></span> <span class='ocrx_word' id='word_1_525' title='bbox 2155 4733 2234 4787; x_wconf 80' lang='lat' dir='ltr'><strong>Ad</strong></span> 
     </span>
    </p>
   </div>
   <div class='ocr_carea' id='block_1_73' title="bbox 642 4805 2234 4878">
    <p class='ocr_par' dir='ltr' id='par_1_73' title="bbox 642 4805 2234 4878">
     <span class='ocr_line' id='line_1_74' title="bbox 642 4805 2234 4878; baseline 0.001 -21"><span class='ocrx_word' id='word_1_526' title='bbox 642 4821 842 4860; x_wconf 85' lang='lat' dir='ltr'><strong>onmem</strong></span> <span class='ocrx_word' id='word_1_527' title='bbox 885 4822 1150 4860; x_wconf 89' lang='lat' dir='ltr'><strong>occursum</strong></span> <span class='ocrx_word' id='word_1_528' title='bbox 1183 4805 1394 4878; x_wconf 87' lang='lat' dir='ltr'><strong>majoris</strong></span> <span class='ocrx_word' id='word_1_529' title='bbox 1435 4806 1683 4878; x_wconf 79' lang='lat' dir='ltr'><strong>cuiusque</strong></span> <span class='ocrx_word' id='word_1_530' title='bbox 1737 4822 1984 4874; x_wconf 82' lang='lat' dir='ltr'><strong>personae</strong></span> <span class='ocrx_word' id='word_1_531' title='bbox 2035 4807 2234 4859; x_wconf 79' lang='lat' dir='ltr'><strong>decres-</strong></span> 
     </span>
    </p>
   </div>
   <div class='ocr_carea' id='block_1_74' title="bbox 639 4876 2237 4943">
    <p class='ocr_par' dir='ltr' id='par_1_74' title="bbox 639 4876 2237 4943">
     <span class='ocr_line' id='line_1_75' title="bbox 639 4876 2237 4943; baseline 0.001 -14"><span class='ocrx_word' id='word_1_532' title='bbox 639 4887 823 4931; x_wconf 84' lang='lat' dir='ltr'><strong>centes.</strong></span> <span class='ocrx_word' id='word_1_533' title='bbox 865 4879 1239 4935; x_wconf 76' lang='grc' dir='ltr'><strong>Ταπεινουσθαι</strong></span> <span class='ocrx_word' id='word_1_534' title='bbox 1262 4876 1444 4932; x_wconf 61' lang='grc' dir='ltr'><strong>⁷(ἔνειξοί</strong></span> <span class='ocrx_word' id='word_1_535' title='bbox 1476 4876 1578 4931; x_wconf 88' lang='lat' dir='ltr'><strong>hoc</strong></span> <span class='ocrx_word' id='word_1_536' title='bbox 1598 4877 1815 4943; x_wconf 84' lang='lat' dir='ltr'><strong>dicunt,</strong></span> <span class='ocrx_word' id='word_1_537' title='bbox 1847 4879 2152 4932; x_wconf 80' lang='grc' dir='ltr'><strong>ὑποπίπτειν</strong></span> <span class='ocrx_word' id='word_1_538' title='bbox 2182 4883 2237 4930; x_wconf 91' lang='lat' dir='ltr'><strong>et</strong></span> 
     </span>
    </p>
   </div>
   <div class='ocr_carea' id='block_1_75' title="bbox 639 4947 2236 5074">
    <p class='ocr_par' dir='ltr' id='par_1_75' title="bbox 639 4947 2236 5074">
     <span class='ocr_line' id='line_1_76' title="bbox 639 4947 2236 5074; baseline 0.001 -73"><span class='ocrx_word' id='word_1_539' title='bbox 639 4947 986 5074; x_wconf 66' lang='grc' dir='ltr'><strong>ὐποκύῧτεινὶ</strong></span> <span class='ocrx_word' id='word_1_540' title='bbox 1017 4951 1210 5020; x_wconf 78' lang='lat' dir='ltr'><strong>quibus</strong></span> <span class='ocrx_word' id='word_1_541' title='bbox 1255 4949 1477 5019; x_wconf 89' lang='lat' dir='ltr'><strong>opponit</strong></span> <span class='ocrx_word' id='word_1_542' title='bbox 1515 4948 1776 5004; x_wconf 88' lang='lat' dir='ltr'><strong>Diodorus</strong></span> <span class='ocrx_word' id='word_1_543' title='bbox 1811 4947 2025 5004; x_wconf 84' lang='lat' dir='ltr'><strong>Siculus</strong></span> <span class='ocrx_word' id='word_1_544' title='bbox 2049 4949 2236 5024; x_wconf 79' lang='grc' dir='ltr'><strong>ὑπερέ-</strong></span> 
     </span>
     <span class='ocr_line' id='line_1_77' title="bbox 645 5036 1004 5074; baseline 0 0"><span class='ocrx_word' id='word_1_545' title='bbox 645 5039 772 5074; x_wconf 83' lang='grc' dir='ltr'><strong>γειν.</strong></span> <span class='ocrx_word' id='word_1_546' title='bbox 852 5036 1004 5074; x_wconf 70' lang='lat' dir='ltr'><strong>neu.</strong></span> 
     </span>
    </p>
   </div>
   <div class='ocr_carea' id='block_1_76' title="bbox 688 5036 1004 5076">
    <p class='ocr_par' dir='ltr' id='par_1_76' title="bbox 688 5036 1004 5076">
     <span class='ocr_line' id='line_1_78' title="bbox 688 5036 1004 5076; baseline 0.006 -3"><span class='ocrx_word' id='word_1_547' title='bbox 688 5040 772 5074; x_wconf 82' lang='grc' dir='ltr'><strong>ειν.</strong></span> <span class='ocrx_word' id='word_1_548' title='bbox 802 5036 1004 5076; x_wconf 73' lang='grc' dir='ltr'>υιιειι..</span> 
     </span>
    </p>
   </div>
   <div class='ocr_carea' id='block_1_77' title="bbox 640 5039 2234 5162">
    <p class='ocr_par' dir='ltr' id='par_1_77' title="bbox 640 5039 2234 5162">
     <span class='ocr_line' id='line_1_79' title="bbox 640 5039 2234 5162; baseline -0.004 -15"><span class='ocrx_word' id='word_1_549' title='bbox 640 5039 1211 5162; x_wconf 47' lang='lat' dir='ltr'><strong>zszuxnfzi‘idudum</strong></span> <span class='ocrx_word' id='word_1_550' title='bbox 1231 5091 1543 5162; x_wconf 76' lang='lat' dir='ltr'><strong>experientia</strong></span> <span class='ocrx_word' id='word_1_551' title='bbox 1567 5091 1834 5145; x_wconf 88' lang='lat' dir='ltr'><strong>doctorum</strong></span> <span class='ocrx_word' id='word_1_552' title='bbox 1853 5091 2114 5146; x_wconf 66' lang='lat' dir='ltr'><strong>daemonas</strong></span> <span class='ocrx_word' id='word_1_553' title='bbox 2141 5105 2234 5158; x_wconf 65' lang='lat' dir='ltr'><strong>apo</strong></span> 
     </span>
    </p>
   </div>
   <div class='ocr_carea' id='block_1_78' title="bbox 641 5162 2234 5232">
    <p class='ocr_par' dir='ltr' id='par_1_78' title="bbox 641 5162 2234 5232">
     <span class='ocr_line' id='line_1_80' title="bbox 641 5162 2234 5232; baseline -0.001 -18"><span class='ocrx_word' id='word_1_554' title='bbox 641 5162 798 5232; x_wconf 91' lang='lat' dir='ltr'><strong>pellat</strong></span> <span class='ocrx_word' id='word_1_555' title='bbox 823 5173 869 5216; x_wconf 90' lang='lat' dir='ltr'><strong>et</strong></span> <span class='ocrx_word' id='word_1_556' title='bbox 895 5164 1095 5217; x_wconf 83' lang='lat' dir='ltr'><strong>heroas.</strong></span> <span class='ocrx_word' id='word_1_557' title='bbox 1132 5164 1304 5217; x_wconf 78' lang='lat' dir='ltr'><strong>Variis</strong></span> <span class='ocrx_word' id='word_1_558' title='bbox 1332 5162 1473 5216; x_wconf 90' lang='lat' dir='ltr'><strong>hunc</strong></span> <span class='ocrx_word' id='word_1_559' title='bbox 1499 5163 1673 5216; x_wconf 90' lang='lat' dir='ltr'><strong>locum</strong></span> <span class='ocrx_word' id='word_1_560' title='bbox 1703 5162 2234 5232; x_wconf 15' lang='lat' dir='ltr'><strong>conjecturisrteuta-</strong></span> 
     </span>
    </p>
   </div>
   <div class='ocr_carea' id='block_1_79' title="bbox 641 5231 2235 5305">
    <p class='ocr_par' dir='ltr' id='par_1_79' title="bbox 641 5231 2235 5305">
     <span class='ocr_line' id='line_1_81' title="bbox 641 5231 2235 5305; baseline 0.001 -20"><span class='ocrx_word' id='word_1_561' title='bbox 641 5242 765 5286; x_wconf 92' lang='lat' dir='ltr'><strong>runt</strong></span> <span class='ocrx_word' id='word_1_562' title='bbox 784 5233 1158 5305; x_wconf 35' lang='lat' dir='ltr'><strong>“interpretes.</strong></span> <span class='ocrx_word' id='word_1_563' title='bbox 1214 5232 1350 5305; x_wconf 82' lang='lat' dir='ltr'><strong>God.</strong></span> <span class='ocrx_word' id='word_1_564' title='bbox 1381 5246 1490 5305; x_wconf 59' lang='lat' dir='ltr'><strong>ms.</strong></span> <span class='ocrx_word' id='word_1_565' title='bbox 1509 5245 1563 5286; x_wconf 91' lang='lat' dir='ltr'><strong>et</strong></span> <span class='ocrx_word' id='word_1_566' title='bbox 1589 5232 1754 5288; x_wconf 89' lang='lat' dir='ltr'><strong>editio</strong></span> <span class='ocrx_word' id='word_1_567' title='bbox 1784 5248 2004 5305; x_wconf 71' lang='lat' dir='ltr'><strong>romana</strong></span> <span class='ocrx_word' id='word_1_568' title='bbox 2034 5231 2235 5286; x_wconf 87' lang='lat' dir='ltr'><strong>habent</strong></span> 
     </span>
    </p>
   </div>
   <div class='ocr_carea' id='block_1_80' title="bbox 641 5301 2235 5374">
    <p class='ocr_par' dir='ltr' id='par_1_80' title="bbox 641 5301 2235 5374">
     <span class='ocr_line' id='line_1_82' title="bbox 641 5301 2235 5374; baseline 0.001 -20"><span class='ocrx_word' id='word_1_569' title='bbox 641 5303 866 5374; x_wconf 84' lang='lat' dir='ltr'><strong>appellat</strong></span> <span class='ocrx_word' id='word_1_570' title='bbox 887 5301 1102 5370; x_wconf 67' lang='lat' dir='ltr'><strong>errores,</strong></span> <span class='ocrx_word' id='word_1_571' title='bbox 1132 5303 1277 5374; x_wconf 91' lang='lat' dir='ltr'><strong>quod</strong></span> <span class='ocrx_word' id='word_1_572' title='bbox 1319 5301 1602 5359; x_wconf 81' lang='lat' dir='ltr'><strong>manifeste</strong></span> <span class='ocrx_word' id='word_1_573' title='bbox 1629 5305 1877 5359; x_wconf 87' lang='lat' dir='ltr'><strong>vitiosum</strong></span> <span class='ocrx_word' id='word_1_574' title='bbox 1904 5302 2092 5359; x_wconf 89' lang='lat' dir='ltr'><strong>Gelen.</strong></span> <span class='ocrx_word' id='word_1_575' title='bbox 2117 5318 2235 5357; x_wconf 89' lang='lat' dir='ltr'><strong>mu-</strong></span> 
     </span>
    </p>
   </div>
   <div class='ocr_carea' id='block_1_81' title="bbox 641 5374 2233 5446">
    <p class='ocr_par' dir='ltr' id='par_1_81' title="bbox 641 5374 2233 5446">
     <span class='ocr_line' id='line_1_83' title="bbox 641 5374 2233 5446; baseline 0.001 -19"><span class='ocrx_word' id='word_1_576' title='bbox 641 5375 773 5429; x_wconf 88' lang='lat' dir='ltr'><strong>tavit</strong></span> <span class='ocrx_word' id='word_1_577' title='bbox 799 5375 849 5428; x_wconf 93' lang='lat' dir='ltr'><strong>in</strong></span> <span class='ocrx_word' id='word_1_578' title='bbox 880 5386 929 5431; x_wconf 88' lang='lat' dir='ltr'><strong>et</strong></span> <span class='ocrx_word' id='word_1_579' title='bbox 955 5376 1078 5439; x_wconf 88' lang='lat' dir='ltr'><strong>hos,</strong></span> <span class='ocrx_word' id='word_1_580' title='bbox 1107 5391 1265 5446; x_wconf 90' lang='lat' dir='ltr'><strong>quem</strong></span> <span class='ocrx_word' id='word_1_581' title='bbox 1296 5374 1623 5442; x_wconf 85' lang='lat' dir='ltr'><strong>posteriores</strong></span> <span class='ocrx_word' id='word_1_582' title='bbox 1650 5375 1883 5432; x_wconf 87' lang='lat' dir='ltr'><strong>editores</strong></span> <span class='ocrx_word' id='word_1_583' title='bbox 1911 5375 2079 5430; x_wconf 90' lang='lat' dir='ltr'><strong>secuti</strong></span> <span class='ocrx_word' id='word_1_584' title='bbox 2107 5381 2233 5428; x_wconf 89' lang='lat' dir='ltr'><strong>sunt</strong></span> 
     </span>
    </p>
   </div>
   <div class='ocr_carea' id='block_1_82' title="bbox 641 5446 2231 5517">
    <p class='ocr_par' dir='ltr' id='par_1_82' title="bbox 641 5446 2231 5517">
     <span class='ocr_line' id='line_1_84' title="bbox 641 5446 2231 5517; baseline 0.001 -19"><span class='ocrx_word' id='word_1_585' title='bbox 641 5460 811 5516; x_wconf 92' lang='lat' dir='ltr'><strong>usque</strong></span> <span class='ocrx_word' id='word_1_586' title='bbox 837 5447 904 5501; x_wconf 85' lang='lat' dir='ltr'><strong>ad</strong></span> <span class='ocrx_word' id='word_1_587' title='bbox 936 5447 1152 5501; x_wconf 87' lang='lat' dir='ltr'><strong>Herald.</strong></span> <span class='ocrx_word' id='word_1_588' title='bbox 1186 5446 1374 5502; x_wconf 86' lang='lat' dir='ltr'><strong>Bebot.</strong></span> <span class='ocrx_word' id='word_1_589' title='bbox 1426 5447 1757 5517; x_wconf 83' lang='lat' dir='ltr'><strong>Apophoret.</strong></span> <span class='ocrx_word' id='word_1_590' title='bbox 1792 5447 1884 5501; x_wconf 89' lang='lat' dir='ltr'><strong>lib.</strong></span> <span class='ocrx_word' id='word_1_591' title='bbox 1919 5463 1996 5512; x_wconf 87' lang='grc' dir='ltr'>ιιι,</span> <span class='ocrx_word' id='word_1_592' title='bbox 2029 5461 2148 5514; x_wconf 90' lang='lat' dir='ltr'><strong>cap.</strong></span> <span class='ocrx_word' id='word_1_593' title='bbox 2175 5446 2231 5510; x_wconf 88' lang='lat'><strong>8,</strong></span> 
     </span>
    </p>
   </div>
   <div class='ocr_carea' id='block_1_83' title="bbox 643 5517 2236 5588">
    <p class='ocr_par' dir='ltr' id='par_1_83' title="bbox 643 5517 2236 5588">
     <span class='ocr_line' id='line_1_85' title="bbox 643 5517 2236 5588; baseline 0 -19"><span class='ocrx_word' id='word_1_594' title='bbox 643 5517 747 5586; x_wconf 83' lang='lat' dir='ltr'><strong>leg.</strong></span> <span class='ocrx_word' id='word_1_595' title='bbox 774 5529 961 5573; x_wconf 90' lang='lat' dir='ltr'><strong>censet</strong></span> <span class='ocrx_word' id='word_1_596' title='bbox 988 5528 1034 5572; x_wconf 90' lang='lat' dir='ltr'><strong>et</strong></span> <span class='ocrx_word' id='word_1_597' title='bbox 1053 5534 1196 5588; x_wconf 89' lang='lat' dir='ltr'><strong>quos,</strong></span> <span class='ocrx_word' id='word_1_598' title='bbox 1227 5529 1280 5573; x_wconf 88' lang='lat' dir='ltr'><strong>et</strong></span> <span class='ocrx_word' id='word_1_599' title='bbox 1304 5517 1357 5571; x_wconf 91' lang='lat' dir='ltr'><strong>in</strong></span> <span class='ocrx_word' id='word_1_600' title='bbox 1381 5519 1728 5588; x_wconf 80' lang='lat' dir='ltr'><strong>sequentibus</strong></span> <span class='ocrx_word' id='word_1_601' title='bbox 1748 5520 1840 5573; x_wconf 86' lang='lat' dir='ltr'><strong>scit</strong></span> <span class='ocrx_word' id='word_1_602' title='bbox 1863 5518 2070 5588; x_wconf 84' lang='lat' dir='ltr'><strong>versari.</strong></span> <span class='ocrx_word' id='word_1_603' title='bbox 2097 5517 2236 5571; x_wconf 87' lang='lat' dir='ltr'><strong>Pon-</strong></span> 
     </span>
    </p>
   </div>
   <div class='ocr_carea' id='block_1_84' title="bbox 643 5587 2231 5660">
    <p class='ocr_par' dir='ltr' id='par_1_84' title="bbox 643 5587 2231 5660">
     <span class='ocr_line' id='line_1_86' title="bbox 643 5587 2231 5660; baseline 0 -20"><span class='ocrx_word' id='word_1_604' title='bbox 643 5596 798 5642; x_wconf 90' lang='lat' dir='ltr'><strong>tanus</strong></span> <span class='ocrx_word' id='word_1_605' title='bbox 830 5589 968 5660; x_wconf 87' lang='lat' dir='ltr'><strong>apud</strong></span> <span class='ocrx_word' id='word_1_606' title='bbox 999 5588 1286 5644; x_wconf 84' lang='lat' dir='ltr'><strong>Meursium</strong></span> <span class='ocrx_word' id='word_1_607' title='bbox 1316 5587 1616 5660; x_wconf 83' lang='lat' dir='ltr'><strong>terrestres.</strong></span> <span class='ocrx_word' id='word_1_608' title='bbox 1666 5587 1939 5643; x_wconf 84' lang='lat' dir='ltr'><strong>Stewech.</strong></span> <span class='ocrx_word' id='word_1_609' title='bbox 1987 5603 2190 5660; x_wconf 86' lang='lat' dir='ltr'><strong>errones</strong></span> <span class='ocrx_word' id='word_1_610' title='bbox 2212 5626 2231 5654; x_wconf 85' lang='lat'><strong>,</strong></span> 
     </span>
    </p>
   </div>
   <div class='ocr_carea' id='block_1_85' title="bbox 644 5659 2234 5742">
    <p class='ocr_par' dir='ltr' id='par_1_85' title="bbox 644 5659 2234 5742">
     <span class='ocr_line' id='line_1_87' title="bbox 644 5659 2234 5742; baseline -0.001 -29"><span class='ocrx_word' id='word_1_611' title='bbox 644 5660 816 5742; x_wconf 75' lang='lat' dir='ltr'><strong>quod,</strong></span> <span class='ocrx_word' id='word_1_612' title='bbox 847 5659 1063 5742; x_wconf 69' lang='lat' dir='ltr'><strong>proprie</strong></span> <span class='ocrx_word' id='word_1_613' title='bbox 1092 5661 1159 5742; x_wconf 89' lang='lat' dir='ltr'><strong>de</strong></span> <span class='ocrx_word' id='word_1_614' title='bbox 1180 5659 1357 5742; x_wconf 82' lang='lat' dir='ltr'><strong>_ser_vis</strong></span> <span class='ocrx_word' id='word_1_615' title='bbox 1407 5660 1647 5742; x_wconf 71' lang='lat' dir='ltr'><strong>fugitivis</strong></span> <span class='ocrx_word' id='word_1_616' title='bbox 1692 5669 2038 5742; x_wconf 79' lang='lat' dir='ltr'><strong>usurpatum,</strong></span> <span class='ocrx_word' id='word_1_617' title='bbox 2095 5659 2234 5742; x_wconf 76' lang='lat' dir='ltr'><strong>bene</strong></span> 
     </span>
    </p>
   </div>
   <div class='ocr_carea' id='block_1_86' title="bbox 640 5729 2233 5810">
    <p class='ocr_par' dir='ltr' id='par_1_86' title="bbox 640 5729 2233 5810">
     <span class='ocr_line' id='line_1_88' title="bbox 640 5729 2233 5810; baseline 0.001 -25"><span class='ocrx_word' id='word_1_618' title='bbox 640 5729 800 5793; x_wconf 81' lang='lat' dir='ltr'><strong>etiam</strong></span> <span class='ocrx_word' id='word_1_619' title='bbox 827 5731 931 5795; x_wconf 88' lang='lat' dir='ltr'><strong>dici</strong></span> <span class='ocrx_word' id='word_1_620' title='bbox 953 5729 1136 5810; x_wconf 84' lang='lat' dir='ltr'><strong>potest</strong></span> <span class='ocrx_word' id='word_1_621' title='bbox 1162 5730 1231 5788; x_wconf 88' lang='lat' dir='ltr'><strong>de</strong></span> <span class='ocrx_word' id='word_1_622' title='bbox 1254 5731 1586 5789; x_wconf 56' lang='lat' dir='ltr'><strong>demonibus</strong></span> <span class='ocrx_word' id='word_1_623' title='bbox 1636 5729 1688 5784; x_wconf 93' lang='lat' dir='ltr'><strong>in</strong></span> <span class='ocrx_word' id='word_1_624' title='bbox 1719 5729 1875 5786; x_wconf 88' lang='lat' dir='ltr'><strong>terris</strong></span> <span class='ocrx_word' id='word_1_625' title='bbox 1921 5729 2233 5802; x_wconf 73' lang='lat' dir='ltr'><strong>vagantibus</strong></span> 
     </span>
    </p>
   </div>
   <div class='ocr_carea' id='block_1_87' title="bbox 2355 1931 3969 2002">
    <p class='ocr_par' dir='ltr' id='par_1_87' title="bbox 2355 1931 3969 2002">
     <span class='ocr_line' id='line_1_89' title="bbox 2355 1931 3969 2002; baseline 0.001 -15"><span class='ocrx_word' id='word_1_626' title='bbox 2355 1940 2408 1987; x_wconf 88' lang='lat' dir='ltr'><strong>et</strong></span> <span class='ocrx_word' id='word_1_627' title='bbox 2443 1931 3019 1998; x_wconf 87' lang='lat' dir='ltr'><strong>circumvolitantibus,</strong></span> <span class='ocrx_word' id='word_1_628' title='bbox 3046 1946 3221 2002; x_wconf 90' lang='lat' dir='ltr'><strong>neque</strong></span> <span class='ocrx_word' id='word_1_629' title='bbox 3253 1945 3471 2002; x_wconf 89' lang='lat' dir='ltr'><strong>prorsus</strong></span> <span class='ocrx_word' id='word_1_630' title='bbox 3501 1932 3849 2002; x_wconf 88' lang='lat' dir='ltr'><strong>rejiciendum</strong></span> <span class='ocrx_word' id='word_1_631' title='bbox 3879 1935 3969 1989; x_wconf 82' lang='lat' dir='ltr'><strong>vi-</strong></span> 
     </span>
    </p>
   </div>
   <div class='ocr_carea' id='block_1_88' title="bbox 2346 2004 3967 2074">
    <p class='ocr_par' dir='ltr' id='par_1_88' title="bbox 2346 2004 3967 2074">
     <span class='ocr_line' id='line_1_90' title="bbox 2346 2004 3967 2074; baseline 0.002 -17"><span class='ocrx_word' id='word_1_632' title='bbox 2346 2004 2526 2058; x_wconf 90' lang='lat' dir='ltr'><strong>detur.</strong></span> <span class='ocrx_word' id='word_1_633' title='bbox 2560 2005 2722 2074; x_wconf 78' lang='lat' dir='ltr'><strong>Sequi</strong></span> <span class='ocrx_word' id='word_1_634' title='bbox 2755 2014 2931 2058; x_wconf 86' lang='lat' dir='ltr'><strong>tamen</strong></span> <span class='ocrx_word' id='word_1_635' title='bbox 2952 2004 3127 2074; x_wconf 89' lang='lat' dir='ltr'><strong>malui</strong></span> <span class='ocrx_word' id='word_1_636' title='bbox 3157 2004 3589 2060; x_wconf 87' lang='lat' dir='ltr'><strong>emendationem</strong></span> <span class='ocrx_word' id='word_1_637' title='bbox 3637 2004 3792 2059; x_wconf 84' lang='lat' dir='ltr'><strong>Fulv.</strong></span> <span class='ocrx_word' id='word_1_638' title='bbox 3855 2005 3967 2061; x_wconf 83' lang='lat' dir='ltr'><strong>lir-</strong></span> 
     </span>
    </p>
   </div>
   <div class='ocr_carea' id='block_1_89' title="bbox 2346 2073 3966 2145">
    <p class='ocr_par' dir='ltr' id='par_1_89' title="bbox 2346 2073 3966 2145">
     <span class='ocr_line' id='line_1_91' title="bbox 2346 2073 3966 2145; baseline 0.003 -17"><span class='ocrx_word' id='word_1_639' title='bbox 2346 2076 2448 2129; x_wconf 90' lang='lat' dir='ltr'><strong>sini</strong></span> <span class='ocrx_word' id='word_1_640' title='bbox 2499 2073 2776 2142; x_wconf 87' lang='lat' dir='ltr'><strong>probatam</strong></span> <span class='ocrx_word' id='word_1_641' title='bbox 2824 2075 2892 2129; x_wconf 89' lang='lat' dir='ltr'><strong>ab</strong></span> <span class='ocrx_word' id='word_1_642' title='bbox 2920 2073 3175 2139; x_wconf 86' lang='lat' dir='ltr'><strong>Ileraldu,</strong></span> <span class='ocrx_word' id='word_1_643' title='bbox 3205 2084 3254 2128; x_wconf 91' lang='lat' dir='ltr'><strong>et</strong></span> <span class='ocrx_word' id='word_1_644' title='bbox 3283 2075 3465 2129; x_wconf 84' lang='lat' dir='ltr'><strong>heroas</strong></span> <span class='ocrx_word' id='word_1_645' title='bbox 3486 2118 3500 2138; x_wconf 87' lang='lat'><strong><em>.</em></strong></span> <span class='ocrx_word' id='word_1_646' title='bbox 3529 2076 3620 2145; x_wconf 89' lang='lat' dir='ltr'><strong>qui</strong></span> <span class='ocrx_word' id='word_1_647' title='bbox 3658 2078 3966 2145; x_wconf 67' lang='lat' dir='ltr'><strong>saepissime</strong></span> 
     </span>
    </p>
   </div>
   <div class='ocr_carea' id='block_1_90' title="bbox 2343 2145 3963 2215">
    <p class='ocr_par' dir='ltr' id='par_1_90' title="bbox 2343 2145 3963 2215">
     <span class='ocr_line' id='line_1_92' title="bbox 2343 2145 3963 2215; baseline 0.002 -16"><span class='ocrx_word' id='word_1_648' title='bbox 2343 2145 2741 2215; x_wconf 82' lang='lat' dir='ltr'><strong>conjuuguutur</strong></span> <span class='ocrx_word' id='word_1_649' title='bbox 2771 2159 2892 2200; x_wconf 90' lang='lat' dir='ltr'><strong>cum</strong></span> <span class='ocrx_word' id='word_1_650' title='bbox 2920 2145 3290 2211; x_wconf 81' lang='lat' dir='ltr'><strong>daemonibus,</strong></span> <span class='ocrx_word' id='word_1_651' title='bbox 3349 2147 3498 2201; x_wconf 86' lang='lat' dir='ltr'><strong>verbi</strong></span> <span class='ocrx_word' id='word_1_652' title='bbox 3547 2162 3707 2201; x_wconf 78' lang='lat' dir='ltr'><strong>causa</strong></span> <span class='ocrx_word' id='word_1_653' title='bbox 3746 2149 3817 2200; x_wconf 91' lang='lat' dir='ltr'><strong>ab</strong></span> <span class='ocrx_word' id='word_1_654' title='bbox 3846 2150 3963 2204; x_wconf 79' lang='lat' dir='ltr'><strong>Au-</strong></span> 
     </span>
    </p>
   </div>
   <div class='ocr_carea' id='block_1_91' title="bbox 2341 2216 3962 2286">
    <p class='ocr_par' dir='ltr' id='par_1_91' title="bbox 2341 2216 3962 2286">
     <span class='ocr_line' id='line_1_93' title="bbox 2341 2216 3962 2286; baseline 0.004 -19"><span class='ocrx_word' id='word_1_655' title='bbox 2341 2221 2556 2286; x_wconf 85' lang='lat' dir='ltr'><strong>gustino</strong></span> <span class='ocrx_word' id='word_1_656' title='bbox 2579 2259 2593 2281; x_wconf 94' lang='lat'><strong>,</strong></span> <span class='ocrx_word' id='word_1_657' title='bbox 2643 2217 2710 2270; x_wconf 88' lang='lat' dir='ltr'><strong>de</strong></span> <span class='ocrx_word' id='word_1_658' title='bbox 2734 2216 2893 2271; x_wconf 88' lang='lat' dir='ltr'><strong>Civit.</strong></span> <span class='ocrx_word' id='word_1_659' title='bbox 2936 2216 3064 2275; x_wconf 86' lang='lat' dir='ltr'><strong>Dei.</strong></span> <span class='ocrx_word' id='word_1_660' title='bbox 3097 2217 3188 2271; x_wconf 90' lang='lat' dir='ltr'><strong>lib.</strong></span> <span class='ocrx_word' id='word_1_661' title='bbox 3225 2233 3287 2282; x_wconf 85' lang='lat' dir='ltr'><strong>x,</strong></span> <span class='ocrx_word' id='word_1_662' title='bbox 3331 2232 3450 2286; x_wconf 86' lang='lat' dir='ltr'><strong>cap.</strong></span> <span class='ocrx_word' id='word_1_663' title='bbox 3484 2217 3588 2273; x_wconf 71' lang='lat'><strong>21:</strong></span> <span class='ocrx_word' id='word_1_664' title='bbox 3623 2217 3811 2271; x_wconf 85' lang='lat' dir='ltr'><strong>Volunt</strong></span> <span class='ocrx_word' id='word_1_665' title='bbox 3840 2237 3962 2274; x_wconf 81' lang='lat' dir='ltr'><strong>cum</strong></span> 
     </span>
    </p>
   </div>
   <div class='ocr_carea' id='block_1_92' title="bbox 2341 2287 3961 2359">
    <p class='ocr_par' dir='ltr' id='par_1_92' title="bbox 2341 2287 3961 2359">
     <span class='ocr_line' id='line_1_94' title="bbox 2341 2287 3961 2359; baseline 0.002 -19"><span class='ocrx_word' id='word_1_666' title='bbox 2341 2288 2654 2342; x_wconf 73' lang='lat' dir='ltr'><strong>dwmonibus</strong></span> <span class='ocrx_word' id='word_1_667' title='bbox 2684 2287 2864 2340; x_wconf 83' lang='lat' dir='ltr'><strong>heroas</strong></span> <span class='ocrx_word' id='word_1_668' title='bbox 2894 2288 3154 2359; x_wconf 83' lang='lat' dir='ltr'><strong>habitare,</strong></span> <span class='ocrx_word' id='word_1_669' title='bbox 3183 2305 3282 2359; x_wconf 89' lang='lat' dir='ltr'><strong>quo</strong></span> <span class='ocrx_word' id='word_1_670' title='bbox 3313 2290 3518 2343; x_wconf 88' lang='lat' dir='ltr'><strong>nomine</strong></span> <span class='ocrx_word' id='word_1_671' title='bbox 3544 2291 3809 2359; x_wconf 87' lang='lat' dir='ltr'><strong>appellant</strong></span> <span class='ocrx_word' id='word_1_672' title='bbox 3852 2292 3961 2344; x_wconf 81' lang='lat' dir='ltr'><strong>ali-</strong></span> 
     </span>
    </p>
   </div>
   <div class='ocr_carea' id='block_1_93' title="bbox 2346 2358 3962 2430">
    <p class='ocr_par' dir='ltr' id='par_1_93' title="bbox 2346 2358 3962 2430">
     <span class='ocr_line' id='line_1_95' title="bbox 2346 2358 3962 2430; baseline 0.003 -19"><span class='ocrx_word' id='word_1_673' title='bbox 2346 2359 2683 2430; x_wconf 23' lang='lat' dir='ltr'><strong>cujusimeriti</strong></span> <span class='ocrx_word' id='word_1_674' title='bbox 2710 2359 2909 2411; x_wconf 83' lang='lat' dir='ltr'><strong>animus</strong></span> <span class='ocrx_word' id='word_1_675' title='bbox 2937 2358 3316 2430; x_wconf 78' lang='lat' dir='ltr'><strong>defunctorum.</strong></span> <span class='ocrx_word' id='word_1_676' title='bbox 3363 2359 3447 2415; x_wconf 83' lang='lat' dir='ltr'><strong>Cl&#39;.</strong></span> <span class='ocrx_word' id='word_1_677' title='bbox 3502 2360 3671 2430; x_wconf 88' lang='lat' dir='ltr'><strong>intpp.</strong></span> <span class='ocrx_word' id='word_1_678' title='bbox 3717 2361 3782 2414; x_wconf 85' lang='lat' dir='ltr'><strong>ad</strong></span> <span class='ocrx_word' id='word_1_679' title='bbox 3806 2359 3962 2416; x_wconf 81' lang='lat' dir='ltr'><strong>Gno-</strong></span> 
     </span>
    </p>
   </div>
   <div class='ocr_carea' id='block_1_94' title="bbox 2345 2429 3956 2556">
    <p class='ocr_par' dir='ltr' id='par_1_94' title="bbox 2345 2429 3956 2556">
     <span class='ocr_line' id='line_1_96' title="bbox 2345 2429 3956 2502; baseline 0.003 -19"><span class='ocrx_word' id='word_1_680' title='bbox 2345 2445 2461 2484; x_wconf 90' lang='lat' dir='ltr'><strong>mas</strong></span> <span class='ocrx_word' id='word_1_681' title='bbox 2505 2429 2998 2502; x_wconf 83' lang='lat' dir='ltr'><strong>Pythagoreorum,</strong></span> <span class='ocrx_word' id='word_1_682' title='bbox 3048 2429 3168 2484; x_wconf 80' lang='lat' dir='ltr'><strong>init.</strong></span> <span class='ocrx_word' id='word_1_683' title='bbox 3214 2430 3372 2485; x_wconf 86' lang='lat' dir='ltr'><strong>Plura</strong></span> <span class='ocrx_word' id='word_1_684' title='bbox 3417 2430 3537 2487; x_wconf 87' lang='lat' dir='ltr'><strong>vide</strong></span> <span class='ocrx_word' id='word_1_685' title='bbox 3581 2429 3669 2501; x_wconf 84' lang='lat' dir='ltr'><strong>ap.</strong></span> <span class='ocrx_word' id='word_1_686' title='bbox 3711 2431 3956 2502; x_wconf 81' lang='lat' dir='ltr'><strong>Meurs.,</strong></span> 
     </span>
     <span class='ocr_line' id='line_1_97' title="bbox 2345 2502 2752 2556; baseline -0.005 0"><span class='ocrx_word' id='word_1_687' title='bbox 2345 2515 2396 2556; x_wconf 83' lang='grc' dir='ltr'><strong>ι).</strong></span> <span class='ocrx_word' id='word_1_688' title='bbox 2431 2502 2516 2554; x_wconf 86' lang='lat' dir='ltr'><strong>l7.</strong></span> <span class='ocrx_word' id='word_1_689' title='bbox 2549 2502 2752 2556; x_wconf 79' lang='lat' dir='ltr'><strong>OnsLL.</strong></span> 
     </span>
    </p>
   </div>
   <div class='ocr_carea' id='block_1_95' title="bbox 2345 2515 2752 2571">
    <p class='ocr_par' dir='ltr' id='par_1_95' title="bbox 2345 2515 2752 2571">
     <span class='ocr_line' id='line_1_98' title="bbox 2345 2515 2752 2571; baseline 0.01 -21"><span class='ocrx_word' id='word_1_690' title='bbox 2345 2515 2396 2571; x_wconf 90' lang='lat' dir='ltr'><strong>p.</strong></span> <span class='ocrx_word' id='word_1_691' title='bbox 2431 2515 2516 2571; x_wconf 68' lang='grc' dir='ltr'>ιι.</span> <span class='ocrx_word' id='word_1_692' title='bbox 2549 2515 2752 2556; x_wconf 74' lang='grc' dir='ltr'>υιιειι..</span> 
     </span>
    </p>
   </div>
   <div class='ocr_carea' id='block_1_96' title="bbox 2417 2570 3959 2646">
    <p class='ocr_par' dir='ltr' id='par_1_96' title="bbox 2417 2570 3959 2646">
     <span class='ocr_line' id='line_1_99' title="bbox 2417 2570 3959 2646; baseline 0.005 -21"><span class='ocrx_word' id='word_1_693' title='bbox 2417 2570 2539 2646; x_wconf 75' lang='lat' dir='ltr'><strong>_Non</strong></span> <span class='ocrx_word' id='word_1_694' title='bbox 2559 2589 2706 2646; x_wconf 85' lang='lat' dir='ltr'><strong>nosse</strong></span> <span class='ocrx_word' id='word_1_695' title='bbox 2717 2572 3020 2646; x_wconf 61' lang='lat' dir='ltr'><strong>ccclestia,_i.</strong></span> <span class='ocrx_word' id='word_1_696' title='bbox 3043 2587 3094 2627; x_wconf 93' lang='lat' dir='ltr'><strong>e.</strong></span> <span class='ocrx_word' id='word_1_697' title='bbox 3120 2588 3224 2627; x_wconf 92' lang='lat' dir='ltr'><strong>non</strong></span> <span class='ocrx_word' id='word_1_698' title='bbox 3246 2590 3365 2640; x_wconf 93' lang='lat' dir='ltr'><strong>usu,</strong></span> <span class='ocrx_word' id='word_1_699' title='bbox 3385 2591 3448 2629; x_wconf 83' lang='lat' dir='ltr'><strong>ex</strong></span> <span class='ocrx_word' id='word_1_700' title='bbox 3459 2575 3715 2642; x_wconf 88' lang='lat' dir='ltr'><strong>perientia</strong></span> <span class='ocrx_word' id='word_1_701' title='bbox 3729 2578 3959 2646; x_wconf 83' lang='lat' dir='ltr'><strong>cognita</strong></span> 
     </span>
    </p>
   </div>
   <div class='ocr_carea' id='block_1_97' title="bbox 2346 2641 3959 2715">
    <p class='ocr_par' dir='ltr' id='par_1_97' title="bbox 2346 2641 3959 2715">
     <span class='ocr_line' id='line_1_100' title="bbox 2346 2641 3959 2715; baseline 0.004 -19"><span class='ocrx_word' id='word_1_702' title='bbox 2346 2641 2542 2699; x_wconf 86' lang='lat' dir='ltr'><strong>habere</strong></span> <span class='ocrx_word' id='word_1_703' title='bbox 2569 2644 2830 2699; x_wconf 59' lang='lat' dir='ltr'><strong>caelestia.</strong></span> <span class='ocrx_word' id='word_1_704' title='bbox 2885 2643 3014 2699; x_wconf 87' lang='lat' dir='ltr'><strong>Vide</strong></span> <span class='ocrx_word' id='word_1_705' title='bbox 3045 2660 3202 2713; x_wconf 88' lang='lat' dir='ltr'><strong>supra</strong></span> <span class='ocrx_word' id='word_1_706' title='bbox 3233 2662 3352 2715; x_wconf 91' lang='lat' dir='ltr'><strong>cap.</strong></span> <span class='ocrx_word' id='word_1_707' title='bbox 3384 2641 3471 2711; x_wconf 82' lang='lat' dir='ltr'><strong>i7,</strong></span> <span class='ocrx_word' id='word_1_708' title='bbox 3527 2646 3590 2700; x_wconf 88' lang='lat' dir='ltr'><strong>ad</strong></span> <span class='ocrx_word' id='word_1_709' title='bbox 3637 2641 3959 2703; x_wconf 57' lang='lat' dir='ltr'><strong>verba&#39;lloc</strong></span> 
     </span>
    </p>
   </div>
   <div class='ocr_carea' id='block_1_98' title="bbox 2345 2715 3698 2784">
    <p class='ocr_par' dir='ltr' id='par_1_98' title="bbox 2345 2715 3698 2784">
     <span class='ocr_line' id='line_1_101' title="bbox 2345 2715 3698 2784; baseline 0.002 -17"><span class='ocrx_word' id='word_1_710' title='bbox 2345 2729 2464 2784; x_wconf 79' lang='lat' dir='ltr'><strong>ergo</strong></span> <span class='ocrx_word' id='word_1_711' title='bbox 2495 2715 2581 2768; x_wconf 88' lang='lat' dir='ltr'><strong>Dii</strong></span> <span class='ocrx_word' id='word_1_712' title='bbox 2607 2715 2779 2784; x_wconf 82' lang='lat' dir='ltr'><strong>magni</strong></span> <span class='ocrx_word' id='word_1_713' title='bbox 2803 2725 2987 2768; x_wconf 86' lang='lat' dir='ltr'><strong>norant</strong></span> <span class='ocrx_word' id='word_1_714' title='bbox 3016 2725 3196 2770; x_wconf 90' lang='lat' dir='ltr'><strong>notam</strong></span> <span class='ocrx_word' id='word_1_715' title='bbox 3229 2716 3466 2772; x_wconf 86' lang='lat' dir='ltr'><strong>Ileraldi.</strong></span> <span class='ocrx_word' id='word_1_716' title='bbox 3495 2717 3698 2773; x_wconf 79' lang='lat' dir='ltr'><strong>ORELL.</strong></span> 
     </span>
    </p>
   </div>
   <div class='ocr_carea' id='block_1_99' title="bbox 2420 2784 3953 2858">
    <p class='ocr_par' dir='ltr' id='par_1_99' title="bbox 2420 2784 3953 2858">
     <span class='ocr_line' id='line_1_102' title="bbox 2420 2784 3953 2858; baseline 0.005 -19"><span class='ocrx_word' id='word_1_717' title='bbox 2420 2785 2609 2842; x_wconf 78' lang='lat' dir='ltr'>XXIV.</span> <span class='ocrx_word' id='word_1_718' title='bbox 2627 2784 3017 2856; x_wconf 84' lang='lat' dir='ltr'><strong>—Haruspices</strong></span> <span class='ocrx_word' id='word_1_719' title='bbox 3041 2790 3133 2840; x_wconf 72' lang='lat' dir='ltr'><strong>llas</strong></span> <span class='ocrx_word' id='word_1_720' title='bbox 3161 2788 3385 2856; x_wconf 80' lang='lat' dir='ltr'><strong>fabulas,</strong></span> <span class='ocrx_word' id='word_1_721' title='bbox 3408 2791 3735 2858; x_wconf 85' lang='lat' dir='ltr'><strong>conjectores,</strong></span> <span class='ocrx_word' id='word_1_722' title='bbox 3767 2791 3953 2858; x_wconf 85' lang='lat' dir='ltr'><strong>arioli,</strong></span> 
     </span>
    </p>
   </div>
   <div class='ocr_carea' id='block_1_100' title="bbox 2345 2857 3955 2930">
    <p class='ocr_par' dir='ltr' id='par_1_100' title="bbox 2345 2857 3955 2930">
     <span class='ocr_line' id='line_1_103' title="bbox 2345 2857 3955 2930; baseline 0.004 -20"><span class='ocrx_word' id='word_1_723' title='bbox 2345 2867 2601 2924; x_wconf 83' lang='lat' dir='ltr'><strong>vates....,</strong></span> <span class='ocrx_word' id='word_1_724' title='bbox 2630 2857 2860 2930; x_wconf 65' lang='lat' dir='ltr'><strong>(nautici.</strong></span> <span class='ocrx_word' id='word_1_725' title='bbox 2899 2857 3062 2930; x_wconf 73' lang='lat' dir='ltr'><strong>[idem</strong></span> <span class='ocrx_word' id='word_1_726' title='bbox 3078 2859 3477 2930; x_wconf 75' lang='lat' dir='ltr'><strong>conjuuguutur</strong></span> <span class='ocrx_word' id='word_1_727' title='bbox 3497 2857 3555 2914; x_wconf 82' lang='lat' dir='ltr'><strong>et</strong></span> <span class='ocrx_word' id='word_1_728' title='bbox 3583 2857 3955 2924; x_wconf 81' lang='lat' dir='ltr'><strong>exploduntur</strong></span> 
     </span>
    </p>
   </div>
   <div class='ocr_carea' id='block_1_101' title="bbox 2345 2928 3951 2996">
    <p class='ocr_par' dir='ltr' id='par_1_101' title="bbox 2345 2928 3951 2996">
     <span class='ocr_line' id='line_1_104' title="bbox 2345 2928 3951 2996; baseline 0.006 -15"><span class='ocrx_word' id='word_1_729' title='bbox 2345 2930 2505 2982; x_wconf 90' lang='lat' dir='ltr'><strong>etiam</strong></span> <span class='ocrx_word' id='word_1_730' title='bbox 2539 2946 2568 2983; x_wconf 90' lang='lat' dir='ltr'><strong>a</strong></span> <span class='ocrx_word' id='word_1_731' title='bbox 2601 2929 2854 2985; x_wconf 78' lang='lat' dir='ltr'><strong>Cicerone</strong></span> <span class='ocrx_word' id='word_1_732' title='bbox 2886 2929 2953 2983; x_wconf 88' lang='lat' dir='ltr'><strong>de</strong></span> <span class='ocrx_word' id='word_1_733' title='bbox 2983 2928 3106 2985; x_wconf 88' lang='lat' dir='ltr'><strong>Nat.</strong></span> <span class='ocrx_word' id='word_1_734' title='bbox 3141 2928 3322 2996; x_wconf 65' lang='lat' dir='ltr'><strong>DeorI,</strong></span> <span class='ocrx_word' id='word_1_735' title='bbox 3350 2947 3388 2996; x_wconf 92' lang='grc' dir='ltr'>ι,</span> <span class='ocrx_word' id='word_1_736' title='bbox 3418 2930 3512 2994; x_wconf 71' lang='lat'><strong>20.</strong></span> <span class='ocrx_word' id='word_1_737' title='bbox 3540 2931 3625 2986; x_wconf 92' lang='lat' dir='ltr'><strong>ubi</strong></span> <span class='ocrx_word' id='word_1_738' title='bbox 3658 2932 3898 2987; x_wconf 80' lang='lat' dir='ltr'><strong>Velleius</strong></span> <span class='ocrx_word' id='word_1_739' title='bbox 3936 2953 3951 2990; x_wconf 93' lang='lat'>:</span> 
     </span>
    </p>
   </div>
   <div class='ocr_carea' id='block_1_102' title="bbox 2274 2998 3955 3083">
    <p class='ocr_par' dir='ltr' id='par_1_102' title="bbox 2274 2998 3955 3083">
     <span class='ocr_line' id='line_1_105' title="bbox 2274 2998 3955 3083; baseline 0.002 -31"><span class='ocrx_word' id='word_1_740' title='bbox 2274 3003 2318 3067; x_wconf 85' lang='lat' dir='ltr'><strong><em>C</em></strong></span> <span class='ocrx_word' id='word_1_741' title='bbox 2355 2998 2595 3083; x_wconf 77' lang='lat' dir='ltr'><strong>Sequitur</strong></span> <span class='ocrx_word' id='word_1_742' title='bbox 2622 3005 2830 3083; x_wconf 53' lang='grc' dir='ltr'><strong>μαντική</strong></span> <span class='ocrx_word' id='word_1_743' title='bbox 2854 3010 3100 3083; x_wconf 45' lang='lat' dir='ltr'><strong>vestra”...</strong></span> <span class='ocrx_word' id='word_1_744' title='bbox 3117 3015 3217 3068; x_wconf 90' lang='lat' dir='ltr'><strong>qua</strong></span> <span class='ocrx_word' id='word_1_745' title='bbox 3246 3012 3386 3056; x_wconf 87' lang='lat' dir='ltr'><strong>tanta</strong></span> <span class='ocrx_word' id='word_1_746' title='bbox 3409 3003 3746 3058; x_wconf 85' lang='lat' dir='ltr'><strong>imbueremur</strong></span> <span class='ocrx_word' id='word_1_747' title='bbox 3766 3021 3955 3073; x_wconf 80' lang='lat' dir='ltr'><strong>super-</strong></span> 
     </span>
    </p>
   </div>
   <div class='ocr_carea' id='block_1_103' title="bbox 2350 3072 3950 3145">
    <p class='ocr_par' dir='ltr' id='par_1_103' title="bbox 2350 3072 3950 3145">
     <span class='ocr_line' id='line_1_106' title="bbox 2350 3072 3950 3145; baseline 0.005 -23"><span class='ocrx_word' id='word_1_748' title='bbox 2350 3073 2573 3145; x_wconf 75' lang='lat' dir='ltr'><strong>stitione,</strong></span> <span class='ocrx_word' id='word_1_749' title='bbox 2614 3074 2657 3126; x_wconf 87' lang='lat' dir='ltr'><strong>si</strong></span> <span class='ocrx_word' id='word_1_750' title='bbox 2679 3088 2765 3125; x_wconf 84' lang='lat' dir='ltr'><strong>vos</strong></span> <span class='ocrx_word' id='word_1_751' title='bbox 2794 3072 2975 3145; x_wconf 81' lang='lat' dir='ltr'><strong>audire</strong></span> <span class='ocrx_word' id='word_1_752' title='bbox 3002 3072 3264 3137; x_wconf 86' lang='lat' dir='ltr'><strong>vellemus,</strong></span> <span class='ocrx_word' id='word_1_753' title='bbox 3300 3083 3356 3126; x_wconf 89' lang='lat' dir='ltr'><strong>ut</strong></span> <span class='ocrx_word' id='word_1_754' title='bbox 3383 3079 3662 3143; x_wconf 86' lang='lat' dir='ltr'><strong>aruspices.</strong></span> <span class='ocrx_word' id='word_1_755' title='bbox 3695 3072 3950 3145; x_wconf 83' lang='lat' dir='ltr'><strong>augures,</strong></span> 
     </span>
    </p>
   </div>
   <div class='ocr_carea' id='block_1_104' title="bbox 2351 3141 3952 3209">
    <p class='ocr_par' dir='ltr' id='par_1_104' title="bbox 2351 3141 3952 3209">
     <span class='ocr_line' id='line_1_107' title="bbox 2351 3141 3952 3209; baseline 0.007 -16"><span class='ocrx_word' id='word_1_756' title='bbox 2351 3141 2560 3203; x_wconf 83' lang='lat' dir='ltr'><strong>harioli,</strong></span> <span class='ocrx_word' id='word_1_757' title='bbox 2594 3155 2731 3197; x_wconf 83' lang='lat' dir='ltr'><strong>uates</strong></span> <span class='ocrx_word' id='word_1_758' title='bbox 2766 3152 2810 3197; x_wconf 89' lang='lat' dir='ltr'><strong>et</strong></span> <span class='ocrx_word' id='word_1_759' title='bbox 2840 3143 3148 3209; x_wconf 80' lang='lat' dir='ltr'><strong>coniectores</strong></span> <span class='ocrx_word' id='word_1_760' title='bbox 3190 3145 3335 3199; x_wconf 85' lang='lat' dir='ltr'><strong>nobis</strong></span> <span class='ocrx_word' id='word_1_761' title='bbox 3386 3141 3550 3199; x_wconf 84' lang='lat' dir='ltr'><strong>essent</strong></span> <span class='ocrx_word' id='word_1_762' title='bbox 3595 3141 3819 3199; x_wconf 59' lang='lat' dir='ltr'><strong>colendi.</strong></span> <span class='ocrx_word' id='word_1_763' title='bbox 3873 3149 3952 3205; x_wconf 79' lang='lat' dir='ltr'><strong>[te</strong></span> 
     </span>
    </p>
   </div>
   <div class='ocr_carea' id='block_1_105' title="bbox 2350 3211 3949 3284">
    <p class='ocr_par' dir='ltr' id='par_1_105' title="bbox 2350 3211 3949 3284">
     <span class='ocr_line' id='line_1_108' title="bbox 2350 3211 3949 3284; baseline 0.005 -20"><span class='ocrx_word' id='word_1_764' title='bbox 2350 3211 2719 3283; x_wconf 88' lang='lat' dir='ltr'><strong>haruspicibus</strong></span> <span class='ocrx_word' id='word_1_765' title='bbox 2750 3230 2838 3268; x_wconf 88' lang='lat' dir='ltr'><strong>res</strong></span> <span class='ocrx_word' id='word_1_766' title='bbox 2861 3225 3004 3268; x_wconf 87' lang='lat' dir='ltr'><strong>n0ta.</strong></span> <span class='ocrx_word' id='word_1_767' title='bbox 3033 3213 3356 3284; x_wconf 83' lang='lat' dir='ltr'><strong>Conjeclores</strong></span> <span class='ocrx_word' id='word_1_768' title='bbox 3375 3216 3686 3271; x_wconf 81' lang='lat' dir='ltr'><strong>dicebantur</strong></span> <span class='ocrx_word' id='word_1_769' title='bbox 3713 3219 3949 3282; x_wconf 75' lang='grc' dir='ltr'><strong>κατ’ἐξο-</strong></span> 
     </span>
    </p>
   </div>
   <div class='ocr_carea' id='block_1_106' title="bbox 2348 3286 3948 3363">
    <p class='ocr_par' dir='ltr' id='par_1_106' title="bbox 2348 3286 3948 3363">
     <span class='ocr_line' id='line_1_109' title="bbox 2348 3286 3948 3363; baseline 0.003 -22"><span class='ocrx_word' id='word_1_770' title='bbox 2348 3290 2452 3363; x_wconf 75' lang='grc' dir='ltr'><strong>χήν</strong></span> <span class='ocrx_word' id='word_1_771' title='bbox 2496 3287 2806 3363; x_wconf 52' lang='grc' dir='ltr'><strong>ξρῃιηὶοζμιιι</strong></span> <span class='ocrx_word' id='word_1_772' title='bbox 2847 3286 3166 3363; x_wconf 71' lang='lat' dir='ltr'><strong>interpretes,</strong></span> <span class='ocrx_word' id='word_1_773' title='bbox 3217 3289 3570 3363; x_wconf 52' lang='lat' dir='ltr'><strong>_6ve_¢‘ooz‘ot‘t&#39;ott&#39;.</strong></span> <span class='ocrx_word' id='word_1_774' title='bbox 3604 3287 3743 3363; x_wconf 63' lang='grc' dir='ltr'><strong>ΔἮιῘ.</strong></span> <span class='ocrx_word' id='word_1_775' title='bbox 3795 3289 3948 3346; x_wconf 77' lang='lat' dir='ltr'><strong>Fest.</strong></span> 
     </span>
    </p>
   </div>
   <div class='ocr_carea' id='block_1_107' title="bbox 2349 3357 3950 3427">
    <p class='ocr_par' dir='ltr' id='par_1_107' title="bbox 2349 3357 3950 3427">
     <span class='ocr_line' id='line_1_110' title="bbox 2349 3357 3950 3427; baseline 0.005 -18"><span class='ocrx_word' id='word_1_776' title='bbox 2349 3359 2406 3410; x_wconf 82' lang='grc' dir='ltr'>ιι.</span> <span class='ocrx_word' id='word_1_777' title='bbox 2433 3373 2481 3410; x_wconf 85' lang='grc' dir='ltr'><strong>ν.</strong></span> <span class='ocrx_word' id='word_1_778' title='bbox 2505 3357 2684 3427; x_wconf 88' lang='lat' dir='ltr'><strong>ibique</strong></span> <span class='ocrx_word' id='word_1_779' title='bbox 2709 3357 2892 3411; x_wconf 87' lang='lat' dir='ltr'><strong>Dacer.</strong></span> <span class='ocrx_word' id='word_1_780' title='bbox 2927 3357 3078 3411; x_wconf 87' lang='lat' dir='ltr'><strong>arioli</strong></span> <span class='ocrx_word' id='word_1_781' title='bbox 3103 3358 3228 3411; x_wconf 80' lang='lat' dir='ltr'><strong>dieti</strong></span> <span class='ocrx_word' id='word_1_782' title='bbox 3269 3357 3336 3414; x_wconf 79' lang='lat' dir='ltr'><strong>ali</strong></span> <span class='ocrx_word' id='word_1_783' title='bbox 3375 3357 3502 3422; x_wconf 71' lang='lat' dir='ltr'><strong>aiis,</strong></span> <span class='ocrx_word' id='word_1_784' title='bbox 3528 3358 3617 3424; x_wconf 88' lang='lat' dir='ltr'><strong>qui</strong></span> <span class='ocrx_word' id='word_1_785' title='bbox 3643 3359 3788 3413; x_wconf 86' lang='lat' dir='ltr'><strong>circa</strong></span> <span class='ocrx_word' id='word_1_786' title='bbox 3821 3377 3950 3417; x_wconf 84' lang='lat' dir='ltr'><strong>aras</strong></span> 
     </span>
    </p>
   </div>
   <div class='ocr_carea' id='block_1_108' title="bbox 2347 3429 3947 3498">
    <p class='ocr_par' dir='ltr' id='par_1_108' title="bbox 2347 3429 3947 3498">
     <span class='ocr_line' id='line_1_111' title="bbox 2347 3429 3947 3498; baseline 0.003 -18"><span class='ocrx_word' id='word_1_787' title='bbox 2347 3437 2663 3494; x_wconf 73' lang='lat' dir='ltr'><strong>versantur,</strong></span> <span class='ocrx_word' id='word_1_788' title='bbox 2723 3437 3054 3498; x_wconf 85' lang='lat' dir='ltr'><strong>precantur,</strong></span> <span class='ocrx_word' id='word_1_789' title='bbox 3106 3430 3485 3484; x_wconf 89' lang='lat' dir='ltr'><strong>vaticinantnr.</strong></span> <span class='ocrx_word' id='word_1_790' title='bbox 3534 3429 3654 3484; x_wconf 69' lang='grc' dir='ltr'><strong>νεα.</strong></span> <span class='ocrx_word' id='word_1_791' title='bbox 3703 3430 3947 3498; x_wconf 79' lang='lat' dir='ltr'><strong>Isidor.,</strong></span> 
     </span>
    </p>
   </div>
   <div class='ocr_carea' id='block_1_109' title="bbox 2345 3499 3948 3572">
    <p class='ocr_par' dir='ltr' id='par_1_109' title="bbox 2345 3499 3948 3572">
     <span class='ocr_line' id='line_1_112' title="bbox 2345 3499 3948 3572; baseline 0.004 -20"><span class='ocrx_word' id='word_1_792' title='bbox 2345 3500 2491 3568; x_wconf 87' lang='lat' dir='ltr'><strong>Orig.</strong></span> <span class='ocrx_word' id='word_1_793' title='bbox 2516 3540 2530 3562; x_wconf 92' lang='lat'><strong>,</strong></span> <span class='ocrx_word' id='word_1_794' title='bbox 2567 3499 2659 3553; x_wconf 90' lang='lat' dir='ltr'><strong>lib.</strong></span> <span class='ocrx_word' id='word_1_795' title='bbox 2694 3515 2788 3554; x_wconf 80' lang='lat' dir='ltr'><strong>vni</strong></span> <span class='ocrx_word' id='word_1_796' title='bbox 2812 3541 2828 3564; x_wconf 91' lang='lat'><strong>,</strong></span> <span class='ocrx_word' id='word_1_797' title='bbox 2870 3516 2919 3572; x_wconf 75' lang='lat' dir='ltr'><strong>c.</strong></span> <span class='ocrx_word' id='word_1_798' title='bbox 2950 3500 3002 3554; x_wconf 91' lang='lat'><strong>9.</strong></span> <span class='ocrx_word' id='word_1_799' title='bbox 3035 3499 3272 3572; x_wconf 87' lang='lat' dir='ltr'><strong>Donatus</strong></span> <span class='ocrx_word' id='word_1_800' title='bbox 3312 3505 3378 3554; x_wconf 86' lang='lat' dir='ltr'><strong>ad</strong></span> <span class='ocrx_word' id='word_1_801' title='bbox 3422 3501 3639 3556; x_wconf 86' lang='lat' dir='ltr'><strong>Terent.</strong></span> <span class='ocrx_word' id='word_1_802' title='bbox 3688 3501 3948 3572; x_wconf 78' lang='lat' dir='ltr'><strong>Pltorm.,</strong></span> 
     </span>
    </p>
   </div>
   <div class='ocr_carea' id='block_1_110' title="bbox 2344 3570 3950 3642">
    <p class='ocr_par' dir='ltr' id='par_1_110' title="bbox 2344 3570 3950 3642">
     <span class='ocr_line' id='line_1_113' title="bbox 2344 3570 3950 3642; baseline 0.007 -22"><span class='ocrx_word' id='word_1_803' title='bbox 2344 3581 2450 3624; x_wconf 84' lang='lat' dir='ltr'><strong>act.</strong></span> <span class='ocrx_word' id='word_1_804' title='bbox 2479 3586 2566 3642; x_wconf 66' lang='lat' dir='ltr'><strong>tv,</strong></span> <span class='ocrx_word' id='word_1_805' title='bbox 2589 3585 2736 3642; x_wconf 86' lang='lat' dir='ltr'><strong>scen.</strong></span> <span class='ocrx_word' id='word_1_806' title='bbox 2768 3572 2802 3624; x_wconf 71' lang='grc'><strong>4</strong></span> <span class='ocrx_word' id='word_1_807' title='bbox 2826 3611 2841 3634; x_wconf 83' lang='grc'><strong><em>,</em></strong></span> <span class='ocrx_word' id='word_1_808' title='bbox 2871 3571 2939 3624; x_wconf 85' lang='lat' dir='ltr'><strong>al)</strong></span> <span class='ocrx_word' id='word_1_809' title='bbox 2964 3570 3097 3636; x_wconf 69' lang='lat' dir='ltr'><strong>Icari,</strong></span> <span class='ocrx_word' id='word_1_810' title='bbox 3128 3573 3292 3626; x_wconf 82' lang='lat' dir='ltr'><strong>verbo</strong></span> <span class='ocrx_word' id='word_1_811' title='bbox 3316 3573 3536 3642; x_wconf 88' lang='lat' dir='ltr'><strong>antiquo</strong></span> <span class='ocrx_word' id='word_1_812' title='bbox 3565 3587 3660 3642; x_wconf 82' lang='lat' dir='ltr'><strong>pro</strong></span> <span class='ocrx_word' id='word_1_813' title='bbox 3687 3575 3813 3642; x_wconf 80' lang='lat' dir='ltr'><strong>fari,</strong></span> <span class='ocrx_word' id='word_1_814' title='bbox 3847 3570 3950 3631; x_wconf 51' lang='lat' dir='ltr'><strong>de;</strong></span> 
     </span>
    </p>
   </div>
   <div class='ocr_carea' id='block_1_111' title="bbox 2345 3641 3945 3715">
    <p class='ocr_par' dir='ltr' id='par_1_111' title="bbox 2345 3641 3945 3715">
     <span class='ocr_line' id='line_1_114' title="bbox 2345 3641 3945 3715; baseline 0.003 -22"><span class='ocrx_word' id='word_1_815' title='bbox 2345 3641 2621 3715; x_wconf 48' lang='grc' dir='ltr'><strong>ἠιθέῳ-(ΞΓ.</strong></span> <span class='ocrx_word' id='word_1_816' title='bbox 2683 3642 3174 3715; x_wconf 42' lang='grc' dir='ltr'><strong>Ιὶτινβτοξιιιιρη-ειό</strong></span> <span class='ocrx_word' id='word_1_817' title='bbox 3229 3641 3892 3713; x_wconf 54' lang='lat' dir='ltr'><strong>Tertulliani.Apologet.</strong></span> <span class='ocrx_word' id='word_1_818' title='bbox 3927 3690 3945 3715; x_wconf 83' lang='lat'><strong>,</strong></span> 
     </span>
    </p>
   </div>
   <div class='ocr_carea' id='block_1_112' title="bbox 2346 3711 3944 3791">
    <p class='ocr_par' dir='ltr' id='par_1_112' title="bbox 2346 3711 3944 3791">
     <span class='ocr_line' id='line_1_115' title="bbox 2346 3711 3944 3791; baseline 0.007 -29"><span class='ocrx_word' id='word_1_819' title='bbox 2346 3727 2396 3791; x_wconf 81' lang='lat' dir='ltr'><strong>p.</strong></span> <span class='ocrx_word' id='word_1_820' title='bbox 2425 3711 2562 3791; x_wconf 52' lang='lat'><strong>2:37,</strong></span> <span class='ocrx_word' id='word_1_821' title='bbox 2597 3713 2808 3791; x_wconf 73' lang='lat' dir='ltr'><strong>[artatici</strong></span> <span class='ocrx_word' id='word_1_822' title='bbox 2834 3728 2862 3765; x_wconf 89' lang='lat' dir='ltr'><strong>a</strong></span> <span class='ocrx_word' id='word_1_823' title='bbox 2893 3712 3033 3791; x_wconf 80' lang='lat' dir='ltr'><strong>lanis</strong></span> <span class='ocrx_word' id='word_1_824' title='bbox 3050 3712 3281 3791; x_wconf 74' lang='lat' dir='ltr'><strong>(Glossa:</strong></span> <span class='ocrx_word' id='word_1_825' title='bbox 3314 3732 3326 3767; x_wconf 92' lang='lat'><strong>:</strong></span> <span class='ocrx_word' id='word_1_826' title='bbox 3358 3717 3628 3785; x_wconf 77' lang='lat' dir='ltr'><strong>fanaticus.</strong></span> 
     </span>
    </p>
   </div>
   <div class='ocr_carea' id='block_1_113' title="bbox 2343 3783 3949 3859">
    <p class='ocr_par' dir='ltr' id='par_1_113' title="bbox 2343 3783 3949 3859">
     <span class='ocr_line' id='line_1_116' title="bbox 2343 3783 3949 3859; baseline 0.005 -23"><span class='ocrx_word' id='word_1_827' title='bbox 2343 3783 2623 3859; x_wconf 66' lang='grc' dir='ltr'><strong>ἱερόδουλος</strong></span> <span class='ocrx_word' id='word_1_828' title='bbox 2645 3788 2662 3852; x_wconf 91' lang='grc'><strong>)</strong></span> <span class='ocrx_word' id='word_1_829' title='bbox 2681 3824 2698 3848; x_wconf 85' lang='grc'><em>,</em></span> <span class='ocrx_word' id='word_1_830' title='bbox 2728 3792 2872 3837; x_wconf 91' lang='lat' dir='ltr'><strong>erant</strong></span> <span class='ocrx_word' id='word_1_831' title='bbox 2897 3785 3026 3859; x_wconf 76' lang='lat' dir='ltr'><strong>tales</strong></span> <span class='ocrx_word' id='word_1_832' title='bbox 3045 3783 3067 3846; x_wconf 56' lang='grc'><strong>,⁷</strong></span> <span class='ocrx_word' id='word_1_833' title='bbox 3085 3787 3174 3854; x_wconf 86' lang='lat' dir='ltr'><strong>qui</strong></span> <span class='ocrx_word' id='word_1_834' title='bbox 3198 3783 3859 3859; x_wconf 47' lang='lat' dir='ltr'><strong>sempeucgwersabantnr</strong></span> <span class='ocrx_word' id='word_1_835' title='bbox 3888 3783 3949 3844; x_wconf 78' lang='lat' dir='ltr'><strong>in</strong></span> 
     </span>
    </p>
   </div>
   <div class='ocr_carea' id='block_1_114' title="bbox 2342 3855 3947 3926">
    <p class='ocr_par' dir='ltr' id='par_1_114' title="bbox 2342 3855 3947 3926">
     <span class='ocr_line' id='line_1_117' title="bbox 2342 3855 3947 3926; baseline 0.005 -20"><span class='ocrx_word' id='word_1_836' title='bbox 2342 3855 2561 3925; x_wconf 83' lang='lat' dir='ltr'><strong>templis,</strong></span> <span class='ocrx_word' id='word_1_837' title='bbox 2584 3866 2635 3908; x_wconf 88' lang='lat' dir='ltr'><strong>ut</strong></span> <span class='ocrx_word' id='word_1_838' title='bbox 2664 3859 2838 3926; x_wconf 79' lang='lat' dir='ltr'><strong>futura</strong></span> <span class='ocrx_word' id='word_1_839' title='bbox 2865 3855 3218 3923; x_wconf 63' lang='lat' dir='ltr'><strong>praedicerent.</strong></span> <span class='ocrx_word' id='word_1_840' title='bbox 3247 3856 3435 3912; x_wconf 84' lang='lat' dir='ltr'><strong>VideJ.</strong></span> <span class='ocrx_word' id='word_1_841' title='bbox 3463 3856 3676 3912; x_wconf 84' lang='lat' dir='ltr'><strong>Firmic.</strong></span> <span class='ocrx_word' id='word_1_842' title='bbox 3699 3857 3947 3916; x_wconf 77' lang='lat' dir='ltr'><strong>Mathes.</strong></span> 
     </span>
    </p>
   </div>
   <div class='ocr_carea' id='block_1_115' title="bbox 2342 3925 3950 3994">
    <p class='ocr_par' dir='ltr' id='par_1_115' title="bbox 2342 3925 3950 3994">
     <span class='ocr_line' id='line_1_118' title="bbox 2342 3925 3950 3994; baseline 0.006 -16"><span class='ocrx_word' id='word_1_843' title='bbox 2342 3925 2496 3982; x_wconf 88' lang='lat' dir='ltr'><strong>liber.</strong></span> <span class='ocrx_word' id='word_1_844' title='bbox 2530 3942 2610 3991; x_wconf 84' lang='lat' dir='ltr'><strong>ut,</strong></span> <span class='ocrx_word' id='word_1_845' title='bbox 2633 3925 2683 3980; x_wconf 85' lang='lat' dir='ltr'><strong>c.</strong></span> <span class='ocrx_word' id='word_1_846' title='bbox 2709 3926 2797 3982; x_wconf 78' lang='grc'><strong>15.</strong></span> <span class='ocrx_word' id='word_1_847' title='bbox 2822 3926 3072 3994; x_wconf 83' lang='lat' dir='ltr'><strong>Designat</strong></span> <span class='ocrx_word' id='word_1_848' title='bbox 3097 3936 3276 3982; x_wconf 89' lang='lat' dir='ltr'><strong>autem</strong></span> <span class='ocrx_word' id='word_1_849' title='bbox 3306 3927 3389 3983; x_wconf 90' lang='lat' dir='ltr'><strong>his</strong></span> <span class='ocrx_word' id='word_1_850' title='bbox 3420 3927 3637 3982; x_wconf 87' lang='lat' dir='ltr'><strong>vocibus</strong></span> <span class='ocrx_word' id='word_1_851' title='bbox 3658 3928 3950 3987; x_wconf 80' lang='lat' dir='ltr'><strong>Arnobius</strong></span> 
     </span>
    </p>
   </div>
   <div class='ocr_carea' id='block_1_116' title="bbox 2340 3997 3951 4068">
    <p class='ocr_par' dir='ltr' id='par_1_116' title="bbox 2340 3997 3951 4068">
     <span class='ocr_line' id='line_1_119' title="bbox 2340 3997 3951 4068; baseline 0.004 -17"><span class='ocrx_word' id='word_1_852' title='bbox 2340 3998 2528 4065; x_wconf 86' lang='lat' dir='ltr'><strong>planos</strong></span> <span class='ocrx_word' id='word_1_853' title='bbox 2554 4008 2608 4053; x_wconf 94' lang='lat' dir='ltr'><strong>et</strong></span> <span class='ocrx_word' id='word_1_854' title='bbox 2628 4007 2841 4068; x_wconf 87' lang='lat' dir='ltr'><strong>agyrtas</strong></span> <span class='ocrx_word' id='word_1_855' title='bbox 2870 3998 2923 4050; x_wconf 94' lang='lat' dir='ltr'><strong>in</strong></span> <span class='ocrx_word' id='word_1_856' title='bbox 2951 3997 3084 4068; x_wconf 88' lang='lat' dir='ltr'><strong>locis</strong></span> <span class='ocrx_word' id='word_1_857' title='bbox 3113 3998 3356 4067; x_wconf 85' lang='lat' dir='ltr'><strong>publicis,</strong></span> <span class='ocrx_word' id='word_1_858' title='bbox 3386 3998 3618 4068; x_wconf 89' lang='lat' dir='ltr'><strong>templis,</strong></span> <span class='ocrx_word' id='word_1_859' title='bbox 3654 3999 3788 4053; x_wconf 79' lang='lat' dir='ltr'><strong>foris</strong></span> <span class='ocrx_word' id='word_1_860' title='bbox 3822 4003 3951 4068; x_wconf 79' lang='lat' dir='ltr'><strong>pla-</strong></span> 
     </span>
    </p>
   </div>
   <div class='ocr_carea' id='block_1_117' title="bbox 2342 4067 3952 4139">
    <p class='ocr_par' dir='ltr' id='par_1_117' title="bbox 2342 4067 3952 4139">
     <span class='ocr_line' id='line_1_120' title="bbox 2342 4067 3952 4139; baseline 0.004 -18"><span class='ocrx_word' id='word_1_861' title='bbox 2342 4069 2442 4122; x_wconf 89' lang='lat' dir='ltr'><strong>teis</strong></span> <span class='ocrx_word' id='word_1_862' title='bbox 2459 4067 2740 4125; x_wconf 87' lang='lat' dir='ltr'><strong>versantes</strong></span> <span class='ocrx_word' id='word_1_863' title='bbox 2760 4077 2816 4123; x_wconf 90' lang='lat' dir='ltr'><strong>et</strong></span> <span class='ocrx_word' id='word_1_864' title='bbox 2839 4067 3098 4123; x_wconf 77' lang='lat' dir='ltr'><strong>vaticiniis</strong></span> <span class='ocrx_word' id='word_1_865' title='bbox 3126 4071 3352 4139; x_wconf 89' lang='lat' dir='ltr'><strong>aliisque</strong></span> <span class='ocrx_word' id='word_1_866' title='bbox 3373 4067 3952 4128; x_wconf 73' lang='lat' dir='ltr'><strong>vanitatibnsrnulier-</strong></span> 
     </span>
    </p>
   </div>
   <div class='ocr_carea' id='block_1_118' title="bbox 2338 4139 3951 4213">
    <p class='ocr_par' dir='ltr' id='par_1_118' title="bbox 2338 4139 3951 4213">
     <span class='ocr_line' id='line_1_121' title="bbox 2338 4139 3951 4213; baseline 0.001 -21"><span class='ocrx_word' id='word_1_867' title='bbox 2338 4139 2486 4213; x_wconf 75' lang='lat' dir='ltr'><strong>calas</strong></span> <span class='ocrx_word' id='word_1_868' title='bbox 2513 4153 2566 4196; x_wconf 91' lang='lat' dir='ltr'><strong>et</strong></span> <span class='ocrx_word' id='word_1_869' title='bbox 2594 4141 2728 4213; x_wconf 80' lang='lat' dir='ltr'><strong>alios</strong></span> <span class='ocrx_word' id='word_1_870' title='bbox 2750 4140 3028 4213; x_wconf 81' lang='lat' dir='ltr'><strong>imperitos</strong></span> <span class='ocrx_word' id='word_1_871' title='bbox 3055 4141 3750 4213; x_wconf 15' lang='lat' dir='ltr'><strong>hominesaggredienteset,</strong></span> <span class='ocrx_word' id='word_1_872' title='bbox 3763 4146 3951 4212; x_wconf 85' lang='lat' dir='ltr'><strong>stipes</strong></span> 
     </span>
    </p>
   </div>
   <div class='ocr_carea' id='block_1_119' title="bbox 2338 4208 3947 4282">
    <p class='ocr_par' dir='ltr' id='par_1_119' title="bbox 2338 4208 3947 4282">
     <span class='ocr_line' id='line_1_122' title="bbox 2338 4208 3947 4282; baseline 0.006 -20"><span class='ocrx_word' id='word_1_873' title='bbox 2338 4208 2552 4266; x_wconf 86' lang='lat' dir='ltr'><strong>illorum</strong></span> <span class='ocrx_word' id='word_1_874' title='bbox 2592 4208 2892 4267; x_wconf 85' lang='lat' dir='ltr'><strong>credulitati</strong></span> <span class='ocrx_word' id='word_1_875' title='bbox 2947 4208 3616 4282; x_wconf 58' lang='lat' dir='ltr'><strong>extorquentesfllenuo.</strong></span> <span class='ocrx_word' id='word_1_876' title='bbox 3643 4222 3693 4266; x_wconf 91' lang='lat' dir='ltr'><strong>et</strong></span> <span class='ocrx_word' id='word_1_877' title='bbox 3717 4208 3947 4272; x_wconf 64' lang='grc' dir='ltr'><strong>Οκεὶι.</strong></span> 
     </span>
    </p>
   </div>
   <div class='ocr_carea' id='block_1_120' title="bbox 2410 4283 3952 4354">
    <p class='ocr_par' dir='ltr' id='par_1_120' title="bbox 2410 4283 3952 4354">
     <span class='ocr_line' id='line_1_123' title="bbox 2410 4283 3952 4354; baseline 0.003 -18"><span class='ocrx_word' id='word_1_878' title='bbox 2410 4283 2482 4336; x_wconf 84' lang='lat' dir='ltr'><strong>Ac</strong></span> <span class='ocrx_word' id='word_1_879' title='bbox 2508 4299 2571 4337; x_wconf 89' lang='lat' dir='ltr'><strong>ne</strong></span> <span class='ocrx_word' id='word_1_880' title='bbox 2593 4284 2746 4353; x_wconf 86' lang='lat' dir='ltr'><strong>stipes</strong></span> <span class='ocrx_word' id='word_1_881' title='bbox 2772 4283 2982 4354; x_wconf 78' lang='lat' dir='ltr'><strong>exiguas</strong></span> <span class='ocrx_word' id='word_1_882' title='bbox 3006 4283 3377 4338; x_wconf 81' lang='lat' dir='ltr'><strong>consultoribus</strong></span> <span class='ocrx_word' id='word_1_883' title='bbox 3406 4286 3666 4338; x_wconf 69' lang='lat' dir='ltr'><strong>excutiant</strong></span> <span class='ocrx_word' id='word_1_884' title='bbox 3680 4284 3800 4349; x_wconf 84' lang='lat' dir='ltr'><strong>jam</strong></span> <span class='ocrx_word' id='word_1_885' title='bbox 3847 4305 3952 4340; x_wconf 80' lang='lat' dir='ltr'><strong>ra-</strong></span> 
     </span>
    </p>
   </div>
   <div class='ocr_carea' id='block_1_121' title="bbox 2337 4353 3952 4424">
    <p class='ocr_par' dir='ltr' id='par_1_121' title="bbox 2337 4353 3952 4424">
     <span class='ocr_line' id='line_1_124' title="bbox 2337 4353 3952 4424; baseline 0.002 -19"><span class='ocrx_word' id='word_1_886' title='bbox 2337 4353 2425 4408; x_wconf 89' lang='lat' dir='ltr'><strong>ris.</strong></span> <span class='ocrx_word' id='word_1_887' title='bbox 2459 4354 2836 4424; x_wconf 88' lang='lat' dir='ltr'><strong>Cannegieter.</strong></span> <span class='ocrx_word' id='word_1_888' title='bbox 2860 4353 2981 4423; x_wconf 85' lang='lat' dir='ltr'><strong>leg.</strong></span> <span class='ocrx_word' id='word_1_889' title='bbox 3022 4365 3204 4408; x_wconf 88' lang='lat' dir='ltr'><strong>censet</strong></span> <span class='ocrx_word' id='word_1_890' title='bbox 3231 4356 3388 4424; x_wconf 84' lang='lat' dir='ltr'><strong>stipes</strong></span> <span class='ocrx_word' id='word_1_891' title='bbox 3419 4372 3519 4409; x_wconf 90' lang='lat' dir='ltr'><strong>non</strong></span> <span class='ocrx_word' id='word_1_892' title='bbox 3555 4356 3787 4424; x_wconf 74' lang='lat' dir='ltr'><strong>exiguas.</strong></span> <span class='ocrx_word' id='word_1_893' title='bbox 3817 4357 3952 4414; x_wconf 81' lang='lat' dir='ltr'><strong>Sed</strong></span> 
     </span>
    </p>
   </div>
   <div class='ocr_carea' id='block_1_122' title="bbox 2336 4425 3951 4495">
    <p class='ocr_par' dir='ltr' id='par_1_122' title="bbox 2336 4425 3951 4495">
     <span class='ocr_line' id='line_1_125' title="bbox 2336 4425 3951 4495; baseline 0.004 -19"><span class='ocrx_word' id='word_1_894' title='bbox 2336 4425 2499 4479; x_wconf 87' lang='lat' dir='ltr'><strong>verba</strong></span> <span class='ocrx_word' id='word_1_895' title='bbox 2545 4427 2918 4480; x_wconf 84' lang='lat' dir='ltr'><strong>consultoribus</strong></span> <span class='ocrx_word' id='word_1_896' title='bbox 2950 4427 3066 4495; x_wconf 86' lang='lat' dir='ltr'><strong>jam</strong></span> <span class='ocrx_word' id='word_1_897' title='bbox 3094 4425 3226 4479; x_wconf 86' lang='lat' dir='ltr'><strong>raris</strong></span> <span class='ocrx_word' id='word_1_898' title='bbox 3267 4436 3453 4494; x_wconf 86' lang='lat' dir='ltr'><strong>aperte</strong></span> <span class='ocrx_word' id='word_1_899' title='bbox 3481 4427 3720 4480; x_wconf 88' lang='lat' dir='ltr'><strong>indicant</strong></span> <span class='ocrx_word' id='word_1_900' title='bbox 3745 4467 3759 4488; x_wconf 93' lang='lat'><strong>,</strong></span> <span class='ocrx_word' id='word_1_901' title='bbox 3796 4428 3951 4486; x_wconf 86' lang='lat' dir='ltr'><strong>illud</strong></span> 
     </span>
    </p>
   </div>
   <div class='ocr_carea' id='block_1_123' title="bbox 2338 4495 3949 4565">
    <p class='ocr_par' dir='ltr' id='par_1_123' title="bbox 2338 4495 3949 4565">
     <span class='ocr_line' id='line_1_126' title="bbox 2338 4495 3949 4565; baseline 0.006 -17"><span class='ocrx_word' id='word_1_902' title='bbox 2338 4511 2441 4565; x_wconf 89' lang='lat' dir='ltr'><strong>non</strong></span> <span class='ocrx_word' id='word_1_903' title='bbox 2496 4497 2673 4552; x_wconf 89' lang='lat' dir='ltr'><strong>locum</strong></span> <span class='ocrx_word' id='word_1_904' title='bbox 2718 4496 2918 4552; x_wconf 88' lang='lat' dir='ltr'><strong>habere</strong></span> <span class='ocrx_word' id='word_1_905' title='bbox 2954 4495 3264 4558; x_wconf 83' lang='lat' dir='ltr'><strong>neutiquam</strong></span> <span class='ocrx_word' id='word_1_906' title='bbox 3306 4512 3482 4565; x_wconf 89' lang='lat' dir='ltr'><strong>posse.</strong></span> <span class='ocrx_word' id='word_1_907' title='bbox 3558 4499 3766 4552; x_wconf 88' lang='lat' dir='ltr'><strong>Sensus</strong></span> <span class='ocrx_word' id='word_1_908' title='bbox 3799 4511 3898 4554; x_wconf 82' lang='lat' dir='ltr'><strong>est</strong></span> <span class='ocrx_word' id='word_1_909' title='bbox 3930 4519 3949 4558; x_wconf 88' lang='lat'><strong>:</strong></span> 
     </span>
    </p>
   </div>
   <div class='ocr_carea' id='block_1_124' title="bbox 2351 4564 3954 4638">
    <p class='ocr_par' dir='ltr' id='par_1_124' title="bbox 2351 4564 3954 4638">
     <span class='ocr_line' id='line_1_127' title="bbox 2351 4564 3954 4638; baseline 0.004 -19"><span class='ocrx_word' id='word_1_910' title='bbox 2351 4564 2618 4632; x_wconf 86' lang='lat' dir='ltr'><strong>Verentes,</strong></span> <span class='ocrx_word' id='word_1_911' title='bbox 2649 4583 2710 4622; x_wconf 90' lang='lat' dir='ltr'><strong>ne</strong></span> <span class='ocrx_word' id='word_1_912' title='bbox 2745 4569 2899 4636; x_wconf 86' lang='lat' dir='ltr'><strong>stipes</strong></span> <span class='ocrx_word' id='word_1_913' title='bbox 2913 4569 3026 4634; x_wconf 85' lang='lat' dir='ltr'><strong>jam</strong></span> <span class='ocrx_word' id='word_1_914' title='bbox 3055 4568 3252 4638; x_wconf 71' lang='lat' dir='ltr'><strong>exigua:</strong></span> <span class='ocrx_word' id='word_1_915' title='bbox 3274 4564 3336 4622; x_wconf 86' lang='lat' dir='ltr'><strong>ob</strong></span> <span class='ocrx_word' id='word_1_916' title='bbox 3363 4569 3712 4624; x_wconf 85' lang='lat' dir='ltr'><strong>consultorum</strong></span> <span class='ocrx_word' id='word_1_917' title='bbox 3741 4572 3954 4625; x_wconf 80' lang='lat' dir='ltr'><strong>rarita-</strong></span> 
     </span>
    </p>
   </div>
   <div class='ocr_carea' id='block_1_125' title="bbox 2339 4638 3241 4709">
    <p class='ocr_par' dir='ltr' id='par_1_125' title="bbox 2339 4638 3241 4709">
     <span class='ocr_line' id='line_1_128' title="bbox 2339 4638 3241 4709; baseline 0.004 -19"><span class='ocrx_word' id='word_1_918' title='bbox 2339 4646 2437 4691; x_wconf 88' lang='lat' dir='ltr'><strong>tem</strong></span> <span class='ocrx_word' id='word_1_919' title='bbox 2466 4641 2666 4707; x_wconf 86' lang='lat' dir='ltr'><strong>penitus</strong></span> <span class='ocrx_word' id='word_1_920' title='bbox 2691 4638 3002 4709; x_wconf 85' lang='lat' dir='ltr'><strong>dispereant.</strong></span> <span class='ocrx_word' id='word_1_921' title='bbox 3035 4638 3241 4694; x_wconf 75' lang='lat' dir='ltr'><strong>OnELL.</strong></span> 
     </span>
    </p>
   </div>
   <div class='ocr_carea' id='block_1_126' title="bbox 2411 4732 3951 4808">
    <p class='ocr_par' dir='ltr' id='par_1_126' title="bbox 2411 4732 3951 4808">
     <span class='ocr_line' id='line_1_129' title="bbox 2411 4732 3951 4808; baseline 0.005 -20"><span class='ocrx_word' id='word_1_922' title='bbox 2411 4732 2474 4788; x_wconf 86' lang='lat' dir='ltr'><strong>Si</strong></span> <span class='ocrx_word' id='word_1_923' title='bbox 2498 4735 2701 4808; x_wconf 69' lang='lat' dir='ltr'><strong>quando</strong></span> <span class='ocrx_word' id='word_1_924' title='bbox 2721 4750 2829 4808; x_wconf 81' lang='lat' dir='ltr'><strong>_vos</strong></span> <span class='ocrx_word' id='word_1_925' title='bbox 2866 4733 2995 4788; x_wconf 78' lang='lat' dir='ltr'><strong>velle</strong></span> <span class='ocrx_word' id='word_1_926' title='bbox 3035 4750 3142 4808; x_wconf 80' lang='lat' dir='ltr'><strong>rem</strong></span> <span class='ocrx_word' id='word_1_927' title='bbox 3173 4735 3340 4789; x_wconf 82' lang='lat' dir='ltr'><strong>venire</strong></span> <span class='ocrx_word' id='word_1_928' title='bbox 3371 4735 3424 4789; x_wconf 86' lang='lat' dir='ltr'><strong>in</strong></span> <span class='ocrx_word' id='word_1_929' title='bbox 3451 4736 3690 4790; x_wconf 85' lang='lat' dir='ltr'><strong>invidiam</strong></span> <span class='ocrx_word' id='word_1_930' title='bbox 3720 4754 3951 4808; x_wconf 77' lang='lat' dir='ltr'><strong>compe—</strong></span> 
     </span>
    </p>
   </div>
   <div class='ocr_carea' id='block_1_127' title="bbox 2337 4804 3952 4877">
    <p class='ocr_par' dir='ltr' id='par_1_127' title="bbox 2337 4804 3952 4877">
     <span class='ocr_line' id='line_1_130' title="bbox 2337 4804 3952 4877; baseline 0.007 -21"><span class='ocrx_word' id='word_1_931' title='bbox 2337 4815 2535 4877; x_wconf 83' lang='lat' dir='ltr'><strong>rerunt.</strong></span> <span class='ocrx_word' id='word_1_932' title='bbox 2586 4805 2682 4877; x_wconf 87' lang='lat' dir='ltr'><strong>Hic</strong></span> <span class='ocrx_word' id='word_1_933' title='bbox 2720 4804 2870 4860; x_wconf 90' lang='lat' dir='ltr'><strong>locus</strong></span> <span class='ocrx_word' id='word_1_934' title='bbox 2908 4805 3196 4877; x_wconf 83' lang='lat' dir='ltr'><strong>admodum</strong></span> <span class='ocrx_word' id='word_1_935' title='bbox 3226 4807 3381 4860; x_wconf 89' lang='lat' dir='ltr'><strong>torsit</strong></span> <span class='ocrx_word' id='word_1_936' title='bbox 3410 4808 3730 4877; x_wconf 80' lang='lat' dir='ltr'><strong>interpretes</strong></span> <span class='ocrx_word' id='word_1_937' title='bbox 3762 4804 3952 4868; x_wconf 79' lang='lat' dir='ltr'><strong>variis</strong></span> 
     </span>
    </p>
   </div>
   <div class='ocr_carea' id='block_1_128' title="bbox 2337 4875 3945 4943">
    <p class='ocr_par' dir='ltr' id='par_1_128' title="bbox 2337 4875 3945 4943">
     <span class='ocr_line' id='line_1_131' title="bbox 2337 4875 3945 4943; baseline 0.006 -14"><span class='ocrx_word' id='word_1_938' title='bbox 2337 4875 2661 4942; x_wconf 79' lang='lat' dir='ltr'><strong>coniecturis</strong></span> <span class='ocrx_word' id='word_1_939' title='bbox 2683 4877 2784 4943; x_wconf 83' lang='lat' dir='ltr'><strong>Ipsi</strong></span> <span class='ocrx_word' id='word_1_940' title='bbox 2808 4876 3074 4931; x_wconf 90' lang='lat' dir='ltr'><strong>medelam</strong></span> <span class='ocrx_word' id='word_1_941' title='bbox 3097 4875 3291 4932; x_wconf 77' lang='lat' dir='ltr'><strong>aﬂ‘erre</strong></span> <span class='ocrx_word' id='word_1_942' title='bbox 3315 4875 3564 4933; x_wconf 67' lang='lat' dir='ltr'><strong>conatos.</strong></span> <span class='ocrx_word' id='word_1_943' title='bbox 3586 4879 3768 4933; x_wconf 87' lang='lat' dir='ltr'><strong>Editio</strong></span> <span class='ocrx_word' id='word_1_944' title='bbox 3785 4897 3945 4938; x_wconf 89' lang='lat' dir='ltr'><strong>rom.</strong></span> 
     </span>
    </p>
   </div>
   <div class='ocr_carea' id='block_1_129' title="bbox 2339 4944 3949 5017">
    <p class='ocr_par' dir='ltr' id='par_1_129' title="bbox 2339 4944 3949 5017">
     <span class='ocr_line' id='line_1_132' title="bbox 2339 4944 3949 5017; baseline 0.007 -19"><span class='ocrx_word' id='word_1_945' title='bbox 2339 4944 2502 5017; x_wconf 88' lang='lat' dir='ltr'><strong>habet</strong></span> <span class='ocrx_word' id='word_1_946' title='bbox 2526 4963 2616 5000; x_wconf 87' lang='lat' dir='ltr'><strong>nos</strong></span> <span class='ocrx_word' id='word_1_947' title='bbox 2639 4946 2784 5013; x_wconf 81' lang='lat' dir='ltr'><strong>velle,</strong></span> <span class='ocrx_word' id='word_1_948' title='bbox 2817 4958 2947 5011; x_wconf 88' lang='lat' dir='ltr'><strong>etc.,</strong></span> <span class='ocrx_word' id='word_1_949' title='bbox 2975 4946 3118 5017; x_wconf 89' lang='lat' dir='ltr'><strong>quod</strong></span> <span class='ocrx_word' id='word_1_950' title='bbox 3143 4947 3382 5004; x_wconf 78' lang='lat' dir='ltr'><strong>defendit</strong></span> <span class='ocrx_word' id='word_1_951' title='bbox 3403 4948 3504 5003; x_wconf 88' lang='lat' dir='ltr'><strong>Th.</strong></span> <span class='ocrx_word' id='word_1_952' title='bbox 3533 4950 3819 5014; x_wconf 86' lang='lat' dir='ltr'><strong>Canterus.</strong></span> <span class='ocrx_word' id='word_1_953' title='bbox 3841 4969 3949 5010; x_wconf 78' lang='lat' dir='ltr'><strong>ex-</strong></span> 
     </span>
    </p>
   </div>
   <div class='ocr_carea' id='block_1_130' title="bbox 2339 5016 3945 5092">
    <p class='ocr_par' dir='ltr' id='par_1_130' title="bbox 2339 5016 3945 5092">
     <span class='ocr_line' id='line_1_133' title="bbox 2339 5016 3945 5092; baseline 0.005 -22"><span class='ocrx_word' id='word_1_954' title='bbox 2339 5016 2543 5092; x_wconf 79' lang='lat' dir='ltr'><strong>plicans</strong></span> <span class='ocrx_word' id='word_1_955' title='bbox 2575 5032 2707 5092; x_wconf 80' lang='lat' dir='ltr'><strong>nos,</strong></span> <span class='ocrx_word' id='word_1_956' title='bbox 2748 5017 2866 5073; x_wconf 90' lang='lat' dir='ltr'><strong>scil.</strong></span> <span class='ocrx_word' id='word_1_957' title='bbox 2907 5016 3252 5084; x_wconf 85' lang='lat' dir='ltr'><strong>christianos,</strong></span> <span class='ocrx_word' id='word_1_958' title='bbox 3295 5020 3368 5073; x_wconf 89' lang='lat' dir='ltr'><strong>ira</strong></span> <span class='ocrx_word' id='word_1_959' title='bbox 3401 5021 3650 5075; x_wconf 91' lang='lat' dir='ltr'><strong>incensos</strong></span> <span class='ocrx_word' id='word_1_960' title='bbox 3691 5021 3749 5076; x_wconf 92' lang='lat' dir='ltr'><strong>in</strong></span> <span class='ocrx_word' id='word_1_961' title='bbox 3783 5023 3945 5092; x_wconf 88' lang='lat' dir='ltr'><strong>illos,</strong></span> 
     </span>
    </p>
   </div>
   <div class='ocr_carea' id='block_1_131' title="bbox 2337 5087 3946 5155">
    <p class='ocr_par' dir='ltr' id='par_1_131' title="bbox 2337 5087 3946 5155">
     <span class='ocr_line' id='line_1_134' title="bbox 2337 5087 3946 5155; baseline 0.007 -16"><span class='ocrx_word' id='word_1_962' title='bbox 2337 5087 2539 5143; x_wconf 84' lang='lat' dir='ltr'><strong>ariulos</strong></span> <span class='ocrx_word' id='word_1_963' title='bbox 2567 5089 2686 5143; x_wconf 92' lang='lat' dir='ltr'><strong>scil.</strong></span> <span class='ocrx_word' id='word_1_964' title='bbox 2711 5131 2726 5152; x_wconf 92' lang='lat'><strong>,</strong></span> <span class='ocrx_word' id='word_1_965' title='bbox 2757 5100 2905 5144; x_wconf 89' lang='lat' dir='ltr'><strong>vates</strong></span> <span class='ocrx_word' id='word_1_966' title='bbox 2929 5130 2944 5155; x_wconf 93' lang='lat'><strong>,</strong></span> <span class='ocrx_word' id='word_1_967' title='bbox 2976 5099 3106 5154; x_wconf 89' lang='lat' dir='ltr'><strong>etc.,</strong></span> <span class='ocrx_word' id='word_1_968' title='bbox 3136 5092 3275 5145; x_wconf 88' lang='lat' dir='ltr'><strong>velle</strong></span> <span class='ocrx_word' id='word_1_969' title='bbox 3304 5106 3415 5144; x_wconf 91' lang='lat' dir='ltr'><strong>rem</strong></span> <span class='ocrx_word' id='word_1_970' title='bbox 3443 5106 3627 5145; x_wconf 89' lang='lat' dir='ltr'><strong>eorum</strong></span> <span class='ocrx_word' id='word_1_971' title='bbox 3657 5097 3856 5149; x_wconf 84' lang='lat' dir='ltr'><strong>venire</strong></span> <span class='ocrx_word' id='word_1_972' title='bbox 3880 5087 3946 5150; x_wconf 72' lang='lat' dir='ltr'><strong>iri</strong></span> 
     </span>
    </p>
   </div>
   <div class='ocr_carea' id='block_1_132' title="bbox 2338 5159 3948 5232">
    <p class='ocr_par' dir='ltr' id='par_1_132' title="bbox 2338 5159 3948 5232">
     <span class='ocr_line' id='line_1_135' title="bbox 2338 5159 3948 5232; baseline 0.005 -20"><span class='ocrx_word' id='word_1_973' title='bbox 2338 5159 2615 5232; x_wconf 89' lang='lat' dir='ltr'><strong>invidiam.</strong></span> <span class='ocrx_word' id='word_1_974' title='bbox 2649 5159 2917 5216; x_wconf 76' lang='lat' dir='ltr'><strong>Stewech.</strong></span> <span class='ocrx_word' id='word_1_975' title='bbox 2955 5160 3057 5229; x_wconf 88' lang='lat' dir='ltr'><strong>leg.</strong></span> <span class='ocrx_word' id='word_1_976' title='bbox 3089 5170 3314 5216; x_wconf 85' lang='lat' dir='ltr'><strong>censet:</strong></span> <span class='ocrx_word' id='word_1_977' title='bbox 3349 5162 3409 5215; x_wconf 89' lang='lat' dir='ltr'><strong>Si</strong></span> <span class='ocrx_word' id='word_1_978' title='bbox 3434 5163 3636 5232; x_wconf 80' lang='lat' dir='ltr'><strong>quando</strong></span> <span class='ocrx_word' id='word_1_979' title='bbox 3678 5180 3773 5217; x_wconf 86' lang='lat' dir='ltr'><strong>nos</strong></span> <span class='ocrx_word' id='word_1_980' title='bbox 3800 5165 3948 5220; x_wconf 75' lang='lat' dir='ltr'><strong>belle</strong></span> 
     </span>
    </p>
   </div>
   <div class='ocr_carea' id='block_1_133' title="bbox 2339 5231 3950 5304">
    <p class='ocr_par' dir='ltr' id='par_1_133' title="bbox 2339 5231 3950 5304">
     <span class='ocr_line' id='line_1_136' title="bbox 2339 5231 3950 5304; baseline 0.005 -21"><span class='ocrx_word' id='word_1_981' title='bbox 2339 5231 2597 5300; x_wconf 84' lang='lat' dir='ltr'><strong>provenire</strong></span> <span class='ocrx_word' id='word_1_982' title='bbox 2616 5240 3015 5304; x_wconf 48' lang='lat' dir='ltr'><strong>compererunt,</strong></span> <span class='ocrx_word' id='word_1_983' title='bbox 3023 5231 3272 5304; x_wconf 84' lang='lat' dir='ltr'><strong>invident,</strong></span> <span class='ocrx_word' id='word_1_984' title='bbox 3305 5231 3654 5304; x_wconf 83' lang='lat' dir='ltr'><strong>indignantur,</strong></span> <span class='ocrx_word' id='word_1_985' title='bbox 3686 5235 3950 5291; x_wconf 62' lang='lat' dir='ltr'><strong>declarati.</strong></span> 
     </span>
    </p>
   </div>
   <div class='ocr_carea' id='block_1_134' title="bbox 2340 5301 3944 5376">
    <p class='ocr_par' dir='ltr' id='par_1_134' title="bbox 2340 5301 3944 5376">
     <span class='ocr_line' id='line_1_137' title="bbox 2340 5301 3944 5376; baseline 0.006 -21"><span class='ocrx_word' id='word_1_986' title='bbox 2340 5313 2577 5376; x_wconf 84' lang='lat' dir='ltr'><strong>tantque:</strong></span> <span class='ocrx_word' id='word_1_987' title='bbox 2603 5301 2944 5376; x_wconf 9' lang='lat' dir='ltr'><strong>{Vgegligurrtur</strong></span> <span class='ocrx_word' id='word_1_988' title='bbox 2976 5301 3233 5376; x_wconf 27' lang='lat' dir='ltr'><strong>Dii,‘etc.</strong></span> <span class='ocrx_word' id='word_1_989' title='bbox 3267 5301 3607 5375; x_wconf 49' lang='lat' dir='ltr'><strong>.lust.&#39;Lips.,</strong></span> <span class='ocrx_word' id='word_1_990' title='bbox 3640 5304 3944 5376; x_wconf 81' lang='lat' dir='ltr'><strong>Episu-Iic.</strong></span> 
     </span>
    </p>
   </div>
   <div class='ocr_carea' id='block_1_135' title="bbox 2337 5372 3946 5444">
    <p class='ocr_par' dir='ltr' id='par_1_135' title="bbox 2337 5372 3946 5444">
     <span class='ocr_line' id='line_1_138' title="bbox 2337 5372 3946 5444; baseline 0.005 -18"><span class='ocrx_word' id='word_1_991' title='bbox 2337 5372 2564 5440; x_wconf 56' lang='lat' dir='ltr'><strong>Qua-St,</strong></span> <span class='ocrx_word' id='word_1_992' title='bbox 2609 5372 2701 5428; x_wconf 71' lang='lat' dir='ltr'><strong>lib.</strong></span> <span class='ocrx_word' id='word_1_993' title='bbox 2733 5372 2786 5438; x_wconf 22' lang='grc' dir='ltr'><strong>ιθ,</strong></span> <span class='ocrx_word' id='word_1_994' title='bbox 2838 5373 3007 5442; x_wconf 82' lang='lat' dir='ltr'><strong>Epist.</strong></span> <span class='ocrx_word' id='word_1_995' title='bbox 3049 5372 3120 5428; x_wconf 70' lang='grc' dir='ltr'><strong>ΞΟ</strong></span> <span class='ocrx_word' id='word_1_996' title='bbox 3149 5392 3162 5426; x_wconf 92' lang='lat'><strong>:</strong></span> <span class='ocrx_word' id='word_1_997' title='bbox 3195 5374 3256 5429; x_wconf 86' lang='lat' dir='ltr'><strong>Si</strong></span> <span class='ocrx_word' id='word_1_998' title='bbox 3291 5372 3517 5444; x_wconf 29' lang='lat' dir='ltr'><strong>quandoi</strong></span> <span class='ocrx_word' id='word_1_999' title='bbox 3545 5393 3635 5429; x_wconf 85' lang='lat' dir='ltr'><strong>nos</strong></span> <span class='ocrx_word' id='word_1_1000' title='bbox 3679 5372 3946 5435; x_wconf 67' lang='lat' dir='ltr'><strong>bellorum</strong></span> 
     </span>
    </p>
   </div>
   <div class='ocr_carea' id='block_1_136' title="bbox 2339 5445 3946 5518">
    <p class='ocr_par' dir='ltr' id='par_1_136' title="bbox 2339 5445 3946 5518">
     <span class='ocr_line' id='line_1_139' title="bbox 2339 5445 3946 5518; baseline 0.004 -22"><span class='ocrx_word' id='word_1_1001' title='bbox 2339 5445 2503 5518; x_wconf 67' lang='lat' dir='ltr'><strong>uenire</strong></span> <span class='ocrx_word' id='word_1_1002' title='bbox 2522 5447 2575 5499; x_wconf 90' lang='lat' dir='ltr'><strong>in</strong></span> <span class='ocrx_word' id='word_1_1003' title='bbox 2593 5445 2864 5518; x_wconf 81' lang='lat' dir='ltr'><strong>inuidiam,</strong></span> <span class='ocrx_word' id='word_1_1004' title='bbox 2885 5445 3341 5518; x_wconf 26' lang='lat' dir='ltr'><strong>etc.,‘iutclligens</strong></span> <span class='ocrx_word' id='word_1_1005' title='bbox 3357 5447 3422 5500; x_wconf 89' lang='lat' dir='ltr'><strong>de</strong></span> <span class='ocrx_word' id='word_1_1006' title='bbox 3455 5447 3715 5501; x_wconf 80' lang='lat' dir='ltr'><strong>bellorum</strong></span> <span class='ocrx_word' id='word_1_1007' title='bbox 3744 5459 3797 5503; x_wconf 89' lang='lat' dir='ltr'><strong>et</strong></span> <span class='ocrx_word' id='word_1_1008' title='bbox 3827 5465 3946 5518; x_wconf 77' lang='lat' dir='ltr'><strong>pu—</strong></span> 
     </span>
    </p>
   </div>
   <div class='ocr_carea' id='block_1_137' title="bbox 2339 5514 3943 5576">
    <p class='ocr_par' dir='ltr' id='par_1_137' title="bbox 2339 5514 3943 5576">
     <span class='ocr_line' id='line_1_140' title="bbox 2339 5514 3943 5576; baseline 0.005 -8"><span class='ocrx_word' id='word_1_1009' title='bbox 2339 5514 2490 5569; x_wconf 69' lang='lat' dir='ltr'><strong>blica:</strong></span> <span class='ocrx_word' id='word_1_1010' title='bbox 2523 5517 2844 5570; x_wconf 91' lang='lat' dir='ltr'><strong>calamitatis</strong></span> <span class='ocrx_word' id='word_1_1011' title='bbox 2886 5514 3082 5569; x_wconf 85' lang='lat' dir='ltr'><strong>invidia</strong></span> <span class='ocrx_word' id='word_1_1012' title='bbox 3125 5517 3176 5569; x_wconf 91' lang='lat' dir='ltr'><strong>in</strong></span> <span class='ocrx_word' id='word_1_1013' title='bbox 3217 5517 3540 5572; x_wconf 89' lang='lat' dir='ltr'><strong>christianos</strong></span> <span class='ocrx_word' id='word_1_1014' title='bbox 3580 5514 3943 5576; x_wconf 52' lang='lat' dir='ltr'><strong>coniiata‘ab</strong></span> 
     </span>
    </p>
   </div>
   <div class='ocr_carea' id='block_1_138' title="bbox 2338 5584 3948 5656">
    <p class='ocr_par' dir='ltr' id='par_1_138' title="bbox 2338 5584 3948 5656">
     <span class='ocr_line' id='line_1_141' title="bbox 2338 5584 3948 5656; baseline 0.006 -17"><span class='ocrx_word' id='word_1_1015' title='bbox 2338 5585 2454 5656; x_wconf 87' lang='lat' dir='ltr'><strong>istis</strong></span> <span class='ocrx_word' id='word_1_1016' title='bbox 2483 5588 2818 5642; x_wconf 88' lang='lat' dir='ltr'><strong>sacriliculis.</strong></span> <span class='ocrx_word' id='word_1_1017' title='bbox 2859 5584 3235 5656; x_wconf 82' lang='lat' dir='ltr'><strong>Caunegieter.</strong></span> <span class='ocrx_word' id='word_1_1018' title='bbox 3270 5603 3384 5650; x_wconf 87' lang='lat' dir='ltr'><strong>eos,</strong></span> <span class='ocrx_word' id='word_1_1019' title='bbox 3410 5589 3527 5644; x_wconf 92' lang='lat' dir='ltr'><strong>scil.</strong></span> <span class='ocrx_word' id='word_1_1020' title='bbox 3566 5590 3948 5648; x_wconf 79' lang='lat' dir='ltr'><strong>sacriﬁculos.</strong></span> 
     </span>
    </p>
   </div>
   <div class='ocr_carea' id='block_1_139' title="bbox 2336 5655 3951 5728">
    <p class='ocr_par' dir='ltr' id='par_1_139' title="bbox 2336 5655 3951 5728">
     <span class='ocr_line' id='line_1_142' title="bbox 2336 5655 3951 5728; baseline 0.005 -19"><span class='ocrx_word' id='word_1_1021' title='bbox 2336 5658 2408 5728; x_wconf 76' lang='grc' dir='ltr'>ᾼι</span> <span class='ocrx_word' id='word_1_1022' title='bbox 2431 5655 2484 5710; x_wconf 92' lang='lat' dir='ltr'><strong>hi</strong></span> <span class='ocrx_word' id='word_1_1023' title='bbox 2525 5673 2631 5712; x_wconf 92' lang='lat' dir='ltr'><strong>non</strong></span> <span class='ocrx_word' id='word_1_1024' title='bbox 2656 5659 2860 5725; x_wconf 88' lang='lat' dir='ltr'><strong>volunt,</strong></span> <span class='ocrx_word' id='word_1_1025' title='bbox 2904 5655 3102 5728; x_wconf 82' lang='lat' dir='ltr'><strong>alioqui</strong></span> <span class='ocrx_word' id='word_1_1026' title='bbox 3140 5673 3248 5713; x_wconf 91' lang='lat' dir='ltr'><strong>non</strong></span> <span class='ocrx_word' id='word_1_1027' title='bbox 3277 5659 3644 5715; x_wconf 89' lang='lat' dir='ltr'><strong>consulerent.</strong></span> <span class='ocrx_word' id='word_1_1028' title='bbox 3678 5661 3801 5715; x_wconf 77' lang='lat' dir='ltr'><strong>Mihi</strong></span> <span class='ocrx_word' id='word_1_1029' title='bbox 3841 5663 3951 5717; x_wconf 76' lang='lat' dir='ltr'><strong>vi-</strong></span> 
     </span>
    </p>
   </div>
   <div class='ocr_carea' id='block_1_140' title="bbox 2336 5726 3954 5803">
    <p class='ocr_par' dir='ltr' id='par_1_140' title="bbox 2336 5726 3954 5803">
     <span class='ocr_line' id='line_1_143' title="bbox 2336 5726 3954 5803; baseline -0.001 -21"><span class='ocrx_word' id='word_1_1030' title='bbox 2336 5726 2493 5785; x_wconf 87' lang='lat' dir='ltr'><strong>detur</strong></span> <span class='ocrx_word' id='word_1_1031' title='bbox 2517 5728 2670 5787; x_wconf 89' lang='lat' dir='ltr'><strong>locus</strong></span> <span class='ocrx_word' id='word_1_1032' title='bbox 2694 5726 3042 5787; x_wconf 69' lang='lat' dir='ltr'><strong>sanissimus.</strong></span> <span class='ocrx_word' id='word_1_1033' title='bbox 3058 5729 3263 5788; x_wconf 89' lang='lat' dir='ltr'><strong>Sensus</strong></span> <span class='ocrx_word' id='word_1_1034' title='bbox 3286 5738 3370 5786; x_wconf 87' lang='lat' dir='ltr'><strong>est</strong></span> <span class='ocrx_word' id='word_1_1035' title='bbox 3405 5748 3421 5787; x_wconf 88' lang='lat'>:</span> <span class='ocrx_word' id='word_1_1036' title='bbox 3463 5730 3524 5787; x_wconf 87' lang='lat' dir='ltr'><strong>Si</strong></span> <span class='ocrx_word' id='word_1_1037' title='bbox 3549 5733 3754 5803; x_wconf 82' lang='lat' dir='ltr'><strong>quando</strong></span> <span class='ocrx_word' id='word_1_1038' title='bbox 3776 5747 3954 5790; x_wconf 76' lang='lat' dir='ltr'><strong>cons-</strong></span> 
     </span>
    </p>
   </div>
  </div>
