4172 6252
254 245 356 301 745

1567 239 1778 300 LIBER
1814 241 2087 300 PRIMUS.

3432 239 3537 296 746

248 375 360 416 rem
390 358 575 413 venire
596 359 646 412 in
679 357 929 414 invidiam
952 365 1352 428 compererunt,
1381 358 1723 429 negliguntur
1742 357 1838 425 dii,
1870 359 1916 417 A
1945 355 2319 424 exposcimus.
2374 368 2622 424 quaenam
2653 351 2720 408 sit
2769 353 2886 408 inec
2941 352 3076 406 ratio
3096 392 3112 418 ,
3163 365 3281 420 qua:
3337 366 3494 407 causa
3515 391 3536 419 ,

249 451 554 518 clamitant,
610 458 768 518 atque
795 449 846 504 iit
871 450 1080 520 templis
1103 451 1208 519 jam
1251 450 1440 505 raritas
1469 466 1674 503 summa
1704 455 1790 503 est
1822 466 1837 502 :

248 544 424 618 jacent
471 543 708 614 antiqua!
767 542 966 600 derisui
1013 544 1334 600 ceremoniae
1365 584 1380 610 ,
1460 552 1518 599 et
1563 557 1840 599 sacrorum

253 637 523 710 quondam
546 636 820 691 veterrimi
855 638 988 692 ritus
1015 637 1332 708 religionum
1361 651 1620 692 novarum
1653 651 1843 705 super-

255 729 559 785 stitionibus
605 727 951 784 occiderunt:
1005 728 1195 783 merito
1235 727 1528 783 humanum
1571 742 1740 798 genus
1767 735 1841 779 tot

258 825 594 881 miseriarum
644 823 904 894 angustiis
955 822 1242 892 premitur.
1274 830 1352 876 tot
1376 821 1619 877 labarum
1646 835 1842 876 excru-

259 917 430 973 ciatur
450 913 721 970 arumnis.
771 913 836 968 Et
865 912 1112 968 homines
1143 913 1355 968 brutum
1379 928 1579 982 genus,
1622 925 1676 967 et
1701 911 1842 981 quod

261 1011 422 1064 situm
452 1007 552 1064 sub
575 1006 776 1062 lumine
821 1015 938 1072 est,
981 1006 1221 1060 caecitate
1251 1004 1485 1075 ingenita
1516 1013 1847 1074 nequeuntes

260 1102 477 1167 videre,
507 1099 705 1154 audent
731 1113 1045 1154 asseverare
1071 1097 1296 1165 furiosi,
1332 1097 1474 1169 quod
1506 1111 1600 1152 vos
1625 1097 1848 1152 credere

262 1211 367 1252 non
399 1193 714 1249 erubescitis
745 1193 883 1248 sani.

333 1289 499 1346 XXV.
548 1288 626 1344 Ac
652 1304 721 1344 ne
746 1289 866 1358 quis
886 1303 984 1343 nos
1014 1297 1191 1344 tamen
1217 1287 1509 1343 difﬁdentia
1541 1285 1851 1357 reSponsio-

261 1385 364 1444 nis.
394 1379 795 1452 tranquillitatis
821 1380 1092 1435 existimet
1124 1381 1260 1436 Deos
1286 1379 1490 1435 donare
1516 1377 1849 1445 muneribus,

263 1473 514 1531 innoxias
529 1472 828 1544 al‘iingerea
851 1473 934 1530 his
955 1475 1359 1545 mentes,fatque
1384 1473 1454 1528 ab
1478 1473 1620 1528 omni
1647 1483 1854 1541 pertur-

263 1569 476 1625 batione
499 1566 754 1634 dimotas.
777 1567 1158 1635 concedamus,
1179 1567 1320 1623 sicut
1346 1566 1550 1623 libitum
1574 1567 1725 1624 vobis
1745 1575 1849 1633 est,

264 1662 543 1718 intendere
570 1661 622 1716 in
645 1676 744 1716 nos
768 1661 894 1727 iras,
923 1662 1235 1734 sanguinem
1264 1661 1385 1716 illos
1411 1663 1560 1717 sitire
1585 1671 1848 1728 nostrum,

260 1767 313 1813 et
332 1756 648 1828 jamdudum
679 1770 778 1812 nos
807 1771 1004 1827 cupere
1052 1756 1355 1812 mortalium
1412 1758 1733 1813 submovere
1785 1757 1852 1812 de

259 1849 490 1906 smculis.
514 1849 620 1905 Sed
650 1850 694 1904 si
719 1865 822 1904 non
848 1859 932 1906 est
957 1850 1264 1916 moleSIum,
1297 1866 1400 1905 non
1428 1865 1610 1922 grave,
1638 1850 1681 1906 si
1709 1864 1854 1904 com-

261 1946 438 2000 munis
464 1944 622 2000 ol'licii
657 1958 741 1999 res
766 1952 848 1999 est
868 1985 884 2009 ,
917 1959 1020 1998 non
1052 1960 1116 1998 ex
1145 1943 1338 2013 gratia,
1370 1943 1464 1999 sed
1492 1958 1556 1997 ex
1588 1958 1716 1996 vero
1742 1941 1854 1996 dis-

260 2038 579 2112 ceptationis
611 2038 766 2108 hujus
792 2038 1096 2109 disceptare
1123 2048 1410 2107 momenta,
1443 2038 1632 2094 audire
1651 2055 1680 2093 a
1703 2039 1856 2094 vobis

1943 457 2162 517 promer
2186 461 2343 515 quam
2371 445 2423 500 in
2455 460 2551 499 ttOs
2574 455 2778 499 tantutn
2810 455 2860 498 et
2884 443 2958 499 dii
2982 445 3432 510 sa-viantsuperi,
3482 451 3538 498 et

1942 539 2175 609 asperati
2224 539 2473 593 homines
2513 538 2872 593 inardescant.
2907 536 3234 607 Religioincs.
3267 534 3536 603 inquiunt,

1942 631 2155 702 impias,
2180 642 2342 700 atque
2367 631 2637 685 inauditos
2659 631 2836 686 caltas
2867 641 3129 685 terrarum
3161 629 3213 683 in
3243 629 3371 683 orbe
3399 641 3541 685 trac-

1947 729 2092 782 tatis.
2133 726 2291 794 Quid.
2336 742 2368 778 o
2414 727 2700 796 participes
2729 725 2972 790 rati0nis,
3020 723 3246 789 audetis,
3296 722 3541 780 homines

1948 821 2215 892 proloqui,
2239 821 2360 891 quid
2391 819 2619 882 effutire.
2646 819 2771 887 quid
2799 836 3045 889 promere
3071 818 3370 872 temeraria:
3398 816 3548 872 VHClS

1948 914 2328 984 desperatione
2356 912 2612 968 tentatis'!
2647 912 2810 967 Deum
2837 911 3157 980 principem,
3184 926 3361 966 rerum
3383 922 3548 964 cunc-

1949 1018 2123 1063 tarum
2155 1022 2504 1078 quacumque
2533 1016 2657 1061 sunt
2683 1005 2958 1060 dominum
2979 1047 2993 1068 ,
3039 1006 3404 1059 samtnitatent
3431 1018 3552 1057 om-

1954 1102 2096 1156 nium
2125 1117 2457 1156 summormn
2491 1100 2847 1164 obtinentem,
2881 1098 3126 1154 adorare.
3160 1099 3419 1167 oh~eqtti0
3458 1113 3550 1152 ve-

1954 1196 2178 1251 nerabili
2208 1197 2476 1255 invocare.
2506 1196 2556 1248 in
2581 1193 2742 1249 rebus
2767 1193 2920 1249 fessis
2948 1193 3091 1258 totis,
3115 1203 3173 1246 ut
3194 1193 3262 1247 ita
3297 1192 3549 1257 dixerim,

1953 1290 2202 1345 sensibus
2246 1288 2578 1357 amplexari,
2630 1304 2855 1355 amare,
2898 1287 3206 1357 suspicere,
3236 1285 3556 1342 execrabilis

1952 1383 2142 1454 religio
2172 1392 2253 1436 ‘st
2279 1393 2331 1437 et
2359 1381 2587 1436 infausta
2609 1424 2623 1445 ,
2659 1381 2950 1452 impietatis
2979 1389 3034 1436 et
3063 1379 3325 1450 sacrilegii
3357 1379 3513 1448 plena
3533 1419 3550 1444 ,

1953 1474 2292 1531 caerimonias
2337 1474 2632 1544 antiquitus
2679 1473 2953 1530 inStitutas
3008 1473 3265 1528 novitatis
3303 1486 3415 1526 sua:
3466 1485 3558 1526 su-

1956 1569 2277 1640 perstitione
2303 1568 2712 1622 contaminatis?
3512 1550 3514 1552 ’

2031 1660 2219 1719 XXVI.
2251 1660 2483 1717 Hoccine
2511 1669 2615 1726 est,
2645 1645 2847 1730 quaeso,
2894 1659 3065 1715 audax
3111 1658 3240 1713 illud
3275 1657 3478 1714 facinus
3505 1668 3562 1715 et

1961 1755 2216 1822 immane,
2256 1765 2475 1827 pronter
2499 1755 2638 1825 quod
2665 1755 2881 1810 maximi
2909 1755 3118 1811 cmlites
3145 1754 3365 1810 aculeos
3387 1754 3437 1808 in
3463 1770 3562 1832 nos

1959 1849 2242 1904 intendunt
2268 1851 2467 1903 irarum
2490 1858 2650 1919 atque
2677 1848 3100 1915 indignationum
3124 1846 3379 1902 suarum?
3402 1862 3563 1918 prop-

1961 1955 2042 2000 ter
2067 1944 2209 2014 quod
2237 1959 2332 1998 vos
2359 1944 2482 2013 ipsi,
2516 1960 2636 1998 cum
2668 1943 2833 1999 libido
2859 1943 3143 1998 incesserit
3167 1957 3330 2000 sa‘va.
3368 1943 3568 1998 extritis

1963 2053 2060 2092 nos
2096 2037 2292 2100 bonis.
2351 2036 2720 2092 exterminatis
2769 2037 2952 2106 patriis
3004 2034 3265 2103 sedibus.
3312 2035 3563 2107 irrogatis

1512 2153 1893 2210 LECTIONES
1933 2151 2346 2208 VARIANTES.

333 2275 359 2304 ⁸
387 2273 619 2337 Aﬁigere.
657 2270 798 2324 Male.
824 2271 942 2324 Sab.

1632 2358 2193 2416 COMMENTARIUS.

268 2486 528 2549 pet-erunt,
552 2491 638 2529 vos
658 2477 794 2548 ipsos
812 2475 1066 2549 (gentiles
1087 2477 1232 2545 scil.)
1253 2477 1378 2531 velle
1398 2493 1502 2531 rem
1523 2485 1694 2545 (suam
1718 2478 1864 2549 scil.)

266 2551 440 2603 venire
458 2548 509 2602 in
538 2547 794 2602 invidiam.
861 2547 1022 2602 Tales
1049 2549 1300 2602 nimitttnt
1336 2558 1551 2619 agyrtas
1580 2560 1630 2603 ct
1659 2547 1864 2603 sacrsﬁé

268 2620 426 2675 culos
451 2620 519 2673 ob
549 2619 946 2674 mendicitatem
978 2633 1129 2672 suam
1160 2620 1439 2690 malasque
1465 2631 1639 2685 artes,
1672 2621 1866 2685 quibus

269 2692 539 2758 imperitis
579 2691 884 2745 hominibus
932 2691 1318 2760 imptmebaut,
1367 2693 1434 2744 ab
1483 2691 1614 2762 ip~is
1642 2693 1864 2746 deorum

267 2763 571 2818 cultoribus
599 2771 938 2835 contemptos
966 2772 1021 2815 et
1049 2777 1244 2817 exosus
1277 2761 1437 2816 fuisse
1457 2805 1479 2835 γ,
1519 2779 1585 2817 ex
1626 2764 1866 2835 p'urimis

270 2846 517 2890 veterum
548 2833 869 2887 tesrimoniis
916 2834 1048 2888 satis
1095 2845 1326 2888 coaSIat.
1373 2834 1490 2897 Vel,
1527 2836 1570 2888 si
1595 2833 1721 2903 quid
1752 2849 1866 2888 mu-

270 2907 495 2960 tamlnm
516 2945 530 2964 .
578 2904 794 2960 mallem
827 2905 985 2974 plane
1014 2903 1195 2958 delere
1227 2921 1523 2974 pronomen
1547 2922 1634 2960 vos
1655 2947 1670 2972 ,
1722 2916 1776 2958 ut
1805 2915 1873 2959 Sit

271 2977 401 3062 uelle
439 2977 610 3058 venire
649 2978 703 3062 inn
731 2977 1021 3058 invxdiamg
1064 2977 1204 3058 idem
1242 2977 1395 3062 ,ψιοᾴ
1429 2979 1652 3062 simplex
1686 2977 1871 3034 venire.
1904 2999 1949 3062 ρ

283 3048 427 3102 Velle
447 3063 569 3101 cmn
597 3047 858 3102 inﬂuitivo
887 3047 1184 3117 sepissime
1207 3047 1441 3101 abnmlat
1472 3049 1612 3115 apud
1638 3058 1874 3102 veteres.

271 3120 354 3175 lta
399 3135 486 3187 ap.
532 3118 838 3174 Petronium
869 3119 1156 3190 aliquoties
1190 3122 1337 3190 uelle
1361 3120 1875 3190 pleonaSticeﬁnosi-

276 3201 414 3254 tum,
449 3190 594 3244 verbi
627 3205 809 3259 causa,
845 3205 963 3260 cap.
996 3188 1093 3256 70.
1137 3189 1164 3261 §
1193 3190 1278 3245 10.
1303 3188 1662 3256 lantcwperat
1690 3189 1880 3244 Fortu-

276 3272 402 3316 nata
429 3262 555 3316 velle
579 3263 786 3319 saltare.
820 3263 910 3314 ubi
944 3261 1063 3315 vide
1095 3261 1384 3315 Burmann.
1415 3271 1470 3316 ct
1502 3263 1731 3317 indicem
1767 3265 1880 3315 Att-

277 3334 504 3398 tonii,et
535 3334 779 3402 apposite
808 3333 873 3388 ad
900 3333 1140 3387 nostrum
1169 3333 1344 3388 locum
1372 3343 1582 3389 auctor.
1606 3333 1884 3404 Priapeio—

276 3421 425 3474 rum,
455 3419 622 3460 carm.
655 3419 823 3465 Lxxn.
847 3420 925 3460 vs.
959 3405 992 3459 9
1018 3415 1067 3458 et
1096 3420 1179 3473 sq.
1211 3421 1225 3458 :

470 3519 535 3569 At
557 3533 646 3568 vos
678 3517 886 3580 amplius
910 3518 1004 3568 hoc
1028 3517 1136 3568 loco
1161 3527 1337 3570 cavete

471 3582 742 3645 Quicquam
768 3594 956 3645 ponere
983 3597 994 3629 :
1025 3595 1088 3631 ne
1115 3581 1451 3634 famelicorum

475 3645 550 3694 Ad
577 3643 656 3694 me
681 3646 826 3694 turba
850 3643 974 3694 velit
997 3658 1173 3695 canum
1193 3647 1387 3697 venire.

281 3752 378 3808 ubi
407 3751 729 3824 velit_venire
756 3765 851 3815 pro
878 3753 1076 3824 veniat.
1123 3750 1325 3824 sensus
1365 3752 1544 3824 itaque
1577 3754 1741 3807 nostri
1760 3753 1894 3809 'loci‘

281 3837 432 3880 esset
455 3841 467 3878 :
491 3822 657 3876 Wenn
687 3822 759 3877 sie
789 3821 988 3876 nterlten
1013 3821 1132 3875 class
1159 3823 1270 3876 iltre
1295 3821 1471 3876 Saclte‘
1491 3825 1623 3886 (itare
1649 3824 1885 3884 Kitnstel.

283 3898 372 3951 ihr
401 3893 805 3964 Orukelgewerb)
827 3894 970 3946 ihrrn
1011 3893 1181 3946 Credit
1204 3894 1446 3948 verberea
1485 3895 1647 3949 u'olle.
1681 3896 1884 3952 Οιιειι).

366 3966 714 4036 Negltguntur
739 3966 812 4018 dii
828 4005 842 4036 .
885 3965 1167 4031 clamitant,
1191 3977 1340 4036 atque
1367 3968 1417 4020 in
1446 3967 1647 4035 templis
1672 3969 1776 4032 iam
1807 3986 1890 4022 ra-

283 4041 416 4095 ritas
442 4035 640 4092 summa
664 4047 756 4092 est.
811 4035 1066 4092 Gelentus
1105 4035 1264 4090 solita
1295 4040 1527 4092 mutamli
1558 4038 1777 4094 libidine
1807 4056 1892 4094 sa-

287 4111 570 4168 nissimam
595 4110 732 4163 hanc
755 4107 953 4162 codici~
987 4122 1068 4161 ms
1110 4109 1392 4164 lectionem
1416 4109 1492 4164 sic
1523 4110 1889 4176 interpolavit:

288 4183 664 4253 Indignamur.
711 4179 1186 4253 declamitantque:
1214 4182 1269 4234 in
1300 4181 1523 4252 templis.
1551 4191 1656 4236 etc.
1692 4183 1890 4249 Editio,

288 4251 546 4326 princeps
575 4253 732 4326 habet
761 4253 963 4326 vitiose:
993 4268 1017 4326 :_
1049 4251 1742 4326 negliguntur,declamitant
1765 4297 1779 4319 ,
1809 4267 1889 4307 at-

288 4322 392 4392 ξιιιε
415 4327 470 4378 in
500 4323 700 4392 templis
720 4365 733 4386 ,
762 4335 864 4378 etc.
924 4322 1078 4377 Fulv.
1109 4323 1288 4378 llrsin.
1320 4325 1422 4394 leg.
1455 4324 1597 4393 conj.
1641 4336 1745 4381 etc.
1790 4329 1896 4379 cla-

1967 2478 2061 2532 lib.
2091 2495 2141 2532 vr
2170 2496 2182 2529 :
2215 2476 2416 2549 Psyche
2445 2478 2601 2532 tantis
2628 2478 2848 2533 exercita
2875 2480 3149 2541 (erumnis.
3193 2478 3333 2543 quod
3356 2478 3570 2543 elegan-

1969 2549 2073 2604 titts
2100 2550 2312 2620 quidem
2336 2561 2390 2604 et
2418 2551 2558 2604 bono
2579 2551 2840 2618 scriptore
2865 2550 3095 2619 dignius.
3124 2550 3227 2607 Sed
3258 2551 3307 2605 in
3338 2550 3577 2607 Arnohio

1968 2624 2105 2675 tales
2133 2621 2414 2689 elegantia:
2442 2637 2545 2674 non
2576 2621 2871 2684 exigendae.

2042 2691 2135 2764 Tot
2185 2693 2414 2747 laborum
2458 2694 2785 2747 excruciatur
2822 2694 3084 2764 (eranmis.
3141 2694 3408 2749 Stewech.
3463 2695 3573 2764 leg.

1969 2763 2113 2831 conj.
2146 2774 2408 2818 exercetur
2434 2765 2705 2829 a'rumnis,
2758 2763 2988 2818 alie-rens
3021 2765 3131 2816 loca
3161 2765 3265 2817 duo
3285 2807 3298 2823 ,
3348 2763 3576 2820 alterum

1970 2835 2204 2903 Apttleii,
2242 2834 2332 2888 lib.
2369 2851 2440 2887 vr.
2473 2834 2683 2889 Metam.
2725 2833 2922 2905 Psyche
2947 2836 3102 2888 tantis
3132 2837 3354 2890 exercita
3383 2853 3570 2892 (vrum-

1976 2907 2078 2971 uis,
2112 2905 2342 2961 alterum
2371 2906 2580 2977 Virgilii
2612 2905 2739 2961 IEn.
2773 2922 2851 2972 ιιι,
2884 2923 2965 2972 vs,
2998 2907 3122 2961 182.

2635 3018 2762 3069 Nate
2784 3018 2946 3069 iliacis
2970 3021 3192 3071 exercite
3216 3023 3354 3071 satis.

1982 3124 2086 3180 Sed
2119 3141 2223 3178 non
2256 3126 2434 3178 minus
2462 3125 2712 3192 frequens
2735 3140 2822 3191 ap.
2854 3124 3060 3178 Latino»
3091 3126 3373 3180 excruciari
3399 3141 3586 3179 arum-

1983 3202 2097 3259 m’s.
2145 3196 2476 3265 (egritudine,
2509 3196 2891 3259 sollicitudine,
2942 3197 3172 3250 miseriis.
3227 3195 3307 3249 Cl'.
3364 3196 3584 3251 Terent.

1985 3267 2273 3322 Heautont.
2316 3283 2351 3331 t,
2382 3267 2437 3332 Ξ),
2471 3282 2552 3321 vs.
2584 3268 2640 3332 4,
2671 3281 2718 3319 et
2753 3267 2869 3322 Cie.
2900 3267 3069 3336 Epist.
3106 3272 3169 3322 ad
3201 3266 3352 3321 Fam.
3387 3284 3498 3334 xlv,
3526 3269 3579 3323 5.

1986 3338 2172 3406 itaque
2205 3339 2276 3392 ntl
2301 3340 2631 3392 mutandum.
2668 3339 2871 3393 OBELL.

2061 3407 2125 3463 Et
2154 3410 2416 3472 homines.
2449 3410 2647 3463 brutam
2689 3427 2867 3478 genus.
2910 3409 3263 3476 Cannegieter
3304 3412 3408 3480 leg.
3434 3428 3582 3466 cens.

1990 3481 2054 3536 Ei
2079 3481 2323 3536 homines.
2369 3499 2471 3534 non
2502 3486 2641 3534 male
2693 3489 2874 3536 (‘BELL
2918 3513 2984 3521 ——
3020 3482 3134 3535 Pari
3163 3497 3323 3535 sensti
3374 3483 3582 3550 Ilorat.,

1989 3553 2081 3607 lib.
2114 3553 2150 3608 Ι.
2193 3564 2294 3606 sal.
2328 3553 2361 3605 5
2411 3553 2543 3606 dixit
2570 3551 2770 3605 Mutum
2800 3562 2845 3605 et
2873 3563 3019 3617 turpe
3042 3569 3209 3618 pecus.
3243 3553 3425 3607 I‘ntoa.

2065 3622 2289 3678 Furiasi.
2326 3624 2459 3678 Vtile
2491 3633 2668 3677 notata
2700 3623 2764 3676 ad
2793 3625 2997 3676 initium
3025 3624 3215 3680 canitis
3243 3640 3276 3676 ι.
3306 3624 3512 3680 Οιιειι..

2061 3694 2228 3750 XXV.
2279 3725 2348 3735 —-
2400 3694 2814 3748 Mortaliunt.....
2873 3695 2937 3747 de
2998 3695 3212 3749 sa’culis.
3275 3694 3329 3749 id
3383 3706 3466 3750 est
3518 3696 3583 3749 de

1991 3782 2168 3835 genere
2195 3768 2482 3820 mortalium
2507 3767 2744 3819 saxulum
2779 3781 2873 3834 pro
2900 3780 3129 3833 genere,
3163 3767 3364 3828 sobole,
3399 3768 3584 3820 multi-

1995 3835 2176 3892 tudine
2220 3839 2514 3903 sa'pissime
2563 3845 2783 3904 u~nrpat
2834 3835 3136 3901 Lucretius,
3175 3853 3224 3890 ν.
3272 3854 3348 3902 e.,
3381 3837 3471 3890 lib.
3504 3853 3585 3904 ιιι,

1993 3909 2132 3964 ϋῖθε
2166 3907 2400 3961 Priorum
2429 3909 2580 3961 sazcla
2607 3909 2933 3976 scriptorum,
2956 3916 3012 3960 et
3041 3923 3098 3970 ll.
3124 3923 3203 3962 vs.
3230 3907 3315 3961 77.
3343 3909 3589 3962 Animan-

1993 3991 2096 4033 tunt
2148 3981 2298 4034 strcla
2351 3981 2403 4032 in
2455 3982 2584 4032 brevi
2625 3980 2793 4046 spatio
2849 3989 3130 4032 nmtantur.
3187 3978 3303 4030 Viti.
3351 3978 3580 4035 Ge~ner.

1995 4051 2047 4106 in
2075 4051 2353 4106 The-auro
2390 4059 2444 4104 et
2481 4066 2599 4120 qua:
2645 4050 3020 4104 annotabimns
3066 4051 3200 4104 inira
3241 4050 3306 4104 ad
3350 4050 3442 4104 lib.
3473 4066 3582 4119 vn,

1994 4139 2043 4178 c.
2071 4123 2160 4177 24.
2192 4122 2394 4178 Οιιειι.

2069 4195 2424 4249 Summitatem
2453 4193 2675 4247 omnium
2698 4207 3008 4244 summorum
3030 4191 3351 4246 obtinentem.
3375 4191 3424 4246 is
3444 4193 3587 4248 Deus

1997 4283 2119 4322 mox
2148 4282 2373 4319 summus
2394 4265 2608 4322 dicitur,
2635 4278 2740 4328 quo
2771 4263 2986 4316 notuine
3012 4271 3222 4318 veteres
3247 4263 3587 4333 appellarunt

1998 4355 2159 4393 unum
2185 4336 2311 4391 illud
2339 4347 2388 4390 et
2413 4351 2719 4404 supremum
2752 4351 2969 4389 numen.
2996 4351 3174 4388 rerum
3209 4337 3444 4390 omnium
3487 4352 3585 4389 an-

293 4400 481 4478 agitant
507 4411 770 4478 ,_arceque
799 4436 813 4459 .
856 4404 963 4450 etc.
1012 4394 1117 4449 Sed
1153 4411 1367 4450 causam
1409 4396 1644 4452 mutandi
1695 4399 1875 4454 nullan

1998 4421 2201 4464 ctoretn
2242 4418 2296 4462 rt
2332 4394 2764 4478 gubernatorem.
2798 4405 3106 4475 Philosophi
3140 4406 3302 4460 Deum
3335 4407 3582 4475 opiliCem

293 4469 482 4525 video.
509 4470 712 4523 υκειι..

369 4538 646 4594 Jacent....
703 4537 894 4593 derisui
942 4540 1276 4597 cteremouiw.
1313 4540 1425 4596 Hoc
1466 4549 1548 4596 est
1571 4549 1891 4609 contempta:

296 4621 429 4668 sunt
456 4623 508 4664 et
534 4612 817 4678 espositae,
851 4609 1074 4679 objecta:
1097 4611 1300 4666 dirisui.
1342 4611 1541 4673 lacere.
1577 4616 1779 4668 centies
1803 4629 1888 4682 ap.

295 4695 514 4739 Veteres
533 4683 601 4736 de
630 4684 788 4738 rebus
817 4684 1102 4755 neglectis,
1130 4687 1471 4754 contemptis,
1504 4685 1644 4755 quod
1677 4686 1890 4741 notissi-

298 4772 474 4812 mum.
524 4757 590 4808 At
638 4755 810 4807 rarior
841 4754 998 4821 lmjus
1041 4755 1186 4809 verbi
1227 4754 1555 4812 constructio
1593 4773 1712 4813 cum
1743 4758 1898 4814 tertio

300 4843 457 4883 casu.
479 4825 553 4882 Ita
575 4824 668 4880 Sil.
696 4824 842 4890 ltal.,
874 4825 966 4879 lib.
995 4842 1086 4891 xv,
1111 4841 1188 4880 vs.
1217 4826 1322 4883 646
1342 4838 1396 4883 et
1416 4843 1499 4898 sq.
1529 4845 1544 4884 :

723 4939 1029 5002 Quicumque
1049 4941 1215 4990 timeri

467 5001 575 5052 Dux
595 5003 729 5052 bello
752 5001 963 5064 poterat,
988 5001 1125 5052 fratri
1146 5003 1298 5066 jacet.

306 5110 364 5167 id
392 5118 496 5171 est.
526 5109 593 5164 ab
622 5126 688 5165 eo
718 5125 910 5174 ansas,
943 5122 1214 5179 postralus
1242 5122 1344 5168 est.
1387 5113 1586 5170 Οιιειι..

387 5182 720 5238 Deciderunt.
767 5180 916 5254 Falv.
947 5182 1176 5238 Ursinus
1207 5184 1415 5254 legend.
1457 5196 1644 5241 censet
1671 5186 1908 5240 concide-

307 5265 454 5309 runt.
502 5254 613 5326 Sed
659 5255 792 5307 bene
829 5253 981 5308 habet
1009 5253 1299 5309 occiderant
1328 5267 1378 5309 et
1412 5259 1576 5312 multo
1600 5269 1680 5312 est
1711 5258 1907 5326 signiﬁ-

307 5329 544 5382 cantius.
567 5324 774 5399 _l_mago
801 5326 915 5380 scil.
943 5328 1098 5380 ducta
1130 5345 1156 5380 a
1190 5329 1458 5384 sideribus
1479 5371 1494 5396 ,
1535 5346 1654 5399 qua:
1679 5324 1791 5384 sole
1820 5345 1913 5384 ex—

309 5408 438 5453 orto
468 5395 740 5458 occidunt.
765 5408 1114 5452 evanescunt.
1147 5399 1350 5453 Uni-:LL.

390 5467 462 5522 Et
495 5469 670 5522 inerito
700 5471 978 5522 Iunnanum
1004 5487 1256 5538 genus....
1287 5481 1359 5524 tot
1400 5470 1631 5525 laborant
1653 5475 1916 5527 excrucia-

314 5551 404 5596 tur
429 5541 690 5611 arumnis.
755 5539 1088 5596 Stewechtns
1119 5543 1398 5611 legendum
1426 5555 1609 5599 censet
1641 5561 1698 5599 eo
1739 5546 1810 5606 (id
1838 5553 1922 5600 est

311 5610 613 5682 eapmpter)
655 5612 832 5665 merito
884 5610 1521 5684 humanumigenus.......
1569 5626 1640 5670 tot
1691 5616 1922 5671 laborum

315 5693 582 5756 exercetur
621 5683 859 5756 (erumnis
881 5727 896 5752 ,
928 5685 1100 5740 citans
1128 5683 1472 5756 Virgilianum
1510 5688 1636 5743 illud
1662 5733 1677 5753 ,
1711 5691 1812 5745 Ab.
1843 5705 1921 5755 ιιι,

322 5754 491 5816 1821.
537 5753 674 5810 Puer
721 5753 898 5810 Iliacis
942 5758 1158 5812 exercite
1193 5753 1338 5824 satis,
1379 5769 1431 5816 et
1479 5760 1686 5831 Apulei.
1717 5753 1922 5828 Miles.

869 5850 1139 5913 Pnaoc.
1189 5852 1262 5913 ν.

1997 4479 2374 4545 nominabant,
2407 4479 2494 4532 alii
2525 4478 2709 4533 .lovem
2738 4488 2995 4532 aeternum
3049 4489 3096 4532 et
3137 4479 3586 4547 exsuperanlissi-

1997 4569 2157 4678 "omni
2159 4569 2176 4634 ξ
2197 4551 2539 4606 ϐτιιιοίθιιθιιι
2553 4549 2770 4622 ὕψιστον
2814 4564 3182 4605 omneomne
3211 4550 3262 4603 in
3282 4567 3377 4604 van
3407 4549 3584 4606 Hoocn

2051 4635 2086 4678 t.
2160 4634 2238 4676 tu.

2051 4635 2086 4678 l.
2117 4634 2238 4677 [ΛΗ.

2073 4694 2373 4749 Temeraria:
2413 4693 2548 4748 vocis
2592 4693 2960 4764 desperatione.
3006 4691 3154 4745 Fulv.
3206 4692 3431 4764 Ursinus
3478 4693 3584 4763 leg.

2000 4776 2184 4821 censet
2219 4767 2595 4834 disparatione.
2627 4763 2713 4816 alii
2744 4763 3107 4830 disceptatione
3137 4767 3291 4817 male.
3326 4763 3583 4826 Despera-

2001 4840 2091 4904 tio,
2123 4847 2179 4892 nt
2209 4838 2342 4891 bene
2376 4836 2588 4889 Ileraltl.
2623 4835 2870 4901 explicat.
2905 4845 2986 4887 est
3015 4835 3221 4889 ἀπόνοια
3248 4849 3432 4888 eonnn
3454 4877 3466 4894 ,
3495 4834 3586 4902 qui

2003 4911 2234 4964 divinam
2268 4910 2397 4960 iram
2419 4919 2764 4961 contemnere
2791 4915 3087 4972 t'tnpernnt.
3121 4917 3168 4959 et
3194 4906 3348 4958 simul
3373 4922 3586 4958 attinent

2005 4980 2192 5036 salutis
2222 4995 2405 5034 curant
2438 4977 2689 5045 abjirere.
2728 4976 3021 5043 Desperatio
3046 4977 3178 5028 vocis
3205 4977 3485 5030 temeraria:
3505 4986 3593 5030 est

2008 5053 2184 5123 itaque
2223 5067 2321 5105 vox
2355 5051 2636 5123 tentia-aria
2668 5046 2900 5123 hominis
2944 5048 3185 5123 scelerati
3229 5058 3277 5100 et
3322 5049 3388 5100 de
3419 5048 3594 5123 salute

2009 5116 2113 5177 sui
2155 5137 2373 5194 prorsus
2423 5119 2790 5189 desiierantis,
2844 5119 2923 5171 ein
2970 5116 3288 5183 tollkultnes,
3337 5117 3601 5173 ruchloses

2014 5193 2184 5250 Wort.
2217 5194 2420 5248 Οιιιῖιι..

2086 5257 2153 5320 In
2201 5267 2348 5318 rebus
2390 5264 2553 5332 fessis.
2586 5261 2754 5324 Infra,
2788 5260 2882 5315 lih.
2927 5278 2982 5316 ιιι
3014 5282 3025 5315 :
3061 5262 3336 5315 Inea'orata
3363 5262 3606 5329 beneﬁcia

2019 5339 2238 5410 pra’bere
2266 5337 2410 5410 fessis
2447 5348 2597 5406 atque
2634 5334 2872 5388 invalidis
2900 5333 3066 5389 rebus.
3103 5332 3270 5390 liabet
3300 5349 3330 5388 a
3365 5333 3607 5403 Virgilio,

2020 5407 2148 5464 Eu.
2181 5424 2255 5464 Ill.
2291 5407 2392 5462 155
2422 5425 2435 5460 :

2175 5521 2328 5580 Onam
2353 5519 2497 5570 fessis
2518 5520 2668 5571 ﬁnem
2691 5521 2842 5568 rebus
2861 5517 3019 5578 ferat;
3055 5517 3187 5567 unde
3211 5519 3432 5569 laborum

2180 5585 2398 5636 Tentare
2422 5583 2660 5634 auxilium
2675 5583 2866 5646 jnbeat.
2931 5581 3149 5631 ΗειιΑιι).

2027 5691 2164 5747 Adii.
2193 5691 2396 5756 Tacit.,
2429 5689 2625 5746 Annal.
2656 5701 2751 5746 xv.
2794 5700 2845 5738 c.
2890 5685 2980 5740 50.
3030 5683 3501 5757 Diligendumque,
3553 5684 3640 5755 qui

2031 5764 2173 5837 fessis
2187 5763 2334 5822 rebus
2359 5770 2690 5821 succurreret.
2711 5758 2915 5815 ORELL.

3168 5853 3252 5916 Ἇῐι

3603 5929 3660 5944 ..δ’
