4172 6252
271 328 379 387 757

1662 320 1866 386 LIBER
1905 320 2182 386 PRIMUS.

3460 328 3564 384 758

339 443 556 502 XXXII.
602 443 799 502 Sermo
824 460 947 501 cum
994 444 1080 501 bis
1121 446 1277 503 nobis
1319 455 1434 516 est,
1486 447 1576 519 qui
1616 442 1859 502 divinum
1891 447 1940 505 Α
1966 444 2409 501 constituerimus
2439 444 2718 500 immania.
2752 445 3044 501 Dissimilia
3077 445 3369 518 copulare,
3400 456 3563 518 atque

272 554 397 597 esse
437 536 844 595 consentientes
890 553 1091 609 genus,
1123 538 1191 594 de
1241 539 1535 611 majoribus
1581 528 1859 605 dubitant,

268 649 393 690 cum
424 632 586 687 iidem
633 646 754 688 esse
794 631 1001 702 plebeia
1047 640 1207 701 alque
1237 631 1521 687 humiliora
1571 630 1854 686 fateantur.

261 725 405 796 Quid
435 741 588 796 ergo,
618 740 704 780 res
734 732 913 780 tantas
941 726 1272 795 argumentis
1302 726 1537 780 nitemur
1566 732 1724 794 atque
1746 722 1859 778 ela-

257 820 529 876 boramus
555 817 831 874 obtinere?
864 817 1117 873 Disccdat
1147 818 1259 873 lucc
1286 817 1442 889 looge
1463 859 1477 881 ,
1506 828 1670 888 atque
1703 833 1729 869 a
1760 833 1856 870 no-

256 910 346 967 bis
389 910 597 981 procul,
632 909 871 981 inquam,
918 920 970 963 ιιι
1003 908 1218 975 dicitur,
1243 922 1635 965 averrttntretttr
1672 924 1856 963 amen-

255 1005 353 1061 tia.
407 1004 482 1061 Ita
535 1013 615 1060 est
647 1005 788 1059 enim
828 1005 1188 1075 periculosum
1234 1004 1564 1075 argumentis
1593 1003 1849 1075 aggredi,

263 1098 437 1155 Deum
470 1098 766 1169 principem
800 1099 1184 1168 comprobare,
1217 1114 1377 1168 quam
1410 1100 1615 1153 ratione
1659 1097 1849 1169 hujus-

253 1192 403 1249 modi
436 1194 557 1248 esse
611 1192 799 1255 illum.
853 1192 993 1247 velle
1033 1206 1383 1263 cognoscere.
1419 1191 1528 1247 Nec
1567 1192 1852 1264 quicquam

258 1286 464 1355 refert,
496 1297 589 1340 aut
633 1286 936 1357 discrepat,
968 1294 1219 1341 utrumne
1263 1301 1425 1358 neges
1470 1286 1639 1350 illtttn,
1668 1302 1735 1340 an
1765 1300 1852 1340 as-

261 1394 445 1447 seras,
474 1389 638 1450 atque
668 1379 900 1435 existere
945 1378 1160 1434 fatearis
1190 1397 1204 1434 :
1237 1394 1358 1434 cum
1388 1378 1439 1433 in
1470 1377 1655 1433 eadem
1690 1376 1846 1447 culpa

249 1473 360 1538 sit,
392 1482 447 1529 et
465 1473 695 1529 assertio
726 1472 846 1528 talis
876 1472 985 1539 rei,
1015 1482 1069 1528 et
1094 1473 1378 1545 abnegatio
1422 1471 1730 1530 refutatoris
1761 1473 1844 1527 in—

252 1566 483 1623 creduli.

323 1658 565 1715 XXXIII.
590 1660 958 1730 Quisquamne
1002 1670 1086 1725 est
1124 1660 1424 1727 hominum,
1453 1662 1542 1727 qui
1585 1676 1690 1717 non
1722 1676 1842 1717 cum

247 1752 407 1809 istius
454 1750 713 1821 principis
758 1752 980 1808 notione
1024 1752 1166 1809 diem
1199 1756 1384 1823 primae
1431 1752 1725 1810 nativitatis
1756 1754 1841 1809 in-

1975 537 2029 591 in
2066 553 2226 593 unam
2258 539 2493 609 speciem
2534 554 2729 609 cogere
2760 539 2975 593 inducta
3025 535 3345 593 confusione
3397 553 3564 595 cona-

1966 631 2119 687 tuini.
2169 631 2301 686 Nam
2355 632 2496 687 Deus
2524 633 2868 702 omnipotens
2899 639 3076 686 mente
3125 638 3227 686 una
3274 631 3519 686 omnium
3562 685 3565 689 ,

1963 735 2018 782 et
2064 728 2300 780 nmmnni
2340 725 2679 781 mortalitatis
2725 728 2971 789 assensu,
3005 740 3179 796 neque
3208 725 3421 795 genitus
3452 724 3557 781 sci-

1962 829 2065 887 tur,
2100 836 2272 891 neque
2301 836 2492 875 novatn
2525 821 2576 873 in
2606 819 2777 873 lucem
2806 818 3094 890 aliquando
3121 834 3242 874 esse
3272 819 3547 889 prolatus,

1961 927 2063 967 nec
2087 928 2151 967 ex
2179 912 2359 982 aliquo
2388 923 2632 981 tempore
2658 910 2886 981 coepisse
2915 922 3055 977 esse,
3076 911 3163 966 vel
3187 909 3408 965 saeculo.
3430 908 3555 979 Ipse

1963 1019 2046 1065 est
2075 1009 2223 1065 enim
2256 1009 2374 1063 fons
2402 1025 2606 1077 rerum,
2631 1019 2777 1063 sator
2796 1008 3116 1064 saeculorum
3140 1020 3203 1061 ac
3228 1014 3554 1075 temporum.

1958 1099 2073 1156 Non
2101 1101 2242 1156 enim
2273 1103 2381 1172 ipsa
2413 1116 2507 1170 per
2536 1116 2595 1156 se
2622 1111 2778 1165 sunt,
2814 1100 2909 1157 scd
2939 1117 3007 1155 ex
3036 1103 3153 1168 ejus
3199 1096 3553 1168 perpetuitate

1961 1204 2216 1266 perpetua
2269 1207 2321 1251 ct
2371 1195 2576 1250 infinita
2626 1212 2839 1267 semper
2906 1196 3311 1251 continuatione
3365 1207 3555 1263 proce-

1970 1292 2197 1347 cedunt.
2231 1293 2299 1346 At
2322 1308 2450 1347 vero
2471 1291 2699 1362 Jupiter,
2732 1303 2787 1346 ttt
2816 1308 2913 1346 vos
2944 1291 3112 1355 fertis,
3142 1298 3197 1345 et
3225 1298 3432 1360 patrem
3460 1287 3555 1343 ha-

1962 1382 2055 1440 bet
2082 1394 2133 1438 et
2162 1393 2410 1452 matram,
2445 1400 2572 1438 avos
2593 1427 2607 1451 ,
2633 1384 2805 1451 avias,
2835 1384 3025 1439 fratres
3069 1401 3082 1437 :
3125 1398 3266 1437 nunc
3295 1396 3466 1451 nuper
3489 1381 3543 1435 in

1953 1484 2106 1531 utero
2134 1476 2320 1530 matris
2365 1490 2478 1530 sua:
2521 1475 2802 1542 formatus,
2857 1474 3139 1530 absolutus
3169 1472 3446 1529 mensibus
3489 1480 3547 1527 et

1948 1576 2352 1623 consummatus
2401 1567 2586 1622 decem
2615 1610 2628 1631 ,
2679 1568 2915 1637 ignotam
2955 1566 3059 1620 sibi
3094 1566 3147 1620 itt
3182 1565 3355 1619 lucem
3387 1578 3552 1619 sensu

1951 1664 2105 1717 irruit
2127 1679 2185 1717 se
2210 1662 2378 1716 vitali.
2424 1660 2602 1732 Ergo,
2635 1661 2679 1716 si
2710 1659 2827 1714 haec
2875 1660 2945 1713 ita
2986 1669 3142 1721 sunt,
3171 1657 3380 1730 Jupiter
3421 1671 3543 1712 esse

1947 1756 2080 1814 deas
2129 1758 2215 1828 qui
2262 1756 2469 1827 potest!
2512 1772 2635 1810 cum
2682 1755 2830 1810 illum
2877 1769 2997 1810 csse
3048 1764 3363 1823 perpetuum
3406 1766 3538 1807 con-

245 1842 508 1896 Interit?
553 1841 643 1897 cui
673 1854 782 1897 non
807 1842 877 1897 sit
900 1841 1217 1913 ingenitum.
1248 1858 1356 1898 non
1383 1843 1638 1908 afﬁxam.
1672 1845 1839 1899 immo
1870 1845 1916 1904 Β
1945 1862 2083 1919 stet,
2136 1860 2192 1907 et
2216 1851 2562 1921 perhibeatur
2587 1850 2723 1905 alter
2753 1867 2781 1902 ει
2811 1849 2993 1914 vobis,
3026 1857 3078 1902 et
3126 1848 3241 1902 dies
3280 1844 3540 1902 habuisse

242 1934 347 2004 ipsi
373 1949 511 2005 pene
541 1934 594 1989 itt
626 1935 949 2005 genitalibus
982 1936 1173 1991 matris
1202 1942 1306 1991 non
1339 1937 1659 2007 impressum
1682 1976 1697 2005 ,
1730 1946 1839 1993 non

245 2027 470 2082 insitum
516 2036 638 2082 esse
685 2013 868 2099 regem
901 2042 965 2083 ac
989 2028 1265 2083 dominum
1287 2070 1303 2094 ,
1348 2038 1666 2085 cunctorum
1697 2045 1841 2100 qua:-

246 2133 482 2189 cumque
519 2128 642 2174 sunt
668 2118 1111 2176 moderatorem?
1142 2120 1258 2193 Ipsa
1282 2118 1511 2192 denique
1543 2122 1754 2178 hiscere
1794 2127 1839 2178 si

243 2210 541 2265 animantia
566 2223 707 2268 mnta
737 2215 878 2282 potis
898 2223 1082 2269 essent
1108 2233 1120 2267 :
1153 2216 1274 2270 siin
1301 2214 1602 2285 linguarum
1632 2225 1840 2271 nostra-

240 2318 367 2358 rum
397 2300 701 2360 facilitatem
729 2305 864 2359 solvi
890 2328 902 2361 :
931 2306 1094 2362 immo
1125 2307 1169 2362 si
1191 2307 1432 2372 arbores,
1464 2308 1655 2379 glebtc,
1684 2324 1835 2377 saxa,

238 2411 406 2452 sensu
437 2399 671 2453 animata
700 2400 848 2454 vitali
879 2402 1024 2455 vocis
1050 2400 1284 2455 sonitum
1312 2402 1529 2472 quirent
1550 2414 1607 2456 et
1632 2402 1832 2456 verbo-

240 2505 364 2545 rum
394 2490 650 2546 articulos
682 2491 975 2563 integrare,
1002 2493 1074 2547 ita
1105 2508 1210 2548 non
1241 2493 1378 2548 duce
1407 2504 1616 2557 natura,
1646 2503 1701 2549 et
1727 2509 1839 2549 ma-

241 2582 441 2652 gistra,
477 2599 579 2637 non
609 2582 931 2654 incorrupta:
959 2585 1316 2654 simplicitatis
1340 2584 1467 2651 fide,
1499 2595 1553 2640 et
1582 2586 1840 2657 intellige-

236 2684 365 2729 rent
394 2688 514 2730 esse
545 2674 710 2731 Deum
734 2717 751 2744 ,
782 2687 839 2732 et
865 2686 1183 2733 cunctorum
1211 2677 1487 2733 dominum
1516 2679 1689 2734 solum
1716 2694 1839 2735 esse

239 2766 543 2822 clamarent
562 2769 586 2822 ’ἒ

309 2858 554 2915 XXXIV.
605 2857 711 2915 Sed
755 2861 972 2930 frustra,
1008 2862 1199 2932 inquit,
1232 2877 1332 2919 nes
1362 2863 1519 2931 falso,
1549 2873 1604 2921 et
1628 2866 1837 2922 calum-

242 2951 405 3006 nioso
453 2952 718 3008 incessitis
759 2965 813 3009 et
856 2954 1103 3025 appetitis
1132 2956 1356 3011 crimine
1387 2974 1399 3010 :
1427 2966 1693 3029 tamquam
1738 2975 1835 3014 ea-

227 3057 358 3099 mus
382 3042 591 3099 inlicias
622 3059 745 3100 esse
793 3046 958 3101 Deum
1005 3047 1262 3119 majorem
1298 3066 1314 3099 :
1342 3062 1463 3104 cum
1518 3063 1548 3103 a
1593 3046 1747 3106 nobis
1778 3060 1834 3106 et

225 3134 442 3207 Jupiter
493 3141 822 3207 nominetur,
871 3149 927 3195 et
979 3142 1218 3211 optimus
1266 3142 1529 3198 habeatur
1571 3156 1626 3199 et
1665 3148 1832 3201 maxi-

1946 1946 2186 2009 natales,
2216 1948 2271 1999 et
2304 1943 2609 2013 pavefactus
2639 1959 2699 1999 re
2752 1958 2890 1998 nova
2919 1942 3320 1997 lamentabilem
3374 1951 3535 1996 extu-

1945 2037 2071 2092 lisse
2100 2037 2333 2107 vagitum
2354 2037 2380 2089 ?

2012 2126 2234 2185 XXXV.
2265 2128 2372 2184 Sed
2403 2128 2509 2183 sint
2535 2170 2548 2192 ,
2576 2136 2634 2182 ut
2661 2126 2826 2183 vultis
2849 2168 2865 2193 ,
2904 2141 3067 2181 unum
3092 2168 3107 2193 ,
3134 2140 3235 2180 nec
3265 2125 3316 2179 in
3350 2122 3530 2197 aliqua

1943 2224 1993 2277 vi
2027 2224 2296 2289 numinis,
2326 2232 2383 2278 et
2411 2222 2695 2293 majestate
2733 2221 2994 2276 distantes
3021 2238 3035 2273 :
3061 2219 3253 2291 ecquid
3285 2234 3415 2290 ergo
3454 2219 3540 2275 in-

1937 2315 2103 2386 justis
2136 2313 2516 2383 persequimini
2549 2328 2648 2367 nos
2674 2312 2854 2367 odiis?
2891 2311 3028 2380 Quid
3047 2350 3061 2378 ,
3092 2320 3150 2365 ut
3178 2310 3378 2365 ominis
3416 2325 3543 2380 pes-

1942 2406 2110 2475 simi,
2169 2406 2339 2462 nostri
2383 2405 2619 2461 nominis
2667 2403 3042 2459 inhorrescitis
3092 2402 3411 2458 mentione?
3457 2404 3534 2465 si,

1941 2516 2098 2570 quem
2130 2498 2299 2556 Deum
2327 2499 2503 2554 colitis
2529 2538 2545 2565 ,
2578 2506 2702 2553 etim
2731 2509 2785 2553 et
2815 2497 2955 2553 nos?
2983 2504 3074 2552 aut
3101 2492 3228 2567 quid
3263 2496 3314 2549 in
3345 2493 3536 2550 eadem

1940 2608 2097 2649 causa
2134 2593 2287 2648 vobis
2330 2607 2451 2648 esse
2490 2592 2819 2647 contenditis
2850 2589 3143 2645 familiares
3182 2589 3322 2644 Deos
3354 2588 3531 2643 inimi-

1939 2702 2033 2743 cos
2062 2692 2221 2758 atque
2248 2685 2629 2742 infestissimos
2663 2685 2864 2741 nobis?
2900 2684 3112 2741 Etenim
3133 2725 3148 2750 ,
3196 2684 3241 2738 sl
3273 2697 3376 2737 una
3408 2681 3539 2737 rell.

1938 2782 2026 2853 gio
2053 2792 2136 2838 est
2173 2781 2329 2838 nobis
2355 2778 2614 2850 vobisque
2656 2778 2962 2835 communis
2984 2820 2999 2844 ,
3049 2784 3225 2832 cessat
3256 2776 3331 2831 ira
3369 2773 3533 2831 cccle-

1937 2876 2098 2931 stium
2132 2892 2145 2929 :
2178 2876 2261 2930 sin
2292 2874 2449 2930 nobis
2488 2872 2672 2929 infesti
2702 2879 2828 2928 sunt
2869 2871 3033 2937 solis,
3080 2870 3420 2925 manifestum
3450 2878 3536 2925 est

1938 2971 2147 3026 nescire
2172 3013 2187 3035 ,
2238 2978 2294 3025 et
2327 2984 2456 3034 vos,
2489 2979 2544 3023 et
2573 2967 2698 3023 illos
2744 2967 2913 3022 Deum
2943 2981 2956 3019 :
2989 2980 3149 3036 quem
3194 2964 3380 3021 Jovem
3425 2974 3534 3019 non

1935 3077 2058 3120 esse
2088 3062 2221 3132 ipsis
2253 3064 2458 3118 clarum
2487 3071 2572 3118 est
2598 3059 3059 3131 indignationibus
3086 3058 3386 3129 numinum.

2005 3155 2249 3210 XXXVI.
2274 3155 2381 3211 Sed
2410 3169 2517 3210 non
2537 3192 2554 3221 ,
2586 3153 2796 3222 inquit,
2826 3151 3034 3208 idcirco
3067 3152 3140 3206 dii
3169 3150 3322 3206 vobis
3347 3148 3533 3207 infesti

224 3248 389 3302 mus;
428 3249 657 3309 cumque
680 3236 757 3291 illi
797 3236 1204 3307 angustissimas
1245 3237 1438 3306 sedes,
1470 3250 1525 3294 et
1564 3238 1825 3313 Capitolia
1853 3238 1898 3301 C
1931 3257 2095 3315 sunt,
2125 3251 2268 3320 quod
2304 3250 2732 3322 omnipotentem
2776 3244 2969 3302 colatis
3014 3246 3183 3301 Deum
3217 3246 3353 3303 :sed
3388 3245 3533 3318 quod

1608 3377 2175 3444 COMMENTARIUS.

222 3493 402 3569 probo
440 3492 681 3569 ejusdem
714 3491 950 3551 Walkeri
993 3492 1359 3565 conjecturam
1405 3495 1699 3566 opinatione
1725 3514 1824 3569 pro

222 3562 588 3622 obstinatione.
627 3565 829 3622 Οιιειι..

299 3635 523 3692 XXXII.
586 3667 656 3677 —
707 3638 1079 3693 Averruncetur
1124 3638 1366 3693 amentia.
1440 3638 1515 3694 Ita
1587 3636 1825 3698 Lucilius

220 3721 319 3777 ap.
360 3708 478 3782 Non
521 3725 573 3763 v.
603 3726 937 3764 averruncnre
962 3728 973 3763 :
1003 3708 1087 3762 Dii
1118 3710 1406 3764 monuerint
1439 3709 1649 3764 meliora
1674 3722 1827 3782 atque

217 3780 505 3834 amentiam
528 3782 930 3835 averruncassint
952 3792 1110 3835 tuam.
1130 3783 1628 3849 lineam—Quem
1644 3780 1820 3838 locum

217 3850 481 3906 fortassis
504 3862 628 3907 ante
649 3853 834 3906 oculos
865 3854 1050 3906 Itabuit
1080 3866 1282 3907 noster.
1316 3856 1521 3908 υιιειι.

298 3922 387 3975 lta
413 3932 486 3977 est
509 3923 643 3977 enim
666 3925 1035 3990 periculosum,
1064 3935 1170 3979 etc.
1200 3926 1287 3977 Sit:
1316 3924 1480 3978 editio
1518 3939 1656 3979 rom.
1687 3925 1814 3979 cod.

216 4009 342 4065 reg.
372 3990 502 4048 Tant
530 4005 603 4050 es:
631 3996 781 4049 enim.
806 3995 1031 4065 Copulat
1055 3995 1377 4065 quandoque
1406 3996 1502 4049 Itas
1528 3995 1817 4063 particulas

214 4064 513 4122 Lucretius
538 4066 610 4120 ita
633 4083 786 4137 quam
820 4083 915 4137 pro
943 4077 1048 4119 tant
1068 4064 1242 4137 quam.
1271 4066 1510 4123 Hanno.

293 4159 541 4214 XXXIII.
589 4190 663 4201 —
718 4157 867 4213 Diem
936 4158 1213 4213 nativitatis
1268 4160 1552 4213 intraverit.
1607 4159 1680 4213 De
1739 4161 1818 4216 Io-

213 4233 425 4303 quentli
452 4231 698 4287 formulis
721 4232 932 4292 intrare,
978 4230 1350 4303 transcendere,
1399 4233 1697 4302 supergredi
1723 4248 1818 4286 an-

215 4302 369 4366 num,
406 4305 557 4367 diem,
585 4314 690 4359 etc.
718 4302 835 4357 Viti.
861 4302 1106 4357 Oudend.
1138 4303 1203 4356 ad
1229 4303 1436 4371 Apulei.
1464 4303 1615 4368 Met.,
1644 4304 1738 4358 lib.
1758 4321 1815 4369 ι,

212 4391 358 4447 page
386 4376 511 4447 679.
540 4377 741 4430 υιιειι.

291 4442 431 4513 Ipsi.
462 4446 592 4501 Cod.
626 4464 726 4501 lllS.
757 4447 912 4514 ipsis,
943 4442 1081 4515 quod
1110 4442 1357 4515 pra‘fero.
1389 4443 1593 4500 Οιιειι..

294 4517 446 4572 Palis
475 4529 657 4571 essent.
694 4516 865 4571 liditio
896 4518 1058 4583 prima
1100 4518 1374 4582 potuissent
1396 4560 1407 4575 ,
1440 4518 1578 4583 quod
1626 4516 1811 4572 defeti-

211 4591 299 4645 dit
329 4589 546 4645 Herald.
576 4599 630 4654 ta
653 4589 949 4645 Salmasius
977 4590 1042 4642 ad
1071 4587 1458 4643 Tertullianuttt
1498 4588 1566 4643 de
1604 4588 1774 4643 Pallio
1794 4630 1809 4654 ,

213 4599 299 4645 dit
329 4599 546 4645 tleraltl.
576 4599 632 4715 ἢ
653 4599 949 4645 Salmasius
977 4599 1042 4642 ad
1071 4599 1458 4643 'l'ertullntnuttt
1498 4599 1566 4643 ue
1605 4599 1774 4643 l’allto‘
1794 4630 1809 4654 ,

213 4678 342 4732 pag.
377 4661 482 4732 67,
513 4675 610 4715 etta
641 4662 756 4730 lnge
781 4661 917 4731 apud
946 4661 1234 4732 scriptores
1255 4659 1679 4732 ecclesiasticos,
1710 4663 1812 4714 im-

213 4730 411 4802 primis
442 4731 827 4785 Tertttlliattttm
869 4739 922 4785 et
955 4730 1331 4802 Cyprianum,
1360 4731 1810 4797 frequentissima.

211 4800 328 4860 Sed
374 4805 507 4873 potis
535 4813 697 4856 essent
728 4820 757 4857 e
784 4804 906 4857 cod.
950 4800 1051 4856 ms.
1084 4800 1254 4855 ιιωιι.
1292 4801 1584 4865 Meursius,
1620 4817 1671 4871 p.
1701 4802 1770 4856 εξ
1792 4843 1807 4867 ,

206 4875 366 4945 conj.
406 4875 648 4942 petissent
682 4892 712 4929 a
749 4876 1019 4944 potissum,
1071 4874 1237 4928 verbo
1279 4873 1498 4942 antiquo
1538 4884 1591 4928 et
1634 4876 1811 4928 Incre-

206 4948 390 5002 tiann.
419 4946 621 5001 OnsLL.

294 5017 359 5073 Si
378 5019 432 5071 in
463 5019 755 5088 linguarum
777 5027 1064 5071 nostrarum
1084 5014 1381 5087 facilitatem
1406 5017 1531 5071 solvi
1550 5017 1739 5071 :immo
1766 5016 1808 5071 si

206 5090 449 5153 arbores,
483 5090 658 5159 glebae,
699 5105 847 5150 saxa,
871 5105 1021 5141 sensu
1064 5088 1289 5141 animata
1317 5090 1456 5141 vitali
1488 5089 1624 5141 uocis
1663 5091 1807 5142 soni-

203 5171 326 5214 tum
354 5162 553 5231 quirent
592 5172 637 5212 et
674 5161 935 5214 verborum
972 5161 1217 5213 articulos
1258 5162 1541 5228 integrare,
1588 5161 1660 5212 ita
1705 5174 1806 5213 non

204 5234 351 5287 duce
375 5243 590 5295 natura,
617 5242 703 5286 etc
719 5231 1051 5286 .Wnkt'lield.
1074 5273 1087 5295 ,
1122 5233 1172 5283 itt
1204 5231 1335 5288 Silv.
1362 5234 1499 5285 (irit.
1519 5273 1532 5294 ,
1567 5239 1696 5284 toni.
1730 5244 1801 5294 tv,

206 5320 342 5374 pag.
364 5304 679 5369 2M,Iocutn
704 5305 783 5358 sic
812 5303 1031 5357 refinxit
1062 5320 1075 5357 ε
1112 5300 1172 5357 Si
1198 5304 1250 5357 itt
1282 5303 1573 5374 linguarum
1606 5308 1805 5355 nostra-

200 5392 335 5431 rum
373 5374 915 5445 facultatettt—immo
946 5376 989 5428 si
1019 5377 1245 5439 arbores,
1276 5374 1452 5446 gleba,
1478 5390 1624 5446 saxa,
1655 5388 1807 5427 sensu

201 5448 449 5501 animata
487 5447 659 5513 vitali,
687 5448 821 5500 uocis
846 5463 1026 5500 sonum
1067 5447 1268 5515 quirent
1296 5455 1343 5499 et
1383 5445 1645 5499 uerborum
1675 5446 1802 5498 arti-

199 5517 365 5573 culos
406 5518 692 5587 integrare.
736 5521 834 5572 ista
865 5532 964 5572 non
995 5518 1124 5571 duce
1153 5527 1355 5579 natura,
1386 5528 1491 5571 etc.
1522 5521 1590 5571 At
1639 5516 1800 5570 nolim

198 5589 510 5661 quidquam
542 5602 753 5645 mutare
779 5591 1076 5661 facilitatem
1105 5590 1275 5661 multo
1300 5590 1475 5661 aptius
1512 5597 1593 5643 est
1635 5589 1804 5661 verbo

196 5659 378 5724 solui,
411 5664 693 5715 solvuntur
734 5662 876 5714 enim
908 5660 1144 5715 difficilia
1168 5660 1220 5715 ιιι
1256 5659 1598 5725 facilitatem,
1627 5661 1680 5715 in
1725 5659 1802 5713 fa-

198 5735 476 5788 cultatetn
505 5747 608 5785 non
640 5733 789 5786 item.
821 5731 930 5788 Nec
953 5732 1111 5787 etiam
1142 5733 1214 5786 ita
1246 5732 1561 5788 mutandum
1595 5734 1648 5787 in
1680 5734 1795 5785 ista.

199 5803 326 5862 Sed
353 5805 428 5856 ita
449 5814 532 5857 est
556 5803 716 5864 οὕτως
743 5820 801 5857 so
820 5846 837 5867 ,
867 5816 931 5860 ea
959 5804 1264 5863 conditione
1284 5805 1401 5861 scil.
1426 5804 1617 5859 hiscere
1641 5805 1683 5859 si
1714 5821 1803 5873 po-

195 5878 281 5931 tis
307 5885 501 5942 essent,
531 5887 634 5932 ctc.
658 5874 860 5933 Οιιιιιι..

2013 3504 2347 3560 XXXIV.—
2367 3504 2565 3573 lnquit.
2590 3505 2677 3561 Al.
2708 3505 2917 3574 inquitis
2932 3503 3093 3559 male.
3123 3502 3241 3560 Vid.
3272 3521 3433 3576 supra
3461 3509 3528 3565 ad

1928 3589 1977 3630 c.
2007 3591 2085 3630 III.
2114 3589 2315 3633 URELL.

2007 3591 2085 3630 ιιι.
2161 3594 2193 3631 ιι
2301 3619 2315 3633 .

2000 3646 2068 3700 Et
2114 3578 2361 3718 ἳαιὲἳίῒιία
2409 3650 2816 3704 constituerimus
2860 3648 3124 3702 immania.
3166 3646 3521 3718 Tertullian.,

1928 3716 2240 3786 ApoIOget.,
2300 3737 2345 3775 c.
2395 3719 2487 3775 25.
2545 3718 2792 3789 Nondum
2834 3726 3002 3772 tamen
3056 3717 3255 3789 templis
3313 3728 3404 3772 aut
3450 3721 3523 3774 si-

1927 3789 2168 3862 mulacris
2209 3809 2287 3846 res
2328 3792 2498 3845 divina
2542 3794 2685 3858 apud
2729 3788 2989 3845 Romanos
3021 3789 3286 3845 constabat
3334 3807 3351 3843 :
3389 3793 3527 3862 frugi

1924 3859 2103 3932 religio
2146 3872 2194 3915 et
2233 3880 2486 3932 pauperes
2529 3862 2691 3926 ritus,
2742 3870 2787 3917 et
2822 3862 2964 3916 nulla
3004 3862 3246 3932 capitolia
3276 3859 3522 3932 certantia

1924 3928 2068 3985 cwlo.
2100 3928 2433 3989 Dicit'aut'em
2460 3933 2705 3987 immania
2732 3933 2981 4003 exemplo
3009 3931 3201 4003 Virgil.
3223 3974 3236 3998 ,
3265 3928 3517 4003 Eneid.,

1926 4017 1978 4057 Vl
1998 4046 2012 4068 ’
2044 4002 2240 4127 ω’...η
2257 4075 2525 4138 PosuitQtte
2547 4074 2771 4125 immania
2795 4074 2996 4138 temPh-
3042 4073 3261 4124 Πενία

1998 4156 2218 4213 Inducta
2272 4160 2591 4230 confusione.
2646 4157 2802 4213 Fulv.
2854 4156 3035 4214 Ursin.
3098 4156 3339 4225 indocta,
3405 4176 3513 4216 non

1924 4230 2086 4287 male.
2126 4230 2327 4285 Unum.

1998 4300 2152 4355 Nunc
2196 4318 2360 4372 nuper
2395 4302 2449 4354 in
2480 4311 2623 4355 utero
2665 4301 2843 4356 matris
2888 4316 2995 4355 suae
3044 4302 3310 4372 formatus.
3360 4300 3515 4372 Nunc

1920 4389 2083 4439 nuper
2113 4376 2239 4446 χθὲς
2269 4368 2355 4429 Stati
2383 4377 2587 4449 πρώην,
2617 4389 2736 4456 qua:
2779 4372 2985 4429 Grzccis
3034 4368 3115 4427 est
3162 4368 3517 4443 proverbialis

1918 4443 2148 4498 formula
2176 4445 2244 4499 de
2285 4460 2342 4498 re
2374 4444 2514 4498 haud
2542 4444 2616 4498 ita
2645 4444 2851 4515 pridem
2882 4450 3030 4514 gesta
3051 4484 3066 4511 ,
3099 4454 3155 4499 ιιι
3188 4446 3296 4497 heri
3341 4456 3388 4499 et
3417 4463 3517 4500 nu-

2413 4478 2514 4498 uuu
2544 4478 2616 4498 ιια
2648 4478 2696 4511 Pl
2711 4478 2851 4499 IUCIII
2882 4478 3030 4511 δυδια
3051 4484 3066 4511 ⁹
3099 4478 3155 4499 ιιι
3188 4478 3296 4497 "crs
3341 4478 3387 4499 οι
3418 4478 3517 4500 ηα-

1919 4515 2034 4570 ditts
2070 4517 2421 4586 tertiusyap.
2473 4512 2713 4571 Latinos.
2766 4512 2905 4570 Vidf
2949 4515 3159 4570 Erasm.
3186 4557 3209 4586 ,Α
3249 4515 3511 4574 Proverb.

1921 4586 2174 4658 Gataker,
2204 4586 2268 4639 ad
2298 4584 2652 4642 M.‘Antonin.
2681 4630 2695 4651 ,
2729 4587 2823 4642 lib.
2860 4603 2915 4647 χ,
2954 4586 3037 4658 §7
3062 4604 3076 4652 ;
3103 4586 3152 4642 .l.
3182 4584 3283 4641 Ch.
3317 4586 3511 4655 Wolf.,

1919 4657 1971 4729 in
2002 4658 2210 4713 Lthattii
2238 4658 2411 4728 Epist.
2446 4659 2575 4722 270;
2608 4659 2781 4714 .Ittrct.
2832 4658 2897 4712 ad
2941 4657 3254 4729 Symmaclt.
3282 4701 3297 4724 ,
3332 4659 3424 4715 lib.
3457 4677 3511 4729 ι,

1919 4728 2088 4803 Epist.
2123 4731 2190 4797 5,
2226 4745 2348 4803 pag.
2374 4732 2442 4803 ϐ,
2474 4732 2540 4785 ed
2570 4730 2760 4803 Lectii.
2806 4728 3297 4803 Nuperformatum
3335 4748 3482 4787 recen

1918 4810 2015 4853 tem
2044 4801 2232 4857 Jovem
2258 4802 2390 4855 dicit
2411 4802 2685 4857 Arnobius
2716 4814 2963 4870 respectu
2996 4801 3087 4856 Dei
3121 4802 3255 4863 veri.
3287 4804 3507 4871 summi,

1916 4875 2104 4926 aeterni
2136 4884 2188 4927 et
2219 4888 2508 4941 numquam
2540 4872 2726 4938 geniti.
2754 4871 2995 4928 llnnALn.
3031 4882 3084 4927 et
3104 4872 3307 4927 OusLL.

1989 4944 2154 4997 lrrnit
2193 4960 2266 4996 se.
2290 4940 2673 5009 ltuit-gendum
2704 4958 2774 4997 ex
2807 4943 3188 4998 emendatione
3220 4942 3374 4997 Fulv.
3407 4940 3509 5000 Ur-

1914 5014 2038 5070 sini.
2069 5015 2285 5070 Plu-asia
2331 5012 2549 5083 optimis
2594 5013 2956 5081 scriptoribus
3007 5016 3222 5083 tt~itata.
3282 5013 3503 5083 Terent.

1913 5085 2148 5156 Adelph.
2170 5127 2186 5152 ,
2217 5094 2323 5140 act.
2353 5082 2407 5140 tv
2459 5099 2608 5141 scen.
2649 5083 2707 5150 2,
2760 5101 2840 5138 vs.
2873 5085 2937 5140 Il
2966 5104 2981 5139 :
3008 5082 3147 5156 Vide
3174 5100 3237 5138 ne
3279 5082 3367 5140 ille
3405 5085 3505 5143 huc

1912 5155 2120 5224 prorsus
2149 5159 2311 5211 irruat
2336 5174 2407 5213 se.
2440 5158 2515 5211 Ita
2536 5172 2798 5222 erumpere
2823 5173 2876 5209 se
2904 5158 2971 5210 ad
2995 5155 3201 5211 bellum.
3223 5157 3326 5226 Ap.
3346 5156 3461 5214 Cic.
3483 5196 3500 5225 ,

1914 5229 2084 5300 lg‘pist.
2101 5245 2215 5291 vttt,
2240 5229 2327 5284 li.
2353 5229 2455 5284 Alii
2474 5229 2681 5282 irruisse
2705 5229 2844 5300 turpi
2862 5228 3190 5284 soloecismo.
3211 5226 3503 5288 S'rswtscu.

1909 5297 1992 5369 Cf.
2017 5299 2168 5354 Certe
2193 5300 2261 5352 ad
2288 5300 2396 5354 Cic.
2426 5301 2463 5353 l.
2492 5315 2532 5355 t.
2727 5336 2736 5347 ι

1980 5370 2199 5425 XXXV.
2222 5399 2292 5411 -
2310 5370 2370 5426 Si
2398 5388 2501 5425 una
2539 5372 2717 5442 religio
2736 5380 2808 5425 est
2830 5370 2973 5426 nobis
3010 5371 3244 5442 vobisque
3268 5387 3500 5426 commu-

1909 5442 1988 5513 nis
2007 5483 2022 5505 ,
2056 5454 2214 5497 cessat
2241 5444 2321 5497 ira
2359 5441 2658 5498 mlestium.
2698 5443 2962 5498 Meursius
2982 5482 2997 5505 .
3027 5458 3149 5513 pag.
3182 5441 3253 5498 25
3273 5483 3289 5507 ,
3319 5444 3503 5513 legen-

1907 5512 2247 5587 dnntcenset
2278 5532 2291 5567 :
2324 5516 2366 5568 si
2407 5531 2508 5569 una
2555 5514 2734 5587 religio
2764 5524 2833 5569 est
2876 5512 3039 5570 nobis
3066 5512 3328 5584 vobisque,
3354 5512 3496 5570 com-

1906 5586 2073 5639 munis
2099 5596 2227 5641 esset
2242 5587 2334 5641 .ira
2356 5586 2661 5642 caelestium.
2677 5586 2882 5643 Οιιειι..

1979 5656 2219 5712 XXXVI.
2262 5688 2333 5699 ——
2379 5658 2486 5714 Sed
2526 5659 2665 5729 quod
2708 5659 2959 5712 hominem
2996 5665 3194 5721 natum,
3245 5667 3329 5722 et,
3359 5656 3498 5729 quod

1908 5731 2135 5798 personis
2191 5731 2384 5802 infante
2443 5728 2547 5784 est
2576 5729 2756 5784 uiltbus
2786 5769 2802 5793 ,
2845 5729 3042 5802 erucis
3108 5728 3377 5802 supplicio
3414 5730 3504 5782 in-

1905 5812 2225 5865 teremptum.
2249 5798 2510 5859 Lactant.
2534 5840 2551 5869 ,
2584 5801 2681 5859 lib.
2710 5816 2763 5857 :v
2786 5842 2800 5869 ,
2836 5798 2926 5856 I6.
2956 5800 3111 5854 Dicat
3141 5799 3275 5855 ettim
3297 5802 3521 5869 fortasse

1906 5870 2093 5941 aliquis
2124 5888 2143 5927 :
2170 5874 2272 5931 Cur
2294 5874 2339 5930 si
2376 5870 2512 5929 Deus
2537 5868 2675 5946 fuit,
2714 5881 2759 5930 et
2783 5873 2912 5928 mori
2936 5870 3144 5940 voluit,
3191 5868 3305 5924 non
3332 5868 3522 5924 saltem
