4230 6266
549 377 654 447 785

1676 390 1953 453 annosu
1980 367 2344 452 sovs‘it’ws
2381 390 2655 450 GENTES

3734 390 3837 446 766

542 508 652 581 jus,
683 508 757 575 id,
787 509 930 581 quod
955 504 1060 568 s‘lbi
1082 512 1398 569 Concessum
1422 518 1526 579 est,
1558 506 1820 584 impertiri
1851 513 2005 569 alteri
2034 528 2128 568 no-
2159 516 2213 576 Α
2236 508 2588 567 consimiliter
2606 504 2725 566 aliis
2747 506 2949 566 licitum
2980 524 3101 567 esse
3123 511 3329 567 nolitis.

546 600 704 658 lunt?
745 602 869 659 llaec
903 606 984 659 est
1011 604 1217 675 iustitia
1262 606 1546 662 caelitum?
1584 606 1687 661 hoc
1729 606 1952 662 deorum
1990 606 2138 677 judiv

546 695 691 753 cium
717 696 1003 752 sanctum?
1029 695 1218 754 Nanne
1259 694 1405 755 istud
1435 700 1620 755 livoris
1647 704 1732 756 est
1761 711 1923 771 atque
1960 701 2142 755 avari-

546 788 634 846 tia!
675 794 881 860 genus,
924 800 1029 847 non
1073 790 1395 848 obtrectatio
1434 790 1676 863 qtuedam
1710 793 1975 855 sordens,
2017 808 2142 848 suas

546 881 788 939 eminere
843 885 1220 940 tatttmnrnodo
1262 886 1401 941 relle
1447 885 1716 951 fortunas,
1770 888 2002 941 aliorum
2051 900 2140 942 res

547 978 737 1050 premi,
770 984 823 1032 et
844 974 898 1033 in
919 984 1225 1045 Contempla
1259 978 1562 1034 humilitate
1593 979 1840 1033 calcari?

618 1070 884 1128 XXXVII.
939 1071 1131 1127 Natum
1174 1072 1445 1128 hominem
1488 1073 1735 1127 eulimus.
1786 1072 1924 1141 Quid
1966 1073 2135 1137 enim,

547 1178 645 1220 vos
674 1164 945 1220 hominem
991 1164 1192 1220 nullum
1234 1166 1409 1221 colitis
1443 1166 1670 1220 natum?
1708 1165 1825 1220 Non
1856 1176 2019 1220 unum
2040 1209 2057 1232 ,
2085 1177 2143 1222 et

547 1256 746 1312 alium?
779 1272 884 1311 non
928 1256 1243 1313 innumeros
1275 1256 1447 1311 alios?
1491 1257 1733 1327 quinimo
1773 1273 1879 1312 non
1906 1274 2095 1313 euntes
2122 1301 2138 1324 ,

547 1364 684 1421 quos
709 1349 819 1419 jam
850 1350 1061 1420 templis
1095 1349 1303 1405 habetis
1335 1349 1565 1414 vestris,
1605 1350 1913 1404 mortalium
1955 1359 2136 1405 sustu-

548 1441 688 1497 liStis
716 1458 782 1497 ex
814 1457 1070 1508 numero,
1101 1451 1157 1498 et
1198 1443 1338 1497 coelo
1364 1441 1739 1513 sideribusque
1768 1441 2010 1497 donastis
2030 1444 2057 1496 1
2082 1440 2139 1499 Si

550 1534 697 1590 enim
726 1533 865 1590 forte
894 1544 991 1589 vos
1018 1533 1189 1605 fugit,
1231 1535 1393 1589 sortis
1419 1550 1513 1590 eos
1540 1535 1787 1590 humanae
1810 1576 1825 1600 ,
1869 1544 1921 1590 et
1952 1536 2142 1592 condi-

550 1624 707 1681 tiutlis
740 1606 905 1681 l'uis‘s'e
931 1625 1233 1681 cettimunis
1252 1644 1263 1679 :
1284 1627 1541 1697 replicate
1559 1624 1963 1694 antiquissimae:
1990 1628 2139 1682 litte-

548 1734 672 1786 ras,
716 1724 771 1773 et
811 1735 996 1774 eorum
1036 1721 1236 1789 scripta
1272 1721 1598 1789 percurrite,
1643 1718 1731 1790 qui
1770 1722 2019 1776 vetustati
2063 1720 2141 1775 vi-

549 1814 695 1879 cini,
746 1806 865 1868 sine
909 1814 1034 1869 ullis
1072 1814 1527 1870 asserit-itionibus
1570 1824 1763 1869 cuncta
1814 1816 2040 1871 veritate
2085 1815 2139 1870 in

2313 601 2601 659 XXXVIII.
2662 598 2767 658 Sed
2817 601 3219 669 concedamus,
3280 601 3550 659 interdum
3611 620 3828 657 manuni

2244 694 2436 750 vestris
2466 695 2870 765 opinationibns
2906 696 3127 759 dantes,
3161 711 3323 750 unum
3362 695 3637 752 Christum
3671 695 3841 751 fuisse

2246 789 2314 845 de
2340 790 2497 845 nobis
2522 833 2536 855 ,
2561 786 2758 845 mentis
2782 831 2796 855 ,
2828 792 3019 845 anima:
3044 833 3059 857 ,
3093 790 3333 859 corporis
3357 832 3372 857 ,
3403 786 3708 860 fragilitatis
3735 832 3751 857 ,
3781 800 3841 846 et

2244 884 2567 939 conditionis
2606 886 2760 939 unius
2793 906 2806 943 :
2842 901 3022 940 nonne
3060 885 3252 955 dignus
3277 902 3305 938 a
3348 885 3503 940 nobis
3528 896 3611 940 est
3657 895 3840 939 tanto-

2242 990 2363 1031 rum
2393 976 2461 1030 ob
2499 992 2780 1032 munerum
2815 981 3039 1048 gratiam
3074 976 3212 1034 Deus
3250 977 3390 1044 dici,
3427 979 3672 1050 DeuSque
3712 996 3838 1034 sen-

2244 1068 2377 1125 tiri?
2418 1067 2473 1124 Si
2516 1069 2658 1125 enim
2707 1086 2802 1125 vos
2848 1071 3123 1137 Liberum,
3171 1071 3314 1142 quod
3370 1086 3523 1126 llSllm
3572 1075 3841 1143 repererit

2241 1165 2371 1229 vini,
2399 1164 2465 1229 si,
2490 1166 2631 1234 quod
2664 1167 2847 1234 panis,
2880 1165 3133 1221 Cererem
3153 1207 3167 1231 ,
3192 1167 3237 1219 si
3259 1165 3658 1236 Esculapium,
3693 1168 3835 1237 quod

2243 1258 2562 1324 herbarum,
2605 1258 2648 1312 si
2690 1257 3017 1326 Minervam,
3064 1258 3209 1328 quod
3252 1259 3425 1325 oleaz,
3469 1260 3513 1313 si
3563 1258 3836 1328 Triptole-

2244 1368 2389 1408 mum
2417 1351 2469 1418 b,
2502 1352 2642 1423 quod
2669 1354 2832 1407 aratri
2858 1395 2873 1415 ,
2916 1354 2959 1407 si
2986 1352 3218 1422 denique
3248 1351 3553 1417 Herculem,
3580 1352 3724 1422 quod
3757 1351 3839 1408 fe-

2244 1458 2335 1498 ras
2362 1485 2375 1507 ,
2409 1443 2551 1513 quod
2594 1444 2773 1512 fures,
2817 1442 2958 1514 quod
2990 1444 3364 1512 multiplicium
3403 1443 3635 1513 capitum
3676 1459 3837 1513 supe-

2244 1537 2387 1592 ravit
2419 1538 2857 1606 eompeseuitque
2887 1537 3119 1591 natrices
3143 1576 3158 1599 ,
3205 1535 3453 1591 divorum
3493 1536 3756 1592 retulistis
3785 1536 3841 1592 in

2243 1638 2478 1685 cretum:
2513 1630 2804 1685 honoribus
2827 1630 3038 1701 quantis
3063 1626 3379 1687 alliciendas
3409 1642 3489 1687 est
3523 1629 3677 1684 nobis
3698 1673 3713 1698 ,
3743 1631 3837 1704 qui

2241 1712 2311 1776 ab
2334 1724 2609 1778 erroribus
2640 1739 2735 1777 nos
2760 1723 2965 1793 magnis
2997 1723 3263 1778 insinuata
3292 1722 3516 1780 veritate
3556 1724 3835 1781 traduxit:

2245 1817 2332 1883 qui
2361 1816 2505 1871 velut
2534 1830 2706 1871 cteeos
2732 1817 2958 1887 pas~itn,
2979 1831 3042 1870 ac
3068 1817 3187 1871 sine
3212 1817 3322 1872 ullo
3347 1829 3560 1872 rectore
3583 1818 3834 1888 gradien-

547 1903 747 1976 liquida
796 1902 1166 1975 prodiderunt.
1214 1905 1332 1960 Jam
1373 1905 1616 1975 profecto
1654 1906 1893 1975 discetis,
1942 1908 2135 1977 quibus
2165 1917 2212 1977 Β
2242 1918 2320 1964 tes
2345 1952 2358 1973 ,
2392 1910 2459 1963 ab
2486 1908 2761 1974 demptis.
2791 1910 2860 1964 ab
2887 1908 3060 1965 deviis
3085 1952 3098 1971 .
3126 1898 3261 1966 locis
3284 1911 3619 1980 planioribus
3650 1910 3835 1968 reddi-
3936 1932 3941 1939 ’

547 1986 746 2072 singuli
773 2000 1011 2068 patribus
1037 2042 1053 2067 ,
1094 2000 1289 2070 quibus
1321 2000 1584 2054 matribus
1614 1998 1812 2055 fuerint
1847 2002 2136 2071 procreati,

547 2109 651 2165 qua
678 2093 731 2147 in
764 2092 877 2147 nati
907 2093 1127 2162 regione
1152 2133 1169 2160 ,
1199 2109 1301 2162 qua
1326 2103 1522 2163 gente,
1563 2108 1681 2163 qua:
1713 2090 1967 2159 iecerint,
2016 2109 2142 2163 cge-

547 2188 679 2253 rlnt,
710 2186 1050 2257 pertulerint,
1080 2185 1352 2241 actitarint
1374 2193 1421 2252 ι,
1441 2199 1577 2256 quas
1606 2186 1657 2239 in
1691 2187 1854 2241 rebus
1879 2185 2142 2240 obeundis

545 2274 897 2339 adverstirum
951 2274 1261 2346 SenSerint,
1310 2275 1831 2351 seCundantitImqne
1876 2278 2134 2334 fortunas.

546 2376 644 2434 Sin
670 2388 855 2433 autem
880 2376 1119 2432 scientes
1156 2376 1324 2431 uteris
1351 2390 1474 2430 esse
1498 2368 1736 2447 gestatus
1759 2416 1774 2439 ,
1808 2384 1863 2429 et
1898 2372 2143 2446 frugibus

545 2484 645 2527 eos
670 2468 943 2526 victitasse
974 2470 1227 2536 terrenis,
1262 2468 1608 2523 nihilominus
1636 2477 1815 2523 tamen
1844 2467 1959 2523 nati
1986 2468 2143 2524 nobis

543 2564 779 2620 hominis
814 2564 1099 2635 objecutis
1138 2564 1344 2619 cultum
1375 2580 1391 2617 :
1424 2576 1512 2618 res
1539 2563 1697 2634 agitis
1725 2564 1857 2617 satis
1888 2562 2135 2632 injustas,

542 2668 600 2712 ut
625 2657 679 2712 id
711 2657 765 2712 in
792 2657 946 2712 nobis
971 2656 1313 2712 constituatis
1352 2670 1475 2711 esse
1508 2654 1815 2712 damnabile
1838 2699 1853 2723 ,
1899 2654 2045 2726 quod
2078 2654 2137 2710 et

540 2752 643 2824 ipsi
668 2760 764 2808 ros
794 2750 1047 2808 factitatis
1077 2768 1091 2805 :
1119 2759 1212 2806 aut
1235 2791 1249 2817 ,
1272 2765 1393 2822 qua:
1423 2751 1576 2805 Vobis
1600 2750 1768 2805 licere
1792 2749 2132 2821 permittitis,

2246 2003 2326 2060 dit
2358 2024 2369 2060 :
2396 2005 2519 2075 qui,
2548 2006 2689 2077 quod
2722 2006 3040 2077 frugiferum
3073 2007 3246 2071 primo
3280 2018 3439 2077 atque
3478 2008 3711 2064 humano
3742 2025 3833 2080 ge-

2249 2098 2361 2152 neri
2386 2098 2652 2163 salutare,
2690 2099 2828 2154 Deus
2870 2102 3189 2153 monstravit
3215 2100 3340 2170 quid
3370 2102 3465 2167 sit,
3497 2102 3643 2171 quis,
3668 2118 3837 2172 qual-

2250 2198 2333 2246 tlrs
2352 2234 2369 2260 ,
2406 2201 2460 2246 et
2489 2194 2665 2259 qualis
2701 2211 2715 2248 :
2742 2195 2832 2262 qui
2865 2194 3155 2263 profundas
3185 2194 3303 2263 ejus
3326 2202 3487 2264 atque
3512 2196 3845 2251 inenarrabi-

2248 2284 2328 2340 les
2360 2282 2701 2351 altitudines,
2738 2296 2995 2356 quautum
3038 2296 3220 2341 nostra
3259 2287 3434 2357 quivit
3472 2288 3845 2356 mediocritas,

2248 2393 2442 2448 capere
2466 2388 2519 2434 et
2549 2379 2848 2449 intelligere
2877 2379 3118 2447 permisit
3142 2390 3196 2434 et
3220 2380 3402 2435 docuit
3427 2400 3441 2437 :
3466 2382 3575 2450 qui,
3598 2397 3706 2452 quo
3731 2397 3838 2437 au-

2245 2479 2385 2533 tore,
2414 2485 2520 2539 quo
2555 2479 2705 2539 patre
2730 2469 2962 2525 mundus
2988 2471 3089 2525 iste
3134 2471 3205 2525 sit
3229 2472 3548 2526 constitutus
3569 2482 3623 2526 et
3649 2473 3843 2526 condi-

2247 2570 2364 2629 tus,
2424 2563 2552 2619 iecit
2598 2563 2983 2635 benignissime
3037 2564 3163 2619 sciri
3197 2584 3212 2619 :
3243 2562 3334 2635 qui
3382 2566 3670 2620 nativitatis
3717 2566 3839 2637 eius

2246 2658 2577 2727 CXpl'OlnpSll
2622 2671 2826 2727 genus,
2874 2665 2928 2711 et
2969 2655 3170 2713 nullius
3215 2656 3510 2727 aliquando
3538 2657 3855 2730 cognitione

2240 2758 2623 2821 presumptam
2650 2749 2927 2805 materiam
2948 2760 2973 2788 α
2997 2748 3160 2805 illius.
3184 2748 3339 2806 Unde
3364 2751 3578 2821 ignibus
3604 2751 3736 2807 solis
3748 2766 3842 2822 ge-

1780 2848 2161 2921 LECTIONES
2200 2852 2613 2919 vantsnrcs.

599 2976 633 3085 ιτ
663 2982 1260 3115 testamur
1284 2981 1534 3095 iam
1554 2980 1607 3033 επ
1632 2981 1773 3034 πεδο-

2308 2981 2332 3014 σ
2370 2979 2590 3031 lateris.
2616 2977 2773 3031 Mals:
2789 2976 2908 3030 Sat.

1889 3138 2457 3207 COMMENTARIUS.

609 3274 768 3333 Cuius
788 3275 860 3341 id,
884 3270 1018 3345 quod
1041 3272 1138 3327 'sibi
1166 3286 1463 3345 concession
1479 3278 1569 3345 est.
1610 3269 1770 3345 Cuius
1796 3282 1893 3336 pro
1922 3269 1985 3345 de
2023 3284 2125 3337 qua
2151 3269 2196 3331 C
2229 3270 2504 3345 actitarint.
2545 3269 2651 3345 Sed
2695 3269 2817 3327 talis
2869 3270 3129 3327 orationis
3173 3269 3503 3326 abundantia
3553 3270 3843 3330 familiaris

540 3338 1155 3417 Genitivusvpartitivus,
1185 3340 1696 3417 France-Gallorum
1728 3340 1871 3394 dant.
1918 3338 2123 3417 partes.

615 3417 802 3472 Nonne
828 3413 963 3471 istud
992 3415 1169 3470 livoris
1192 3423 1342 3482 atque
1366 3413 1598 3467 avaritia:
1638 3422 1799 3483 genus
1828 3420 1899 3465 est
1917 3413 1942 3465 .’
1970 3413 2025 3465 Id
2054 3421 2137 3466 est

541 3486 811 3556 πλεονεξία.
860 3484 973 3542 Non
1023 3489 1193 3554 potuit
1244 3500 1429 3539 vocent
1468 3492 1695 3556 graecam
1747 3483 1905 3556 latina
1938 3490 2042 3536 una
2084 3490 2137 3537 et

542 3548 755 3688 prpphi'a
790 3548 1094 3625 exprime-re
1128 3577 1140 3613 :
1169 3557 1369 3614 idcirco
1392 3548 1633 3627 pluribus
1658 3548 1983 3609 dictionibus
2008 3568 2140 3610 usus

543 3650 601 3688 es
631 3675 645 3688 .
731 3649 926 3688 ERALD.

543 3633 645 3691 est.
682 3633 926 3688 ιΙειιΑιυ.

618 3694 739 3759 Non
779 3702 1076 3759 obtrectatio
1124 3697 1357 3771 quedam
1389 3700 1618 3771 sordens.
1668 3697 1908 3771 Proprie.
1955 3694 2133 3771 GlllSS.

548 3770 876 3849 Obtrectatio,
931 3768 1229 3849 ζηλᾳτυτὲία.
1263 3771 1530 3849 ’λοιδορίαι
1589 3768 1815 3849 ᾆιαϐολγξ.
1844 3770 2139 3849 mediisin.

544 3849 615 3904 Μ.
658 3836 888 3915 Tullius,
935 3836 1093 3899 ’l'uSc.
1128 3854 1181 3898 tv
1213 3861 1224 3897 :
1253 3842 1345 3897 Est
1375 3836 1633 3897 tciilulatio
1670 3840 2029 3915 aegritudossi
2059 3855 2139 3906 eo,

543 3910 682 3992 quod
718 3910 1054 3987 concupierit,
1085 3917 1218 3970 alius
1269 3916 1512 3992 potiatur,
1544 3915 1655 3992 ipse
1682 3921 1873 3992 careat.
1902 3911 2141 3992 ‘Ubtrecf

545 3984 671 4046 talio
700 4003 869 4047 autem
886 3984 960 4045 est
980 4006 1059 4057 ea,
1086 3998 1237 4057 guunt
1262 3984 1482 4056 intelligi
1502 3984 1810 4054 zelotypiam
1834 3984 1965 4040 t‘OlO,
1990 3985 2144 4057 aegri-

548 4062 669 4117 tudo
712 4078 775 4117 ex
812 4080 891 4123 eo.
922 4056 1060 4132 quod
1088 4054 1218 4132 alter
1265 4054 1463 4129 quoque
1489 4057 1716 4125 potiatur
1762 4070 1841 4121 eo,
1883 4056 2019 4124 quod
2058 4054 2148 4107 ille

546 4137 655 4205 ipse
679 4131 1041 4204 concupiverit.
1075 4131 1314 4187 licium.

621 4198 854 4261 Aliornni
899 4221 978 4259 res
1009 4204 1200 4271 premi,
1231 4214 1278 4257 et
1308 4202 1361 4256 in
1392 4208 1682 4272 Contempla
1709 4198 1998 4252 humilitate
2037 4199 2151 4251 cal.

547 4278 674 4334 cari.
710 4277 922 4347 Virgil.,
952 4292 1027 4331 XI.
1052 4272 1181 4329 Ᾰέιι.
1211 4293 1224 4329 :

672 4362 749 4421 Ne
764 4384 904 4421 cessa
927 4369 1128 4420 turbare
1152 4376 1308 4431 metu,
1331 4371 1482 4430 atque
1508 4363 1903 4431 extollere_vir_es

674 4431 848 4483 Gentis
862 4433 941 4482 bis
967 4436 1124 4491 victae,
1149 4426 1315 4482 contra
1344 4426 1574 4493 premere
1596 4439 1728 4477 arma
1755 4426 1933 4478 Latini.

550 4517 646 4572 llis
672 4524 851 4571 autem
883 4515 1062 4569 verbis
1089 4519 1140 4568 in
1171 4522 1457 4585 contempla
1501 4509 1789 4585 humilitate
1827 4509 2021 4563 calcari
2054 4526 2150 4566 ex-

549 4589 734 4659 primit
775 4590 993 4641 verbum
1038 4586 1284 4642 Grtecunt
1328 4579 1705 4642 τὰπιινοῦσοαι.
1740 4579 1874 4659 Nam
1924 4585 2151 4659 iunctae:

550 4652 700 4729 quasi
729 4660 982 4720 παταινὸς.
1013 4659 1104 4715 Sic
1132 4659 1458 4728 contemptim
1492 4665 1749 4710 conterere
1774 4652 1903 4706 dicit
1928 4652 2149 4710 Plautus

551 4734 606 4785 in
628 4729 856 4786 Ptnnnlo
884 4748 895 4783 :

552 4822 653 4873 Sed
679 4831 840 4873 tamen
865 4822 1336 4886 quomodocumque,
1350 4834 1641 4885 quamquam
1665 4822 1818 4886 simus
1842 4821 2147 4886 pauperculi,

547 4886 637 4936 Est
651 4887 778 4936 domi
803 4884 934 4948 quad
948 4886 1141 4936 edimus
1163 4884 1339 4935 tte’nos
1358 4893 1454 4935 tam
1478 4884 1815 4948 comtemptim
1839 4884 2084 4935 conteras.

1789 4969 2032 5025 litatum.

622 5054 891 5120 XXXVII.
934 5095 1007 5106 -—
1039 5064 1159 5120 Non
1192 5081 1348 5119 unum
1397 5073 1444 5117 et
1482 5063 1684 5118 alium?
1721 5078 1821 5115 non
1858 5063 2150 5116 innumeros

551 5134 699 5191 alios.
736 5132 890 5191 Fulv.
922 5136 1104 5193 Ursin.
1126 5136 1253 5205 leg.,
1275 5152 1396 5190 num
1424 5146 1582 5189 unum
1607 5145 1693 5187 aut
1715 5134 1895 5198 alium,
1927 5134 2150 5188 etdech

552 5208 705 5262 alios.
735 5209 849 5263 Non
883 5210 1043 5263 male.
1073 5209 1277 5264 OBELL.

628 5299 821 5355 Eorum
847 5302 1041 5371 scripta
1072 5301 1376 5368 pet-currite,
1401 5311 1494 5354 etc.
1531 5296 1765 5371 Respicit
1790 5294 2055 5371 tirnobius
2083 5298 2149 5353 ad

553 5373 751 5442 scripta
804 5368 1122 5438 Evbemeri,
1168 5383 1221 5426 et
1268 5382 1490 5436 eorum,
1543 5385 1678 5442 quos
1724 5368 1862 5425 infra
1913 5368 2153 5425 nominat

576 5444 649 5497 ib.
687 5459 757 5509 tv,
790 5460 840 5499 c.
864 5442 957 5499 ‘29.
980 5446 1184 5499 OnELL.

629 5514 743 5580 Qua
781 5519 833 5569 in
873 5519 980 5570 nati
1024 5519 1246 5586 regione.
1282 5514 1421 5568 Cave
1456 5513 1601 5586 legas
1645 5512 1825 5586 innati
1856 5529 1962 5567 tina
1994 5529 2146 5569 voce.

554 5585 858 5658 lbecAenim
903 5580 1340 5658 prtcposititittttttt
1374 5580 1619 5656 trajecth
1662 5580 1942 5640 familiaris
1973 5588 2148 5640 Arno-

553 5657 663 5711 bio.
689 5655 893 5713 Οιιειι..

629 5727 759 5802 Quae
802 5731 1037 5802 fecerint,
1070 5735 1299 5802 egerint;
1343 5727 1664 5802 pertulerint,
1694 5729 1977 5802 actitnrint.
2006 5726 2149 5802 Can-

557 5800 842 5861 negiutcr..
875 5802 925 5853 in
956 5799 1115 5854 Curis
1140 5802 1394 5855 SGl'UlNllB
1418 5800 1484 5855 ad
1517 5803 1731 5865 Atriam,
1765 5800 1899 5856 Fab.
1933 5815 1988 5861 tt,
2015 5815 2065 5852 v.
2093 5799 2146 5865 6,

556 5867 610 5921 in
649 5867 945 5921 Miscellatt.
978 5872 1122 5944 Dlis.
1151 5872 1311 5935 Crit.,
1344 5874 1450 5944 vol.
1481 5889 1573 5938 vn,
1609 5888 1730 5944 pag.
1760 5872 1889 5944 200,
1935 5870 2146 5944 legend.

557 5945 744 5991 censet
778 5955 789 5991 :
819 5955 934 6008 qua:
974 5942 1202 6008 fecerint,
1250 5943 1463 6010 egerint,
1512 5961 1571 5998 uc
1610 5942 1938 6014 pertulerint,
1972 5942 2151 5997 deleto

2243 3342 2503 3394 Amullio.
2535 3342 2738 3397 OBELL.

2314 3404 2603 3468 XXXVIII.
2649 3443 2720 3455 —-
2751 3413 2861 3468 Sed
2911 3415 3248 3469 concedamus
3301 3414 3582 3481 interdum,
3637 3431 3849 3471 manum

2244 3485 2419 3537 vestris
2462 3485 2841 3557 opinatianibus
2889 3485 3089 3540 dantes.
3144 3485 3409 3539 Interdum
3464 3498 3563 3555 pro
3611 3487 3841 3557 inierint,

2242 3556 2450 3609 interea.
2486 3555 2557 3609 Ita
2587 3555 2685 3612 Sil.
2716 3557 2877 3623 Pun.,
2906 3572 2979 3622 tv,
3003 3570 3084 3611 Vs.
3121 3558 3246 3624 891,
3276 3558 3345 3611 de
3370 3557 3670 3613 Hannibale
3703 3576 3716 3612 :

2402 3644 2654 3697 Interdum
2674 3654 2809 3709 rapta
2835 3651 3007 3698 vit-iiiis
3021 3649 3230 3699 saltibus
3252 3648 3362 3699 alno

2402 3709 2704 3759 Flumineam
2725 3711 2871 3770 texit,
2899 3725 2993 3775 qua
3019 3712 3301 3763 trausvchat
3320 3713 3531 3775 agmina,
3559 3712 3787 3763 classem.

2245 3817 2317 3873 cf.
2352 3833 2430 3877 νι.
2463 3819 2554 3881 50,
2586 3819 2767 3887 ibique
2802 3819 3206 3875 Drakenborch.
3233 3819 3582 3889 Oudendorp.
3618 3821 3671 3873 in
3702 3822 3853 3890 Apu-

2249 3891 2339 3944 lei.
2381 3890 2623 3955 Melam.,
2670 3890 2765 3945 lib.
2808 3902 2883 3953 In,
2935 3906 3056 3960 pag.
3102 3892 3205 3946 ΓΗ
3248 3900 3303 3946 et
3345 3890 3394 3945 .I.
3443 3890 3533 3946 Fr.
3582 3891 3851 3958 Gronov.,-

2248 3961 2389 4017 Obss
2435 3961 2501 4016 ad
2531 3962 2824 4027 scriptores
2851 3963 3270 4027 ecclesiasticos,
3302 3972 3423 4032 cap.
3457 3977 3596 4028 nn,
3638 3981 3690 4031 p.
3716 3962 3849 4019 246.

2250 4032 2403 4100 Quod
2439 4040 2618 4088 autem
2660 4035 2738 4087 ait
2783 4049 2989 4086 trionum
3032 4035 3177 4095 dare,
3210 4046 3291 4089 est
3336 4050 3435 4103 pro
3483 4050 3659 4087 manus
3698 4034 3848 4097 dare,

2250 4105 2393 4171 quod
2421 4116 2503 4160 est
2532 4104 2799 4160 usitatius.
2829 4104 2961 4160 Nata
2993 4104 3193 4160 locutio
3221 4106 3290 4160 ab
3321 4106 3407 4163 iis.
3440 4106 3527 4172 qui
3559 4107 3726 4160 victos
3756 4104 3847 4160 fa-

2256 4185 2435 4231 tentur
2474 4192 2554 4240 se,
2581 4190 2636 4231 et
2680 4178 2971 4231 victoribus
3015 4191 3207 4232 manus
3244 4176 3554 4231 vinciendss
3582 4176 3851 4246 praebent.

2257 4248 2389 4302 llinc
2420 4263 2517 4317 per
2542 4247 2913 4317 metaphoram
2942 4248 3261 4303 submittere
3289 4263 3350 4303 se
3378 4247 3602 4316 alicujus
3629 4257 3854 4302 senten-

2256 4321 2365 4386 tirr,
2403 4322 2600 4375 victum
2633 4334 2694 4374 se
2730 4318 2887 4374 fateri
2929 4319 3176 4375 oratione
3217 4319 3461 4376 alterius.
3488 4318 3565 4374 Ita
3610 4319 3853 4387 Lucret.,

2254 4391 2349 4447 lib.
2378 4407 2435 4457 tt,
2470 4406 2551 4445 vs.
2577 4389 2717 4445 loss
2745 4407 2760 4444 :

2848 4483 2902 4535 Si
2925 4480 3012 4535 tibi
3034 4496 3152 4536 vera
3173 4482 3387 4546 videtur,

2439 4546 2585 4597 Dede
2607 4558 2797 4597 manus.

2256 4652 2344 4708 ubi
2384 4653 2492 4707 vid.
2523 4649 2990 4724 Lanibin.,Cicero
3018 4656 3148 4708 ιω..
3173 4667 3222 4707 c.
3254 4651 3347 4708 26.
3385 4651 3495 4708 Nec
3523 4652 3659 4708 enim
3698 4652 3859 4724 facil-

2255 4725 2371 4780 lime
2392 4726 2685 4797 agnoscitur
2709 4721 3025 4797 (adulator),
3047 4725 3237 4795 quippe
3254 4725 3341 4794 qui
3363 4728 3515 4797 etiam
3537 4721 3859 4779 adversando

2253 4813 2387 4867 stcpe
2428 4796 2744 4855 assentetur.
2793 4806 2840 4850 et
2884 4796 3088 4867 litigare
3133 4813 3187 4850 se
3234 4796 3484 4849 simulans
3539 4797 3858 4861 blandintur,

2253 4878 2405 4938 atque
2445 4868 2514 4920 ad
2558 4877 2838 4922 extremum
2875 4867 2959 4921 det
2990 4884 3194 4934 manus,
3223 4868 3458 4938 vincique
3507 4883 3561 4922 se
3605 4868 3857 4937 patiatur.

2255 4936 2476 4995 lissam
2506 4950 2559 4994 et
2586 4940 2791 4993 Οιιειι..

2327 5008 2577 5065 Dirorum
2628 5010 2875 5065 retulistis
2925 5009 2978 5063 in
3022 5011 3223 5066 calum.
3278 5008 3374 5064 Ms.
3428 5025 3542 5080 reg.
3593 5006 3755 5064 liabet
3804 5010 3861 5065 in

2255 5098 2479 5157 censum.
2506 5085 2732 5139 fortasse
2748 5081 2959 5137 melius.
2983 5080 3073 5138 Sic
3097 5082 3230 5136 infra
3249 5080 3346 5136 lib.
3370 5096 3442 5148 tv,
3461 5096 3511 5137 c.
3536 5083 3590 5138 l.
3612 5082 3856 5137 lissam.

2255 5165 2309 5209 et
2340 5155 2630 5211 Srtwscu.

2327 5226 2403 5280 Ab
2447 5225 2675 5295 demptis
2701 5241 2761 5278 ac
2786 5223 2963 5279 deviis.
2994 5222 3225 5294 Deruptn
3256 5224 3371 5278 loca
3399 5240 3507 5279 non
3550 5223 3690 5279 aliud
3732 5231 3862 5280 sunt

2255 5313 2415 5367 quam
2459 5297 2773 5367 praecipitia.
2819 5295 2892 5350 Ita
2942 5295 3247 5364 Lucretius,
3292 5312 3370 5367 vl.
3402 5296 3527 5352 558.
3574 5295 3637 5349 In
3668 5298 3859 5367 grentio

2256 5366 2431 5439 gerere
2462 5380 2507 5423 et
2538 5369 2709 5436 rnpeis
2735 5367 3047 5437 deruptaque
3085 5384 3234 5422 saxa.
3282 5366 3576 5434 Msunsnus,
3613 5366 3731 5438 pag.
3761 5366 3855 5422 25.

2332 5440 2396 5496 Et
2444 5440 2635 5494 nullius
2681 5439 2957 5511 aliquando
3002 5439 3293 5511 cognitione
3337 5451 3706 5511 prwsumpmm
3748 5455 3862 5492 ma-

2259 5512 2438 5567 teriam
2492 5512 2650 5565 illius.
2716 5510 2932 5564 Materia
2993 5509 3130 5576 Dei,
3191 5512 3293 5564 lioc
3340 5509 3437 5565 est
3492 5510 3612 5579 ejus
3668 5519 3860 5565 natura

2256 5588 2594 5657 πνευματική.
2627 5581 3096 5657 Ανιάριιιιχιιιιιθιη
3153 5581 3425 5657 Arnobius
3474 5584 3745 5657 rescipere
3792 5580 3862 5657 ad

2257 5652 2417 5711 verba
2465 5656 2578 5709 Divi
2622 5652 2830 5709 Soteris
2867 5653 2987 5709 Job.
3042 5669 3116 5721 tv,
3163 5668 3241 5708 vs.
3293 5652 3387 5719 24,
3430 5660 3630 5779 Europa
3656 5653 3682 5708 ὁ
3710 5656 3856 5715 Θεὸς.

3488 5741 3643 5779 accc.

3488 5741 3643 5780 ιιι-ξω..

2330 5794 2527 5851 Fcrvor
2552 5796 2873 5851 adsciscitur.
2909 5797 2984 5852 Ita
3011 5806 3103 5852 aut
3130 5796 3405 5851 arcessitur
3427 5795 3709 5865 legendum
3739 5810 3861 5853 esse

2258 5885 2357 5939 pro
2385 5870 2634 5930 adscitur.
2663 5869 2803 5935 quod
2846 5870 3112 5924 editiones
3153 5867 3386 5932 habent,
3435 5864 3595 5923 ducet
3640 5864 3859 5925 Ouden-

2260 5943 2441 6009 dorp.,
2474 5939 2543 5995 ad
2569 5941 2779 6011 Apulei.
2812 5940 2935 5996 Met.
2968 5956 3039 6010 tv,
3069 5955 3191 6010 pag.
3214 5939 3339 5994 5l‘2.
3367 5939 3572 5994 υηειι..
