4230 6266
483 271 582 325 791

1629 262 1906 320 ARNOBll
1946 260 2312 320 ADVERSUS
2355 262 2624 356 QENTES

3685 267 3790 322 793

475 385 579 455 giis
608 401 622 439 :
657 386 973 455 permittant
1002 383 1093 438 uni
1116 398 1183 438 ex
1215 382 1412 453 pepulo
1445 382 1497 437 in
1530 379 1768 437 officium
1803 380 2077 436 sermonis
2103 389 2154 451 Α
2181 379 2249 435 ab
2278 378 2482 444 intima,
2518 380 2662 437 Deus
2689 381 2758 437 ab
2786 382 3070 454 incognitis
3095 383 3310 455 regnis,
3355 391 3409 439 et
3445 382 3517 438 ab
3545 384 3785 440 omnium

478 476 639 532 dandi
667 493 758 530 ora
787 475 1145 530 coarticulare
1177 484 1479 540 mutorum,
1504 475 1792 529 surdorum
1811 474 2081 529 auriculas

481 581 747 630 reserare,
781 567 896 620 sine
924 566 1212 620 lnmittihns
1256 567 1550 634 procreatis
1589 566 1868 619 oculorum
1903 564 2081 619 redin-

486 668 698 725 tegrare
730 667 970 715 naturas.
1005 666 1058 710 et
1087 662 1138 711 in
1185 658 1430 727 frigentia
1458 659 1584 712 olim
1614 658 1853 711 membra
1892 671 2082 711 sensus

483 750 798 818 animasque
830 750 1110 804 reducere.
1147 754 1280 812 Aut,
1314 751 1357 805 si
1389 750 1553 804 ardua
1590 766 1676 806 res
1710 753 1808 805 ista
1836 760 1952 817 est,
1983 767 2080 806 ne-

485 856 590 908 que
606 842 726 893 aliis
748 842 1058 910 permittere
1074 842 1255 895 talium
1279 852 1501 911 possunt
1521 858 1741 911 operum
1768 851 2080 912 potestates,

489 930 592 998 ipsi
644 931 873 997 faciant,
929 944 983 987 et
1026 949 1148 987 cum
1189 934 1299 987 suis
1349 934 1538 987 ritibus
1571 934 1798 999 faciant,
1828 934 2083 1004 quidquid

489 1023 721 1079 malefici
759 1025 1024 1094 gruntinis
1067 1028 1338 1081 nutricant
1365 1037 1629 1081 terrarum
1661 1028 1811 1080 sinus
1828 1028 2085 1097 quidqttid

489 1116 684 1168 virium
736 1120 975 1172 continet
1025 1117 1229 1173 fremor
1274 1119 1364 1173 ille
1420 1121 1747 1185 verborum,
1801 1132 1961 1189 atque
1992 1119 2089 1175 ad-

487 1207 689 1278 juncta:
759 1213 1060 1265 carminum
1119 1216 1507 1275 necessitates,
1571 1230 1675 1267 non
1744 1212 2085 1278 invidemus,

494 1302 786 1370 adjiciunt,
853 1322 956 1359 non
1030 1305 1442 1372 interdicimus,
1491 1306 1765 1376 colligant.
1836 1306 2088 1376 Experiri

492 1395 626 1451 libet
655 1407 709 1450 et
738 1413 1158 1465 recognoscere,
1193 1416 1259 1455 an
1291 1417 1412 1455 cum
1446 1404 1556 1455 suis
1577 1399 1796 1456 efficere
1823 1401 1928 1456 diis
1961 1415 2079 1470 posr

494 1490 635 1553 sint,
667 1492 808 1558 quod
858 1494 925 1546 ah
957 1495 1174 1550 rusticis
1198 1495 1537 1562 Christianis,
1563 1493 1902 1565 jussionibus
1931 1494 2086 1550 iacti-

493 1590 660 1635 tatttut
689 1595 773 1637 est
805 1585 981 1640 nudis.

568 1673 693 1728 LIII.
727 1675 974 1731 DesEStitc
994 1719 1009 1741 ,
1041 1692 1074 1731 ο
1104 1678 1306 1739 nescii.
1358 1679 1412 1733 in
1457 1678 1742 1734 maledicta
1770 1689 2092 1735 convertere

2186 472 2427 541 principe
2475 472 2617 528 Deus
2662 475 2955 546 sospitator
2997 485 3080 531 est
3126 477 3323 532 missus
3356 494 3557 546 :quem
3615 492 3790 547 neque

2185 564 2264 618 sol
2296 564 2429 633 ipse,
2465 580 2639 633 neque
2662 566 2787 625 ulla.
2812 567 2856 622 si
2883 568 3145 629 sentiunt.
3170 568 3370 633 sidera,
3396 585 3503 626 non
3527 580 3786 637 rectores,

2186 672 2292 710 non
2322 657 2594 727 principes
2641 659 2856 724 mundi,
2897 675 3003 714 non
3047 659 3279 730 denique
3309 661 3384 716 dii
3415 663 3595 732 magni
3616 704 3631 723 ,
3663 671 3787 727 aut,

2185 751 2274 818 qui
2303 747 2567 819 ﬁngentes
2595 764 2654 805 se
2679 751 2813 806 deos
2859 767 3030 820 genus
3070 767 3232 807 utnne
3281 753 3590 808 murtalium
3636 754 3793 809 terri-

2189 852 2330 905 tant,
2386 843 2527 897 unde
2573 854 2665 897 aut
2710 846 2800 914 qui
2852 843 3041 908 fuerit,
3080 853 3368 912 potuerunt
3399 854 3678 901 nosoere‘
3705 846 3793 903 vel

2188 937 2449 1007 SnSpicari
2520 934 2586 990 Et
2633 936 2848 991 merito.
2887 936 3097 991 Exntus
3142 945 3198 991 at
3246 952 3515 1008 corpore,
3557 937 3703 1009 quod
3737 938 3792 995 in

2190 1030 2381 1099 exigua
2412 1028 2494 1081 sui
2525 1027 2943 1083 circumferebat
2988 1036 3173 1098 parte,
3228 1040 3508 1100 postquam
3537 1029 3706 1083 videri
3732 1042 3794 1085 se

2192 1135 2381 1190 passus
2403 1132 2518 1185 εει,
2552 1122 2708 1189 cujus
2734 1128 2880 1174 esset
2921 1129 3015 1174 aut
3058 1118 3439 1190 magnitudinis
3488 1119 3647 1186 sciri,
3691 1134 3797 1174 no-

2192 1212 2355 1265 vitate
2387 1226 2564 1266 rerum
2594 1211 2850 1266 exterrita
2883 1212 3131 1266 universa
3159 1210 3342 1265 nnmdi
3370 1220 3494 1264 sunt
3519 1210 3794 1265 elementa

2194 1305 2403 1359 turbata
2424 1346 2437 1365 .
2473 1304 2633 1359 tellus
2662 1315 2804 1357 mota
2847 1304 3214 1369 contremuit,
3244 1318 3393 1357 mare
3427 1300 3671 1358 funditus
3702 1317 3793 1359 re-

2192 1397 2368 1455 fusum
2421 1410 2538 1462 eat,
2583 1410 2690 1453 arr'
2724 1398 2900 1469 globis
2951 1398 3222 1452 involutus
3274 1407 3358 1451 est
3408 1400 3792 1463 tenebrarum,

2193 1496 2384 1566 igneus
2429 1493 2577 1549 orbis
2620 1493 2753 1549 solis
2799 1494 3067 1562 tepefacto
3111 1490 3308 1546 ardore
3353 1489 3608 1559 deriguit.
3653 1488 3795 1558 Quid

2194 1589 2340 1642 enim
2370 1589 2607 1642 restabat
2639 1596 2695 1639 ut
2724 1584 2908 1649 ﬂeret,
2945 1592 3230 1654 postquam
3257 1582 3397 1637 Deus
3424 1592 3511 1636 est
3536 1581 3793 1651 cognitus

2196 1683 2275 1746 is,
2321 1680 2412 1750 qui
2457 1693 2579 1735 esse
2617 1676 2935 1748 jamdudum
2982 1692 3120 1732 unus
3163 1674 3565 1747 judicabature
3602 1673 3794 1730 nobis?

496 1780 586 1819 res
616 1776 825 1830 tantas,
877 1768 1014 1823 nihil
1061 1771 1111 1823 ei
1156 1775 1396 1826 nocitura
1444 1773 1533 1842 qui
1582 1771 1740 1839 fecit,
1797 1774 2091 1841 periculum
2123 1788 2169 1848 Β
2267 1772 2403 1829 LIV.
2437 1773 2542 1830 Sed
2574 1788 2679 1827 non
2708 1770 2931 1827 creditis
2958 1778 3111 1840 gesta
3143 1770 3279 1823 haec.
3314 1766 3421 1823 Sed
3455 1768 3548 1836 qui
3576 1780 3640 1820 ea
3667 1780 3799 1821 con-

494 1854 722 1911 allatnra
755 1858 851 1913 sed
881 1861 1031 1915 vobis
1061 1877 1077 1915 :
1105 1862 1432 1930 periculum,
1467 1865 1682 1934 inquam
1708 1906 1723 1928 ,
1757 1880 1864 1919 non
1900 1880 2095 1935 parvu-

495 1950 636 2011 lum,
682 1950 777 2003 sed
807 1950 859 2004 in
893 1954 1056 2007 rebus
1085 1955 1332 2022 eximiis,
1366 1955 1461 2010 sed
1494 1957 1545 2010 in
1574 1955 1863 2027 praecipuis
1890 1956 2094 2011 consti-

501 2049 695 2094 tntum.
727 2041 1004 2111 Siquidem
1037 2061 1122 2099 res
1147 2049 1322 2100 anima
1357 2048 1586 2115 pretiosa
1619 2057 1702 2103 est
1722 2090 1735 2111 ,
1769 2063 1870 2103 nec
1900 2048 2017 2117 ipso
2037 2061 2098 2103 se

498 2131 705 2187 homini
751 2134 1041 2206 quidquam
1089 2147 1266 2207 potest
1304 2139 1522 2195 charius
1550 2140 1799 2195 inveniri.
1829 2139 2008 2207 Nihil,
2040 2150 2100 2195 ιιι

502 2228 730 2294 rcmini,
784 2233 1087 2300 magicum.
1140 2232 1267 2286 nihil
1314 2236 1626 2301 humanum,
1663 2236 2095 2305 pra-stigiosum,

501 2330 591 2370 aut
618 2319 903 2375 subdolum
926 2364 941 2387 ,
971 2323 1101 2377 nihil
1134 2323 1335 2378 fraudis
1363 2326 1573 2381 delituit
1600 2327 1650 2380 in
1673 2326 1889 2382 Christo
1909 2370 1923 2394 ,
1954 2328 2097 2383 deri-

500 2410 671 2466 deatis
706 2413 829 2469 licet
874 2432 938 2471 ex
971 2433 1120 2473 more
1149 2432 1309 2490 atque
1341 2421 1391 2473 in
1425 2421 1705 2477 lasciviam
1732 2422 2102 2477 dissolvantini

498 2507 907 2565 cachinnorum.
944 2512 1084 2569 Deus
1134 2514 1226 2570 ille
1270 2514 1525 2571 sublimis
1572 2516 1699 2581 init,
1753 2516 1895 2571 Deus
1924 2517 2107 2572 radice

2197 1865 2387 1936 spicati
2414 1874 2538 1921 sunt
2572 1864 2723 1929 fieri,
2775 1871 2831 1918 et
2868 1860 2969 1916 sub
3012 1859 3183 1915 oculis
3221 1859 3334 1914 suis
3374 1857 3631 1913 viderunt
3674 1859 3797 1926 agi,

2200 1968 2366 2016 testes
2392 1959 2615 2029 optimi,
2653 1956 3053 2025 certissimique
3081 1963 3333 2018 autores,
3366 1962 3421 2007 et
3449 1951 3801 2008 crediderunt

2202 2053 2316 2106 haec
2346 2052 2486 2123 ipsi,
2536 2061 2592 2106 et
2638 2048 2907 2106 credenda
2937 2045 3171 2119 posteris
3202 2044 3359 2101 nobis
3392 2044 3535 2100 haud
3564 2043 3803 2101 exilibus

2200 2160 2321 2201 cum
2346 2142 2829 2215 approbationibus
2861 2139 3221 2212 tradiderunt.
3255 2138 3487 2209 Quinam
3520 2138 3606 2193 isti
3637 2145 3800 2198 sunt.

2205 2235 2434 2291 fortasse
2487 2235 2773 2305 quaeritis?
2834 2231 3074 2293 Gentes.
3121 2230 3334 2301 populi,
3403 2230 3683 2295 nationes,
3751 2239 3807 2285 et

2207 2327 2542 2385 incredulum
2573 2326 2702 2381 illud
2726 2341 2895 2397 genus
2919 2324 3214 2379 humanum
3242 2342 3255 2378 :
3278 2322 3420 2394 quod
3441 2363 3457 2386 ,
3484 2321 3585 2376 nisi
3616 2331 3804 2392 aperta

2206 2436 2295 2476 res
2320 2429 2485 2485 esset,
2516 2428 2573 2474 et
2603 2419 2721 2473 luce
2754 2419 2866 2485 ipsa
2890 2459 2904 2483 ,
2941 2415 3397 2487 quemadmodum
3427 2415 3637 2477 dicitur,
3685 2413 3802 2468 cla-

2209 2517 2342 2580 rior,
2395 2527 2687 2583 numquam
2738 2511 2902 2567 rebus
2947 2509 3256 2581 hujusmodi
3306 2507 3640 2565 credulitatis
3692 2521 3807 2563 sua:

1750 2629 2135 2687 LECTlONES
2171 2627 2583 2686 VARIANTES.

581 2745 608 2776 ⁸
640 2745 815 2798 Nosse.
861 2759 948 2798 ms.

1904 2848 2465 2908 COMMENTARIUS.

585 2974 892 3051 lu_oﬁ'iciuut
936 2971 1184 3051 sermonis
1233 2967 1757 3051 dandi._Sermonem
1804 2968 1929 3050 dare
1975 2968 2104 3051 dicit
2133 2988 2176 3051 ρ
2215 2984 2334 3051 ius.
2365 2968 2536 3051 Antea
2585 2966 2862 3039 legebatur
2907 2965 3039 3021 nihil
3091 2965 3322 3035 fraudis,
3367 2965 3498 3020 nihil
3543 2966 3717 3022 delicti
3757 2967 3812 3021 itt

505 3038 778 3101 Arnobius
825 3045 1096 3097 loeutione
1145 3057 1289 3102 rara,
1342 3040 1436 3094 sed
1483 3055 1589 3092 non
1641 3040 1956 3109 imprOpria.
1987 3038 2104 3094 Non

505 3130 644 3186 opus
682 3129 812 3182 ergo
854 3125 930 3167 ρει
980 3111 1303 3186 rescribere.
1345 3111 1400 3163 in
1448 3110 1665 3186 ofﬁcium
1704 3110 2103 3186 sermocinandi.

579 3180 872 3241 Sardorum
926 3184 1191 3236 auriculas
1217 3197 1463 3235 reserare.
1518 3181 1704 3234 I‘ltlitttl‘
1759 3180 1931 3248 Lugd.
1989 3181 2105 3235 But.

508 3257 656 3311 dedit
680 3267 924 3311 returare.
979 3254 1029 3307 id
1060 3260 1143 3307 est
1166 3253 1403 3310 anerirc.
1436 3250 1736 3322 recludere.
1771 3250 1921 3322 Opp.
1959 3250 2109 3305 obtu-

507 3344 645 3380 rare.
681 3326 802 3379 vide
828 3324 1081 3384 Nouium,
1110 3324 1211 3376 hoc
1235 3325 1419 3375 verbo.
1445 3322 1620 3390 Quod,
1647 3320 1691 3374 si
1715 3320 1872 3374 modo
1895 3320 2110 3377 Codicis

507 3398 617 3452 ﬁde
649 3397 932 3457 niteretur,
958 3395 1201 3462 apprime
1227 3392 1541 3464 conveniret
1584 3394 1839 3464 :‘truobio,
1862 3395 2111 3464 antiquo-

510 3485 627 3522 rum
657 3476 711 3521 et
738 3467 1106 3521 obsoleturnm
1141 3463 1424 3517 verborum
1455 3463 1669 3533 aucupi.
1693 3462 1895 3518 OBELL.
1946 3479 1952 3485 ’

592 3537 708 3600 Ipse
737 3537 961 3605 faciant,
988 3546 1033 3589 et
1077 3552 1191 3589 cum
1232 3535 1339 3586 suis
1383 3534 1563 3588 ritibus
1610 3534 1834 3600 faciant,
1863 3533 2113 3605 quidquid

511 3609 733 3674 malefici
753 3607 1021 3677 graminis,
1046 3617 1139 3660 etc.
1166 3606 1429 3677 Meursius
1448 3606 1590 3677 delet
1612 3606 1878 3677 posterius
1896 3606 2110 3673 faciant.

511 3680 577 3735 N.
608 3674 878 3737 Heinsius.
905 3678 1173 3731 Adversar
1203 3718 1215 3737 ,
1244 3676 1336 3730 lib.
1370 3691 1426 3740 tt,
1450 3690 1500 3730 c.
1525 3675 1582 3739 9,
1606 3692 1725 3740 pag.
1750 3674 1875 3743 272,
1900 3677 2109 3744 legend.

513 3761 698 3806 ceusr-t
719 3768 730 3802 :
754 3758 801 3803 et
822 3764 934 3802 cum
952 3750 1058 3801 suis
1087 3746 1265 3800 ritibus
1284 3756 1490 3805 acuant.
1511 3745 1780 3815 quidquid.
1802 3758 1932 3808 etc.,
1956 3758 2114 3801 acute

511 3822 763 3891 quidem;
806 3819 898 3874 sed
942 3819 1018 3891 nil
1071 3818 1404 3891 mutatulum.
1453 3816 1647 3891 Verba_
1678 3818 1820 3871 enim
1866 3818 2115 3891 quidquid

515 3887 739 3956 malefici
784 3890 1031 3961 graminis
1053 3933 1065 3948 .
1094 3900 1198 3943 etc.
1224 3929 1239 3950 ,
1273 3890 1540 3961 pertinent
1585 3887 1648 3941 ad
1674 3902 1939 3961 sequens.
1970 3889 2113 3961 adiit-

512 3958 1097 4028 ciaut.‘....'rolligant.
1137 3968 1193 4014 et
1237 3958 1485 4029 quidem.
1519 3958 1745 4017 utmihi
1787 3960 2016 4016 videtur.
2045 3959 2113 4014 ad

516 4036 803 4103 po~tcrins.
835 4032 965 4085 Nam
997 4034 1269 4103 frentorem
1298 4031 1567 4083 verborum
1606 4031 1847 4101 colligere
1883 4031 1987 4085 dici
2025 4031 2113 4085 vix

516 4116 719 4174 posset.
754 4105 937 4158 (lusu.

593 4174 810 4228 Fremor
844 4176 930 4228 ille
956 4172 1241 4226 verborum.
1273 4171 1569 4225 Fremorém
1590 4174 1853 4225 verborum
1877 4172 2117 4241 appellat

516 4246 734 4315 proprie
762 4245 1053 4315 AI‘llHl)llI~,
1077 4243 1218 4312 quod
1250 4259 1478 4296 murmur
1497 4244 2117 4315 magicumetsusurrum

514 4312 771 4439 magiam:
801 4316 912 4368 alii.
946 4314 1236 4369 Stridorem
1261 4315 1515 4384 magicum
1544 4312 1676 4392 dicit
1696 4312 1960 4381 Tibullus,
1990 4329 2027 4380 ι,
2056 4315 2112 4381 2,

516 4399 599 4439 vs.
732 4403 745 4439 :

516 4399 745 4440 V5.41:

704 4495 812 4545 Jam
834 4496 933 4547 ciet
957 4493 1172 4545 infernas
1202 4495 1394 4556 magico
1417 4493 1629 4544 stridore
1648 4502 1892 4546 catervas.

522 4598 743 4668 Nempe,
772 4600 895 4668 quia
927 4600 1127 4665 magica
1158 4598 1245 4652 illa
1275 4598 1514 4654 carmina
1546 4597 1842 4668 breviuset
1870 4598 2110 4653 concita-

521 4670 631 4740 tius
666 4667 1107 4740 proferebantur.
1146 4667 1951 4740 summisquetantttnrlahris.
1985 4668 2114 4723 Inde

519 4752 573 4816 et
604 4737 775 4795 Gl‘ll'Cl
804 4740 1072 4816 ψιθύρους,
1096 4740 1440 4814 ψιθυρισμοὺς
1479 4739 1684 4816 dicunt.
1708 4737 2108 4816 litantes—Cf.

517 4810 720 4866 Suram
747 4807 1049 4874 ιιιῖδίιιὸιιη
1079 4807 1241 4865 (ιέιιιιί⁵
1280 4807 1333 4875 η’,
1371 4826 1446 4860 vs.
1479 4807 1570 4872 86,
1602 4825 1717 4877 pag.
1753 4809 1841 4863 12.
1870 4808 2070 4865 Ottt-ILL.

595 4881 715 4935 Non
746 4883 1095 4936 interdicimus
1120 4926 1132 4941 .
1162 4882 1424 4950 colligant.
1457 4880 1627 4936 Nunis
1660 4894 1755 4949 pro
1782 4882 2007 4946 imperio
2034 4882 2115 4935 iu-

520 4954 814 5007 terdicimus
878 4952 1054 5007 Malim
1100 4954 1261 5021 igitur
1296 4954 1676 5011 iutercedimns,
1707 4954 1757 5003 id
1795 4962 1899 5016 est,
1928 4951 2115 5021 prohi-

517 5023 731 5093 bemus.
752 5039 859 5093 quo
883 5028 1045 5079 verbo
1076 5034 1239 5077 untur
1260 5022 1526 5077 Arnobius
1551 5031 1606 5075 et
1634 5021 1756 5076 alibi
1788 5038 1892 5074 non
1922 5023 2108 5076 semel.

521 5092 864 5147 Tratts'attttn
903 5110 932 5148 a
974 5095 1335 5149 Tribunornm
1367 5104 1423 5147 et
1451 5094 1676 5146 aliorum
1710 5093 2110 5146 intercessioni-

519 5162 642 5234 bus,
679 5180 907 5234 quorum
953 5164 1399 5222 intercedetttiuttt
1429 5178 1530 5218 vox
1557 5172 1672 5217 erat
1711 5160 1835 5216 Veto
1864 5170 1956 5217 aut
1985 5161 2117 5216 Pro-

520 5233 707 5288 Itibeo.’
729 5234 973 5291 HERALD.

596 5303 996 5376 Recognoscere.
1018 5304 1282 5376 Meursius
1297 5304 1441 5374 conj.
1465 5319 1561 5359 ere
1574 5303 2111 5376 cognoscereﬂntm.

595 5373 830 5429 Llllf—
881 5376 949 5431 Ut
994 5376 1175 5430 remini
1246 5373 1447 5428 Reatini
1489 5373 1721 5429 restituit
1754 5374 1857 5429 Th.
1916 5374 2116 5431 Canter

517 5443 645 5499 Var.
679 5447 848 5511 ιαμ,
885 5449 978 5502 lib.
1003 5463 1061 5512 tt,
1092 5463 1140 5500 c.
1163 5447 1250 5509 I7,
1277 5454 1430 5499 antea
1455 5446 1880 5500 meminivitiosie.
1907 5446 2111 5502 ORELL.

590 5515 854 5577 Siquidem
896 5534 975 5571 res
1023 5518 1197 5570 anima
1240 5516 1460 5580 pretiosa
1498 5526 1605 5580 cst,
1635 5532 1726 5570 nec
1767 5517 1880 5585 ipso
1928 5534 1982 5571 se
2022 5519 2116 5571 ho-

514 5584 783 5657 mini,etc.
826 5588 1115 5653 Meursius,
1150 5588 1312 5656 p.54.
1363 5586 1642 5656 legendum
1683 5584 1987 5657 suspicatur
2026 5604 2116 5641 nec

510 5654 624 5722 ipsa
645 5659 833 5711 scilicet
861 5660 1072 5716 homini.
1099 5654 1204 5710 etc.
1233 5654 1434 5714 ttat-31.1.;

580 5724 731 5781 Nihil
776 5730 976 5796 fraudis
1019 5728 1220 5784 delituit
1259 5729 1315 5784 in
1358 5729 1585 5785 Christo.
1636 5727 1710 5785 Ita
1754 5727 2005 5800 Hcrald.,
2047 5744 2116 5788 es

2210 3037 2434 3094 Christo.
2458 3037 2665 3095 Onmj.

2284 3110 2446 3180 Atque
2480 3111 2532 3165 in
2572 3110 2835 3165 lasciviam
2878 3108 3228 3180 dissolvamini
3254 3108 3644 3162 cachinnorum.
3676 3106 3814 3163 Pru-

2212 3179 2427 3257 dentius
2450 3185 2571 3257 περὶ
2601 3184 2901 3257 essedum;
2936 3179 3041 3257 Cur
3071 3192 3125 3257 tu
3153 3189 3353 3257 sacrate
3399 3196 3488 3257 per
3533 3180 3814 3257 cachinnos

2212 3251 2441 3305 solveris.
2490 3247 2774 3306 Petronius
2802 3270 2817 3307 :
2846 3250 3030 3305 Stabat
3074 3251 3208 3304 inter
3250 3251 3357 3304 lucc
3407 3247 3562 3303 Giton
3583 3292 3597 3312 ,
3632 3262 3677 3304 et
3707 3251 3815 3305 risu

2214 3322 2520 3376 dissoluebat
2559 3324 2651 3376 ilia
2690 3340 2802 3378 sua.
2836 3323 3079 3377 ELIENH.
3107 3322 3210 3375 Pro
3235 3330 3386 3385 atque
3411 3320 3677 3377 Meursius
3701 3337 3815 3376 ma-

2214 3393 2323 3445 vult
2352 3409 2495 3461 teque
2523 3393 2681 3448 male.
2714 3394 2920 3449 OBELL.

2291 3462 2428 3517 Deus
2472 3464 2647 3518 radice
2687 3466 2750 3518 ab
2792 3466 2992 3517 intima.
3021 3463 3076 3518 Id
3105 3469 3190 3517 est
3225 3463 3371 3516 omni
3411 3472 3596 3530 parte,
3628 3463 3814 3518 intima

2216 3548 2310 3588 sua
2346 3537 2395 3585 vi
2444 3550 2505 3588 ac
2554 3545 2739 3588 natura
2775 3535 2933 3593 Deus.
2971 3548 3132 3603 purus
3172 3545 3329 3602 pntns
3359 3533 3521 3599 Deus,
3550 3551 3683 3604 ganz
3710 3535 3816 3588 und

2216 3605 2476 3659 durchaus
2502 3605 2644 3670 Gott,
2674 3605 2794 3659 Gott
2833 3605 2966 3659 nach
3009 3606 3173 3658 seiner
3212 3605 3470 3658 innersten
3518 3603 3710 3659 Natur.
3756 3605 3814 3660 In

2216 3690 2336 3743 seq.
2374 3691 2470 3743 pro
2496 3678 2559 3730 ab
2587 3677 2859 3746 incognitis
2897 3677 3066 3745 regnis
3107 3674 3376 3732 Stewech.
3409 3676 3613 3731 mavult
3637 3677 3817 3731 incon-

2217 3746 2338 3800 ditis
2369 3749 2418 3800 id
2451 3757 2534 3801 est
2559 3749 2794 3802 :rternis.
2823 3746 3024 3802 OBELL.

2296 3816 2359 3870 Et
2399 3820 2595 3871 merito.
2644 3818 2844 3873 Exutus
2890 3829 2943 3871 at
2982 3834 3217 3883 corpore,
3245 3826 3352 3873 etc.
3385 3816 3462 3871 Ita
3506 3817 3818 3873 felicissime

2219 3889 2528 3943 emendavit
2556 3899 2610 3943 et
2639 3890 2883 3943 distinxit
2913 3890 3084 3944 locum
3108 3889 3282 3943 editor
3304 3888 3473 3958 Lugd.
3497 3890 3615 3944 Bal.
3637 3891 3810 3945 Antea

2220 3968 2335 4013 crat
2361 3970 2409 4013 et
2438 3961 2614 4014 merito
2643 3970 2826 4015 exutus
2848 3977 2880 4013 a
2909 3975 3142 4026 corpore,
3170 3959 3310 4023 quod
3344 3971 3490 4014 recte
3510 3958 3811 4015 offendebat

2221 4029 2610 4093 Stewechium,
2629 4033 2778 4100 quasi
2796 4034 2988 4084 merito
3004 4045 3098 4093 pro
3115 4040 3137 4084 t
3160 4030 3360 4084 hristus
3377 4043 3563 4085 exutus
3579 4044 3809 4097 corpore

2222 4100 2324 4155 hoc
2366 4113 2447 4155 est
2477 4112 2720 4155 mortuus
2767 4102 2856 4155 sit.
2886 4100 3071 4170 Itaque
3096 4101 3415 4171 conjiciebat
3444 4100 3727 4171 legendum
3753 4112 3810 4155 at

2221 4173 2431 4225 emerito
2463 4172 2601 4242 (hoc
2626 4182 2728 4227 est.
2760 4172 2864 4226 vita
2906 4170 3116 4242 functo)
3143 4181 3323 4225 exutus
3361 4188 3394 4225 a
3433 4170 3660 4242 corpore.
3703 4171 3814 4227 Sed

2223 4243 2369 4295 tnulo
2397 4241 2589 4296 melior
2634 4242 2844 4306 videtur
2889 4241 3136 4299 Salmasii
3182 4242 3508 4297 emendatio.
3546 4241 3608 4296 Et
3634 4244 3816 4297 merito

2223 4312 2343 4383 scil.
2360 4329 2480 4367 t-um
2507 4313 2932 4379 pra'ccdentibns
2947 4312 3277 4383 jungendum
3294 4313 3395 4367 hoc
3411 4329 3573 4369 sensu
3595 4332 3608 4367 :
3631 4312 3817 4368 Merito

2142 4373 2197 4434 Ι)
2223 4382 2370 4437 illum
2398 4373 2793 4438 non'uoverunt.
2830 4373 3012 4438 Mirtiri
3042 4373 3143 4437 non
3172 4384 3305 4446 licet,
3337 4385 3380 4437 si
3410 4385 3560 4439 illum
3590 4401 3691 4438 non
3723 4401 3815 4441 no-

2216 4464 2413 4508 verunt.
2450 4452 2544 4508 Est
2574 4456 2636 4510 ist
2663 4455 2955 4521 naturlich,
2982 4455 3102 4510 dass
3137 4456 3211 4510 sie
3246 4455 3361 4582 ihq)
3382 4457 3520 4509 nicht
3567 4455 3813 4512 kunntea.

3364 4542 3519 4582 nunc.

3364 4542 3519 4582 κειι.

2289 4594 2571 4681 fostquam
2595 4596 2755 4681 qideri
2778 4612 2832 4652 se
2853 4613 3032 4681 passus
3059 4606 3150 4659 est,
3176 4598 3323 4668 cujus
3348 4607 3592 4681 essetnam
3618 4598 3819 4681 magni-

2218 4667 2410 4721 tudinis
2438 4668 2578 4721 sciri.
2612 4668 2784 4723 Lucus
2814 4668 3136 4731 mendosus,
3168 4667 3328 4738 quem
3360 4669 3564 4737 duplici
3592 4667 3814 4738 conjec-

2219 4747 2336 4791 tura
2366 4739 2649 4793 restituere
2677 4749 2903 4793 conatur
2928 4738 3061 4793 Adr.
3093 4737 3347 4793 Bebntius
3370 4739 3423 4792 in
3455 4737 3810 4808 Apophoret.,

2218 4808 2313 4864 lih.
2348 4824 2423 4875 Ill,
2455 4824 2506 4863 c.
2538 4809 2591 4871 8.
2624 4809 2874 4863 nimirum
2904 4828 2917 4864 :
2953 4818 3220 4879 pastquam
3249 4809 3410 4863 videri
3435 4827 3489 4864 se
3515 4827 3695 4876 passus
3716 4820 3812 4875 est,

2217 4880 2331 4951 quis
2352 4890 2499 4944 esset,
2528 4891 2614 4932 aut
2641 4881 2790 4947 cuius
2813 4881 3198 4949 magnitudinis.
3221 4883 3386 4951 verbo
3405 4882 3524 4935 sciri
3541 4891 3812 4951 tamquam

2219 4949 2402 5021 inepto
2430 4952 2754 5019 glossemate
2779 4960 3073 5018 expuncto,
3102 4960 3196 5003 aut
3217 4950 3290 5005 ita
3321 4968 3333 5003 :
3366 4964 3635 5020 postquam
3655 4949 3818 5006 uideri

2217 5036 2272 5075 se
2301 5038 2483 5088 passus
2516 5030 2609 5093 est,
2634 5023 2745 5093 quis
2770 5031 2930 5086 esset,
2956 5030 3044 5074 aut
3068 5023 3217 5093 cujus
3259 5022 3628 5093 magnitudinis
3670 5022 3813 5089 sciri,

2221 5105 2318 5160 pro
2345 5102 2433 5145 aut
2458 5091 2598 5157 sciri,
2625 5092 2774 5161 cujus
2800 5104 2925 5147 esset
2956 5091 3343 5163 magnitudinis.
3375 5091 3639 5163 Equidem
3672 5097 3816 5163 prio-

2218 5176 2332 5217 rem
2366 5165 2614 5230 pra-fero.
2638 5164 2844 5218 UBELL.

2290 5232 2427 5288 ων.
2482 5261 2555 5274 --
2606 5233 2834 5307 Quinam
2886 5235 2972 5289 isti
3006 5243 3149 5307 sunt
3183 5276 3197 5295 ,
3256 5236 3478 5305 fortasse
3530 5234 3762 5307 queritis
3789 5236 3817 5290 ?

2220 5301 2423 5365 ϐιιηιοεε.
2457 5314 2562 5360 etc.
2595 5306 2823 5360 Secutus
2857 5319 2976 5360 sum
3003 5306 3057 5360 in
3087 5305 3172 5360 bis
3191 5301 3814 5373 et'seqnentitiusinter-

2220 5377 2568 5445 punctionem
2601 5375 2817 5448 Meursii
2847 5388 2901 5431 et
2938 5377 2993 5448 in
3033 5376 3383 5447 sequentibus
3424 5377 3545 5448 lego
3580 5393 3812 5433 commo-

2219 5448 2366 5501 dari-t
2398 5461 2495 5515 pro
2519 5447 2919 5501 commodarent.
2946 5446 3149 5502 Osann.

2294 5515 2590 5586 Numquam
2625 5517 2774 5572 rebus
2815 5519 3069 5583 eiusmodi
3102 5516 3421 5573 credulitatis
3445 5533 3554 5574 suae
3583 5534 3812 5572 commo-

2218 5593 2362 5642 daret
2409 5604 2693 5642 assensum.
2742 5588 2855 5645 ΑΓιί
2915 5598 3139 5643 utuntur
3186 5591 3485 5657 smpissime
3537 5590 3813 5657 pra-terim

2218 5657 2535 5728 imperfecto
2599 5676 2697 5730 pro
2764 5656 3327 5730 plusquamperfecto,
3398 5670 3455 5713 ut
3520 5656 3813 5730 loquuntur

2216 5730 2576 5801 grammatici.
2609 5729 2766 5787 Extat
2798 5729 2915 5789 haec
2953 5732 3193 5803 ἐναλλανὴ
3234 5731 3379 5802 apud
3418 5729 3716 5790 Arnobium
3755 5740 3810 5785 et
