4172 6252
640 283 746 341 795

1776 284 2057 342 ARNOBII
2094 285 2464 347 ADVERSUS
2491 287 2770 347 GEN'I‘ES

3837 292 3941 351 796

637 418 760 476 qua:
786 401 858 461 ab
880 403 999 473 ipso
1016 410 1169 473 gesta
1191 410 1348 466 sunt,
1378 401 1463 458 vel
1484 416 1605 477 quae
1623 401 1693 459 ab
1724 402 1843 474 eius
1894 402 2233 473 prmconibus
2260 413 2312 481 Α
2337 405 2405 461 de
2437 407 2639 460 nostris
2658 407 3120 477 conscriptoribus
3148 407 3554 477 intenderitisd,
3572 420 3629 466 et
3646 411 3936 468 devestris

639 496 755 570 pari
778 496 901 565 jure
929 506 984 549 et
1016 496 1250 563 potentia
1283 497 1585 555 terminata.
1617 496 1779 567 Magis
1810 510 1905 551 vos
1934 496 2240 552 incredulos

638 587 841 645 faceret
873 589 952 641 vis
981 598 1127 643 tanta
1158 590 1440 655 virtutum,
1482 599 1576 647 aut
1604 590 2016 659 apprehendere
2060 592 2237 646 locum

642 680 873 741 fortasse
903 683 1155 752 possetis,
1174 697 1279 752 quo
1298 683 1575 741 videretur
1600 698 1721 739 esse
1742 684 2073 739 simillimum
2092 685 2202 738 veri
2221 723 2237 751 ,

639 784 693 831 et
724 774 1059 833 incrementa
1112 774 1275 831 rebus
1317 776 1595 847 apposita;
1629 784 1681 831 et
1712 774 1910 831 inditas
1942 775 2157 844 scriptis
2187 784 2242 833 ct

638 865 1043 925 commentariis
1071 866 1353 950 l'alsitates.
1394 866 1501 923 Sed
1527 881 1700 935 neque
1728 867 1908 923 omnia
1938 866 2239 934 conscribi,

639 970 731 1015 aut
758 959 815 1021 in
838 974 1003 1019 aures
1033 959 1272 1017 omnium
1302 959 1585 1031 pervenire
1615 967 1905 1031 potuerunt
1935 970 2087 1030 gesta
2115 975 2240 1029 genv

638 1052 784 1113 tibus
832 1054 885 1113 in
943 1055 1140 1124 ignoais
1164 1096 1180 1119 ,
1212 1063 1267 1110 et
1310 1070 1463 1109 usum
1496 1053 1863 1109 nescientibus
1890 1054 2192 1109 litterarum
2225 1071 2238 1108 :

641 1154 754 1207 aut.
767 1145 812 1201 si
828 1160 933 1216 qua
962 1155 1087 1201 sunt
1108 1146 1323 1212 litteris,
1346 1146 1944 1216 conscriptimtibnsque
1970 1145 2240 1210 mandata,

643 1242 1018 1296 malevolentia
1070 1242 1414 1305 daemonum,
1470 1257 1700 1315 quorum
1748 1256 1875 1294 cura
1917 1250 1971 1294 et
2008 1241 2240 1295 studium

640 1342 724 1388 est
760 1334 897 1388 hanc
926 1334 1247 1399 intercipere
1276 1343 1300 1369 ἰ
1332 1334 1636 1397 veritatem,
1668 1342 1722 1389 et
1751 1332 2112 1386 consimilium
2157 1330 2241 1385 bis

644 1427 923 1483 hominum
978 1426 1298 1496 interpolata
1345 1425 1614 1496 quidam,
1670 1434 1725 1481 et
1754 1425 1994 1488 additab,
2048 1426 2240 1495 partim

643 1528 845 1591 mutata
868 1559 882 1585 ,
917 1528 1077 1589 atque
1108 1518 1345 1572 detracta
1379 1519 1587 1583 verbis,
1622 1518 1842 1589 syllabis
1868 1560 1882 1584 ,
1939 1526 1993 1571 ut
2023 1529 2073 1570 et
2118 1531 2243 1585 pru-

644 1610 886 1669 dentium
918 1610 1157 1665 tardaret
1210 1610 1406 1675 tidem,
1453 1620 1508 1665 et
1554 1620 1828 1681 gestorum
1877 1617 2247 1679 corrumperet

643 1703 1044 1758 auctoritatem.
1082 1702 1185 1757 Sed
1218 1718 1508 1772 numquam
1538 1702 1695 1756 fuerit
1719 1703 1802 1756 his
1826 1704 1985 1768 bette,
2012 1702 2244 1758 111011ΐί-

2345 498 2458 554 lttec
2495 500 2636 554 dirta
2681 500 2901 568 paribus
2929 502 3126 558 sumite
3154 514 3315 575 atque
3340 504 3596 561 habetote
3625 507 3938 563 momentis.

2342 588 2518 643 Vultis
2544 606 2668 643 vera
2697 606 2852 657 esse,
2895 608 3017 662 quae
3072 594 3124 646 in
3159 596 3354 650 vestris
3395 595 3790 666 comprehensa
3819 607 3944 652 sunt

2341 680 2556 748 scriptis
2593 699 2604 734 :
2637 692 2689 736 et
2719 698 2839 751 quae
2869 683 2923 739 in
2968 686 3170 740 nostris
3197 685 3509 755 consignata
3557 698 3682 742 sunt
3710 688 3940 753 litteris,

2341 770 2705 828 Conﬁteamini
2753 789 2973 830 necesse
3000 788 3084 832 est
3114 792 3261 832 vera.
3294 779 3564 833 Falsitatis
3605 782 3835 851 arguitis
3861 796 3946 837 res

2344 876 2554 922 nostras
2588 886 2600 920 :
2630 879 2684 922 et
2716 884 2813 924 nos
2842 880 3052 925 vestras
3079 873 3355 942 arguimus
3384 873 3657 928 ialsitatis.
3688 874 3801 929 Sed
3848 889 3944 929 an-

2345 961 2593 1030 tiquiora,
2629 961 2880 1031 inquitis,
2932 973 3118 1019 nostra
3163 974 3325 1031 sunt,
3371 981 3435 1020 ac
3466 982 3563 1035 per
3590 966 3695 1023 hoc
3721 966 3855 1022 ﬁdei
3896 976 3948 1023 et

2346 1053 2587 1108 veritati~
2618 1055 2951 1123 plenissima.
2976 1056 3139 1124 Quasi
3168 1072 3297 1113 vero
3345 1073 3592 1112 errorum
3638 1073 3748 1112 non
3810 1058 3949 1112 anti-

2343 1145 2520 1214 quitas
2550 1146 2854 1212 plenissima
2888 1157 3057 1201 mater
3088 1148 3176 1213 sit,
3202 1158 3258 1203 et
3290 1165 3395 1202 non
3424 1149 3537 1218 ipsa
3567 1149 3843 1220 pepererit
3866 1164 3951 1205 res

2344 1251 2457 1299 eas,
2490 1252 2609 1306 qua!
2652 1238 2989 1306 turpissimus
3013 1239 3118 1293 diis
3141 1250 3297 1295 notas
3314 1240 3693 1309 ignominiosis
3713 1243 3945 1296 conciu-

2346 1338 2610 1383 naverunt
2640 1330 2690 1384 in
2723 1330 2936 1385 fabulis.
2970 1335 3108 1387 Ante
3148 1332 3312 1386 millia
3360 1348 3503 1387 enim
3550 1348 3823 1388 annorum
3853 1334 3951 1389 de-

2345 1435 2462 1475 cem
2494 1436 2599 1475 non
2635 1423 3072 1489 poltternntfalsa
3095 1433 3146 1478 et
3167 1424 3341 1482 audiri
3364 1466 3376 1489 .
3404 1436 3461 1479 et
3482 1425 3675 1479 credi?
3726 1437 3821 1479 aut
3846 1441 3953 1482 non

2347 1512 2674 1570 simillimum
2704 1516 2821 1570 veri
2856 1525 2963 1583 est,
3003 1519 3164 1573 tidem
3195 1518 3387 1574 vicinis
3417 1531 3473 1574 et
3500 1520 3768 1585 ﬁnitimis,
3792 1537 3953 1588 quam

2348 1609 2640 1677 Spatinrum
2669 1609 2847 1664 inesse
2878 1611 3273 1681 longinquitate
3293 1611 3674 1679 distantibus?
3701 1614 3957 1671 Testibns

2348 1701 2490 1759 enim
2521 1701 2657 1765 lucc,
2701 1702 2790 1756 illa
2822 1703 3174 1771 opinionibus
3205 1712 3544 1763 asseruntur.
3569 1715 3625 1759 et
3664 1706 3958 1773 proclivius

645 1801 761 1848 stus
810 1793 898 1867 qui
957 1793 1146 1858 fuerit,
1204 1794 1505 1855 litterarum
1567 1795 1884 1875 leStimonii§
1914 1796 2197 1867 Colligatur
2227 1812 2239 1848 :
2275 1796 2322 1856 B
2351 1795 2522 1848 multo
2550 1805 2668 1857 est,
2701 1797 2878 1851 minus
2906 1812 3027 1851 esse
3068 1798 3121 1851 in
3153 1798 3463 1852 recentibus
3490 1796 3724 1854 ﬁctionis
3749 1840 3764 1864 ,
3792 1814 3955 1875 quam

644 1885 797 1953 cujus
821 1887 872 1937 in
903 1885 953 1939 id
975 1887 1151 1941 Solum
1175 1887 1428 1940 dimissac
1449 1898 1571 1940 sunt
1590 1901 1773 1953 causa,
1800 1864 1883 1951 ut',
1901 1889 1942 1940 si
1965 1902 2087 1940 esse
2112 1901 2245 1945 coo-

645 1976 841 2032 stiterit
880 1993 941 2031 ea
974 1994 1101 2032 vera
1127 2019 1141 2041 ,
1172 1995 1291 2048 qua:
1333 1979 1561 2033 dicimus
1584 2021 1596 2044 ,
1629 1978 1974 2033 Confessione
2005 1978 2243 2032 omnium

647 2068 788 2123 Deus
818 2068 981 2123 fuisse
1016 2080 1369 2124 monstretur.

718 2159 875 2219 LVII.
907 2159 1023 2216 Non
1053 2162 1276 2217 creditis
1304 2162 1519 2230 scriptis
1565 2162 1768 2217 nostris
1798 2176 1811 2213 ς
1846 2169 1899 2215 et
1926 2176 2023 2215 nos
2054 2161 2247 2217 vestris

647 2268 754 2309 non
776 2253 1051 2309 credimus
1071 2255 1309 2323 scriptis.
1327 2255 1479 2309 Falsa
1503 2255 1570 2310 de
1588 2254 1804 2310 Christo
1823 2255 2246 2324 compingimus:

646 2355 701 2401 et
729 2363 822 2399 vos
858 2347 926 2402 de
955 2347 1059 2401 diis
1090 2348 1285 2402 vestris
1315 2348 1490 2403 inania
1536 2357 1589 2402 et
1628 2346 1755 2401 falsa
1794 2348 2031 2416 iactatis.
2063 2347 2245 2417 Neque

646 2440 787 2495 enim
836 2440 975 2496 cmlo
1004 2441 1144 2496 Deus
1189 2442 1383 2513 aliquis
1433 2442 1636 2511 lapsus,
1670 2450 1763 2495 aut
1793 2443 1904 2494 suis
1931 2456 2015 2495 res
2038 2449 2246 2495 vestras

647 2542 1042 2587 commentatus
1071 2542 1154 2588 est
1185 2535 1463 2595 manibus,
1498 2542 1588 2588 aut
1621 2536 1826 2587 ratione
1854 2535 2120 2587 consimili
2151 2548 2248 2587 no-

646 2624 771 2677 stris
797 2625 978 2689 rebus,
1020 2636 1073 2680 et
1099 2626 1452 2696 religionibus
1490 2626 1793 2697 derogavit.
1823 2625 1907 2680 Ab
1938 2627 2246 2682 hominibus

647 2717 765 2775 haec
795 2719 991 2789 scripta
1024 2738 1037 2772 :
1069 2731 1121 2775 et
1147 2721 1233 2775 illa
1275 2732 1398 2779 sunt
1422 2722 1487 2776 ab
1509 2721 1815 2777 hominibus
1839 2722 2037 2788 scripta
2059 2763 2072 2785 ,
2106 2736 2248 2777 mor-

649 2809 842 2867 talibus
879 2812 1199 2868 edissertata
1240 2813 1585 2873 sermonibus
1618 2831 1631 2869 :
1662 2823 1715 2867 et
1763 2812 2021 2885 quidquid
2062 2814 2247 2871 dicere

2349 1888 2403 1941 in
2432 1892 2652 1957 antiqua
2686 1888 3015 1947 obscuritate
3046 1889 3335 1945 submotis.

2421 1978 2604 2034 LVIII.
2676 1979 2782 2035 Sed
2840 1982 2907 2035 ab
2959 1980 3192 2035 indoctis
3239 1980 3551 2036 hominibus
3625 1990 3682 2037 et
3734 1981 3959 2038 rudibus

2349 2074 2549 2141 scripta
2580 2083 2727 2136 sunt,
2761 2083 2815 2127 et
2842 2074 3047 2129 idcirco
3080 2088 3186 2129 non
3219 2085 3345 2129 sunt
3365 2074 3507 2129 facili
3531 2074 3817 2130 auditione
3839 2091 3958 2131 cre-

2343 2162 2539 2219 denda.
2577 2164 2705 2219 Vide
2734 2182 2800 2219 ne
2828 2166 3001 2235 magis
3029 2167 3144 2220 haec
3184 2166 3374 2220 fortior
3402 2182 3568 2222 causa
3599 2170 3706 2232 sit,
3738 2183 3838 2222 cur
3862 2168 3953 2222 illa

2350 2257 2460 2311 sint
2507 2257 2666 2311 nullis
2714 2259 3063 2329 coinquinata
3112 2258 3447 2324 mendaciis,
3500 2268 3683 2315 mente
3727 2259 3957 2330 simplici

2353 2349 2556 2419 prodita
2580 2391 2595 2416 ,
2628 2358 2681 2403 et
2717 2349 2904 2420 ignara
2955 2351 3238 2405 lenociniis
3284 2351 3572 2421 ampliare.
3602 2351 3861 2406 Trivialis
3906 2362 3961 2411 et

2349 2441 2600 2499 sordidus
2627 2456 2809 2495 sermo
2838 2451 2943 2496 est.
2985 2442 3290 2512 Numquam
3320 2443 3463 2496 enim
3507 2442 3705 2497 veritas
3748 2452 3959 2498 sectata

2351 2545 2435 2588 est
2464 2533 2668 2599 fucum,
2701 2550 2802 2589 nec
2828 2535 2972 2605 quod
3002 2536 3343 2605 exploratum
3375 2546 3429 2591 et
3459 2546 3666 2591 certum
3689 2544 3812 2597 est.~
3851 2538 3962 2592 cir-

2353 2627 2600 2683 cumduci
2634 2643 2695 2683 se
2718 2630 2917 2698 patitur
2945 2628 3209 2685 ora'ionis
3228 2646 3323 2701 per
3344 2629 3609 2685 ambitum
3633 2629 3958 2700 longiorem.

2356 2717 2739 2780 Collectiones,
2772 2718 3177 2790 enthymemata
3200 2758 3216 2781 ,
3250 2717 3599 2775 delinitiones
3622 2761 3638 2783 ,
3668 2721 3961 2788 omniaque

2353 2811 2442 2867 illa
2487 2825 2843 2879 ornamenta,
2891 2812 3087 2883 quibus
3126 2812 3261 2867 lides
3305 2813 3566 2884 quaeritur
3594 2813 3955 2879 assertionis,

1879 2926 2261 2984 LECTIONES
2298 2924 2709 2981 VARIANTES.

710 3040 739 3102 9
777 3038 1034 3102 Intercipi.
1088 3054 1177 3091 ms.

712 3100 741 3166 lt
775 3100 1072 3166 interpolata
1095 3103 1581 3166 quadam,_qu.edam
1607 3111 1661 3157 et
1702 3101 1880 3155 addita.
1908 3100 2051 3156 Fulv.

715 3165 738 3194 ο
774 3162 878 3225 Est,
902 3162 1138 3230 probante
1170 3162 1406 3217 Meursio.
1452 3178 1543 3219 ms.

2286 3042 2332 3111 ο
2426 3036 2924 3111 dt‘ousqriptionibus
2959 3040 3101 3111 Fato.
3140 3041 3354 3104 Supra:
3408 3039 3450 3090 si
3473 3050 3586 3102 qua:
3640 3045 3759 3090 sunt
3781 3038 3961 3107 litteris

2366 3102 2913 3165 conscriptionibusque
2946 3104 3188 3152 mandata.

2036 3270 2605 3339 COMMENTARIUS.

721 3390 823 3445 Aut
872 3391 1250 3460 apprehendere
1274 3391 1440 3447 locum
1466 3395 1681 3458 fortasse
1708 3392 1937 3459 possetis,
1971 3406 2069 3459 quo
2097 3391 2238 3445 vide.

651 3471 791 3517 retur
810 3478 916 3515 esse
934 3463 1250 3516 simillimum
1268 3463 1368 3516 veri
1392 3480 1491 3532 quo
1506 3465 1755 3516 videretur
1774 3479 1869 3529 pro
1883 3462 2018 3528 quod
2043 3461 2210 3515 uidero
2228 3495 2237 3502 -

652 3541 735 3585 tur
761 3547 825 3586 ex
850 3548 951 3585 tus.
975 3533 1199 3587 resdtuit
1230 3534 1862 3601 Stewechiuslegctninm
1887 3534 2201 3587 existimans
2227 3550 2240 3587 :

650 3613 739 3656 aut
766 3605 1145 3671 apprehendere
1163 3606 1335 3671 fucum
1355 3606 1572 3671 fortasse
1592 3606 1824 3673 possetis,
1850 3618 1947 3671 quo
1971 3602 2244 3668 videretur,

652 3674 795 3741 qttod
829 3675 1131 3742 perplacet.
1167 3677 1361 3744 vixque
1402 3675 1530 3727 inibi
1583 3686 1882 3743 temperare
1915 3674 2082 3741 potui,
2116 3689 2245 3743 quin

654 3746 708 3798 itt
731 3753 931 3798 textum
962 3746 1281 3812 reciperem.
1308 3745 1509 3800 OnuLL.

724 3816 823 3868 Aut
878 3815 1220 3875 consimilium
1265 3818 1342 3870 Itis
1372 3817 1647 3869 hominum.
1696 3814 1827 3939 Sc(i)|.
1875 3814 2248 3869 Itwrelicorum.

1808 3902 1961 3939 BELL.

1808 3902 1961 3939 BELL.

730 3955 797 4013 Ut
828 3966 875 4010 et
918 3957 1244 4024 prudentium
1280 3957 1505 4011 tardaret
1548 3957 1721 4026 ﬁdem.
1770 3956 1923 4010 Fulv.
1959 3954 2204 4026 Ursinius
2237 3972 2250 4009 :

654 4039 710 4081 ut
735 4028 788 4081 id
809 4028 1121 4081 credentium
1138 4029 1421 4082 tardarent.
1442 4025 1635 4081 Seduil
1655 4028 1986 4082 mutandum.
2009 4025 2256 4079 Tardaret

659 4098 929 4154 referend.
973 4100 1038 4151 ad
1072 4099 1435 4153 malivolentia.
1484 4099 1587 4154 Pro
1638 4099 1965 4168 prudentium
1992 4097 2259 4151 Meursius

658 4170 995 4238 prudentium.
1020 4171 1221 4224 ORELL.

731 4241 837 4295 Sed
876 4257 1149 4310 numquam
1177 4242 1328 4306 fuerit
1355 4242 1433 4295 his
1460 4241 1601 4306 bene,
1632 4251 1687 4294 ut
1728 4239 1958 4294 Christus
1987 4239 2071 4304 qui
2103 4237 2259 4306 fuerit

661 4311 944 4364 litterarum
973 4313 1270 4365 testimoniis
1292 4313 1588 4379 colligatur.
1620 4312 1693 4365 Ita
1728 4313 1848 4377 lego
1877 4322 1927 4365 et
1961 4310 2255 4375 distinguo.

663 4380 839 4435 Fuerit
868 4383 1006 4435 idem
1036 4383 1176 4449 quod
1208 4385 1329 4436 erit.
1365 4382 1622 4437 Futurum
1670 4391 1915 4436 exactum
1956 4381 2258 4449 swpissime

662 4465 759 4521 pro
787 4452 963 4505 futuro
992 4453 1264 4506 indicativi
1289 4496 1301 4512 .
1333 4454 1543 4507 etiamsi
1587 4454 1788 4507 nullum
1819 4452 1863 4505 si
1893 4451 2251 4513 pratccsscril.
2282 4449 2335 4511 D

661 4525 964 4589 praesertim
996 4538 1115 4575 cum
1160 4524 1234 4593 de
1282 4540 1341 4578 re
1386 4525 1559 4593 agitur
1606 4524 1759 4591 cujus
1813 4532 2041 4576 eventus
2082 4521 2258 4577 adhuc

660 4593 898 4647 incertus
913 4606 1014 4647 est.
1048 4594 1120 4647 Ita
1144 4592 1353 4658 Cicero,
1380 4592 1636 4648 Acadetn.
1673 4611 1743 4658 tv,
1763 4608 1812 4648 c.
1837 4593 1906 4649 56
1940 4612 1951 4647 :
1984 4594 2089 4661 Age
2107 4594 2255 4643 resti-

663 4674 768 4716 tero
802 4663 1266 4733 Peripatrtiris.....
1296 4667 1579 4718 sustinuero
1612 4664 2002 4733 Epicureos.....
2039 4663 2261 4717 Diodoto

661 4735 784 4858 zuid
829 4735 1015 4803 fat-iant
1056 4736 1270 4789 Stoico?
1304 4734 1387 4788 Ita
1430 4740 1525 4789 ltoc
1555 4737 1665 4789 loco
1686 4751 1955 4804 numquam
1992 4734 2142 4798 fuerit
2180 4734 2260 4788 his

695 4806 936 4858 eneidem
958 4807 1099 4858 auod
1124 4806 1201 4858 Itis
1222 4805 1445 4858 (scilicet
1466 4807 1798 4858 dmutonibns
1820 4815 1871 4857 et
1887 4809 1948 4858 iis
1961 4805 2225 4858 consimili
2246 4838 2253 4844 -

695 4806 936 4888 eneidem
958 4805 1798 4888 (1901!!!“(SCiiiCElltilﬂtllmliiill§
1820 4815 1871 4888 et
1887 4809 1948 4886 iis
1961 4805 2225 4888 consimili
2246 4838 2253 4844 -

664 4876 763 4930 bu.»
787 4876 1115 4949 hominibus)
1148 4894 1414 4949 numquam
1441 4878 1643 4949 (spero,
1673 4877 1862 4949 credo)
1892 4878 2078 4949 istures
2106 4877 2256 4949 bono,

663 4947 928 5000 commodo
952 4948 1066 5012 erit,
1097 4958 1147 5000 ut
1169 4945 1419 5013 Christus,
1451 4945 1557 5001 etc.
1588 4948 1709 5001 Vult
1737 4945 1918 5000 dicere
1955 4945 2256 5011 Arnobius,

668 5017 943 5072 dwntonas
962 5028 1011 5072 et
1043 5020 1321 5073 haeretici»;
1351 5021 1628 5089 gavisurus
1656 5019 1837 5078 fuisse.
1878 5019 1919 5089 si
1951 5016 2146 5070 Christi
2176 5031 2261 5070 res

662 5100 829 5158 gestu:
869 5090 1190 5157 scriptorum
1216 5085 1418 5144 tantum
1444 5090 1546 5143 lide
1575 5092 1871 5143 niterentur
1900 5085 2042 5158 (quia
2060 5089 2260 5141 scilicet

664 5160 861 5227 scripta
896 5159 1143 5215 facillime
1186 5171 1408 5230 possunt
1445 5160 1730 5214 :nlnlterari
1773 5159 1855 5212 vel
1888 5158 2165 5230 tntttilari).
2195 5162 2262 5211 At

665 5230 885 5300 (pergit)
904 5247 1175 5300 numquam
1189 5228 1344 5300 fuerit
1362 5231 1439 5284 Itis
1460 5231 1600 5287 bene.
1628 5245 1915 5300 numquam
1932 5228 2256 5297 gaudebunt.

667 5298 1079 5368 (Extendi/men,
1107 5298 1261 5367 lto/fe.
1286 5301 1445 5353 dettkc
1466 5302 1565 5362 irlt,
1595 5304 1749 5353 niezu
1771 5299 1902 5354 Gute
1919 5301 2169 5363 hominen,
2190 5300 2263 5353 sic

667 5372 864 5425 werden
906 5372 1071 5425 nicltts
1111 5372 1341 5425 dadurc/t
1391 5374 1646 5441 gcwintteu
1670 5372 1707 5439 ).
1744 5371 1873 5425 Nam
1905 5380 1957 5423 et
1985 5370 2101 5423 aliis
2148 5384 2265 5441 nio-

668 5444 867 5496 ntentis
915 5443 1278 5509 compluribus
1334 5440 1516 5497 nititur
1570 5444 1700 5496 lides
1753 5442 2065 5496 christiana.
2132 5440 2265 5507 Quis

669 5513 903 5582 vulgaris
958 5514 1405 5581 interpunctiwnis
1449 5534 1461 5565 ι
1509 5513 1616 5568 Sed
1662 5529 1936 5582 numquam
1990 5512 2141 5579 fuerit
2184 5510 2264 5565 Itis

671 5585 792 5637 bene
804 5584 1031 5638 Christus
1051 5589 1133 5652 qui
1150 5586 1321 5653 fuerit,
1339 5585 1638 5646 litterarum,
1659 5594 1759 5637 etc.
1774 5602 1786 5643 ;
1802 5598 1990 5635 sensus
2005 5583 2091 5641 sit.
2113 5583 2263 5650 equi-

671 5655 793 5709 dem
823 5658 1031 5709 nescire
1072 5673 1157 5710 me
1188 5658 1355 5709 fateor
1380 5670 1497 5709 cum
1523 5654 1890 5722 ignarisimis.
1916 5655 2117 5705 UBELL.

746 5725 899 5779 LVII.
948 5755 1020 5766 —-
1078 5727 1482 5796 Contpingimus.
1542 5726 1620 5796 E§
1665 5734 1820 5796 insto
1865 5725 2095 5796 restituit
2142 5722 2266 5796 Ste-

679 5797 855 5849 wccb.
908 5806 962 5851 et
1014 5797 1094 5851 sic
1143 5792 1313 5851 atnat'
1344 5808 1546 5851 noster.
1592 5792 1735 5851 Infra
1770 5794 1863 5849 lib.
1898 5808 1953 5847 tv
1999 5793 2266 5863 :ignomi-

2348 3394 2521 3448 niosas
2565 3394 2892 3462 compingitis
2937 3393 3140 3459 fabulas
3171 3400 3225 3447 et
3253 3391 3349 3446 lib.
3380 3407 3474 3458 vu,
3507 3389 3777 3462 oltscamas
3817 3406 3963 3445 com-

2349 3466 2560 3539 pingere
2601 3460 2883 3519 contiones.
2916 3464 3109 3519 Cmtrri
3147 3464 3496 3534 :couﬁngitis.
3531 3460 3739 3518 Οειειλ..

2424 3555 2760 3612 Ειιῑεςενιαια.
2789 3556 2852 3610 Et
2880 3558 2981 3611 boc
3009 3556 3237 3613 debetur
3263 3553 3598 3612 Stewecbio.
3628 3558 3823 3611 Amant
3851 3553 3970 3609 {reo

2350 3627 2721 3695 queulativuut
2768 3627 2877 3682 Afri
2901 3668 2915 3689 ,
2957 3626 3253 3696 Apuleius,
3288 3624 3655 3687 Tertulltauus
3688 3634 3743 3678 et
3782 3629 3966 3681 Arno-

2354 3698 2471 3751 bius
2491 3740 2503 3759 ,
2533 3698 2831 3752 imitatione
2860 3698 3122 3753 Plautina.
3154 3697 3243 3751 Sic
3273 3697 3568 3750 edissertttte
3591 3706 3640 3751 ct
3661 3696 3817 3749 dicite
3840 3711 3970 3767 pas-

2356 3768 2455 3823 sint
2490 3783 2575 3837 ap.
2612 3777 2879 3825 nostrum.
2914 3769 3019 3825 Alii
3048 3786 3061 3825 :
3092 3769 3362 3824 edisserta.
3393 3768 3599 3821 OnELL.

2432 3858 2777 3921 'l'urttissitttas
2809 3861 2910 3913 diis
2937 3869 3106 3914 notas.
3158 3860 3230 3912 Ita
3263 3858 3531 3914 Meursius
3567 3865 3625 3911 et
3661 3855 3974 3913 Salmasius

2360 3932 2665 3988 verissime.
2690 3936 2858 3985 Antea
2884 3932 2976 3984 dii.
3004 3931 3209 3985 OBELL.

2433 4025 2536 4078 Ant
2573 4040 2674 4091 non
2705 4023 3022 4077 simillimum
3060 4024 3162 4076 veri
3201 4029 3293 4087 est,
3338 4021 3493 4089 ﬁnem
3532 4020 3718 4073 vicinis
3748 4029 3797 4074 et
3840 4022 3972 4087 ﬁni-

2364 4097 2519 4158 timis,
2549 4111 2698 4162 quant
2728 4096 3011 4163 spatiorum
3041 4095 3207 4147 inesse
3230 4093 3600 4161 longinquitate
3629 4092 3977 4147 distantibus.

2362 4167 2642 4221 Notandus
2676 4166 2761 4219 hic
2792 4180 2917 4218 usus
2946 4163 3257 4231 superlativi
3289 4178 3385 4231 pro
3426 4163 3836 4229 comparativo,
3888 4165 3980 4216 ubi

2365 4242 2539 4302 major
2584 4236 2779 4305 aliquis
2817 4234 3235 4303 comparationis
3274 4234 3468 4302 gradus
3515 4232 3815 4305 indicatur.
3868 4234 3976 4287 Aut

2363 4325 2463 4362 non
2495 4303 2724 4362 simi/lim
2750 4324 2813 4359 Am
2846 4308 2948 4360 veri
2976 4316 3051 4361 est
3086 4320 3181 4375 pro
3211 4315 3299 4357 aut
3332 4320 3433 4358 non
3466 4303 3631 4357 multo
3658 4314 3735 4357 est
3773 4306 3983 4363 mosi-

2366 4380 2558 4432 ntilius.
2592 4378 2796 4432 ORELL.

2434 4456 2615 4511 LVIII.
2658 4486 2729 4495 —
2769 4454 2876 4511 Sed
2924 4454 2986 4508 ab
3039 4454 3260 4508 indoctis
3307 4452 3598 4506 hominibus
3646 4463 3699 4505 et
3755 4455 3986 4509 rudibus

2359 4529 2551 4593 scripta
2579 4537 2719 4580 sunt.
2757 4526 2877 4579 Fuit
2908 4528 3021 4579 btec
3048 4525 3327 4592 scripturm
3377 4524 3687 4578 criminatio
3726 4538 3757 4577 a
3802 4524 3987 4593 genti-

2363 4600 2462 4652 bus
2493 4612 2686 4666 passu"
2721 4599 2982 4651 inculcata
3008 4639 3019 4655 ,
3049 4607 3209 4666 atque
3234 4593 3430 4649 eodem
3460 4594 3624 4648 modo
3644 4611 3677 4666 in
3709 4596 3982 4650 christia-

2363 4670 2447 4723 nis
2476 4669 2828 4737 scriptoribus
2857 4667 3073 4737 repulsa
3097 4665 3198 4722 :ut
3227 4682 3256 4719 a
3283 4667 3562 4720 Clemente
3594 4665 3981 4721 Alexandrino

2365 4741 2415 4793 itt
2449 4739 2824 4809 Protreptico,
2868 4756 2898 4792 a
2946 4740 3220 4792 Lactantio
3265 4738 3356 4792 lib.
3388 4752 3482 4867 nt",
3514 4751 3635 4805 cap.
3678 4739 3698 4790 1
3739 4746 3797 4791 et
3827 4739 3984 4791 alibi.

3487 4823 3681 4865 casco.

3487 4823 3681 4865 ERALD.

2439 4901 2732 4963 Numquam
2771 4902 2905 4963 enim
2936 4902 3121 4954 ueritas
3152 4909 3347 4955 sectata
3374 4908 3447 4951 est
3480 4903 3675 4963 fucum.
3711 4897 3986 4957 Clemens

2439 4919 2579 4955 tvum
2616 4919 2732 4955 itam
2771 4919 2905 4963 enim
2936 4919 3121 4954 veritas
3152 4919 3347 4955 sacrata
3374 4919 3447 4951 est
3480 4919 3675 4963 tucum.
3711 4919 3986 4957 btemens

2368 4919 2660 5028 Aiettuttiir.
2708 4974 2759 5026 itt
2801 4972 3070 5037 Pt‘otrept.
3112 4974 3308 5046 Γραφᾳὶ
3347 4969 3494 5046 diduci
3518 4974 3683 5031 θεῖαι,
3718 4975 3810 5046 καὶ
3841 4973 3986 5029 trait:

2362 5054 2490 5101 τεῖαι
2518 5048 2772 5139 σώφρονες
2789 5087 2801 5105 ,
2828 5046 3075 5139 adiurans:
3097 5039 3356 5127 σὼτῂρίας
3382 5039 3488 5096 ὀδοί
3550 5044 3745 5139 you-sai
3770 5064 3990 5115 κοςιμωο

2362 5126 2528 5181 τικῆς,
2564 5114 2647 5172 nati
2673 5126 2763 5176 ria;
2796 5116 2931 5175 ἐντὸς
2962 5114 3420 5187 καλλιφωνίἁςηξιαί
3445 5114 3742 5187 στωμυλίρῑς
3784 5119 3878 5168 καὶ
3907 5135 3991 5167 xo-

2362 5188 2964 5263 luxsiacﬁnépxouqou.
2986 5182 3225 5263 ιὶεβλιτρ.
3256 5182 3575 5263 ταυιετμιιι
3598 5183 3764 5263 enim.
3802 5200 3863 5237 ut

2365 5262 2504 5323 apud
2550 5253 2809 5322 Grtee'o's',
2859 5257 3087 5315 indicat.
3115 5254 3315 5323 aliquid
3346 5253 3708 5323 supplendum
3742 5253 3992 5309 esse'e'x

2366 5322 2836 5398 praecedentibus:
2868 5337 2924 5398 ut
2959 5329 3059 5379 ttoe
3092 5322 3229 5379 loco.
3261 5322 3328 5379 Et
3357 5324 3555 5379 merito.
3591 5322 3773 5378 Recte.
3818 5325 3994 5378 Nunt-

2365 5395 2516 5470 quam
2547 5402 2715 5466 enim,
2748 5410 2853 5453 etc.
2886 5395 3089 5453 OnELL.

2437 5489 2797 5545 Collectiones.
2832 5488 2884 5542 l-l
2928 5487 3397 5560 CSbO'UPtO’ﬂO'tLO‘L
3430 5483 3563 5560 Vide
3603 5483 3870 5560 Quintil”
3898 5486 3995 5560 Iu-

2368 5563 2478 5615 stit.
2512 5578 2582 5627 tv,
2608 5562 2663 5627 2,
2697 5570 2748 5615 et
2772 5561 2822 5616 J.
2849 5559 2949 5615 Ch.
2977 5558 3078 5612 Th.
3111 5556 3325 5612 Ernesti
3352 5556 3583 5611 Lexicon
3611 5557 3999 5629 tecbnologia

2372 5633 2464 5685 lat.
2497 5632 2729 5691 rltctor..
2765 5633 2865 5686 ltoc
2895 5630 3081 5684 verbo.
3115 5631 3319 5684 UuELL.

2446 5719 2609 5797 Fides
2633 5722 2875 5797 qnteritur
2905 5719 3220 5774 assertionis.
3256 5716 3410 5772 Fulv.
3442 5714 3630 5773 Ursin.
3662 5717 4002 5797 assertioni,

2373 5808 2478 5849 non
2508 5792 2664 5848 male.
2699 5791 2905 5847 Οιιειι..
