4236 6264
545 256 653 315 799

1644 259 1663 267 ·
1692 259 1968 318 annona
2011 260 2380 319 aovnnsus
2418 222 2698 319 cicures

3747 257 3861 318 800

545 375 790 432 habetis?
815 375 1007 431 Nonne
1056 375 1198 431 alius
1246 374 1365 430 haec
1407 375 1548 430 utria
1575 416 1590 443 ,
1639 375 1779 431 alius
1807 375 1990 432 dicitis
2037 378 2138 434 hos
2168 379 2219 439 A
2245 378 2558 435 differenter
2584 378 2669 434 his
2709 380 2805 447 uti,
2835 388 2892 434 et
2946 378 3140 435 frustra
3174 392 3275 434 nos
3305 377 3488 434 dicitis
3514 378 3859 436 soltecismo-

546 467 740 524 utres?
781 465 979 531 eteius.
1010 474 1067 522 et
1100 464 1338 523 caelum?
1372 479 1477 520 non
1503 467 1631 520 item
1676 467 1795 520 lilus
1818 507 1833 532 ,
1871 477 1926 521 et
1965 467 2153 525 tilum?

549 576 657 616 non
708 559 836 613 item
881 572 1116 626 crocus,
1149 568 1204 615 et
1232 560 1484 615 crocum?
1532 575 1641 614 non
1689 559 1817 614 item
1867 562 2154 628 fretus,et

551 651 748 708 fretum
767 651 792 703 ?
845 665 953 706 non
1002 654 1129 707 item
1157 652 1299 719 apud
1332 668 1428 708 vos
1456 663 1540 708 est
1571 654 1804 720 positum
1835 654 1938 709 hoc
1969 671 2107 724 pane
2133 696 2147 721 ,

551 752 607 800 et
650 741 738 797 Itic
767 742 921 813 panis
947 785 961 804 ,
1011 743 1100 800 hic
1123 745 1433 815 sanguinis,
1466 747 1566 800 hoc
1596 746 1870 815 sanguen?
1895 747 2151 802 candela-

553 836 713 892 brum
744 846 798 891 ct
822 836 1065 907 jugulum
1092 878 1109 905 ,
1161 838 1375 893 ratione
1412 837 1600 894 eadem
1626 838 1845 909 jugulus
1874 850 1927 895 ct
1952 840 2152 896 cande-

555 929 750 986 laber?
780 928 910 984 Nam
958 931 1002 983 si
1047 931 1256 1001 singula
1307 932 1523 986 nomina
1570 947 1675 985 non
1710 943 1935 1002 possunt
1959 949 2156 1004 genera

555 1022 710 1094 plura
738 1021 941 1078 habere
971 1038 1131 1094 quam
1176 1024 1387 1091 singula
1421 1039 1641 1096 :neque
1689 1025 1878 1082 eadem
1935 1036 2160 1097 possunt

560 1116 723 1187 hujus
750 1132 871 1172 esse
897 1118 1134 1187 generis,
1162 1127 1217 1173 et
1244 1117 1409 1185 illius,
1439 1135 1609 1186 genus
1641 1123 1784 1175 enim
1811 1121 2041 1175 transire
2066 1135 2160 1191 ge-

562 1212 744 1266 nusin
772 1211 1002 1264 alterum
1050 1225 1157 1265 non
1207 1220 1414 1280 potest,
1468 1220 1574 1266 tam
1625 1220 1809 1279 peccat
1841 1215 1930 1283 qui
1958 1228 2160 1283 genera

564 1304 861 1360 masculina
905 1304 1176 1360 femininis
1204 1305 1518 1374 pronuntiat
1548 1306 1778 1375 legibus,
1811 1320 1972 1375 quam
2002 1306 2071 1360 ab
2094 1321 2162 1361 eo

564 1408 840 1468 peccatur,
890 1399 980 1466 qui
1011 1397 1270 1452 articulos
1314 1397 1643 1453 masculinos
1684 1396 1963 1452 femininis
2000 1412 2164 1466 gene-

565 1487 716 1543 ribus
757 1490 1064 1556 anteponit.
1100 1490 1259 1559 Atqui
1289 1505 1388 1543 vos
1434 1491 1797 1560 conspicimus
1838 1502 1891 1545 et
1933 1506 2020 1545 res
2048 1505 2163 1544 ma.

567 1580 805 1637 sculiuas
846 1580 1128 1648 feminine,
1171 1596 1225 1639 et
1272 1583 1535 1640 femineas
1586 1587 1904 1652 masculine,
1936 1595 1989 1641 et
2033 1601 2167 1657 quas

570 1689 694 1730 esse
722 1675 900 1730 dicitis
933 1684 1172 1744 neutras,
1203 1686 1262 1732 et
1290 1677 1383 1733 illo
1404 1718 1420 1744 ,
1475 1686 1530 1733 et
1579 1677 1685 1733 hoc
1722 1679 1882 1735 modo
1910 1680 2028 1734 sine
2061 1678 2166 1733 ulla

2252 487 2367 526 rum
2394 471 2760 526 obscoenitate
2780 470 3055 526 deformes
3083 488 3097 524 ε
3122 479 3214 524 aut
3232 469 3277 526 si
3301 477 3510 525 certum
3538 477 3624 525 est
3640 467 3857 536 singula

2250 563 2447 633 quibus
2473 563 2703 618 debeant
2733 563 3034 618 rationibus
3064 563 3321 632 explicari
3347 604 3360 623 ,
3391 563 3443 616 in
3476 561 3749 616 similibus
3770 559 3852 614 vi-

2254 655 2339 709 tiis
2358 670 2454 710 vos
2475 671 2688 726 quoque
2709 655 2999 711 versamini
3025 671 3039 706 :
3067 654 3315 724 quamvis
3334 652 3622 723 Epicadtos
3643 666 3860 718 omnes,

2251 745 2553 808 Ctesellios.
2589 746 2832 812 Verrios,
2863 747 3100 801 Scauros
3126 745 3353 800 teneatis
3371 785 3387 807 ,
3415 754 3471 798 et
3494 742 3680 799 Nisos.

2328 840 2440 895 LX.
2491 841 2593 896 Sed
2641 841 2685 895 si
2728 840 2909 905 Deus,
2945 838 3226 909 inquiunt.
3283 835 3382 891 fuit
3425 835 3712 899 Christus.
3763 850 3865 890 cur

2259 934 2430 989 forma
2458 946 2540 987 est
2569 935 2619 987 in
2648 934 2881 987 hominis
2904 930 3090 986 visus?
3116 940 3172 985 et
3199 945 3297 984 cur
3323 945 3474 984 more
3495 939 3581 984 est
3609 930 3865 984 interem-

2258 1038 2381 1099 ptus
2410 1024 2682 1081 humano?
2712 1028 2791 1079 An
2818 1025 2978 1079 aliter
3006 1024 3178 1093 potuit
3208 1020 3495 1076 invisibilis
3533 1021 3617 1074 illa
3653 1022 3771 1086 vis,
3809 1029 3865 1077 et

2264 1120 2469 1174 habens
2523 1119 2720 1172 nullam
2773 1116 3130 1171 substantiam
3168 1113 3540 1183 corporalem.
3576 1112 3787 1167 inferre
3816 1122 3872 1170 et

2261 1212 2608 1269 commodare
2636 1227 2695 1265 se
2726 1209 2945 1274 mundo,
2971 1206 3219 1281 conciliis
3245 1206 3514 1259 interesse
3529 1204 3870 1272 mortalium,

2261 1322 2421 1377 quam
2465 1317 2523 1359 ut
2561 1304 2778 1375 aliquod
2825 1311 3042 1373 tegmen
3095 1298 3339 1354 materia:
3388 1297 3665 1352 solidioris
3709 1312 3871 1352 assu.

2264 1407 2469 1462 meret,
2501 1397 2639 1464 quod
2668 1396 2949 1449 oculorum
2998 1391 3302 1459 susciperet
3347 1388 3603 1458 injectum
3629 1428 3645 1454 ,
3675 1401 3732 1444 et
3773 1390 3866 1444 ubi

2268 1509 2327 1548 se
2356 1494 2518 1562 figere
2550 1490 2897 1544 inertissima:
2925 1494 3107 1555 posset
3125 1482 3601 1551 contemplationis
3615 1482 3875 1536 obtutus?

2269 1585 2401 1652 Quis
2440 1593 2523 1639 est
2551 1584 2696 1638 enim
2720 1590 2747 1619 ⁸
2776 1579 3119 1644 mortalium,
3152 1578 3241 1648 qui
3271 1577 3451 1648 quiret
3474 1591 3600 1632 eum
3646 1575 3835 1632 videre
3855 1616 3874 1640 ,

2263 1678 2384 1750 quis
2412 1690 2658 1739 cernere,
2686 1675 2730 1729 si
2756 1672 2916 1727 talem
2942 1670 3201 1726 voluisset
3227 1667 3429 1724 inferre
3448 1684 3511 1724 se
3532 1667 3712 1732 terris,
3737 1682 3874 1737 qua-

569 1766 901 1826 discretlone
929 1769 1273 1841 depromere.
1302 1773 1410 1827 Aut
1435 1771 1599 1843 igitur
1622 1773 1766 1828 nulla
1798 1782 1881 1828 est
1908 1772 2061 1841 culpa
2089 1773 2166 1827 in-
2197 1766 2245 1825 B
2273 1771 2337 1824 lis
2364 1770 2412 1824 ei
2446 1767 2758 1838 primigenia
2786 1772 2976 1820 natura
3000 1774 3118 1822 est:
3148 1770 3204 1818 et
3227 1761 3441 1833 qualem
3473 1776 3534 1818 se
3558 1759 3676 1831 ipse
3700 1759 3755 1815 in
3777 1775 3877 1816 sua

1788 1880 2171 1938 LECTIONES
2209 1877 2516 1936 VARIANT
2525 1876 2628 1933 ES.

639 1970 664 2001 ⁸³
712 1969 927 2021 Etenim.
961 1969 1105 2022 Fulo.

1936 2081 2515 2142 COMMENTARIUS.

656 2197 841 2252 Nonne
884 2198 1018 2252 alius
1063 2199 1172 2253 lttec
1199 2200 1356 2267 utria,
1388 2200 1524 2256 alius
1570 2201 1740 2257 dicitis
1784 2203 1876 2257 hos
1903 2212 2060 2258 utres.
2094 2202 2170 2257 Ita

583 2268 726 2327 edidi
750 2284 870 2323 cum
901 2269 1069 2338 Lugd.
1105 2270 1220 2325 Bat.
1255 2271 1474 2326 Vatiaut
1514 2283 1694 2327 autem
1733 2273 1970 2329 editores
1999 2293 2010 2327 :
2035 2272 2170 2329 Cod.

582 2359 685 2396 ms.
716 2340 979 2412 aliud.....
1019 2341 1185 2401 aliud,
1234 2343 1376 2412 quod
1424 2344 1706 2399 manifeste
1737 2346 2008 2400 vitiosum.
2040 2345 2172 2400 Nam

584 2413 743 2487 hujus
773 2411 1400 2487 lectionissensus’foret
1425 2433 1436 2466 :
1464 2414 1606 2470 aliud
1644 2415 1770 2483 (hoc
1797 2429 1881 2472 est
1907 2419 2174 2487 signiﬁca-

585 2484 731 2539 tione
758 2481 1055 2553 diversutu)
1082 2498 1204 2537 esse
1231 2485 1366 2539 tttria
1402 2495 1456 2540 et
1480 2481 1662 2544 utres.
1693 2503 1814 2541 cum
1861 2481 2036 2542 tanien
2082 2503 2175 2539 vo-

585 2554 773 2610 cabula
816 2553 1056 2622 ejusdem
1089 2554 1532 2624 significationis,
1563 2569 1618 2611 at
1647 2558 1874 2612 diversa:
1915 2560 2173 2613 terminu-

591 2626 751 2700 tionis
784 2635 871 2700 Aet:
890 2624 1109 2700 generis
1154 2625 1247 2700 hic
1293 2638 1577 2700 enumeret
1625 2631 1913 2684 Arnobius.
1969 2631 2177 2700 Lipsius

592 2695 699 2767 leg.
715 2693 901 2767 Διιιὶιώὶ
930 2694 1041 2749 [uec
1062 2697 1198 2750 atria
1217 2738 1232 2757 ,
1276 2698 1568 2752 aliubi
1596 2700 1687 2753 Itos
1730 2714 1880 2755 utres.
1919 2693 2180 2756 Heraldns

593 2763 670 2821 in'
704 2763 1166 2842 Curissecundis
1215 2768 1427 2842 (eontra
1473 2770 1825 2842 Salmasmm)
1884 2773 2073 2826 scribit
2128 2772 2179 2824 itt

591 2847 756 2892 msto.
787 2837 1033 2892 estitisse
1062 2837 1233 2895 alius.
1262 2840 1354 2893 sed
1393 2851 1577 2908 postea
1601 2842 1705 2894 alia
1756 2837 1937 2906 manu,
1967 2844 2180 2910 alioque

591 2917 893 2984 atramento
921 2916 1179 2984 mutatum
1208 2923 1329 2984 e5s_e
1360 2910 1412 2984 in
1436 2910 1587 2984 aliud
1605 2954 1619 2971 ,
1650 2914 1858 2984 etipse
1896 2914 2179 2984 legendum

594 2979 863 3036 existimat
894 2978 1249 3050 alias—alias.
1280 2980 1538 3049 Equidem
1556 2997 1660 3036 non
1678 2978 1857 3050 video,
1875 2978 2185 3047 quarealius

738 3050 872 3118 alius
902 3049 1214 3104 mutandum
1244 3051 1329 3104 Sit.
1365 3051 1469 3106 Pro
1498 3055 1890 3108 ulria.....ulres
1909 3054 2146 3109 Gronov.
2168 3094 2182 3118 ,

596 3200 745 3260 utera
886 3199 1093 3252 uteros,
1141 3193 1229 3260 qui
1279 3190 1482 3247 Gellius
1503 3234 1516 3256 ,
1571 3195 1607 3247 Ι.
1643 3195 1678 3248 Ι.
1699 3190 1737 3254 ,⁷
1759 3196 1953 3250 habent
1987 3206 2183 3250 uterus.

598 3258 706 3315 Sed
733 3268 789 3314 et
816 3258 901 3329 hic
931 3261 1001 3312 ttil
1039 3258 1370 3329 mutandum,
1423 3264 1669 3319 novimus
1708 3266 1849 3320 enim
1882 3270 2189 3329 complures

597 3328 868 3398 ejusmodi
897 3330 1164 3385 oltsoleta~
1197 3328 1517 3401 antiquioris
1545 3336 1825 3391 Latinitatis
1854 3328 2190 3392 terminatio-

600 3415 700 3455 nes
738 3415 959 3469 prorsus
986 3402 1282 3466 interiisse,
1312 3405 1442 3457 alias
1474 3410 1846 3460 tantummodo
1872 3418 2112 3463 Set-vatus
2134 3409 2189 3463 in

596 3472 1073 3548 grammaticorum
1093 3472 1289 3527 citatis.
1321 3473 1389 3528 Et
1413 3474 1615 3530 Nooius
1646 3482 1810 3533 verbo
1838 3490 1972 3533 utres
2004 3492 2191 3548 aperte

598 3541 731 3619 dicit
770 3546 1221 3619 etiamutteutrum
1264 3556 1574 3619 usurpatum
1616 3547 1685 3602 ab
1716 3552 1984 3619 antiquis.
2017 3541 2191 3604 citatis

598 3610 776 3666 locum
817 3612 1005 3667 Lucilii
1040 3629 1056 3666 :
1085 3613 1380 3670 Androuius
1400 3610 1406 3612 '
1428 3615 1625 3671 Flaccii
1654 3631 1766 3680 eget
1796 3610 1951 3680 ut'ria.
1982 3621 2187 3677 Οιιειι..

674 3681 842 3736 Caelus
864 3694 908 3736 et
943 3685 1142 3738 caelum.
1177 3684 1306 3741 Vide
1349 3691 1597 3743 eumdem
1643 3681 1876 3744 N'onium
1907 3692 1976 3747 de
2021 3693 2190 3746 indis-

599 3755 1093 3831 cretisgetterihus
1114 3756 1278 3810 verbo
1301 3759 1523 3831 caelum,
1539 3762 1704 3815 multa
1732 3763 1977 3831 exempla
2021 3764 2189 3819 citan-

608 3832 737 3878 tem.
768 3826 972 3879 υιιειι..
1516 3828 1523 3833 ’

679 3893 827 3971 Ρξὶιιιε
852 3905 898 3949 et
921 3896 1085 3971 lilunt.
1118 3896 1251 3971 Hoc,
1285 3900 1471 3954 nescio
1499 3916 1600 3969 qua
1641 3902 1709 3957 de
1738 3917 1899 3957 causa
1922 3947 1938 3971 ,
1972 3903 2193 3961 Fulvius

604 3963 838 4021 Ursinus
859 3976 1029 4023 mutat
1057 3970 1106 4022 in
1136 3970 1270 4023 nilus
1295 3980 1342 4023 et
1386 3963 1569 4026 hilum.
1602 3971 1806 4029 OneLL.

673 4033 867 4090 Crocus
916 4047 963 4090 et
1009 4056 1235 4093 crocum.
1275 4039 1406 4096 Vide
1441 4044 1694 4098 eumdem
1748 4046 1976 4100 Nonium
2022 4047 2193 4103 verbo

602 4122 810 4160 crocum
862 4120 1112 4165 neutrum
1155 4112 1410 4167 citautem
1458 4129 1523 4168 ex
1549 4114 1771 4169 Sallust.
1801 4116 1938 4171 Hist.
1979 4133 2036 4171 ιι.
2088 4116 2196 4171 Iter

600 4179 750 4230 vertit
775 4178 844 4231 ad
872 4181 1155 4259 _Corcyram
1185 4181 1379 4259 urbem,
1412 4196 1687 4256 pastusque
1726 4204 1956 4249 nemore,
2002 4191 2054 4241 in
2093 4205 2191 4259 quo

601 4264 808 4326 crocum
832 4251 1083 4326 gignitur_;_
1106 4253 1248 4326 quod
1282 4251 1640 4326 fragmeutm'n
1673 4259 1973 4326 neglectum
2002 4276 2029 4311 a
2056 4251 2190 4312 tior-

605 4318 699 4389 tio.
729 4317 1021 4375 Sic'eitam
1045 4317 1329 4377 Cornelius
1365 4317 1607 4389 Fronto,
1650 4317 1789 4382 Iibtro
1815 4346 1828 4382 ι
1859 4330 1924 4383 de
1953 4330 2194 4384 Oratori-

604 4387 703 4465 bus
737 4390 799 4465 in
821 4394 1077 4465 operimus
1096 4395 1408 4465 Anovilsime
1439 4387 1664 4465 reperti~
1694 4411 1747 4453 et
1793 4400 1951 4454 editis
1982 4402 2048 4454 ab
2083 4405 2192 4454 An-
2223 4456 2228 4462 ,

604 4458 727 4527 gelo
754 4455 924 4535 Maio,
968 4479 1022 4530 q.
1052 4462 1158 4535 226
1192 4480 1205 4516 :
1240 4462 1350 4517 Tibi
1390 4455 1737 4535 stepenumero
1775 4472 2059 4523 curandum
2086 4488 2196 4525 cro-
2223 4455 2276 4515 Ῑ)

603 4543 729 4604 cunt
768 4530 821 4583 in
850 4532 1045 4585 theatro
1068 4533 1219 4603 longe
1245 4544 1395 4604 atque
1422 4530 1525 4589 alte
1555 4540 1893 4604 exprimatur.
1918 4541 2123 4597 ORELL.

680 4596 868 4681 Frenis
911 4596 1212 4681 etnfreturit.
1263 4596 1376 4681 liae
1425 4596 1796 4681 de__re'plttra
1852 4596 2202 4681 proferuntur

606 4671 916 4751 exemplaa
946 4672 1140 4751 Nonio.
1171 4676 1274 4751 Sed
1308 4678 1448 4751 quod
1482 4677 1553 4731 ibi
1583 4694 1612 4732 e
1638 4671 2202 4751 Lucilio'proponitur

604 4741 719 4817 caeli
747 4743 949 4817 nomine
969 4754 1014 4817 et
1041 4744 1164 4817 salis
1204 4741 1362 4817 fretus
1382 4789 1395 4808 ,
1428 4748 1648 4817 legerint
1678 4752 1790 4806 caeli
1816 4741 1998 4808 lumen.
2031 4764 2077 4807 et
2105 4757 2204 4809 sali

606 4810 793 4895 fretus.
839 4812 913 4867 la
943 4810 1289 4895 significabat
1316 4810 1586 4895 Lucilius,
1631 4822 1735 4895 dici
1774 4824 2053 4893 eleganter
2089 4828 2203 4881 caeli

605 4879 778 4960 lumen
800 4899 896 4950 pro
924 4888 1161 4960 caelo,“
1190 4887 1289 4941 sali
1318 4890 1501 4957 fretum
1531 4879 1628 4960 pio
1655 4894 1789 4947 salo.
1826 4879 2065 4951 Ηῖςιιιιιυ.

686 4950 798 5035 fige
819 4965 1016 5035 paneet
1046 4958 1126 5009 hic
1151 4950 1327 5035 panis;
1353 4950 1560 5015 Charis.
1593 4962 1723 5017 lost.
1753 4950 2011 5035 granum,
2041 4968 2133 5022 lib.
2163 4985 2201 5033 ι,

607 5034 662 5090 p.
697 5025 787 5079 69.
824 5024 983 5101 fauis
1023 5024 1306 5101 masculino
1336 5048 1518 5100 genere
1552 5024 2204 5101 dicitur:tatnetsi'neutro

606 5108 790 5162 genere
813 5094 1034 5151 Plautus
1057 5100 1187 5152 dixit
1212 5101 1264 5153 iu
1294 5094 1598 5157 curculione
1626 5120 1644 5159 :

762 5208 883 5260 Hzec
900 5219 1015 5262 sunt
1034 5215 1221 5264 ventris
1234 5215 1587 5279 stabilimenta,
1613 5234 1740 5284 pane
1765 5227 1817 5272 et
1838 5236 1946 5273 assa
1972 5225 2172 5276 bubula.

680 5311 766 5367 Cf.
795 5313 1048 5370 Nonium.
1079 5318 1321 5377 Euasit.

687 5382 788 5476 llic
813 5388 1020 5476 sanguis
1046 5399 1091 5443 et
1120 5392 1213 5444 hoc
1242 5410 1492 5476 sanguen;
1518 5394 1638 5452 Vid.
1664 5398 1868 5476 Nonius
1895 5402 1945 5456 itt
1974 5406 2203 5476 sanguis,

610 5451 872 5510 Prisoian.
899 5451 1041 5523 ,vlib.
1070 5476 1155 5528 v1,
1193 5478 1249 5533 ρ.
1294 5451 1430 5529 768;
1469 5451 1688 5523 Lucret.
1710 5451 2200 5537 ,⁷

684 5594 1077 5673 Candelabrum,
1126 5604 1445 5662 candelaber.
1499 5607 1714 5665 Videsis
1756 5544 2207 5673 Nihiiiiiinierbo

613 5667 997 5724 candelabrum.
1030 5667 1276 5730 Eun-1m.

691 5735 989 5806 Epicadios.
1037 5743 1116 5798 Ita
1148 5747 1361 5817 legend.
1409 5765 1515 5808 ms.
1546 5760 1601 5808 et
1637 5752 1769 5810 edit.
1810 5767 1951 5810 rom.
1986 5755 2210 5828 Epicau-

1393 5544 1400 5551 α

2278 2198 2397 2252 deos
2436 2198 2646 2252 vitiose.
2688 2196 2914 2254 Sueton.
2966 2196 3034 2253 de
3080 2197 3276 2252 illustr.
3309 2198 3611 2252 Grammat.
3635 2240 3652 2262 .
3683 2213 3736 2255 c.
3767 2201 3881 2255 ηε

2279 2268 2543 2323 Cornelius
2582 2268 2843 2336 Epicadus
2877 2267 2937 2321 L.
2973 2266 3202 2323 Cornelii
3230 2268 3399 2323 Sullte
3423 2270 3696 2324 dictatoris
3727 2272 3884 2326 liber-

2279 2349 2361 2411 tus
2408 2342 2702 2409 calatorque
2743 2341 2796 2393 in
2847 2341 3129 2393 sacerdotio
3176 2340 3453 2410 augurali,
3506 2342 3716 2411 ﬁlioque
3766 2344 3883 2410 ejus

2281 2409 2478 2464 Fausto
2513 2413 2834 2480 gratissimus
2877 2411 3010 2476 fuit;
3038 2427 3196 2478 quare
3225 2409 3496 2481 numquam
3525 2409 3634 2464 non
3672 2409 3881 2466 uisu.-

2280 2498 2376 2546 que
2399 2499 2452 2534 se
2478 2484 2710 2535 libertum
2740 2482 2919 2535 edidit.
2950 2481 3162 2535 Librum
3188 2480 3390 2543 autem,
3415 2498 3560 2551 quem
3591 2480 3744 2537 Sulla
3782 2500 3881 2537 uo-

2280 2553 2542 2605 vissimum
2575 2554 2636 2605 de
2668 2556 2814 2606 rebus
2861 2554 2966 2606 suis
3008 2554 3359 2622 imperfectum
3412 2551 3721 2620 reliquerat.
3769 2554 3883 2622 ipse

2279 2624 2554 2690 supplevit.
2590 2623 2670 2677 Cf.
2709 2624 2842 2678 Lnd.
2870 2623 3077 2685 Carrio,
3108 2626 3195 2692 qui
3219 2623 3288 2676 de
3312 2622 3532 2677 homine
3550 2624 3749 2679 nttlllus
3772 2634 3877 2692 est,

2283 2693 2433 2748 Lect.
2464 2696 2656 2763 emit...
2707 2696 2800 2750 ιιι».
2836 2711 2885 2758 ι,
2908 2710 3028 2757 cap.
3057 2695 3144 2748 15.
3176 2693 3381 2748 Οιιειι..

2356 2763 2633 2820 Caecllius.
2662 2764 2940 2821 Camenius
2971 2765 3171 2820 Vindex
3199 2766 3415 2834 scripsit
3457 2764 3882 2821 commentarios

2284 2835 2741 2890 celebrati~siuris
2769 2836 3082 2891 Lectionum
3113 2837 3476 2904 antiquarum.
3518 2846 3653 2891 teste
3676 2835 3877 2904 Gellio,

2285 2905 2378 2959 lib.
2412 2922 2517 2963 vn.
2545 2922 2663 2971 cap.
2696 2908 2745 2961 2.
2776 2908 2866 2977 qui
2908 2908 3055 2960 illum
3081 2906 3353 2977 hominem
3386 2906 3525 2960 haud
3572 2908 3881 2976 intelligen-

2289 2987 2395 3029 tent
2442 2978 2641 3032 laudat.
2684 2976 2891 3033 Cita’lur
2928 2994 3141 3047 quoque
3180 2993 3208 3030 τι
3251 2976 3535 3038 Charisio.
3563 2977 3656 3031 lib.
3692 2994 3709 3032 ι
3739 2991 3794 3032 et
3821 2994 3880 3045 tt,

2214 3076 2257 3135 Ο
2289 3058 2343 3101 et
2374 3046 2670 3135 gruem?
2703 3049 2873 3135 litin}.
2912 3046 3128 3135 sit-pius.
3152 3048 3399 3135 ξιιιεμιῑ.
3427 3048 3713 3135 (ﬁt-onem.

596 3121 663 3174 ad
706 3121 769 3172 Α.
826 3117 1000 3182 Gell.,
1060 3120 1150 3173 lib.
1205 3135 1431 3195 t_tt._cajt
1510 3123 1609 3187 16,
1661 3124 1946 3195 legendum
2000 3116 2257 3179 censetu

2376 3116 2597 3173 Verrios.
2637 3116 3024 3190 Intelligendus
3063 3120 3128 3172 Μ.
3170 3120 3387 3175 Veirius
3436 3118 3692 3185 Flaccus,
3735 3119 3884 3175 illus-

2291 3189 2388 3242 tris
2416 3195 2799 3262 gratntnnticns
2829 3189 3072 3257 tempore
3110 3192 3330 3262 Augusti
3351 3231 3366 3256 ,
3407 3190 3477 3244 de
3503 3207 3612 3262 quo
3641 3192 3885 3260 pluribus

2289 3270 2398 3331 agit
2445 3260 2732 3315 Suetonius
2752 3304 2765 3319 .
2796 3263 2869 3316 de
2900 3263 3097 3316 illustr.
3131 3261 3429 3316 Grammat.
3459 3302 3472 3322 ,
3506 3260 3629 3331 cap.
3663 3262 3760 3326 l7,
3790 3279 3888 3315 cn—

2286 3329 2482 3403 ju~_que
2514 3349 2645 3403 opus
2674 3333 2742 3386 de
2760 3333 3154 3400 significatione
3185 3334 3472 3387 verborum
3501 3329 3885 3403 compendium

2293 3400 2501 3470 redegit
2538 3401 2751 3456 Festus.
2786 3404 2992 3459 OBELL.

2381 3472 2626 3527 Scaurus.
2683 3473 2944 3529 Terentius
2992 3473 3219 3529 Scaurus
3268 3473 3374 3527 divi
3420 3472 3638 3528 Adriani
3690 3485 3888 3542 tempo-

2292 3542 2432 3613 ribus
2458 3548 2818 3613 grammaticus
2845 3547 2922 3601 vel
2970 3544 3314 3599 nobilissimus
3332 3589 3347 3612 ,
3398 3552 3537 3599 teste
3581 3548 3644 3601 Α.
3673 3545 3848 3601 Gellio
3868 3588 3884 3613 ,

2293 3612 2387 3666 lib.
2422 3612 2510 3678 xi,
2553 3630 2672 3681 cap.
2716 3618 2818 3683 24,
2875 3617 2961 3671 ubi
2987 3616 3094 3669 vid.
3142 3616 3386 3672 Gronov.
3440 3616 3609 3682 Hujus
3639 3629 3783 3671 emat
3822 3612 3890 3670 li-F

2295 3684 2927 3757 bcrAdeprthograpitia.
2973 3703 3001 3740 τι
3048 3687 3298 3741 Pulschio
3340 3686 3541 3742 editus.
3572 3685 3779 3743 Οιιειι..

2370 3754 2434 3807 Et
2464 3753 2643 3811 Nisos.
2678 3753 2795 3811 Τιι.⁷
2822 3757 3088 3813 Canterus
3126 3759 3255 3814 Var.
3284 3757 3460 3829 Lecl.,
3495 3774 3549 3829 ι,
3576 3758 3668 3820 25,
3712 3760 3891 3829 legen-

2294 3823 2422 3878 dum
2452 3830 2722 3883 existimat
2765 3828 2946 3900 Gnifos
2991 3829 3083 3897 (Μ.
3117 3831 3383 3883 Antonius
3408 3826 3570 3884 Gnifo
3618 3823 3890 3883 memora-

2297 3906 2382 3966 tur
2407 3914 2433 3948 a
2467 3900 2771 3963 Suetutio).
2815 3902 2919 3955 sed
2944 3901 3056 3966 ipse
3087 3901 3410 3955 sententiam
3451 3909 3733 3964 retractat,
3769 3916 3891 3953 mn.

2297 3965 2442 4020 uitus
2491 3986 2519 4021 a
2568 3970 2863 4035 Cat-rione,
2916 3965 3096 4040 .\ntiq.
3150 3971 3336 4034 Lect.,
3385 3969 3480 4025 lib.
3510 3987 3579 4025 tt.
3612 3986 3729 4039 cap.
3776 3971 3884 4036 11,

2295 4040 2384 4113 qui
2412 4040 2711 4113 multost-St
2749 4044 2815 4094 de
2860 4041 2987 4096 Niso
3016 4042 3402 4113 grammatico,
3434 4040 3625 4113 passim
3656 4045 3823 4113 citato
3854 4058 3888 4096 a

2297 4108 2577 4181 t_1hartsio,
2608 4111 2759 4167 Velio
2795 4115 2999 4181 Longo.
3020 4108 3243 4177 Servio,
3288 4108 3575 4167 Prisciano.
3608 4111 3751 4166 [uter
3776 4112 3886 4166 alia

2298 4177 2581 4252 fastorum
2610 4184 2773 4239 libros
2789 4177 3177 4252 ctttts'cripsisse
3196 4199 3319 4238 eum
3339 4192 3562 4238 testatur
3580 4181 3884 4238 Mat-robios

2296 4247 2457 4323 Sat._,_
2482 4268 2495 4304 t
2530 4268 2648 4323 cap.
2679 4256 2764 4310 12.
2794 4272 2910 4323 qme
2937 4247 3121 4308 notitia
3151 4253 3283 4323 fugit
3313 4256 3644 4308 Carrionem.
3674 4252 3883 4309 ORELL.

2640 4321 3109 4391 Quod—oculorum
3162 4321 3441 4394 susciperet
3485 4324 3751 4392 injectum.
3798 4332 3894 4386 τήν

2299 4392 2579 4465 ἐπίϐλεψιν.
2643 4395 2773 4449 Nam
2832 4413 3014 4449 vorent
3067 4392 3311 4464 grtrcam'
3355 4398 3662 4465 exprimere
3723 4397 3896 4451 voluit

2303 4461 2593 4539 Atnob'us.
2630 4466 2947 4521 “ERALD.—-
2975 4461 3338 4522 Elmenhorst.
3376 4461 3441 4521 in'
3460 4467 3547 4522 ed.
3600 4467 3736 4522 llan.
3781 4468 3891 4539 leg.

2305 4536 2447 4599 conj.
2476 4538 2762 4590 sustineret.
2820 4542 3021 4594 UBELL.

2380 4603 2711 4662 lnertissimw
2731 4609 3194 4673 conteutplutimtis.
3221 4608 3279 4664 ld
3306 4618 3388 4663 est
3417 4607 3896 4677 contemplationis

2306 4675 2513 4730 obtusa:
2534 4719 2546 4742 ,
2592 4679 2796 4731 hebetis
2817 4723 2831 4743 ,
2863 4680 3164 4750 impeditae,
3198 4675 3770 4750 inlirntitatehumana
3803 4696 3899 4734 ne—

2270 4792 2273 4797 .
2307 4754 2558 4823 queuntis
2584 4750 2844 4823 aspicere
2884 4749 3063 4806 divina
3096 4767 3159 4805 ac
3204 4751 3468 4807 ctelestia.
3499 4749 3689 4807 Grzrce
3716 4751 3895 4823 μύωψ.

2309 4819 2411 4871 Alii
2438 4821 2800 4886 ineptissimw,
2861 4823 3059 4885 inepte.
3096 4823 3357 4890 Equidem
3388 4822 3674 4892 legendum
3716 4819 3899 4892 suspi—

2307 4901 2403 4943 cor
2427 4894 2795 4943 tttletttissintw.
2825 4899 2837 4940 t
2852 4900 3023 4948 insta“

2383 4960 2510 5034 Quis
2549 4973 2621 5014 est
2665 4964 2796 5015 enim
2840 4967 3160 5024 mortalium.
3216 4965 3302 5033 qui
3341 4964 3504 5034 quiret
3553 4979 3667 5016 eum
3707 4962 3895 5027 videre,

2307 5032 2418 5103 quis
2447 5046 2669 5086 cernere.
2701 5034 2846 5090 Hanc
2874 5036 3156 5090 lectionem
3191 5032 3395 5103 primus
3428 5034 3665 5087 rcstitnit
3687 5038 3900 5089 Stewe-

2309 5102 2464 5156 chius
2506 5108 2674 5158 Antea
2701 5106 3007 5174 legebatur:
3033 5106 3133 5173 Qui
3148 5116 3416 5174 quaereret,
3433 5115 3536 5159 ctc.
3557 5105 3699 5173 quod
3722 5120 3900 5159 ortum

2309 5174 2521 5245 videtur
2547 5191 2576 5227 a
2630 5176 2845 5229 librario
2873 5178 3032 5232 verba
3069 5177 3427 5245 praecedentia
3455 5174 3902 5243 contemplationis

2308 5242 2632 5299 inertissima:
2688 5248 2824 5302 male
2871 5242 3220 5317 intelligente.
3278 5247 3386 5303 Sed
3442 5248 3484 5300 si
3536 5242 3902 5303 Stevrechium

2310 5328 2631 5383 sequamur,
2688 5319 2741 5370 in
2796 5322 3076 5386 posteriori
3128 5319 3371 5373 membro
3422 5333 3542 5372 esset
3586 5317 3903 5372 debuisset:

2307 5386 2394 5461 qui
2420 5402 2644 5461 cernere,
2677 5388 2757 5441 vel
2788 5390 2898 5461 quis
2926 5400 2997 5442 est
3019 5430 3034 5449 ,
3060 5392 3147 5461 qui
3174 5405 3382 5461 cernere
3402 5399 3546 5461 ,Aetc:
3579 5389 3763 5456 Itaque
3791 5402 3905 5441 ma-

2308 5458 2389 5527 gis
2422 5456 2630 5523 placet,
2662 5455 2806 5527 quod
2837 5455 3099 5515 Heraltlu's
3144 5460 3389 5527 proponit
3423 5459 3473 5512 in
3506 5455 3904 5513 Curis’secnn—

2309 5526 2392 5580 dis
2423 5543 2437 5579 :
2475 5530 2601 5603 Quis
2631 5526 2761 5582 enim
2792 5531 3083 5585 mortalium
3104 5532 3268 5603 quiret
3294 5548 3411 5585 eum
3440 5530 3629 5593 videre,
3649 5530 3766 5600 quis
3796 5544 3905 5584 cer-

2309 5613 2460 5663 nere,
2491 5600 2672 5653 deleto
2698 5613 2792 5654 est.
2825 5605 3030 5657 UBELL.

2380 5687 2699 5767 Primigenia
2739 5704 2939 5767 natura.
2980 5694 3150 5765 Supra
3184 5695 3473 5767 primigenii
3519 5703 3687 5749 motus
3733 5691 3905 5767 mode-

2308 5775 2505 5816 ramea.
2539 5762 2656 5817 Lib.
2695 5777 2732 5819 ιι
2767 5782 2779 5820 :
2816 5762 2982 5821 liabet
3020 5761 3142 5837 ergo
3182 5761 3509 5837 primiéenios
3552 5775 3716 5820 ortus.
3762 5761 3901 5823 Mat-
