4172 6252
182 296 283 354 80l

1574 288 1773 351 LIBER
1808 287 2085 351 PRIMUS.

3390 288 3498 345 802

179 421 308 465 esse
326 403 533 461 voluita
556 402 641 459 vel
663 402 923 472 qualitate
938 403 1019 458 vel
1043 403 1289 460 nomine?
1310 406 1611 477 Assumpsit
1640 410 1799 478 igitur
1826 413 1871 469 Α
1901 409 2119 479 gatione
2146 409 2507 471 compactum.
2543 401 2676 471 Quis
2727 408 2811 457 est
2859 415 2990 472 ergo
3012 402 3161 459 visus
3181 400 3235 457 in
3258 403 3504 473 patibulo

180 497 419 555 hominis
470 495 733 561 formam,
780 506 834 550 et
861 495 963 549 sub
992 498 1161 550 nostri
1192 498 1406 567 generis
1434 498 1784 554 similitudine

180 589 478 661 potentium
510 601 664 642 suam
697 587 925 650 clausit,
977 595 1035 642 ut
1083 588 1251 642 videri
1299 600 1520 657 pOSsel,
1568 599 1622 645 et
1650 605 1783 646 con-

180 683 314 753 spici
351 698 366 734 :
396 679 561 736 verba
612 679 850 743 faceret,
879 688 933 733 et
959 677 1181 735 doceret
1210 695 1223 732 :
1253 693 1412 750 atque
1439 696 1629 735 omnes
1658 696 1787 735 exe-

179 784 442 845 queretur
470 787 558 827 res
586 786 678 826 eas
699 811 714 835 ,
770 779 993 841 propter
1037 785 1167 839 quas
1196 772 1247 824 in
1277 774 1533 825 mundum
1564 781 1787 826 venerat

182 863 497 926 faciendas,
524 862 718 917 summi
771 861 915 931 regis
956 860 1182 931 imperio
1208 870 1263 917 et
1288 863 1642 933 dispositione
1670 878 1784 919 ser-

184 954 392 1012 valisb.

262 1049 400 1106 ωλι.
436 1038 573 1117 Quid
606 1048 776 1115 enim,
811 1047 1018 1111 dicitis,
1054 1060 1153 1102 rex
1178 1062 1423 1102 summus
1454 1063 1515 1101 ea
1543 1089 1559 1114 ,
1593 1062 1712 1116 qna-
1741 1050 1795 1102 in

184 1141 395 1199 mundo
423 1140 666 1194 facienda
698 1154 821 1195 esse
843 1138 1169 1194 deero-verat
1193 1181 1209 1205 ,
1237 1140 1357 1195 sine
1385 1139 1606 1194 homine
1632 1141 1797 1194 simu-

185 1235 303 1291 lato
330 1248 437 1288 non
470 1233 660 1301 quibat
686 1230 944 1287 efﬁcere?
972 1231 1027 1287 Si
1057 1240 1335 1301 oporteret
1354 1231 1422 1284 ita
1450 1231 1588 1299 tieri,
1613 1247 1798 1301 quem-

187 1326 483 1383 admodum
534 1326 738 1388 dicitis,
789 1326 889 1380 iSta
934 1324 1163 1379 fortasse
1197 1325 1412 1379 lecisset
1459 1342 1471 1376 :
1520 1326 1643 1393 quia
1690 1340 1798 1379 non

190 1420 457 1492 Oportuit,
516 1418 679 1474 aliter
730 1417 880 1473 fecit.
910 1418 1090 1486 Quare
1140 1418 1243 1473 isto
1270 1417 1461 1483 voluit,
1493 1427 1548 1471 et
1575 1416 1671 1471 illo
1700 1432 1791 1487 ge-

191 1529 328 1571 nere
356 1512 550 1573 noluit,
580 1511 751 1566 latent
781 1510 957 1565 taliter
986 1510 1239 1564 involuta!
1262 1550 1278 1575 ,
1324 1520 1378 1565 et
1405 1510 1493 1564 vix
1522 1509 1613 1563 ulli
1645 1525 1797 1564 com-

196 1605 595 1678 prehensibiles
614 1618 792 1658 causae
811 1643 828 1670 ,
842 1619 975 1674 quas
992 1603 1242 1673 accipere
1263 1600 1493 1657 fortasse
1511 1602 1796 1672 potuisses,

196 1696 246 1755 si
268 1713 376 1753 non
400 1710 551 1752 esses
571 1694 893 1765 jamdudum
919 1695 984 1749 ad
1009 1710 1116 1749 non
1142 1692 1514 1764 accipiendum
1542 1703 1795 1763 paratus:

1894 500 2153 571 pendere,
2188 498 2309 567 quis
2350 504 2597 550 mortuus
2626 493 2751 549 est?
2802 496 2983 552 homo.
3017 510 3177 564 quem
3212 495 3462 551 induerat
3484 536 3500 562 ,

1894 601 1977 646 ete
2001 605 2184 644 secum
2211 589 2326 657 ipse
2350 586 2618 654 portabat.
2636 583 2963 640 Incredibile
2983 584 3131 639 dictu
3150 595 3254 648 eSt,
3271 593 3327 639 et
3346 585 3506 641 caecis

1894 681 2320 738 obscuritatibus
2348 679 2685 743 ianlutum,
2718 678 2765 733 si
2797 677 2954 742 velis,
2990 693 3099 732 nou
3147 692 3352 731 caecum
3379 687 3464 732 est
3488 719 3504 747 ,

1896 783 1951 829 et
1977 773 2318 828 similitudini
2339 769 2611 843 proxintef
2636 771 3010 825 constitutum.
3046 771 3102 826 Si
3131 785 3239 841 quo
3268 779 3511 840 tempore

1904 868 2103 938 Sibylla
2146 882 2388 937 praesaga
2415 907 2429 930 ,
2480 866 2702 920 oracula
2733 864 2821 919 illa
2854 867 3186 933 depromens
3206 904 3223 928 ,
3253 863 3512 919 fundebat

1900 960 1990 1026 vi,
2024 969 2082 1012 ut
2108 957 2318 1021 dicitis,
2353 956 2617 1027 Apollittis
2646 956 2801 1026 plena
2824 996 2841 1023 ,
2872 957 2940 1011 ab
2966 955 3146 1025 impiis
3189 967 3345 1012 esset
3370 969 3512 1011 cmsa

1903 1059 2064 1119 atque
2093 1050 2417 1118 interempta
2468 1048 2771 1102 latronibus
2802 1066 2813 1100 :
2847 1048 3109 1117 numquid
3144 1048 3341 1118 Apollo
3363 1047 3514 1103 dice-

1905 1151 2055 1198 retur
2084 1143 2132 1196 iu
2160 1159 2220 1195 ea
2253 1156 2374 1196 esse
2397 1142 2644 1196 occisus?
2666 1141 2721 1195 Si
2746 1140 2922 1206 Bacis,
2948 1141 2992 1194 si
3013 1140 3273 1202 Helenus,
3304 1140 3349 1193 si
3375 1138 3514 1194 Mar-

1906 1236 2013 1291 tius
2036 1279 2048 1297 ,
2079 1236 2277 1305 aliique
2309 1235 2561 1289 similiter
2582 1244 2737 1290 vates
2757 1233 3090 1290 hariolautes
3115 1242 3303 1289 essent
3326 1233 3430 1286 vita
3460 1241 3518 1288 et

1910 1329 2033 1384 lure
2058 1329 2251 1400 privztti
2280 1345 2293 1381 :
2324 1327 2586 1398 numquid
2633 1327 2829 1396 aliquis
2851 1325 3080 1391 diceret,
3113 1325 3232 1393 lege
3258 1332 3384 1379 eos!
3412 1323 3516 1379 hu-

1909 1421 2186 1475 manitatis
2214 1421 2518 1482 extinctos,
2572 1418 2663 1487 qui
2688 1417 2904 1471 illorum
2934 1432 3029 1485 per
3049 1431 3145 1471 ora
3177 1416 3467 1486 loquentes
3496 1456 3514 1483 ,

1908 1516 2022 1569 vias
2068 1529 2253 1569 rerum
2317 1513 2716 1583 postulantibus
2762 1509 3138 1581 explicabant?
3192 1508 3336 1565 Mors
3389 1508 3517 1577 illa,

1908 1623 2068 1679 quam
2101 1607 2321 1671 dicitis,
2370 1604 2633 1672 assuinpti
2688 1602 2923 1658 hominis
2974 1602 3095 1667 fuit,
3148 1616 3257 1656 non
3307 1600 3517 1671 ipsius:

1908 1698 2242 1771 gestaminis,
2278 1711 2384 1751 non
2406 1695 2671 1767 gestantis
2703 1713 2715 1749 :
2746 1710 2910 1765 quam
2940 1707 3041 1748 nec
3091 1693 3262 1763 ipsam
3311 1684 3523 1762 perpeti

196 1798 257 1848 et
288 1789 439 1859 prius
471 1798 525 1843 te
553 1764 818 1843 formares
839 1787 905 1841 ad
937 1802 1048 1841 non
1074 1785 1331 1842 credendi
1365 1785 1619 1851 frontem,
1643 1800 1802 1855 quam
1835 1765 1844 1823 Ῑ

1947 1786 2359 1853 uccubuisseth,
2413 1764 2567 1841 tanta
2617 1786 2661 1840 si
2704 1800 2812 1840 non
2862 1784 3068 1855 agenda
3100 1798 3188 1838 res
3241 1793 3419 1846 esset,
3468 1790 3525 1838 et

200 1882 299 1939 tibi
349 1894 495 1938 esset
522 1881 827 1951 expositum
879 1878 969 1950 id,
1014 1878 1159 1950 quod
1193 1889 1382 1934 nossec
1415 1886 1578 1949 atque
1623 1877 1809 1933 audire

198 1975 560 2043 conquireres
572 1970 622 2027 ά.

277 2066 438 2124 LXII.
496 2065 602 2123 Sed
652 2080 804 2122 more
864 2073 944 2121 est
992 2062 1227 2119 hominis
1274 2063 1648 2133 interemptus.
1690 2061 1809 2118 Non

205 2160 331 2231 ipse
356 2178 371 2215 :
397 2173 570 2229 neque
593 2158 741 2213 enim
766 2156 964 2212 cadere
986 2156 1196 2210 divinas
1221 2155 1273 2210 itt
1306 2170 1391 2211 res
1424 2165 1598 2224 potest
1625 2156 1813 2210 mortis

206 2267 444 2308 occasus
468 2268 483 2305 :
512 2265 609 2307 nec
635 2250 957 2305 iuteritiouis
985 2247 1343 2303 dissolutione
1365 2249 1529 2302 dilabi
1565 2247 1636 2310 id,
1661 2248 1806 2319 quod

1917 1880 2314 1952 inexplicabilis
2341 1878 2480 1934 ratio
2528 1876 2653 1932 fatil
2687 1876 2886 1932 clausis
2917 1873 3287 1946 patefacienda
3319 1881 3525 1946 myste-

1919 1976 2035 2032 riis.

1989 2066 2174 2123 LXIll.
2202 2066 2333 2135 Qua:
2362 2075 2485 2121 sunt
2517 2065 2648 2129 ista,
2684 2064 2928 2133 inquies,
2974 2062 3156 2118 clausa
3199 2069 3360 2132 atque
3405 2059 3521 2116 ob-

1918 2174 2079 2215 scura
2110 2158 2396 2231 mysteria,
2430 2174 2550 2229 qua:
2595 2157 2726 2212 nulli
2770 2172 2870 2213 nec
2914 2155 3159 2210 homines
3210 2156 3374 2220 scire,
3421 2168 3521 2209 nec

1910 2253 2033 2323 ipsi,
2065 2254 2154 2321 qui
2185 2251 2545 2321 appellantur,
2576 2249 2653 2304 dii
2680 2249 2902 2314 mundi,
2934 2258 3086 2318 parte
3112 2256 3313 2318 queunt
3342 2247 3527 2316 aliqua

207 2357 299 2402 est
332 2359 498 2399 unum
528 2355 582 2398 et
609 2342 863 2412 simplex,
913 2355 1014 2397 nec
1044 2342 1276 2396 ullarqu
1308 2342 1538 2411 partium
1569 2355 1805 2411 congre-
1909 2344 2232 2412 suSpicionis
2258 2356 2419 2415 atque
2443 2344 2770 2413 opinationis
2797 2342 3086 2415 attingere,
3109 2341 3217 2398 nisi
3243 2356 3383 2414 quos
3408 2341 3531 2412 ipse

1419 2431 1806 2490 LEC'l‘lONES
1846 2434 2262 2491 VARIANTES.
3163 2442 3175 2451 ’

284 2531 310 2559 ⁸
345 2527 529 2579 Noluit.
567 2522 717 2578 Male.
754 2526 871 2577 Sab.

284 2591 314 2631 h
363 2591 615 2641 Servatus.
644 2588 792 2640 Male.
819 2587 938 2640 Sab.

290 2656 313 2683 θ
351 2654 492 2712 Quod
526 2666 627 2701 non
651 2665 786 2707 raise.
807 2653 923 2702 Sab.

284 2715 311 2756 ιι
362 2715 633 2779 Conquiris.
668 2713 813 2763 Fulv.

1975 2531 1999 2559 °
2044 2530 2162 2579 Sed.
2191 2530 2326 2581 Fulv.

1974 2589 1997 2629 ί
2050 2592 2378 2643 Sitnilitudine
2419 2592 2664 2654 proximo.
2691 2604 2783 2643 ms.
2804 2591 2955 2645 Male.

1974 2656 2000 2695 8
2037 2654 2179 2705 Fulv.
2222 2655 2371 2704 Deos.

1972 2716 2005 2756 h
2041 2718 2123 2767 Ita
2148 2716 2313 2767 Galen.
2350 2722 2394 2768 et
2419 2716 2561 2767 Fato.
2614 2729 2705 2769 nts.
2752 2718 3087 2770 occubuisset.

1984 2780 2001 2819 i
2047 2783 2139 2831 Ms.
2168 2786 2213 2829 et
2248 2778 2367 2831 Sab.
2407 2781 2541 2831 satis.

1582 2860 2151 2920 COMMENTARIUS.

219 2957 361 3013 tian.
391 2954 611 3024 Capella
631 2996 646 3018 ,
680 2954 775 3009 lib.
811 2969 882 3009 vtt
926 2951 994 3008 de
1021 2951 1183 3026 Nrnpt.
1214 2951 1405 3026 ph_ilol.
1436 2971 1450 3009 :
1485 2953 1609 3009 Tute
1653 2957 1829 3026 sing“-

220 3030 354 3085 laris
383 3022 795 3097 priinigeniwque
818 3035 1017 3079 natura:
1045 3025 1235 3093 fontem
1259 3022 1468 3097 Jupiter
1494 3022 1819 3097 recognosce.

1420 3096 1664 3152 ELIENu.

1939 2959 2317 3014 co:icervaudi.
2349 2958 2488 3014 Vide
2517 2973 2703 3027 supra.
2735 2960 2946 3017 Onam.

2015 3031 2075 3085 Si
2124 3029 2299 3097 Bacis,
2347 3032 2391 3084 si
2432 3028 2679 3084 Helenus.
2733 3032 2858 3086 Ha-c
2893 3040 2978 3086 est
3024 3030 3366 3101 sagacissima
3414 3047 3547 3087 con-

1938 3101 2146 3173 jectura
2177 3101 2226 3157 .l.
2248 3104 2488 3173 paterceri
2536 3118 2633 3170 pro
2665 3102 2897 3159 lectione
2924 3107 3142 3173 antiqua
3176 3121 3189 3157 :
3220 3103 3266 3156 si
3305 3114 3464 3163 vates.
3510 3103 3554 3157 si

311 3169 408 3244 V_el
436 3168 681 3244 qualitate
710 3167 795 3244 vel
827 3167 1072 3244 numinea
1105 3166 1358 3244 Qualitus
1384 3167 1524 3244 idem
1567 3180 1649 3223 est
1690 3168 1836 3238 quod
1865 3167 1910 3232 C
1939 3166 2198 3228 'Helemts.
2230 3171 2384 3238 Quod
2428 3174 2475 3227 si
2518 3166 2782 3244 legamus,
2812 3166 3264 3242 sequeus'aliique
3289 3185 3426 3228 votes
3462 3174 3557 3228 Ita-

223 3241 401 3300 modo
427 3238 564 3295 dixit
590 3238 867 3294 Arnobius
894 3238 1157 3308 propriam
1204 3238 1659 3308 primigeniamqne
1684 3251 1833 3293 nutu-

224 3331 346 3369 ram
382 3327 566 3365 numen
596 3311 647 3364 id
678 3310 820 3378 quod
860 3307 1089 3362 barbare
1116 3307 1304 3362 dicunt
1334 3307 1598 3363 deitatem.
1632 3313 1838 3366 ORELL.

307 3382 446 3437 LXI.
503 3409 576 3422 ——
630 3379 815 3434 Latent
867 3380 1039 3433 taliter
1090 3380 1352 3433 involutae.
1398 3380 1488 3436 Sic
1539 3384 1848 3437 emendavit

226 3456 507 3513 Meursius
562 3453 613 3505 in
673 3450 942 3520 Append.,
992 3465 1023 3503 e
1072 3463 1177 3503 ms.
1234 3450 1356 3504 cod.
1405 3453 1493 3521 qui
1554 3455 1714 3508 habet
1768 3453 1845 3507 la-

231 3524 503 3583 tentaliter
547 3523 812 3576 involutae.
875 3529 1039 3576 Antea
1095 3521 1356 3575 edebatur
1396 3525 1609 3576 latenter
1648 3524 1848 3578 involu-

233 3608 325 3657 tae,
358 3611 456 3653 oro
484 3609 590 3662 quo
616 3593 767 3648 Fulv.
808 3590 1038 3661 Ursutus
1076 3592 1278 3645 mavult
1318 3593 1554 3660 latentes,
1584 3595 1847 3649 involutis.

238 3665 591 3727 Stt-Wecltitts
620 3682 633 3717 :
666 3667 822 3717 latent
853 3665 995 3727 attaz,
1039 3662 1295 3718 involuta.
1334 3664 1652 3720 Sitttillittttts
1694 3667 1848 3721 Cice-

236 3743 401 3796 ronis
439 3737 590 3791 locus
632 3735 723 3788 lib.
769 3750 808 3789 t.
850 3735 941 3806 de,
964 3734 1175 3788 llivinat
1206 3774 1221 3800 ,
1255 3749 1373 3805 cap.
1409 3750 1557 3790 ιιι-ιιι.
1591 3735 1711 3790 latet
1738 3737 1852 3806 [or-

234 3821 388 3867 tasse
415 3823 570 3861 causa
596 3806 901 3860 obscuritate
925 3805 1154 3858 involuta
1184 3818 1401 3860 naturae.
1432 3808 1639 3861 (lusu.

322 3879 397 3957 Et
437 3879 578 3957 prius
618 3888 665 3930 te
707 3880 955 3957 forntares
982 3875 1050 3928 ad
1080 3892 1179 3957 non
1211 3876 1450 3957 credendi
1489 3880 1732 3957 frontem.
1776 3876 1856 3932 Ad

235 3946 872 4016 obstinationempene
925 3946 1311 4018 impudentem.
1387 3946 1619 4003 Dixisset
1678 3959 1855 4002 tamen

238 4024 461 4080 clarius
502 4037 514 4074 :
559 4029 605 4073 et
654 4020 795 4085 prius
836 4029 973 4070 tuam
1014 4024 1263 4086 format-es
1305 4018 1373 4070 ad
1412 4036 1512 4071 non
1552 4018 1861 4072 credendum

243 4097 484 4168 frontem
515 4106 533 4143 :
564 4105 646 4168 ac_
668 4091 854 4168 potius!
880 4089 1042 4142 etiam
1082 4090 1336 4168 ῥςηιανει,
1379 4105 1539 4159 quam
1591 4092 1859 4162 formares,

244 4159 314 4221 'ut
346 4165 585 4216 dicimus
612 4161 802 4213 durare
826 4164 1064 4230 frontem.
1101 4159 1343 4215 HERALD.

333 4230 501 4289 LXII.
533 4260 597 4271 -—
628 4231 734 4286 Sed
777 4242 1027 4301 moreest
1070 4230 1291 4285 hominis
1333 4232 1686 4301 interemptus.
1743 4230 1862 4287 Non

244 4308 425 4377 ipset
459 4314 560 4358 etc.
622 4304 866 4377 Dtsputat
907 4300 1036 4377 inec
1084 4302 1382 4377 Arnobius
1414 4321 1444 4356 e
1494 4305 1864 4377 guosticorttttt

247 4371 346 4434 siet
399 4374 716 4445 Docetarum
746 4373 1012 4437 doctrina,
1055 4371 1147 4445 qui
1190 4371 1750 4429 statttcliattt'monetu
1787 4375 1871 4445 (ut

248 4442 548 4526 dtcebant)
586 4444 859 4526 Christum
908 4458 1032 4526 cum
1077 4444 1203 4526 Jesu
1252 4445 1362 4526 lilio
1400 4446 1771 4526 Marltg,htl_lllll
1798 4442 1868 4498 'in

1946 3245 2195 3298 riotantes
2251 3244 2596 3315 injucnudam
2649 3260 2780 3299 sane
2830 3246 3073 3301 alliceret
3121 3246 3553 3315 repetitionem:

1951 3330 2128 3383 neque
2168 3314 2478 3369 verositnile
2521 3327 2600 3370 εει
2633 3315 2686 3369 in
2728 3315 2827 3371 hac
2856 3317 3343 3371 celeberrimorum
3377 3324 3554 3371 vatum

1954 3388 2275 3441 recensione
2332 3384 2584 3440 Bacidetu
2640 3390 2900 3441 omissum
2959 3391 3124 3442 tuisse
3176 3389 3244 3442 ah
3294 3386 3557 3453 Arnohio,

1956 3460 2260 3527 praasertim
2289 3473 2410 3510 cum
2440 3458 2687 3513 Clemens
2719 3457 3141 3521 Alexandrinus,
3177 3474 3335 3527 quem
3375 3468 3561 3514 noster

1958 3528 2358 3599 Studiosissinte
2384 3532 2626 3599 sequitur
2647 3538 2703 3584 et
2724 3531 2923 3597 saepius
2948 3528 3015 3583 ad
3039 3528 3259 3583 verbum
3286 3529 3561 3599 exprimit,

1957 3598 2104 3652 illius
2146 3598 2449 3654 tttetttitterit
2497 3601 2701 3653 Strom.
2735 3615 2773 3665 t,
2820 3615 2871 3669 ιι.
2904 3600 3030 3655 398.
3077 3602 3149 3651 lle
3190 3598 3565 3669 Bai-idetvate

1960 3669 2194 3727 Boeotio.
2232 3670 2383 3723 locus
2410 3670 2671 3724 classicus
2710 3679 2795 3724 est
2821 3667 2922 3740 ’ap.
2959 3669 3276 3724 Pausaniam
3310 3673 3361 3724 in
3406 3667 3567 3723 Baio-

1962 3740 2103 3795 ticis.
2141 3740 2256 3794 Duo
2282 3740 2401 3809 ejus
2422 3746 2523 3796 ίθιιι
2560 3742 2818 3805 nominis,
2847 3742 3073 3796 alterum
3106 3741 3394 3804 Βωυιὶιιιῐι,
3426 3740 3567 3795 alre-

1964 3827 2081 3866 rum
2130 3810 2394 3866 Arcadem
2438 3812 2621 3865 statuit
2661 3809 2915 3865 Clemens
2943 3815 2980 3867 l.
3011 3828 3049 3867 ι.
3082 3810 3216 3867 Tres
3259 3815 3423 3865 fuisse
3463 3810 3568 3865 Ba-

1964 3882 2112 3937 cides
2179 3884 2339 3934 docet
2402 3882 2738 3952 St-Iioliastes
2798 3885 3146 3952 Aristoplian.
3203 3882 3269 3937 ad
3336 3881 3565 3950 Parem,

1965 3968 2108 4008 vers.
2144 3953 2305 4012 1071.
2337 3962 2393 4006 et
2419 3951 2646 4018 Aﬂliatn,
2680 3952 2805 4006 Var.
2853 3952 2968 4009 Hist
2986 3951 3014 4020 7,
3058 3968 3154 4013 xtt.
3197 3954 3289 4015 55,
3337 3954 3426 4007 ubi
3458 3952 3569 4007 vid.

1969 4026 2140 4088 itttpp.
2164 4025 2247 4078 Cl.
2271 4021 2597 4092 Wes‘seling.
2628 4024 2692 4076 ad
2720 4023 2978 4078 llerodut.
3006 4023 3141 4087 Vlll,
3160 4024 3263 4087 20;
3291 4036 3346 4079 et
3372 4024 3572 4087 Davis"

1967 4096 2033 4150 ad
2063 4093 2204 4159 Cic.,
2234 4094 2301 4148 de
2340 4094 2597 4159 Dtt'tnat.,
2630 4110 2668 4156 ι,
2709 4093 2799 4149 18.
2838 4093 3064 4148 Helenus
3101 4097 3185 4149 cui
3221 4110 3326 4149 nou
3357 4106 3515 4148 notus
3544 4109 3577 4151 e

1973 4166 2337 4235 pulcherrimo
2379 4165 2777 4236 illoililpisodio
2825 4164 3025 4236 Virgilii
3079 4165 3209 4221 jEn.
3262 4180 3381 4233 vttt,
3428 4164 3576 4222 294?

1972 4238 2063 4293 ubi
2094 4237 2213 4291 vide
2243 4236 2429 4307 lleyne
2458 4235 2524 4291 V.
2557 4237 2638 4290 Cl.
2669 4238 2722 4290 in
2754 4235 2998 4291 Excursu
3024 4236 3095 4291 Χ.
3124 4238 3331 4293 OttsLL.

2048 4328 2108 4384 Si
2139 4327 2378 4381 Martius.
2406 4327 2556 4383 Hunc
2580 4338 2755 4399 vatem
2787 4327 3058 4385 illuStrem
3083 4329 3216 4383 dicit
3243 4337 3298 4384 et
3326 4330 3435 4385 duo
3464 4329 3583 4399 ejus

1976 4399 2252 4462 vaticinia,
2298 4400 2526 4454 alterum
2571 4399 2641 4454 de
2686 4397 2962 4455 Cannensi
3012 4400 3184 4464 clade,
3236 4403 3467 4456 alterum
3496 4397 3585 4457 ﬁde

1980 4472 2122 4526 ludis
2146 4471 2377 4538 Apollini
2404 4472 2685 4535 vovendis,
2711 4471 2837 4525 citat
2866 4470 3049 4526 Livius
3072 4486 3198 4536 xxv,
3229 4471 3327 4535 l2;
3356 4471 3584 4538 Plinius,

249 4532 372 4576 teri
391 4518 439 4571 is
469 4514 691 4596 viveret,
721 4514 1089 4607 Ctt‘lgllllCtllm,
1116 4516 1420 4607 sejttttxisse
1446 4534 1505 4571 se
1532 4517 1744 4607 πώλων
1773 4532 1873 4569 alb
1901 4547 1957 4607 D

252 4601 495 4657 tequam
548 4589 699 4657 cruci
753 4585 1093 4657 adigeretur;
1147 4588 1389 4653 adeoque
1444 4605 1548 4642 non
1598 4586 1874 4642 Christum

251 4655 452 4717 ﬁliuni
473 4657 586 4722 Dei,
610 4655 704 4710 sed
724 4657 994 4711 hominem
1010 4655 1217 4724 Jesum,
1236 4657 1403 4712 filium
1425 4658 1626 4725 Mariae,
1653 4660 1703 4711 iu
1722 4671 1882 4712 cruce

257 4738 555 4788 necatum.
614 4728 724 4781 lloc
778 4729 895 4782 scil.
952 4738 1069 4780 erat
1119 4728 1358 4783 Cetiutlti
1406 4742 1461 4784 et
1510 4728 1881 4783 ωιὶιοιιὶιεινυηι

259 4803 500 4869 dogma.
523 4797 659 4853 Vide
678 4798 942 4869 Irenaeum
959 4798 1083 4851 adv.
1106 4798 1307 4853 Haeres.
1323 4842 1336 4859 .
1364 4800 1458 4854 lib.
1480 4816 1516 4861 ι,
1536 4815 1655 4868 cap.
1676 4799 1772 4864 ‘25,
1787 4799 1878 4867 eo,

259 4868 373 4930 ed.
414 4868 644 4941 Erasuti.
679 4868 735 4923 In
761 4874 862 4924 hoc
888 4880 941 4922 et
967 4870 1088 4941 aliis
1118 4870 1250 4923 locis
1276 4871 1644 4940 compluribus
1674 4871 1885 4941 gnosti-

259 4957 414 5000 cum
463 4940 618 4995 facile
665 4943 1004 5010 agnoscimus
1059 4938 1887 5003 Arnobiutu,itttaxime'autetn

259 5015 435 5074 libro
464 5027 522 5078 ιι,
565 5014 618 5067 in
656 5011 744 5078 iis,
786 5028 905 5083 qua:
943 5012 1012 5066 de
1048 5011 1254 5081 origine
1293 5014 1592 5067 animarum
1630 5013 1888 5082 disputat.

367 5153 564 5220 Homo,
596 5169 745 5278 «Luem
768 5152 1023 5234 induerat.
1062 5150 1230 5231 Homo
1266 5152 1318 5207 id
1359 5084 1760 5224 qgoliflltliimana
1798 5170 1895 5208 na-

367 5242 442 5277 ra.
488 5225 563 5278 Ila
651 5234 937 5278 :tttlanttus.
979 5223 1090 5278 Inst
1118 5266 1131 5278 .
1171 5223 1263 5276 ltlt.
1296 5240 1369 5278 tv.
1402 5241 1519 5278 catt.
1560 5224 1646 5278 10.
1679 5225 1894 5278 homini.

272 5238 442 5285 mra.
488 5225 563 5279 Ila
607 5223 937 5284 Laclantius.
979 5223 1090 5278 Inst
1118 5266 1131 5288 ,
1171 5223 1263 5276 ltlt.
1296 5223 1519 5292 tv,’cap.
1560 5224 1646 5287 10,
1679 5225 1894 5291 homini,

270 5312 447 5371 quem
477 5296 747 5371 induerat,
795 5311 941 5365 quem
982 5299 1204 5371 gerebat,
1255 5295 1343 5350 ubi
1385 5298 1490 5371 vid.
1534 5296 1846 5351 Buuemann
1878 5335 1894 5361 ,

273 5366 592 5443 ῥυεβόἓο
624 5367 1081 5443 Concretutupro
1110 5368 1400 5419 abstracto.
1432 5370 1615 5443 Οιιειι.

379 5436 445 5494 Si
485 5453 586 5508 quo
630 5445 852 5508 tempore
894 5437 1095 5508 Sibylla
1128 5452 1379 5507 prwsaga,
1417 5440 1646 5502 oracula,
1685 5447 1788 5491 etc.
1825 5436 1900 5490 Ita

278 5511 470 5569 Fulv.
520 5510 763 5571 Ursinus,
797 5524 955 5578 quem
1000 5508 1169 5579 secuti
1209 5523 1400 5562 omnes
1438 5514 1627 5579 rettqut
1670 5508 1904 5564 editores

282 5579 564 5641 Arnobii.
605 5579 739 5633 Cod.
780 5595 879 5633 tus.
910 5590 966 5634 et
1004 5578 1169 5635 editio
1199 5594 1416 5633 romana
1451 5578 1683 5635 habent:
1720 5580 1781 5635 Si
1809 5593 1906 5646 quo

289 5664 548 5719 terripore
599 5649 798 5721 Sibylla
847 5652 1118 5722 praesagia,
1167 5652 1394 5714 oracula,
1440 5649 1586 5722 quod
1640 5661 1909 5720 tamquam

290 5723 593 5797 glossema
624 5722 875 5797 expungit
899 5723 1185 5797 Cantcrtts,
1210 5722 1453 5797 defendit
1478 5722 1742 5797 ﬂet'aldus
1763 5736 1914 5797 more

281 5792 472 5858 {robii
519 5796 676 5863 plura
706 5794 752 5865 ej
813 5792 1024 5850 usmodi
1072 5793 1343 5850 vocabula
1385 5792 1529 5852 idem
1559 5792 1917 5865 signiﬁcantia

2162 4541 2308 4605 Ναί..
2342 4557 2434 4604 vn,
2466 4557 2518 4598 e.
2550 4544 2639 4597 ὃὸ.
2684 4540 2953 4613 υῦυὶηίγιαε,
2985 4542 3083 4609 ait,
3115 4555 3161 4596 et
3188 4545 3421 4613 quwdam
3449 4542 3589 4597 coeli-

1988 4623 2093 4668 tum
2112 4614 2323 4666 societas
2349 4613 2637 4684 fuit........
2670 4614 2810 4682 apud
2834 4612 3095 4685 Romanos
3120 4614 3177 4685 in
3199 4612 3409 4667 Martio.
3446 4612 3592 4685 Mar—

1990 4686 2179 4739 tiarum
2223 4683 2439 4748 [rati-um
2480 4685 2727 4739 meminit
2764 4685 2986 4741 Servius
3014 4683 3084 4739 ad
3112 4683 3240 4739 En.
3275 4700 3347 4751 vt,
3378 4685 3467 4751 7t),
3498 4683 3588 4738 72.

1992 4755 2370 4827 Symmachus,
2404 4756 2519 4827 lib.
2568 4770 2638 4823 tv,
2682 4757 2840 4827 epist.
2886 4756 2978 4822 55,
3020 4765 3074 4810 et
3106 4757 3348 4827 inprimis
3376 4753 3591 4827 Cicero,

1993 4823 2062 4883 de
2092 4826 2264 4880 Divin.
2293 4841 2331 4889 ι,
2356 4825 2446 4891 40,
2472 4826 2560 4879 ubi
2588 4823 2918 4882 videDavis.
2948 4823 3416 4881 (laeui—(Ionii
3446 4823 3591 4878 Fest.

1995 4899 2049 4953 iu
2116 4895 2405 4968 Negumate
2462 4908 2516 4949 et
2554 4895 2861 4968 ANinqnlns.
2920 4896 3193 4968 Ammiau.
3246 4895 3595 4968 Marcellin”

1998 4968 2090 5023 lib.
2120 4965 2244 5031 stv';
2279 4966 2495 5034 lsidor.,
2540 4965 2750 5037 0rigg.,
2794 4967 2889 5021 lib.
2933 4982 3014 5027 rt;
3058 4966 3321 5032 Macrob.,
3352 4966 3596 5033 Saturn.,

2001 5039 2095 5094 lib.
2128 5054 2165 5101 ι.
2197 5054 2314 5106 eap.
2350 5054 2459 5093 xvtt
2485 5046 2540 5094 et
2574 5036 2709 5090 alios
2734 5039 2935 5109 plures.
2964 5036 3169 5093 Menas.

2085 5109 2205 5165 Vias
2234 5127 2401 5166 rerum
2434 5107 2809 5180 postulantibus
2840 5109 3161 5180 explicabunt
3190 5125 3208 5164 :
3235 5107 3555 5180 Lyc0pltron
3584 5124 3599 5162 :

2194 5282 2206 5295 .
2246 5282 2261 5296 .
2292 5284 2302 5296 .
2332 5285 2343 5298 .
2371 5262 2521 5311 Διοίχνιι
2542 5256 2775 5313 Moveo
2791 5260 2985 5311 ινιτμάτυν

2192 5317 2326 5370 Olim;
2349 5332 2411 5360 τω
2419 5325 2541 5362 iam.

3185 5309 3407 5362 Hnno.

2083 5436 2345 5507 Assumpti
2382 5437 2601 5507 hominis
2642 5437 2758 5504 fuit,
2794 5437 3123 5507 noniipsius;
3152 5435 3467 5507 gestaminis,
3508 5450 3611 5507 non

2013 5508 2275 5579 gestantis.
2323 5506 2396 5560 Ita
2428 5506 2586 5561 Futv.
2621 5508 2865 5563 Ursinus.
2895 5506 3028 5562 Cod.
3063 5506 3163 5579 ms.
3193 5510 3477 5579 assumptio
3516 5506 3612 5559 Ito-

2016 5576 2166 5632 iuims
2198 5580 2295 5649 {uit
2320 5580 2480 5648 ipsius
2510 5581 2821 5649 gestaminis,
2853 5589 2983 5642 etc.,
3014 5578 3166 5632 nullo
3191 5592 3375 5632 sensu.
3406 5576 3612 5649 Οιιειι..

2094 5650 2259 5713 Quam
2301 5666 2391 5704 nec
2434 5648 2616 5720 ipsam,
2645 5652 2838 5719 perpeti
2878 5649 3241 5714 succubuisset,
3272 5658 3415 5703 tanta
3446 5648 3623 5720 sinon

2020 5721 2220 5790 agenda
2260 5737 2340 5775 res
2385 5717 2536 5777 esset.
2583 5717 2830 5776 Forsitan
2877 5720 3204 5791 legendum:
3235 5717 3628 5788 Succubuisset,

2022 5794 2138 5855 Suis
2163 5802 2308 5853 tanta
2333 5793 2382 5852 si
2407 5807 2520 5856 non
2545 5791 2752 5862 agenda
2776 5807 2864 5851 res
2892 5800 3056 5850 esset.
3087 5792 3337 5852 Camn.
