4236 6264
583 329 691 389 807

1717 320 1992 378 ARNOBII
2033 318 2401 378 ADVERSUS
2428 320 2700 378 GENTES

3789 323 3894 378 808

580 438 774 501 Deum,
804 435 986 496 vultis.
1017 436 1184 490 immo
1220 435 1390 490 solum
1432 434 1477 489 si
1518 434 1672 490 liccat
1701 434 1998 489 belluarum
2029 451 2179 505 agre-
2211 439 2255 495 Α
2286 437 2414 489 retis
2455 451 2577 490 esse
2607 433 2990 498 certissimum,
3026 448 3132 488 non
3161 449 3349 489 verum
3371 475 3387 498 ,
3431 435 3575 502 quod
3619 436 3894 492 immunes

579 532 739 584 stium
792 528 897 581 ritu
954 527 1193 582 cruentis
1248 527 1432 579 oribus
1489 525 1780 591 mandere,
1831 525 2174 581 comminutis

582 634 704 676 cum
731 620 942 673 ossibus
968 630 1328 674 trausvorare.
1363 617 1666 684 Quodnam,
1699 634 1902 686 quaeso,
1927 620 1995 671 ob
2019 619 2178 672 meti-

579 721 690 768 tum
737 711 935 777 dicite,
970 711 1121 781 cujus
1165 711 1235 765 ob
1281 712 1482 778 peccati
1526 711 1782 782 culpam?
1829 711 1955 781 quid
2003 712 2071 764 ab
2113 727 2178 765 co

583 806 932 861 conmissum
957 815 1060 871 est,
1089 805 1230 873 quod
1265 815 1507 859 leuorem
1535 803 1830 858 inflet-teret
1862 805 2014 865 recti,
2044 813 2098 858 et
2127 803 2177 856 in

580 897 700 952 odia
730 911 825 950 vos
854 912 1042 967 aspera
1090 897 1366 951 furialibus
1414 897 1645 951 stimulis
1685 896 2013 950 concitaret?
2044 896 2180 960 Quia

578 989 876 1042 animarum
909 1001 1208 1043 vestrarum
1240 988 1520 1042 custodem
1551 1005 1608 1041 se
1639 987 1860 1040 missum
1891 987 2009 1039 solo
2037 987 2178 1040 indi-

582 1081 720 1136 cavit
743 1080 810 1134 ab
832 1095 992 1151 rege:
1021 1081 1142 1148 quia
1167 1079 1318 1133 Vobis
1344 1078 1802 1133 immortalitatem
1834 1078 1992 1140 ferre,
2018 1093 2177 1146 quam

579 1189 678 1229 vos
709 1173 903 1228 habere
929 1171 1196 1226 confiditis
1225 1172 1474 1225 humanis
1505 1186 1797 1241 paucorum
1821 1171 2177 1226 assevt-ratim

581 1265 739 1320 nibus
766 1263 948 1318 suasi?
977 1264 1131 1332 Quod
1178 1265 1220 1318 si
1271 1274 1414 1318 esset
1462 1263 1601 1332 apud
1650 1277 1747 1316 vos
1791 1276 1996 1317 certum
2043 1261 2178 1314 falsa

581 1357 730 1413 illmu
775 1357 992 1422 dicere,
1034 1372 1159 1426 spes
1201 1359 1362 1411 etiam
1409 1356 1726 1410 vanissimas
1775 1355 2054 1423 polliceri,
2088 1369 2187 1409 nec

581 1451 660 1504 sic
691 1450 844 1503 video
885 1451 1048 1504 fuisse
1078 1463 1330 1512 causam,
1363 1464 1460 1504 cur
1499 1466 1622 1503 eum
1662 1447 1930 1503 deberetis
1972 1447 2186 1512 odisse,

582 1554 680 1594 cur
725 1539 904 1594 hostili
947 1540 1416 1594 animadversione
1443 1539 1702 1593 damnare
1727 1581 1741 1602 ,
1774 1540 1938 1593 immo
1959 1581 1971 1600 .
2003 1539 2046 1592 si
2074 1539 2191 1592 aui-

583 1648 705 1688 mus
729 1633 880 1687 vobis
910 1635 1144 1688 clo-mens~
1177 1632 1399 1696 fuisset,
1431 1643 1486 1687 et
1529 1631 1673 1684 tuitis
1699 1673 1714 1698 ,
1747 1632 1828 1683 vel
1875 1639 2096 1700 propter
2139 1629 2189 1684 id

584 1725 760 1780 Solum
788 1741 910 1780 eum
943 1725 1215 1779 deberetis
1241 1723 1528 1794 amplecti,
1561 1723 1701 1794 quod
1743 1723 1998 1792 optabilia
2041 1723 2193 1777 vobis

2276 542 2370 582 vos
2403 526 2516 580 fore
2559 526 2626 578 ab
2676 535 2782 578 tam
2840 526 3137 581 innumeris
3181 526 3559 582 ventionibus
3597 543 3889 598 corporum

2281 632 2452 686 usque
2496 616 2561 669 ad
2605 616 2826 670 ultimos
2877 613 3012 670 fines
3065 616 3358 686 sponderet
3411 617 3625 672 aetatis?
3670 629 3721 672 et
3770 619 3892 676 licet

2282 709 2530 777 ambigua
2590 723 2678 761 res
2724 714 2889 772 esset,
2944 708 3357 762 committeretis
3411 723 3508 762 vos
3561 718 3761 770 tamen.
3795 725 3892 766 nec

2285 803 2555 871 potionem
2614 802 2939 871 incognitam
3004 801 3324 856 dubitaretis
3378 801 3597 858 haurire
3655 818 3754 872 spe
3806 819 3892 858 sa-

2285 896 2409 949 Iutis
2442 896 2739 964 proposita,
2786 903 2948 961 atque
2991 910 3178 949 amore
3218 895 3606 950 incolumitatis
3665 897 3890 952 incensi.

2286 988 2499 1047 Eluxit.
2531 998 2692 1056 atque
2723 988 2973 1056 apparuit
3005 987 3252 1042 Christus
3290 989 3365 1042 rei
3399 988 3649 1042 maxima:
3679 991 3895 1042 nuntia-

2287 1091 2393 1143 tor,
2421 1082 2725 1150 auspicium
2755 1080 2986 1135 faustum
3019 1091 3270 1150 portans,
3303 1090 3358 1136 et
3388 1082 3715 1150 praeconium
3748 1083 3894 1137 salu-

2289 1185 2402 1228 lare
2426 1174 2792 1228 credentibus.
2833 1174 3090 1242 Quaenam
3119 1184 3203 1230 est
3245 1175 3345 1228 i5ta
3377 1174 3702 1240 crudelitas,
3736 1174 3896 1229 inhu-

2292 1266 2632 1334 tnauitasque
2661 1277 2828 1328 tanta.
2857 1267 3178 1337 quiuimmo,
3211 1275 3268 1320 ut
3295 1267 3476 1322 verius
3504 1267 3714 1338 loquar,
3745 1267 3897 1322 fasti-

2296 1355 2506 1410 diosum
2538 1357 2904 1428 supercilium.
2937 1358 3297 1412 nuntiatorem
3327 1358 3565 1413 muneris
3593 1367 3647 1412 et
3673 1360 3900 1428 portito-

2291 1466 2406 1505 rem
2463 1450 2625 1512 tanti,
2678 1464 2784 1504 non
2834 1457 3042 1505 tantum
3091 1450 3374 1504 verborqu
3427 1450 3901 1507 maledictiOnihus

2292 1542 2568 1606 scindere,
2612 1558 2794 1595 verum
2842 1543 3003 1596 etiam
3053 1542 3196 1597 bello
3241 1541 3389 1612 gravi
3433 1551 3595 1612 atque
3645 1543 3902 1599 omnibus

2296 1633 2548 1703 persequi
2582 1635 2808 1687 telorum
2841 1633 3198 1689 effusionibus
3224 1643 3279 1688 et
3309 1635 3516 1688 ruinis?
3539 1634 3653 1689 Non
3687 1635 3905 1704 placent

2295 1743 2359 1784 ea
2389 1744 2509 1797 qua:
2533 1728 2681 1792 dicit,
2701 1739 2898 1784 etcum
2922 1728 3313 1783 olfen~ionibus
3339 1729 3629 1783 audiuntur
3654 1744 3682 1782 a
3710 1729 3862 1785 vobis
3879 1731 3907 1784 ?

586 1817 882 1888 sponderet
909 1826 963 1871 et
993 1832 1249 1886 prospera
1282 1835 1294 1870 :
1328 1816 1468 1886 quod
1501 1817 1760 1871 bonarum
1793 1825 1937 1870 esset
1972 1817 2190 1870 nuntius
2223 1817 2266 1876 Β
2298 1837 2394 1892 pro
2436 1821 2656 1876 ludicris
2693 1836 2754 1875 ea
2793 1821 3263 1875 vaticinationibus
3293 1830 3620 1890 computate.
3653 1820 3907 1879 Stolidis-

586 1925 768 1966 rerum
801 1927 815 1962 :
849 1911 990 1980 quod
1041 1926 1102 1965 ea
1155 1910 1505 1978 praedicaret,
1539 1925 1657 1979 qutc
1705 1909 1904 1962 nullius
1950 1910 2188 1964 animum

587 2002 847 2058 laederent
865 2023 874 2054 :
892 2001 1183 2057 securioris
1200 2012 1224 2039 α
1241 2002 1481 2072 qninimo
1498 2003 1889 2071 expectationis
1920 2002 2187 2071 itttpleret.

663 2095 822 2150 LXV.
855 2097 900 2150 υ
932 2094 1242 2164 ingratumb
1267 2105 1320 2148 et
1361 2094 1578 2162 impium
1612 2095 1905 2147 smculum!
1940 2109 1972 2144 o
2003 2094 2052 2145 iu
2079 2093 2187 2162 pri-

591 2197 770 2244 vatam
801 2189 1092 2258 perniciem
1124 2188 1423 2243 incredibili
1457 2187 1690 2257 pectoris
1711 2186 2070 2242 obstinatione
2101 2202 2192 2255 pa-

591 2282 799 2338 ratum!
835 2282 889 2337 Si
919 2281 1114 2348 aliquis
1140 2281 1204 2335 ad
1233 2297 1328 2336 vos
1359 2281 1598 2334 medicus
1621 2297 1686 2334 ex
1709 2281 1994 2333 smnmotis
2017 2279 2189 2334 venis-

590 2383 675 2431 set
698 2385 753 2428 et
777 2389 1067 2442 numquam
1087 2374 1238 2428 vobis
1257 2373 1568 2444 regionibus
1585 2372 1836 2442 cognitis,
1855 2372 2192 2426 medicamen

593 2466 855 2536 pollicens
884 2466 1016 2529 tale,
1045 2464 1188 2535 quod
1230 2482 1257 2517 a
1302 2466 1495 2518 vestris
1521 2465 1840 2533 corporibus
1867 2464 2046 2518 omnia
2075 2480 2192 2519 om-

592 2557 720 2613 nino
763 2556 1070 2627 prohiberet
1114 2557 1423 2612 morborum
1465 2567 1517 2611 et
1553 2556 1917 2613 valetudinum
1947 2572 2144 2626 genera
2177 2573 2192 2612 ι

594 2667 701 2708 non
758 2651 1004 2706 certatim
1059 2665 1249 2708 omnes
1301 2654 1698 2708 accurreretis?
1749 2669 1853 2707 non
1921 2652 2194 2708 blanditiis

593 2745 844 2802 omnibus
887 2754 1048 2815 atque
1088 2745 1386 2801 honoribus
1431 2747 1597 2800 fotum
1632 2747 1913 2801 familiaria
1946 2748 2191 2816 suscipe-

595 2837 725 2896 retis
754 2838 806 2894 in
839 2838 1071 2896 moenia?
1100 2855 1206 2895 non
1239 2840 1369 2894 illud
1412 2841 1784 2896 medicaminis
1826 2856 1992 2910 genus
2037 2851 2186 2910 opta-

2294 1915 2460 1967 sintas
2497 1928 2584 1967 res
2627 1913 2878 1983 loquitur,
2911 1921 2966 1968 et
3006 1913 3147 1968 fatua
3191 1915 3331 1967 dona
3385 1913 3685 1981 promittit?
3725 1913 3904 1969 ridete

2295 2016 2350 2059 ut
2399 2007 2670 2074 sapientes
2710 2021 2806 2060 vos
2832 2005 2954 2066 viri.
2984 2015 3038 2060 et
3066 2006 3118 2059 in
3145 2006 3257 2060 suis
3284 2005 3566 2061 erroribus
3598 2006 3902 2060 fatuitatem

2293 2098 2582 2168 relinquite
2622 2097 2876 2151 Volutari.
2922 2097 3181 2166 Qua-nam
3211 2106 3294 2152 est
3323 2098 3438 2152 haec
3469 2099 3682 2159 feritas.
3715 2109 3769 2154 ut
3811 2116 3906 2155 rc-

2296 2200 2539 2260 petamns
2583 2205 2702 2258 qum
2759 2189 2902 2243 dicta
2951 2199 3077 2243 sunt
3119 2189 3355 2258 saapius,
3405 2205 3525 2260 qua:
3572 2190 3737 2245 libido
3787 2200 3901 2245 tam

2295 2283 2557 2346 carnifex,
2589 2282 2916 2351 inexpiabile
2949 2283 3146 2336 bellum
3175 2282 3418 2337 indicere
3447 2282 3578 2337 nihil
3609 2283 3679 2338 de
3705 2293 3755 2338 te
3783 2299 3906 2338 me-

2296 2376 2443 2428 rito?
2480 2373 2784 2429 Dilacerare
2813 2375 2857 2428 si
2889 2373 3069 2440 detur,
3099 2389 3222 2428 eum
3253 2373 3389 2429 velle
3417 2389 3512 2444 per
3540 2375 3767 2440 viscera,
3797 2375 3897 2446 qui

2297 2485 2404 2524 non
2451 2468 2613 2523 modo
2641 2467 2848 2522 nullum
2878 2467 3121 2522 intulerit
3149 2468 3348 2522 malum
3380 2469 3541 2533 nulli.
3571 2468 3666 2524 sed
3696 2483 3909 2538 (equa-

2296 2562 2421 2616 liter
2454 2561 2723 2629 benignus
2763 2560 3014 2614 hostibus
3056 2560 3258 2624 dicere,
3292 2559 3542 2628 quidnam
3583 2560 3666 2614 his
3707 2561 3908 2616 salutis

2299 2654 2410 2710 Deo
2443 2663 2750 2722 portaretur
2779 2668 2808 2706 a
2839 2651 3084 2721 principe
3110 2671 3123 2706 :
3155 2651 3284 2722 quid
3315 2663 3459 2707 esset
3483 2651 3626 2706 facto
3655 2666 3811 2721 opus,
3841 2661 3908 2707 ut

2299 2747 2571 2801 interitum
2603 2744 2868 2816 lugerent,
2886 2757 2939 2800 et
2962 2744 3417 2800 immortalitatem
3441 2755 3907 2816 consequerentur

2299 2839 2570 2910 ignotam?
2607 2838 2852 2909 Cumque
2904 2837 3114 2892 novitas
3139 2851 3353 2903 rerum,
3385 2845 3443 2892 et
3488 2835 3719 2892 inaudita
3762 2851 3902 2906 pro-

1811 2953 2190 3009 LECTIONES
2229 2953 2647 3010 VARIANTES.

663 3069 689 3098 “
725 3068 1031 3117 Securiores.
1058 3081 1146 3117 ms.

661 3130 689 3169 ἱ)
725 3132 848 3180 Hinc
871 3142 979 3180 cum
996 3126 1074 3191 iis,
1096 3141 1205 3193 qua:
1229 3129 1416 3180 duabus
1433 3125 1544 3180 aliis
1560 3135 1824 3193 sequuntur
1836 3127 2046 3193 paginis,
2070 3129 2198 3178 Cun-

2226 3067 2270 3130 C
2302 3071 2435 3130 teras
2456 3065 2702 3130 transtulit
2747 3068 2812 3130 ad
2836 3064 3029 3118 initium
3050 3065 3161 3118 libri
3198 3067 3260 3118 ll.
3288 3069 3444 3130 Quam
3487 3064 3905 3128 transpOsitt'onem

2307 3128 2510 3180 danntut
2534 3129 2699 3181 Sabaei
2729 3129 2875 3180 editio
2899 3137 2943 3180 et
2961 3144 3074 3192 ms.,
3098 3137 3149 3182 ut
3171 3128 3466 3182 Stewechius
3483 3137 3661 3182 monet.

1958 3298 2522 3359 COMMENTARIUS.

673 3413 921 3540 Cruentils
961 3415 1147 3472 oribus
1191 3415 1466 3472 mandere.
1502 3416 1784 3488 Propriqu
1809 3419 2055 3473 verbum.
2089 3417 2196 3473 Lu-

673 3498 824 3540 euns.
875 3503 948 3540 ι».
983 3503 1031 3540 tv
1066 3503 1084 3540 :

603 3498 824 3551 creuns,
857 3498 948 3541 Ill).
983 3503 1031 3540 Iv
1066 3503 1084 3541 .'

694 3601 912 3664 thuasi
941 3601 1193 3664 pantherae
1219 3615 1379 3665 morsu
1401 3603 1615 3665 saevique
1642 3601 1803 3652 leonis

698 3665 1004 3723 Maudautur,
1030 3668 1220 3728 magnis
1242 3664 1544 3714 clamoribus
1559 3665 1722 3714 omnia
1759 3665 2026 3728 complent,

602 3746 810 3803 Ennius
845 3766 857 3802 :

695 3859 920 3911 Vulturis
942 3861 991 3910 in
1009 3861 1159 3925 sylvis
1181 3863 1416 3912 miserum
1440 3861 1706 3911 mandebat
1725 3862 2008 3973 hemtiqem.

1903 3939 2008 3972 ειω

1903 3939 2054 3973 ειιΛιυ
2064 3962 2073 3972 .

678 4052 838 4109 LXV.
869 4084 941 4095 —
973 4054 1241 4108 Paratum.
1270 4054 1342 4107 lta
1374 4053 1629 4116 Salmas.,
1657 4051 1710 4105 in
1739 4050 1826 4105 ed.
1853 4049 2024 4121 Lttgd.
2058 4049 2198 4114 Bat.,

601 4124 711 4196 Ms.
737 4140 1004 4196 privatum.
1039 4126 1172 4181 Fulv
1227 4125 1407 4180 Ursin.
1441 4141 1678 4192 pronum.
1703 4123 1908 4177 OBBLL.

677 4193 1063 4251 committentis
1091 4215 1175 4250 vos
1201 4208 1387 4250 tamen.
1424 4197 1642 4263 Propria
1691 4195 1908 4248 locutio.
1947 4193 2082 4246 Infra
2106 4193 2198 4246 lib.

604 4283 662 4323 ιι.
697 4265 1055 4338 ίΕθήιιιάὶηεε
1096 4284 1367 4334 corporum
1399 4268 1708 4338 medicorum
1742 4265 2050 4338 committitis
2085 4281 2191 4316 ma-

605 4335 874 4393 nibttsz.
909 4339 1136 4395 Gellius.
1176 4339 1266 4393 lib.
1298 4355 1337 4401 ι,
1370 4353 1419 4393 c.
1470 4339 1536 4392 15
1570 4357 1579 4389 ;
1620 4335 1796 4406 Itaque
1840 4335 2052 4399 auditis,
2096 4351 2200 4388 non

604 4408 906 4464 auscultatis
929 4420 1184 4476 tamquam
1224 4405 1861 4478 pharmacopolam.Nam
1899 4407 2008 4478 ejus
2051 4406 2200 4459 verba

605 4477 904 4545 audiuntur,
929 4497 1099 4534 verum
1137 4481 1183 4533 ei
1219 4477 1362 4534 nemo
1387 4497 1440 4546 se
1465 4477 1726 4532 cammittit
1749 4492 2078 4600 ,iquma’ger
2107 4487 2198 4530 est.

1825 4563 2018 4600 ERALD.

1799 4551 2018 4602 lEBALD.

683 4625 877 4678 Elnxit.
914 4623 1222 4688 Eleganter,
1253 4622 1422 4676 inStar
1449 4620 1680 4675 ﬂamma:
1704 4621 1882 4673 subito
1909 4633 2201 4685 erumpen-

607 4696 695 4752 tis.
729 4696 860 4750 Vide
891 4694 1071 4747 Barth.
1111 4691 1362 4755 Advers,
1396 4692 1488 4746 lib.
1521 4705 1610 4750 vt.
1644 4705 1766 4760 cap.
1797 4689 1851 4753 5,
1885 4705 1940 4760 p.
1969 4690 2095 4744 265.
2127 4691 2200 4744 lta

606 4775 663 4824 et
688 4768 1008 4822 relucessere.
1038 4763 1254 4819 Gratius
1279 4763 1563 4834 Cyneget.,
1595 4777 1673 4815 vs.
1707 4761 1737 4814 7
1773 4779 1784 4814 :

795 4880 923 4992 giqlc
940 4892 1087 4930 omne
1111 4877 1348 4928 auxilium
1371 4878 1503 4936 vitae,
1526 4882 1694 4925 rectus
1711 4888 1810 4938 que
1831 4874 2018 4925 reluxit

848 4957 871 4990 r
904 4959 953 4992 υ.

848 4957 934 4991 ruo
944 4982 953 4992 .

683 5005 1094 5071 Etlllaudian.,
1138 5003 1204 5059 de
1242 5002 1525 5058 consulatu
1572 5000 1923 5066 Stilichonis,
1975 4999 2066 5055 lib.
2116 5015 2202 5068 ιιι,

607 5092 662 5134 v.
690 5076 778 5132 64:

921 5146 1030 5206 Hic,
1053 5145 1276 5202 Stilicho,
1316 5145 1509 5195 cunctis
1532 5143 1726 5206 inopina
1753 5141 1953 5202 reluxit,

761 5208 835 5258 Te
857 5203 1063 5267 victore,
1090 5209 1238 5257 salus.
1618 5203 1627 5205 “
1682 5203 1861 5267 Onus.

683 5265 1185 5330 Inhumanitas-qum
1231 5279 1390 5323 tanta.
1427 5269 1500 5323 Ita
1547 5267 1722 5322 editor
1767 5265 1935 5335 Lugd.
1978 5265 2093 5319 Bat.
2140 5281 2204 5321 ex

613 5342 994 5400 emendatione
1047 5341 1282 5396 Meursii.
1335 5340 1440 5395 Alii
1491 5340 1990 5464 :inhumgnitasque
2041 5346 2202 5392 tanta.

1764 5425 1916 5464 RELL.

1764 5425 1916 5464 RELL.

688 5484 1046 5539 Nuntiatorem
1074 5483 1294 5537 muneris
1321 5492 1366 5536 et
1397 5481 1694 5547 portitorem
1729 5483 1877 5532 tanti.
1915 5479 2056 5545 Ergo
2081 5496 2204 5548 por-

609 5557 730 5610 titor
773 5557 877 5621 iam
910 5572 975 5607 eo
1011 5569 1128 5609 τιξνο
1157 5555 1222 5607 ad
1257 5553 1356 5607 hoc
1399 5552 1726 5621 exemplum.
1771 5551 1859 5603 Sic
1901 5550 2207 5604 tabellarios

611 5628 881 5698 portitores
927 5627 1211 5698 litterarum
1253 5623 1490 5698 appella_t
1632 5622 2026 5698 llteronymus.
2072 5635 2208 5698 quos

613 5690 738 5750 alibi
769 5695 970 5766 bttjulos
994 5699 1144 5752 dicit.
1179 5690 1370 5766 Papias
1395 5712 1413 5766 ζ
1442 5691 1680 5758 Baiulus,
1703 5693 1949 5766 portitor,
1975 5690 2205 5766 gerulus,

617 5760 1357 5821 nutritor'.HEttALn.—Couf.
1394 5765 1602 5824 Bartln,
1639 5760 1948 5816 Adversar..
1975 5761 2046 5816 lib
2094 5778 2203 5826 LIII,

615 5848 738 5907 Cap.
770 5838 804 5891 8
831 5879 845 5904 ,
876 5853 996 5908 pag.
1020 5836 1164 5892 2492
1188 5877 1202 5904 ,
1234 5845 1288 5891 et
1314 5877 1328 5905 ,
1358 5836 1448 5905 qui
1476 5851 1540 5890 ex
1574 5832 1892 5890 reccutioris
1932 5832 2208 5888 latittitatis

2305 3419 2658 3486 scriptoribus
2690 3417 2886 3472 nubent
2917 3417 3290 3484 exemplorum
3314 3417 3480 3481 citat,
3512 3417 3800 3478 Savaron..
3833 3417 3907 3472 ad

2307 3489 2522 3554 Sidon.,
2557 3491 2648 3542 lib.
2673 3505 2744 3552 vt,
2776 3490 2934 3558 epist.
2965 3491 3019 3552 4,
3047 3504 3166 3557 pag.
3191 3487 3322 3544 390.
3345 3497 3399 3541 et
3428 3487 3478 3542 .l.
3508 3487 3600 3542 Fr.
3631 3488 3902 3551 Gronov.,

2305 3561 2464 3615 Obss.
2494 3603 2508 3622 .
2541 3560 2634 3614 lib.
2669 3577 2724 3613 ιιι
2751 3601 2766 3623 ,
2811 3575 2932 3628 cap.
2973 3559 3066 3613 20.
3100 3559 3293 3613 Munus
3318 3569 3498 3613 autem
3527 3601 3544 3621 ,
3589 3559 3657 3612 de
3683 3573 3786 3626 quo
3817 3558 3910 3614 hic

2307 3632 2541 3757 mengo,
2583 3640 2669 3686 est
2697 3631 2884 3686 salutis
2917 3631 3240 3701 przeconiutn
3268 3640 3323 3685 et
3361 3630 3606 3684 veritatis
3646 3630 3907 3698 prtedica-

2307 3713 2400 3757 tto.
2482 3719 2634 3757 RELL.

2307 3702 2400 3757 tio.
2433 3702 2634 3757 ORELL.

2381 3773 2586 3826 Iluinis.
2619 3772 2922 3828 Scriverius
2953 3771 3187 3826 malebat
3213 3771 3375 3826 runis.
3409 3772 3428 3843 (
3450 3770 3623 3834 Runa.
3645 3787 3712 3834 ω,
3735 3784 3909 3840 genus

2304 3845 2416 3912 teli,
2454 3845 2587 3900 Vide
2615 3846 2762 3900 Fest.
2795 3843 2814 3915 )
2847 3859 2947 3899 nec
2973 3843 3116 3899 male
3140 3884 3155 3911 ,
3183 3845 3456 3915 quomodo
3489 3843 3692 3898 Ennius
3721 3843 3858 3898 dixit
3886 3859 3905 3896 :

2459 4002 2653 4054 Hastati
2676 4008 2918 4066 spargunt
2944 4001 3126 4062 hastas,
3153 3999 3208 4050 fit
3226 3999 3422 4051 ferreus
3443 4001 3616 4051 imber.

2306 4127 2412 4184 Sed
2448 4127 2641 4184 Cicero
2679 4127 2930 4182 similiter
2973 4126 3184 4180 locutus
3213 4166 3229 4189 ,
3279 4124 3373 4178 lib.
3405 4139 3490 4188 ιιι,
3521 4123 3589 4179 de
3628 4122 3865 4194 Legibus
3890 4143 3908 4180 :

2307 4198 2463 4254 Caius
2486 4215 2603 4254 vero
2627 4197 2891 4253 Gracchus
2919 4197 3081 4250 ruinis
3110 4207 3156 4250 et
3181 4197 3243 4250 iis
3271 4196 3404 4263 ﬁcis,
3428 4213 3552 4266 quas
3579 4197 3689 4264 ipse
3705 4213 3758 4249 se
3780 4214 3913 4264 pro-

2301 4273 2486 4343 jecisse
2525 4271 2577 4323 in
2614 4271 2783 4338 {orum
2814 4269 2943 4323 dixit
2967 4309 2982 4331 ,
3009 4268 3206 4343 quibus
3241 4267 3650 4338 digladiarentur
3692 4269 3826 4343 inter
3853 4285 3914 4322 se

2308 4339 2440 4395 cives
2458 4384 2472 4404 ,
2520 4358 2689 4396 nonne
2715 4339 3239 4410 omnemireipublicw
3264 4349 3454 4410 statum
3485 4339 3826 4410 permutavit;
3851 4349 3913 4394 et

2310 4413 2516 4468 Seneca
2539 4455 2553 4477 ,
2583 4413 2743 4481 epist.
2773 4427 2828 4465 ix
2857 4429 2868 4464 :
2898 4409 3106 4476 Quanto
3135 4410 3216 4462 hic
3245 4409 3528 4462 mirabilior
3553 4411 3660 4473 vir,
3699 4412 3786 4480 qui
3817 4426 3913 4477 per

2229 4516 2284 4576 Β
2308 4487 2500 4609 ςεννηηι
2540 4493 2586 4536 et
2628 4486 2806 4536 ruinas
2834 4492 2882 4535 et
2913 4483 3056 4562 ignes
3085 4481 3278 4560 illtesus
3307 4491 3354 4534 et
3382 4481 3634 4534 indemnis
3668 4481 3908 4562 eraserit.

2335 4554 2516 4608 latins.
2544 4595 2558 4609 .
2596 4571 2716 4609 una.
2740 4551 3106 4608 57.—Rumte
3137 4563 3315 4609 ttauue
3357 4551 3409 4605 h.
3444 4551 3480 4605 Ι.
3511 4561 3637 4606 sunt
3667 4554 3870 4609 lamch
3890 4592 3908 4609 .

2335 4554 2516 4608 latins.
2544 4595 2558 4620 ,
2595 4571 2716 4625 pag.
2740 4551 3114 4625 57.—Ruinte
3137 4557 3315 4625 itaque
3357 4551 3409 4605 h.
3444 4551 3480 4605 Ι.
3511 4561 3637 4606 sunt
3667 4553 3870 4622 lapides
3890 4592 3910 4618 ,

2307 4623 2993 4680 aedificiorumdirutorum
3024 4624 3237 4676 rudera.
3267 4623 3472 4677 URELL.

2383 4697 2485 4763 Qui
2554 4714 2654 4750 non
2723 4696 2873 4750 modo
2944 4695 3146 4748 nullum
3201 4693 3430 4746 intulerit
3497 4694 3690 4748 malum
3753 4694 3910 4748 nulli.

2307 4767 2572 4822 Meursius
2599 4772 2798 4821 mavult
2830 4784 2843 4820 ε
2873 4765 2990 4819 ulli.
3019 4768 3086 4819 At
3107 4763 3336 4832 duplicis
3365 4765 3666 4835 negationis
3691 4780 3795 4818 nou
3827 4763 3909 4818 af-

2309 4839 2597 4899 firmantis.
2625 4839 2716 4894 sed
2744 4837 3118 4892 vehementius
3147 4836 3394 4905 negantis
3424 4851 3574 4891 more
3595 4835 3910 4892 Grzccorum

2307 4912 2460 4979 plura
2484 4911 2726 4980 exempla
2752 4908 2908 4962 affert
2933 4906 3246 4980 Vecltnerns
3271 4909 3320 4960 itt
3351 4905 3710 4971 Hetlenolcx.,
3744 4906 3905 4974 0.55,

2309 4978 2429 5051 pag.
2467 4981 2589 5040 581.
2623 4978 2710 5035 ed.
2745 4980 3061 5048 Heusinger.
3085 4978 3300 5051 ORELL.

2383 5048 2489 5106 Sed
2511 5053 2777 5122 azqualiter
2803 5051 3046 5122 benignus
3074 5049 3510 5122 hostibusdicere,
3539 5058 3643 5122 ett;
3676 5048 3802 5122 llam
3827 5058 3911 5103 est

2307 5122 2444 5178 Cod.
2469 5119 2576 5176 ms.
2599 5123 2756 5177 lectio
2787 5119 2989 5176 temere
3016 5129 3214 5174 mutata
3233 5135 3262 5175 a
3281 5120 3504 5175 Gelenio
3530 5133 3580 5174 et
3605 5119 3870 5176 F.Ursiuo
3892 5137 3905 5172 :

2308 5196 2398 5248 sed
2427 5194 2687 5256 (equaliter
2710 5195 2953 5262 benignus
2983 5192 3215 5245 omnibus
3243 5193 3508 5254 docuerit;
3534 5195 3799 5260 wquaiiter
3825 5191 3903 5245 be-

2311 5269 2496 5336 nignus
2519 5265 2636 5320 scil.
2659 5262 3113 5336 fuerit.Bmignus
3136 5264 3304 5316 dicere
3325 5263 3625 5318 (itacismo
3652 5262 3907 5330 frequten-

2311 5334 2824 5412 tissitttu._1rpa}3c_rb
2849 5336 3026 5412 λέγειν.
3058 5334 3241 5412 Itaque
3265 5348 3536 5412 nonnoan
3558 5345 3670 5412 est,
3701 5347 3756 5386 ut
3786 5348 3908 5387 cum

2309 5409 2518 5462 etlitore
2539 5405 2705 5477 Ln'gtl.
2734 5407 2848 5460 Bal.
2882 5405 3117 5474 legamus
3134 5407 3342 5477 diceret.
3371 5407 3424 5458 Si
3444 5405 3570 5477 qtnd
3589 5415 3769 5458 autem
3795 5421 3911 5477 mnf

2311 5479 2552 5539 tandum,
2590 5475 2800 5531 mallem
2843 5477 3048 5540 dixerit,
3085 5475 3204 5545 quia
3228 5476 3504 5544 praaccssit
3529 5477 3791 5534 intulerit,
3825 5475 3910 5528 vel

2311 5563 2432 5601 cum
2475 5547 2783 5602 Steweehio
2814 5547 2879 5600 ad
2924 5547 3014 5600 lib.
3050 5563 3084 5600 tt
3112 5590 3123 5605 .
3153 5563 3273 5614 cap.
3312 5548 3372 5613 1,
3422 5547 3655 5600 edixerit.
3698 5546 3912 5600 Glossze

2311 5618 2534 5673 Membr.
2589 5619 3016 5672 edicit—tantm
3061 5618 3183 5670 dicit
3231 5617 3307 5671 vel
3359 5623 3498 5688 foras
3549 5618 3673 5688 dicit
3705 5633 3723 5680 ;
3754 5617 3913 5688 unde

2311 5689 2552 5744 edictum.
2582 5689 2765 5759 Neque
2788 5691 3011 5744 hostibus
3039 5687 3431 5744 llltllaltdtllllill
3464 5687 3719 5742 omnibus.
3749 5687 3910 5759 Υἱῆες

2313 5769 2401 5815 tur
2429 5761 2548 5817 scil.
2584 5756 2885 5828 respexisse
2931 5761 3200 5815 Arnobius
3227 5760 3293 5814 ad
3327 5761 3490 5816 verba
3533 5760 3622 5813 illa
3666 5761 3724 5812 Ι).
3757 5756 3909 5812 Pauli

2311 5831 2377 5888 ad
2405 5831 2639 5900 (301055.,
2671 5848 2704 5886 ι.
2734 5847 2814 5889 vs.
2838 5831 2904 5888 21
2939 5848 2951 5886 :
2977 5835 3069 5888 Καὶ
3092 5832 3227 5906 ὑμᾶς
3258 5855 3380 5890 ποτε
3401 5829 3551 5893 ὄντας
3574 5831 3912 5908 ἀπηλλοτριωο
