4236 6264
363 278 475 338 809

1687 290 1889 347 usus
1929 293 2313 354 secessus.
2383 256 2395 262 2

3568 315 3674 372 810

362 391 553 490 missio
579 391 908 490 audientium
935 396 1213 454 turbarent
1236 406 1466 467 mentes,
1494 409 1549 457 et
1576 402 1950 460 credulitatem
1979 414 2033 473 Α
2056 422 2177 464 esse
2208 424 2332 480 spes
2361 424 2486 465 suas
2506 451 2521 477 ,
2550 426 2683 482 quas
2703 412 3020 483 jamdudum
3066 429 3387 490 acceperant
3427 422 3497 480 de
3540 427 3662 480 nni-

360 483 606 541 l‘acerent
630 488 882 544 hmsitarc
909 507 922 543 :
957 490 1216 548 virtutum
1242 496 1480 550 omnium
1503 495 1775 562 dominus,
1800 508 1962 570 atque

360 577 532 648 ipsius
578 581 769 638 mortis
812 587 1081 641 extinctor
1137 586 1409 645 hominem
1456 604 1610 645 suum
1662 591 1965 663 permiserit

359 668 592 729 interﬁci
610 714 627 741 ,
653 682 715 730 ut
740 689 808 732 ex
834 676 996 734 rebus
1020 664 1476 752 consequentibus
1504 683 1707 739 scirent
1745 685 1796 738 in
1849 692 1965 739 tuto

2070 515 2277 556 marum
2304 502 2505 569 salute,
2540 518 2641 561 nec
2679 506 2977 577 periculum
3024 513 3214 568 mortis
3257 514 3362 570 alia
3399 532 3459 573 se
3500 533 3662 589 posse

2072 594 2282 652 ratione
2302 596 2488 652 vitare.
3002 624 3007 629 ι

1739 800 2302 860 COMMENTARIUS.

360 904 652 992 niveusluai
666 908 688 963 ἆ
693 908 891 992 19pm)..-
906 918 969 992 τῇ
990 908 1183 992 διᾳνοίᾳ
1199 913 1245 967 ἓν
1258 922 1363 992 τοῖς
1383 913 1550 990 ἔργοις
1566 923 1674 977 τοῖς
1688 923 1953 992 πονηροῖς,

357 980 471 1064 ξυγὲ
513 975 568 1064 δέ
597 975 1000 1064 ᾁπόῇαῖτήλλαξεν
1029 986 1081 1038 ἐν
1106 975 1180 1058 τῷ
1223 975 1431 1064 σῲματί.
1572 975 1761 1064 capro;
1794 975 1957 1043 ἆὺτόῧ

361 1043 450 1137 Brit
475 1055 568 1137 ’ςοῦ
601 1051 836 1137 aspirati,
879 1043 1224 1137 πάρᾳστῆσίαξ
1246 1043 1389 1137 {inde
1611 1043 1693 1114 κᾶὶ
1715 1043 1960 1132 ἇμώμους·

364 1121 453 1173 καὶ
475 1120 807 1193 ἀνεγκλήτους
833 1120 1141 1181 κατελθὼπιον
1164 1120 1346 1183 «ordo.
1375 1120 1578 1185 Otii-11.1..

2139 915 2605 1001 Hominem‘su'nm.
2642 919 2707 1001 Id
2724 927 2806 975 est
2835 920 3149 1001 hominem,
3192 942 3351 1001 quem
3384 929 3665 1001 induerat,

2067 989 2594 1063 assumpseratﬂide
2622 999 2778 1063 notas
2803 993 2869 1045 ad
2901 1010 3020 1063 cap.
3057 996 3145 1051 62.
3179 989 3381 1056 σει-ξω..

2143 1057 2227 1113 Ea:
2251 1057 2400 1115 rebus
2435 1062 2875 1133 consequentibus.
2897 1057 3069 1123 ld'eSt
3101 1073 3504 1197 rasurrectione
3550 1090 3667 1133 sua.

2565 1191 2578 1197 _
3182 1157 3327 1197 nm.

3182 1157 3327 1198 RELL

1282 1411 1769 1522 LIBER
1841 1413 2028 1522 SE
2042 1412 2472 1524 CUND
2496 1372 2706 1528 Us.

1766 1673 2265 1704 mw—

1747 1818 1955 1875 lNDEX
1991 1816 2318 1877 CAPITUM.

356 1997 434 2052 Ab
456 1997 672 2053 ethnicis
696 1998 904 2068 inquirit
931 1998 1185 2054 Arnobius
1204 2014 1297 2053 cur
1319 1999 1522 2054 demum
1539 1997 1801 2055 Christum
1830 1999 1950 2053 nul—
1978 2000 2026 2059 Β

432 2094 537 2148 lius
562 2093 616 2148 in
644 2110 730 2149 eos
756 2094 949 2166 peccati
974 2110 1116 2149 reum
1140 2094 1215 2148 ita
1242 2093 1474 2159 oderint,
1517 2103 1572 2148 ut
1604 2091 1685 2148 vel
1713 2094 1826 2163 ejus
1855 2107 1952 2146 no-

430 2186 567 2242 mine
586 2186 764 2241 audito
792 2188 874 2241 ira
898 2187 1132 2258 protinus
1156 2189 1531 2243 excandescant
1574 2204 1589 2240 :
1620 2187 1710 2258 qui
1750 2198 1955 2251 tamen,

442 2279 596 2335 etiam
623 2280 669 2334 si
693 2280 778 2334 cui
797 2279 1036 2334 credatur
1054 2280 1243 2353 dignus
1265 2296 1367 2335 non
1385 2289 1531 2341 esset,
1569 2295 1627 2334 eo
1647 2279 1830 2333 saltem
1856 2293 1958 2332 non

429 2370 786 2442 aspernandus
806 2381 938 2439 erat,
969 2371 1108 2442 quod
1138 2373 1337 2426 cunctis
1353 2371 1490 2426 uiam
1517 2371 1587 2425 ad
1604 2371 1786 2427 calum
1809 2386 1959 2424 mon-

435 2464 636 2519 strauit.
1739 2463 1871 2535 Cap.
1903 2465 1958 2520 1.

361 2554 602 2612 Occurrit
617 2565 797 2612 auctor
821 2557 1095 2630 gentilibus
1108 2559 1536 2626 respondentibus
1552 2600 1568 2626 ,
1587 2574 1786 2613 summo
1813 2557 1960 2612 illum

428 2648 549 2703 odio
589 2664 644 2703 se
682 2660 953 2721 propterea
994 2652 1264 2722 prosequi,
1310 2653 1436 2723 quia
1482 2667 1684 2706 omnem
1745 2651 1957 2706 deorum

434 2744 631 2797 cultum
654 2745 853 2799 evertit.
1660 2743 1791 2816 Cap.
1814 2745 1869 2811 2,
1900 2747 1953 2802 5.

356 2835 603 2892 Ostendit
630 2839 857 2893 ethnicos
883 2855 1095 2910 prorsus
1124 2840 1375 2896 immerito
1404 2840 1595 2895 Christi
1616 2841 1767 2894 dictis
1795 2856 1957 2911 prop--

440 2940 579 2985 terea
613 2947 715 2985 non
759 2933 986 2998 credere,
1018 2934 1156 3003 quod
1183 2949 1263 2997 ea,
1298 2949 1414 3002 qua:
1445 2933 1735 3003 pollicetur,
1768 2949 1823 2987 se
1847 2949 1958 2986 um-

430 3036 587 3089 quam
600 3021 768 3093 reipsa
781 3022 1019 3078 daturum
1039 3040 1132 3078 nos
1146 3040 1246 3077 non
1263 3024 1531 3078 convincit.
1543 3023 1603 3080 Si
1617 3024 1820 3094 quidem
1836 3023 1958 3094 plu-

431 3114 569 3166 rima
591 3124 870 3184 suppetunt
904 3131 1080 3170 eorum
1106 3132 1222 3187 qua:
1247 3115 1478 3170 Christus
1504 3117 1738 3187 promisit
1760 3157 1776 3182 ,
1808 3115 1954 3169 haud

435 3209 645 3262 omnino
692 3209 888 3263 incerta
942 3227 1113 3265 rerum
1166 3223 1470 3283 argumenta
1528 3229 1542 3266 :
1584 3226 1699 3281 quae
1753 3210 1960 3280 quidem

429 3316 587 3370 quum
610 3300 667 3354 in
690 3310 932 3372 promptu
961 3302 1086 3369 sint,
1116 3302 1178 3355 de
1205 3303 1428 3356 aliorum
1449 3318 1648 3373 quoque
1665 3301 1728 3356 ab
1751 3318 1812 3356 eo
1834 3318 1955 3373 pro-

443 3395 717 3450 missorum
734 3405 913 3450 eventu
937 3395 1205 3449 dubitandi
1233 3395 1377 3449 nulla
1402 3395 1533 3449 ratio
1554 3403 1648 3450 est.
1667 3394 1796 3466 Cap.
1820 3396 1875 3460 ιι,
1894 3396 1949 3452 5.
1981 3376 2027 3439 C
2133 3392 2305 3447 diluit.

2060 3481 2238 3555 Pergit
2261 3500 2413 3554 porro
2443 3485 2816 3553 demonstrare,
2863 3487 3114 3542 lntmanas
3141 3490 3339 3544 animas
3380 3508 3540 3562 neque
3570 3494 3658 3547 di-

361 3485 701 3544 Ethnicorum
718 3488 1028 3560 jactantiam
1074 3487 1335 3554 retundit,
1365 3488 1553 3558 quippe
1591 3489 1680 3558 qui
1722 3503 1777 3542 se
1816 3487 1955 3542 solos

430 3579 691 3650 sapientia
721 3590 767 3634 et
791 3581 1004 3634 scientia
1033 3588 1242 3635 ornatos
1293 3580 1672 3651 gloriarentur,
1740 3589 1951 3636 caeteros

435 3686 591 3738 vero,
621 3672 710 3742 qui
738 3687 829 3743 per
858 3680 1018 3727 totum
1048 3682 1296 3726 terrarum
1339 3671 1511 3727 orbem
1534 3670 1737 3728 Christo
1768 3690 1954 3728 nomen

430 3762 732 3828 dederunt,
777 3779 963 3835 magno
988 3764 1139 3818 etiam
1164 3763 1369 3835 ingenio
1397 3764 1643 3835 praeditos
1664 3805 1680 3830 ,
1712 3764 1916 3820 obtusas
1934 3810 1949 3833 ,

429 3855 632 3910 hebetes
657 3871 719 3911 ac
748 3855 921 3925 fatuos
948 3855 1319 3911 existimarent.
1642 3853 1773 3927 Cap.
1805 3857 1860 3922 6,
1895 3857 1949 3911 7.

358 3947 533 4004 Nulla
562 3948 722 4020 igitur
741 3948 940 4003 ratione
959 3948 1080 4003 aliis
1101 3964 1204 4002 non
1227 3948 1476 4003 doctiores
1504 3949 1694 4003 ethnici
1717 3949 1955 4005 christia-

426 4057 520 4096 nos
556 4040 727 4095 tlivino
752 4040 998 4113 magistro
1024 4057 1118 4095 suo
1147 4040 1405 4096 credentes
1427 4040 1803 4111 rituperabant.
1830 4040 1957 4097 Sine

428 4135 624 4207 prtcvia
651 4151 870 4206 namque
893 4135 997 4204 ﬁde
1025 4135 1225 4190 nullum
1254 4138 1486 4207 profecto
1513 4136 1771 4206 negotium
1791 4137 1956 4191 susci-

426 4230 584 4299 pitur.
605 4228 819 4301 Ipsimet
834 4230 1048 4302 gentiles
1064 4229 1389 4300 Opinionibus
1423 4229 1692 4286 credebant
1723 4230 1952 4300 philoso-

426 4322 648 4391 phorum
665 4362 680 4387 ,
713 4322 800 4393 qui
829 4322 891 4376 de
917 4322 1097 4391 primis
1126 4331 1292 4377 tamen
1316 4338 1486 4376 rerum
1516 4321 1783 4391 principiis
1811 4321 1956 4377 aliis—

424 4433 526 4486 que
551 4416 618 4471 de
659 4416 808 4472 rebus
836 4416 972 4471 nihil
1015 4416 1138 4471 certi
1192 4415 1547 4487 exploratique
1577 4414 1848 4485 proferunt
1894 4430 1955 4468 ac

426 4525 628 4579 semper
655 4510 789 4562 inter
810 4524 866 4564 se
893 4507 1270 4579 digladiantur.
1525 4505 1656 4577 Cap.
1688 4506 1742 4571 8,
1772 4506 1829 4570 υ,
1860 4504 1950 4560 10.

353 4598 387 4660 1
393 4601 493 4656 nde
519 4598 717 4670 colligit
738 4599 994 4654 Arnobius
1018 4598 1212 4670 arquius
1237 4614 1346 4654 esse
1374 4598 1581 4653 credere
1607 4596 1833 4664 Christo,
1864 4596 1955 4668 qui

429 4695 588 4749 tantis
626 4693 891 4747 miraculis
930 4693 1221 4747 doctrinam
1272 4709 1422 4746 suam
1466 4691 1745 4758 stabilivit,
1795 4707 1952 4763 quam

2126 2014 2302 2055 munes
2333 2010 2480 2056 erant
2507 2018 2624 2057 cum
2660 2005 3085 2077 philosophorum
3118 2013 3405 2082 coryphaeis
3432 2016 3495 2069 de
3520 2015 3630 2071 Deo
3648 2058 3664 2083 ,

2133 2093 2197 2148 de
2219 2110 2494 2163 corporum
2537 2100 2907 2155 resurrectione
2955 2103 3018 2155 de
3044 2104 3208 2159 salute
3242 2108 3565 2174 animarum,
3613 2122 3659 2165 et

2137 2187 2328 2256 futuris
2371 2187 2651 2257 impiorum
2676 2192 3169 2261 paenis'sententitc,
3212 2200 3445 2267 quamvis
3490 2200 3667 2255 abhis

2129 2277 2281 2331 aliter
2304 2290 2456 2347 atque
2477 2295 2508 2331 a
2543 2277 2852 2335 Christianis
2879 2283 3220 2352 explicentur.
3286 2285 3416 2356 Cap.
3453 2289 3543 2353 15,
3575 2291 3662 2347 14.

2060 2365 2199 2421 Hinc
2243 2370 2563 2424 occasionem
2611 2382 2783 2441 captat
2824 2373 3078 2429 Arnobius
3125 2376 3473 2447 edisserendi,
3510 2382 3662 2450 cujus

2131 2471 2335 2515 natura:
2354 2463 2421 2516 sit
2443 2462 2616 2517 anima
2646 2473 2841 2528 nostra,
2873 2482 2974 2535 quo
3004 2483 3068 2520 ea;
3092 2470 3235 2536 fonte
3260 2469 3472 2538 prodeat
3501 2481 3548 2524 et
3573 2488 3669 2525 cur

2131 2558 2286 2611 variis
2313 2556 2581 2624 aﬂectibus
2622 2570 2671 2615 et
2698 2562 2830 2616 vitiis
2870 2563 2960 2632 ﬁat
3004 2565 3246 2620 obnoxia.
3296 2566 3429 2622 Illos
3481 2569 3665 2623 deinde

2130 2648 2323 2718 refutat
2346 2691 2362 2717 ,
2388 2651 2477 2719 qui
2502 2662 2728 2706 nostram
2756 2654 2984 2709 anintam
3028 2658 3259 2727 ejusdem
3284 2675 3399 2713 cum
3428 2659 3538 2715 Deo
3558 2661 3659 2715 im-

2130 2742 2458 2797 mortalitatis
2506 2754 2552 2797 et
2594 2756 2795 2800 natura:
2835 2749 3138 2820 participem
3182 2766 3290 2804 esse
3354 2755 3662 2820 pronuntia-

2135 2833 2278 2888 bant.
3176 2842 3306 2911 Cap.
3330 2844 3418 2911 14,
3455 2846 3543 2912 15,
3571 2847 3659 2901 16.

2056 2925 2123 2980 At
2152 2927 2326 2983 diuina
2355 2940 2428 2985 est
2448 2971 2462 2993 ,
2496 2930 2786 3001 inquiebant
2804 2974 2816 2997 ,
2850 2935 3025 2988 anima
3055 2937 3277 2990 hominis
3301 2979 3315 3001 ,
3345 2943 3432 3008 qui
3452 2942 3652 2994 ratione

2132 3021 2329 3075 caneris
2357 3031 2562 3091 praestat
2589 3023 2914 3079 animalibus.
2950 3024 3153 3095 Optime
3178 3027 3419 3096 quidem,
3453 3030 3660 3099 reponit

2128 3115 2383 3171 Arnobius
2405 3158 2419 3182 ,
2447 3117 2492 3170 si
2519 3116 2670 3171 homo
2695 3118 2792 3171 hac
2828 3135 2923 3172 sua
2945 3121 3147 3174 ratione
3177 3121 3298 3175 bene
3319 3138 3521 3191 semper
3547 3131 3660 3178 utc-

2127 3217 2283 3262 retur.
2310 3208 2506 3262 Deinde
2527 3211 2790 3264 nonnullis
2805 3227 3075 3265 occurrens
3099 3213 3355 3269 instantiis
3383 3216 3660 3286 vulgiopi-

2129 3300 2357 3354 nationes
2390 3302 2458 3376 de
2498 3301 2686 3355 anima:
2731 3302 2969 3357 humana:
3015 3306 3314 3372 praestantia
3341 3307 3549 3376 exponit
3596 3325 3658 3361 ac

3272 3397 3401 3466 Cap.
3440 3400 3530 3464 17,
3559 3401 3647 3467 18,

2132 3577 2274 3631 vinas
2323 3593 2432 3632 esse
2477 3594 2639 3647 nequc
2675 3579 2902 3632 omnium
2950 3581 3161 3634 scientia
3183 3582 3409 3635 eruditas
3431 3584 3485 3635 in
3519 3583 3657 3638 hunc

2130 3669 2377 3723 mundum
2405 3686 2433 3723 e
2459 3671 2586 3724 caelo
2613 3669 2882 3725 advolasse
2900 3711 2915 3736 ,
2946 3681 3098 3742 atque
3124 3672 3245 3726 inde
3282 3674 3383 3725 ruit
3410 3674 3657 3743 placitum

2127 3759 2261 3814 illud
2285 3759 2627 3830 quorumdam
2668 3761 3125 3832 philosophorum,
3163 3779 3263 3833 quo
3289 3779 3349 3817 ea
3371 3780 3486 3830 quis
3504 3766 3661 3821 disci-

2128 3867 2244 3905 mus
2269 3852 2679 3906 reminiscentias
2706 3868 2815 3906 esse
2839 3855 3180 3908 conminbant.
3399 3856 3529 3926 Cap.
3565 3859 3655 3914 19.

2060 3941 2127 3997 Et
2155 3945 2287 3997 hanc
2313 3943 2517 4014 quidem
2546 3945 2967 4014 conjectarionem
2993 3946 3178 4014 falsam
3208 3954 3322 4009 esse,
3345 3949 3462 4001 aliis
3483 3949 3655 4004 adlntc

2127 4037 2386 4091 rationum
2413 4039 2682 4091 momentis
2707 4037 2888 4090 evincit
2916 4054 2929 4089 :
2959 4038 3209 4107 imprimis
3238 4054 3354 4091 rero
3385 4042 3653 4108 proposita

2128 4130 2396 4201 hypothesi
2422 4130 2587 4199 pueri,
2604 4129 2655 4183 in
2669 4129 3009 4183 desertissima
3026 4139 3073 4183 et
3090 4130 3348 4185 inaccessa
3373 4133 3653 4189 solitudine

2126 4224 2234 4278 nati
2252 4232 2399 4293 atque
2429 4221 2615 4276 ibidem
2644 4237 2844 4276 summo
2873 4221 2925 4274 in
2953 4222 3157 4276 silentio
3203 4239 3234 4275 a
3281 4233 3425 4277 muta
3452 4226 3648 4280 nutrice

2126 4316 2349 4372 educati.
2614 4312 2619 4313 ί
3281 4316 3410 4387 Cap.
3436 4318 3528 4385 20,
3556 4319 3650 4375 2|.

2059 4409 2197 4464 llinc.
2216 4409 2471 4466 evidenter
2490 4409 2786 4476 concludit,
2831 4410 3111 4464 humanam
3138 4412 3368 4464 animam
3410 4413 3464 4466 in
3495 4428 3647 4468 mun-

2083 4488 2088 4493 ’
2128 4501 2251 4556 dum
2272 4517 2373 4556 non
2400 4501 2594 4556 venisse
2612 4501 2839 4556 omnium
2865 4502 3079 4557 scientia
3103 4502 3430 4556 instructam.

3269 4594 3399 4666 Cap.
3430 4598 3522 4664 22,
3554 4599 3645 4656 25.

2057 4684 2261 4741 Exinde
2285 4685 2542 4740 Arnobius
2572 4686 2886 4741 contrarium
2917 4684 3159 4741 Platonis
3185 4698 3543 4757 argumentum
3584 4707 3651 4745 ea:

370 4798 377 4805 °
426 4784 752 4858 philosophis
789 4782 1160 4855 quantumlibet
1185 4782 1248 4838 ob
1276 4798 1476 4837 morum
1504 4762 1849 4853 integritatem
1872 4792 1952 4836 at-
1982 4762 2037 4823 Ῑ)
2135 4792 2293 4848 puero
2320 4777 2384 4831 de
2426 4778 2652 4833 numeris
2680 4778 2992 4848 interrogato
3024 4778 3234 4847 petitum
3263 4778 3545 4834 luculenter
3566 4781 3649 4834 di-

426 4896 525 4951 que
567 4878 879 4947 sapientiam
925 4876 1241 4941 laudandis,
1283 4876 1371 4947 qui
1395 4874 1527 4930 nihil
1567 4873 1647 4928 oel
1688 4875 1957 4929 minimum

427 4973 554 5042 quid
580 4973 662 5027 his
686 4972 855 5027 simile
878 4986 1122 5042 umquam
1147 4978 1444 5041 potuerunt.
1697 4965 1831 5037 Cap.
1864 4968 1952 5022 11.

356 5067 429 5126 Et
453 5079 591 5125 certe
630 5068 677 5122 si
719 5065 957 5121 Christus
983 5064 1224 5118 humanis
1252 5072 1451 5118 tantum
1493 5062 1813 5133 argumentis
1835 5077 1958 5116 usus

428 5160 637 5231 fuisset,
667 5173 814 5213 nemo
838 5157 885 5212 ei
903 5156 1060 5223 ﬁdem
1088 5154 1436 5220 adhibuisset,
1464 5170 1619 5223 quam
1646 5165 1817 5208 tamen
1848 5153 1956 5223 ple-

426 5254 573 5324 rique
598 5250 726 5307 dare
749 5249 914 5305 coacti
934 5258 1052 5305 sunt
1073 5247 1135 5303 ob
1161 5248 1299 5303 edita
1326 5246 1389 5302 ab
1415 5246 1530 5318 ipso
1559 5246 1772 5317 ejusque
1797 5245 1925 5300 disci
1935 5276 1955 5288 -

430 5347 570 5418 pulis
597 5346 887 5409 miracula;
917 5342 1055 5399 edita
1075 5383 1091 5405 ,
1112 5342 1323 5412 inquam
1343 5381 1360 5406 ,
1388 5340 1576 5410 ubique
1594 5340 1648 5393 in
1678 5338 1887 5392 Oriente
1909 5347 1957 5392 et

430 5438 713 5495 Occidente
740 5447 789 5493 et
826 5436 1149 5509 potissimum
1180 5434 1397 5501 Roma,
1425 5433 1512 5495 ubi
1560 5432 1743 5489 Simon
1775 5448 1955 5503 magus

427 5549 462 5588 a
487 5531 647 5588 Petro
673 5547 739 5587 ea:
777 5529 982 5585 sublimi
1009 5544 1110 5585 tere
1137 5528 1190 5582 in
1218 5536 1410 5582 terram
1445 5525 1674 5593 deiectus
1717 5524 1955 5597 perhibe-

432 5634 536 5680 tur.
1705 5616 1833 5686 Cap.
1863 5615 1948 5671 12.

356 5711 500 5785 Quid
550 5715 744 5785 plura?
791 5712 917 5770 Non
955 5712 1191 5770 necanda
1220 5720 1389 5781 certe,
1416 5710 1507 5767 sed
1531 5711 1646 5767 ideo
1690 5710 1958 5765 laudanda

426 5816 539 5867 erat
566 5807 631 5862 ab
656 5807 871 5864 ethnicis
901 5790 1295 5861 christianoram
1329 5802 1494 5874 ﬁdes,
1529 5802 1652 5874 quia
1672 5800 1777 5858 illis
1811 5815 1955 5855 cont-

934 5898 1212 5960 ΡΑτιιοι.
1243 5896 1322 5957 ν.

2131 4870 2246 4924 luit.
3270 4869 3399 4940 Cap.
3429 4870 3521 4936 24,
3550 4870 3646 4928 25.

2062 4963 2253 5020 Eorum
2277 4962 2611 5034 objectioncm
2652 4962 2881 5016 dissolvit
2903 5002 2916 5024 ,
2949 4961 3036 5031 qui
3073 4962 3245 5015 dicunt
3274 4963 3500 5015 animum
3519 5005 3535 5031 ,
3561 4965 3649 5019 ubi

2129 5056 2337 5126 corpori
2381 5052 2749 5123 conjungitur,-
2790 5051 3018 5120 priorum
3089 5051 3317 5105 oblivisci
3366 5063 3556 5122 atque,
3600 5064 3655 5108 ut

2126 5149 2304 5215 aiunt,
2336 5163 2402 5203 ex
2417 5147 2569 5201 docta
2590 5142 2972 5199 elementariam
2999 5143 3133 5211 fieri.
3269 5142 3400 5214 Cap.
3433 5145 3526 5213 26,
3553 5146 3644 5200 27.

2061 5240 2209 5297 Idem
2237 5249 2594 5313 argumentum
2623 5245 2919 5307 pertractat.
3391 5235 3521 5306 Cap.
3553 5237 3647 5295 28.

2061 5331 2149 5388 Ex
2171 5332 2445 5402 disputatis
2479 5329 2674 5401 colligit
2702 5338 2881 5383 auctor
2905 5326 3157 5383 hominem
3206 5329 3540 5398 proletarium
3591 5348 3652 5386 ac

2133 5442 2342 5498 prorsus
2364 5425 2569 5495 inopem
2594 5422 2763 5477 ordini
2786 5422 2951 5492 primo
2977 5424 3030 5474 h.
3068 5438 3115 5474 e.
3152 5420 3324 5475 diuino
3349 5438 3450 5475 non
3486 5424 3651 5478 ascri-

2131 5517 2349 5572 bendum
2389 5532 2482 5570 nec
2536 5516 2584 5570 ei
2634 5514 2865 5571 eamdem
2894 5524 3048 5584 atque
3076 5512 3182 5568 Deo
3209 5514 3651 5571 immortalitatem

2135 5608 2477 5665 tribuendam.
3281 5606 3412 5676 Cap.
3438 5606 3531 5672 29,
3559 5608 3652 5664 50.

2069 5701 2266 5758 Eadem
2293 5701 2490 5756 ratione
2512 5700 2779 5772 impugnat
2817 5697 3070 5753 Arnobius
3101 5699 3411 5753 contrariam
3437 5698 3655 5769 Epicuri

2137 5794 2459 5866 Opinionem,
2509 5792 2598 5862 qui
2647 5790 2872 5845 animum
2914 5789 3192 5843 humanam
3238 5791 3505 5845 mortalem
3553 5808 3662 5848 esse

3017 5881 3096 5946 9.6
