4258 6250
629 307 732 367 8H

1765 293 2044 354 ARNOBII
2080 291 2446 354 ADVERSUS
2473 291 2751 352 GENTES

3811 284 3930 346 819.

700 421 973 496 garriebat.
997 417 1196 475 Deinde
1220 414 1398 471 statuit
1423 421 1604 469 auctor
1631 421 1822 480 noster,
1855 413 2082 467 animum
2111 427 2216 465 me-
2245 413 2297 472 Α
2390 419 2607 478 seratur,
2654 406 2792 480 quod
2846 404 2911 460 ab
2958 403 3064 460 alio
3101 401 3274 459 statim
3329 401 3521 460 destrui
3548 417 3650 457 non
3716 403 3926 472 possit?

700 517 801 571 dite
839 511 1109 583 cujusdam
1133 509 1402 564 mortalem
1441 507 1576 561 inter
1620 515 1668 561 et
1709 506 1938 560 divinam
1985 516 2222 558 naturam

701 623 809 663 esse
830 604 1146 661 substantiae.
1789 597 1922 666 Cap.
1956 595 2028 652 50
2041 625 2112 637 —-
2127 595 2220 651 54.

627 701 946 758 [astantibus
993 713 1109 753 vero
1156 695 1371 750 ethnicis
1390 735 1404 760 ,
1435 709 1534 764 quo
1565 701 1715 763 pacto
1773 689 2079 744 immortalis
2109 689 2223 757 fieri

698 793 859 864 possit
887 791 1095 857 anima,
1141 789 1185 843 si
1230 789 1411 843 media:
1453 786 1595 840 illius
1624 783 1886 855 qualitatis
1933 783 2036 847 sit,
2091 782 2222 854 facit

696 885 821 940 satis
848 881 1122 937 Arnobius.
1845 873 1974 947 Cap.
2005 875 2096 942 55,
2129 875 2220 930 56.

627 976 827 1033 Deinde
856 977 1094 1032 animam
1109 984 1337 1029 nostram
1365 989 1396 1025 a
1424 981 1684 1042 postrema
1708 968 1932 1039 quadam
1978 976 2226 1039 potestate

700 1072 860 1142 fuisse
886 1069 1090 1140 quidem
1121 1079 1346 1123 creatam
1365 1106 1379 1134 ,
1417 1066 1506 1120 sed
1534 1079 1696 1132 neque
1725 1064 1913 1118 divinae
1943 1061 2103 1132 prolis
2132 1077 2223 1114 ne-

698 1178 796 1232 que
821 1162 1005 1216 summi
1038 1157 1133 1213 Dei
1180 1159 1345 1227 filiam
1390 1173 1496 1211 esse
1537 1156 1870 1209 demonstrat.
1898 1153 2009 1208 Nec
2033 1156 2225 1221 patitur

699 1266 876 1310 auctor
904 1255 1000 1308 sibi
1029 1253 1215 1324 objici,
1243 1250 1491 1306 mundum
1522 1251 1633 1306 sine
1653 1249 1860 1304 homine
1897 1264 2006 1302 esse
2031 1247 2226 1316 imper-

702 1353 921 1420 fectum;
946 1347 1171 1418 adeoque
1210 1345 1375 1399 Deum
1414 1345 1817 1414 uniuscujusque
1841 1343 2068 1396 animam
2093 1358 2153 1397 ea:
2173 1357 2227 1396 se

699 1443 814 1512 ipso
834 1440 1060 1513 genitam
1085 1440 1139 1493 in
1169 1438 1448 1492 humanum
1478 1453 1664 1520 corpus
1694 1436 1910 1504 misisse.

1727 1525 1858 1597 Cap.
1890 1526 1980 1592 56,
2009 1525 2100 1591 57,
2131 1524 2222 1580 58.

627 1627 808 1700 Longa
854 1636 1026 1681 autem
1055 1625 1352 1680 inductione
1381 1631 1595 1678 conatur
1623 1620 1886 1674 ostendere
1906 1660 1921 1684 ,
1969 1619 2226 1690 hominem

696 1736 799 1775 non
825 1719 895 1773 ad
916 1718 1274 1790 perfectionem
1296 1716 1492 1781 mundi,
1520 1715 1608 1783 qui
1633 1714 1835 1783 quidem
1861 1712 1972 1766 sine
1997 1712 2090 1766 illo
2117 1727 2225 1766 esse

3488 497 3619 567 Cap.
3697 496 3790 562 56,
3825 497 3921 552 57.

2328 601 2570 667 Quamvis
2610 617 2731 673 ergo
2775 600 3073 672 ignorarent
3119 593 3432 659 Christiani,
3476 609 3509 646 a
3550 608 3652 662 quo
3695 600 3746 644 et
3787 589 3926 645 unde

2394 705 2564 750 creata
2590 696 2655 751 sit
2684 694 2858 748 anima
2887 693 3108 746 humana
3135 706 3154 744 :
3178 688 3310 744 nihil
3354 686 3475 740 inde
3523 685 3771 739 adversus
3802 682 3928 737 illos

2395 789 2599 859 efficere
2636 795 2869 858 poterant
2921 784 3145 851 ethnici,
3199 781 3381 853 quibus
3410 780 3571 833 multo
3618 779 3776 850 plura
3805 786 3928 832 sunt

2397 883 2734 952 incomperta.
3493 871 3622 942 Cap.
3701 872 3798 935 58,
3831 871 3926 926 59.

2327 975 2480 1033 Recte
2507 977 2676 1046 itaque
2701 974 2935 1036 Christus
2955 1015 2968 1038 ,
2992 988 3140 1028 verus
3169 969 3312 1026 Deus
3329 1011 3345 1036 ,
3375 969 3470 1027 sub
3499 966 3722 1021 hominis
3754 968 3931 1036 forma

2399 1069 2600 1125 locutus
2640 1068 2790 1140 jubet
2836 1084 2962 1135 nos,
3008 1065 3202 1120 relictis
3244 1062 3480 1118 omnibus
3521 1061 3925 1132 quaestionibus,

2396 1163 2464 1215 ad
2492 1178 2662 1215 rerum
2691 1161 3045 1215 universarum
3073 1157 3348 1211 Dominum
3377 1165 3481 1210 tota
3509 1164 3673 1209 mente
3715 1152 3930 1215 attolli;

2395 1254 2484 1324 qui
2514 1253 2714 1308 tametsi
2742 1250 3105 1322 comprehendi
3143 1256 3358 1320 nequeat
3381 1287 3398 1314 ,
3431 1247 3608 1301 nullus
3630 1255 3805 1299 tamen
3826 1243 3932 1298 nisi

2395 1363 2566 1401 amens
2595 1346 2746 1400 illum
2790 1345 2956 1400 solum
3005 1359 3114 1399 esse
3165 1340 3330 1396 Deum
3382 1338 3611 1410 ambigit.
3672 1336 3932 1391 Ethnicos

2394 1437 2573 1510 igitur,
2604 1438 2696 1508 qui
2721 1453 2834 1506 eum
2881 1452 2982 1506 non
3025 1442 3341 1506 agnoscunt,
3393 1439 3598 1485 manent
3642 1429 3766 1483 stevi
3799 1436 3932 1498 post

2397 1538 2608 1584 mortem
2635 1530 2912 1583 cruciatus.
3413 1522 3546 1591 Cap.
3587 1521 3674 1587 60,
3707 1520 3801 1586 6|,
3831 1519 3930 1575 62.

2330 1623 2640 1694 Urgentibus
2694 1621 2940 1685 ethnicis,
2989 1618 3116 1688 quid
3159 1632 3280 1687 ergo
3314 1622 3485 1668 actum
3531 1613 3596 1666 sit
3643 1611 3706 1665 de
3747 1627 3932 1665 eorum

2396 1717 2665 1772 animabus
2684 1754 2700 1782 ,
2743 1715 2830 1784 qui
2859 1724 2976 1768 ante
3005 1711 3197 1767 Christi
3236 1711 3506 1763 adventum
3549 1706 3738 1760 mortui
3766 1715 3887 1760 sunt
3908 1747 3926 1773 ,

695 1819 929 1882 poterat,
985 1810 1074 1864 sed
1119 1810 1184 1862 ad
1219 1809 1470 1878 privatam
1513 1807 1776 1875 ipsiusmet
1815 1805 2035 1858 hominis
2071 1804 2214 1858 utili-

2394 1820 2443 1864 et
2483 1826 2572 1864 cur
2614 1825 2788 1864 omnes
2825 1807 3011 1860 anima:
3055 1822 3157 1859 non
3200 1806 3302 1857 sint
3347 1799 3533 1871 aequali
3579 1799 3931 1866 munificentia

697 1913 851 1958 tatem
880 1918 986 1957 esse
1007 1911 1252 1955 creatum.
1285 1901 1450 1970 Atque
1475 1916 1540 1953 ex
1571 1899 1650 1952 his
1674 1897 1970 1964 concludit,
1997 1897 2224 1950 divinam

697 2013 800 2052 non
823 2012 930 2051 esse
957 1997 1216 2061 animam,
1243 2009 1360 2065 quae
1387 1993 1714 2063 postmodum
1735 1993 1786 2046 in
1809 2008 1994 2062 corpus
2013 1991 2224 2061 aliquod

689 2105 721 2141 a
745 2087 850 2142 Deo
882 2089 1036 2142 missa
1066 2087 1240 2156 fuerit.
1760 2082 1894 2155 Cap.
1927 2083 1998 2140 59
2031 2114 2101 2123 -
2127 2085 2219 2139 45.

623 2187 688 2246 At
713 2202 838 2251 sua,
868 2185 1139 2254 inquiunt,
1192 2183 1478 2247 voluntate,
1530 2198 1634 2236 non
1677 2180 1772 2235 Dei
1811 2181 1964 2252 jussu
1991 2181 2124 2234 venit
2169 2179 2224 2233 in

694 2279 957 2334 mundum.
992 2275 1088 2331 Cui
1114 2275 1320 2346 quidem
1347 2274 1608 2329 instantia:
1637 2274 1862 2328 occurrit
1888 2273 2163 2326 Arnobius.

1775 2364 1902 2433 Cap.
1933 2363 2005 2417 44
2031 2393 2103 2403 -
2126 2361 2220 2417 46.

627 2462 889 2535 Urgebant
911 2461 1100 2515 ethnici
1128 2501 1141 2522 ,
1195 2459 1330 2512 unde
1355 2459 1512 2530 igitur
1541 2457 1716 2510 anima
1744 2458 2013 2527 progenita
2042 2455 2106 2509 sit
2134 2463 2224 2507 aut

696 2554 900 2625 prolata
929 2552 1259 2620 inquirentes.
1294 2548 1490 2614 Quibus
1513 2548 1785 2616 respondet
1815 2546 2074 2601 Arnobius
2093 2585 2109 2612 ,
2152 2545 2190 2599 il
2200 2572 2223 2590 -

695 2646 785 2701 lud
810 2646 1030 2716 primum
1058 2643 1202 2698 nobis
1228 2657 1336 2698 esse
1359 2650 1698 2710 compertum,
1714 2640 1861 2694 illam
1882 2655 1973 2694 nec
1994 2639 2220 2693 divinam

693 2755 784 2794 nec
817 2738 913 2794 Dei
953 2753 1064 2792 esse
1094 2736 1386 2806 progeniem
1412 2752 1433 2790 :s
1459 2735 1589 2789 nihil
1619 2735 1755 2788 enim
1804 2751 1835 2787 a
1882 2732 1992 2788 Deo
2020 2748 2220 2787 summa

694 2831 805 2901 fieri
855 2843 1094 2901 umquam
1124 2829 1370 2898 potuisse,
1405 2827 1504 2880 nisi
1548 2825 1780 2880 omnibus
1809 2825 2034 2878 numeris
2062 2825 2216 2878 abso-

698 2923 882 2979 lutum.
915 2920 1116 2976 Deinde
1162 2921 1370 2986 subdit,
1415 2919 1548 2974 illud
1577 2936 1671 2972 nos
1710 2927 1848 2973 certo
1875 2933 2180 2988 cognoscere
2201 2957 2217 2982 ,

693 3015 922 3072 homines
965 3011 1097 3087 nihil
1123 3028 1230 3068 esse
1269 3012 1414 3066 aliud
1441 3011 1538 3065 nisi
1567 3013 1770 3066 animas
1796 3010 2000 3081 corpori
2029 3010 2220 3080 alliga-

693 3116 772 3161 tas
789 3145 804 3172 ,
832 3119 948 3176 qute
973 3105 1110 3159 omni
1135 3103 1374 3158 vitiorum
1399 3117 1578 3173 genere
1614 3113 2034 3172 corrumpuntur.

1841 3193 1970 3264 Cap.
2001 3194 2091 3261 tr,
2122 3194 2212 3250 es.
2242 3173 2287 3236 C

622 3289 758 3352 Sunt
783 3288 986 3359 quidem
1018 3287 1256 3342 nonnulli
1303 3287 1512 3356 optimis
1553 3286 1778 3341 moribus
1828 3303 1844 3340 :
1892 3295 1945 3340 at
1992 3286 2046 3340 hi
2093 3303 2217 3342 sane

691 3380 986 3452 paucissimi
1011 3389 1151 3434 sunt.
1182 3377 1466 3450 Ecquinam
1499 3395 1614 3432 vero
1655 3379 1865 3450 perfecti
1895 3388 2010 3435 sunt
2035 3379 2205 3434 homi-

692 3476 821 3530 nes?
852 3473 975 3529 Non
1003 3474 1158 3545 igitur
1182 3473 1354 3528 divina
1383 3483 1455 3528 est
1479 3474 1655 3529 anima
1682 3475 1926 3528 humana.

1845 3565 1971 3635 Cap.
2003 3565 2096 3632 49,
2123 3566 2213 3622 50.

621 3655 804 3726 Neque
829 3671 946 3712 vero
974 3665 1045 3710 est
1071 3657 1206 3726 quod
1235 3656 1436 3712 rideant
1466 3656 1683 3719 ethnici,
1716 3657 1760 3713 si
1798 3674 2041 3728 negemus
2068 3659 2213 3712 nobis

691 3765 800 3807 esse
823 3758 1170 3818 compertum,
1215 3765 1315 3819 quo
1342 3747 1494 3802 modo
1523 3747 1618 3802 illa
1662 3750 1729 3803 sit
1767 3759 1960 3804 creata.
1997 3749 2058 3806 Si
2084 3751 2218 3804 enim

691 3851 824 3896 recte
850 3858 883 3894 a
914 3839 1132 3896 Platone
1170 3850 1421 3894 assertum
1466 3849 1683 3911 putant,
1729 3841 1847 3896 illas
1872 3859 1976 3896 non
2025 3859 2058 3896 a
2108 3842 2217 3898 Deo

693 3935 924 4007 sunnnol,
958 3937 1050 3991 sed
1075 3953 1104 3988 a
1127 3936 1410 3990 minoribus
1436 3936 1738 4005 quibusdam
1764 3939 2093 4007 potestatibus
2111 3957 2220 3996 esse

691 4037 891 4083 creatas
924 4045 936 4081 :
967 4044 1060 4082 cur
1085 4029 1229 4083 nobis
1258 4045 1358 4083 non
1385 4029 1553 4083 licebit
1577 4030 1718 4099 ipsas
1745 4047 1854 4086 esse
1882 4033 2064 4088 medice
2088 4051 2218 4105 qua-

684 4121 843 4175 litatis
884 4122 1034 4192 longe
1063 4126 1249 4176 certius
1279 4139 1535 4191 asserere,
1580 4140 1694 4194 qua:
1725 4135 1895 4180 tamen
1925 4145 1957 4181 a
1989 4129 2096 4184 Deo
2124 4131 2218 4184 im-

691 4219 1003 4274 mortalitate
1033 4219 1287 4272 donentur
1305 4219 1330 4270 ?
1719 4220 1846 4293 Cap.
1879 4224 1972 4290 5i,
2002 4224 2092 4293 5‘2,
2124 4227 2213 4281 55.

625 4306 805 4381 Neque
829 4311 1050 4376 dixeris,
1083 4312 1211 4366 nihil
1260 4313 1463 4382 penitus
1492 4314 1601 4368 sine
1643 4312 1740 4368 Dei
1781 4318 2040 4373 voluntate
2065 4321 2178 4388 ﬁeri
2199 4361 2214 4386 ,

691 4421 854 4475 neque
879 4405 1033 4458 etiam
1075 4406 1327 4459 curiosius
1353 4408 1585 4476 inquiras
1602 4449 1618 4470 ,
1640 4409 1778 4462 unde
1802 4411 1940 4464 mala
1980 4412 2218 4467 oriantur

689 4505 736 4549 et
761 4512 850 4550 cur
876 4512 935 4550 ea
977 4494 1120 4550 Deus
1161 4498 1440 4565 permittat.
1489 4497 1604 4551 Hoc
1642 4515 1800 4554 unum
1831 4480 1924 4570 pro
1954 4512 2090 4558 certo
2121 4489 2214 4559 ha-

692 4587 940 4654 bendum,
974 4587 1105 4641 nihil
1131 4605 1163 4641 a
1193 4603 1308 4641 vero
1348 4586 1459 4642 Deo
1503 4589 1614 4656 ﬁeri
1643 4565 1868 4656 malum,
1902 4594 2138 4648 vitiosum
2167 4606 2213 4650 et
2242 4565 2296 4624 D

692 4679 903 4732 noxium
949 4677 1184 4748 quodque
1235 4679 1469 4732 omnibus
1521 4695 1624 4734 non
1674 4682 1742 4735 sit
1792 4683 2020 4737 salutare
2064 4695 2215 4756 atque

693 4770 878 4826 amaris
899 4768 1267 4838 plenissimum.
1837 4770 1968 4845 Cap.
1998 4776 2088 4840 54,
2115 4778 2208 4832 55.

619 4862 831 4919 Nemini
860 4878 977 4916 vero
1003 4863 1136 4916 mira
1164 4862 1324 4916 videri
1351 4862 1496 4916 debet
1527 4874 1702 4918 nostra
1729 4865 1791 4918 de
1819 4875 1891 4920 tot
1918 4868 2037 4923 aliis
2062 4869 2212 4925 rebus

689 4957 961 5029 ignoratio.
999 4955 1129 5021 Quis
1172 4956 1307 5011 enim
1354 4958 1513 5011 nescit
1571 4967 1740 5013 tantas
1785 4976 1892 5017 esse
1944 4962 2208 5019 hominum

688 5050 751 5106 de
776 5066 832 5106 re
855 5049 1081 5121 qualibet
1115 5050 1494 5115 contentiones,
1525 5060 1582 5106 ut
1613 5051 1745 5108 nihil
1774 5069 1806 5108 a
1833 5069 2088 5126 quoquam
2113 5074 2201 5112 as-

2398 1905 2603 1958 donatw
2633 1922 2651 1959 :
2679 1903 2949 1972 respondet
2981 1901 3203 1971 primum
3235 1898 3490 1952 Arnobius
3509 1939 3524 1964 ,
3554 1897 3820 1967 aequaliter
3873 1895 3930 1949 in

2402 2011 2577 2048 omnes
2609 1995 2784 2048 divina
2808 1993 3046 2061 benificia
3077 1991 3238 2063 fuisse
3264 1988 3458 2057 diffusa
3474 2005 3494 2054 ,'
3523 1987 3726 2054 deinde,
3753 2002 3932 2040 omnes

2397 2085 2562 2140 Deum
2604 2087 2864 2155 aequaliter
2902 2101 3084 2138 vocare
3124 2083 3457 2154 omnibusque
3494 2082 3564 2134 ad
3608 2098 3665 2135 se
3691 2079 3932 2133 veitiendi

2397 2188 2696 2250 potestatem
2746 2179 2956 2250 fecisse,
3008 2178 3098 2233 sed
3144 2177 3276 2232 nulli
3319 2175 3671 2232 necessitatem
3716 2173 3926 2240 aﬁ'erre.

3536 2268 3668 2334 Cap.
3710 2267 3803 2333 65,
3829 2267 3926 2322 64.

2325 2363 2518 2424 Docet.
2551 2381 2641 2418 cur
2668 2362 2808 2418 Deus
2849 2381 2952 2419 non
2999 2365 3192 2434 faciat,
3225 2374 3283 2418 ut
3327 2363 3474 2418 inviti
3500 2362 3732 2416 homines
3761 2362 3931 2427 ipsius

2393 2458 2600 2513 credant
2628 2459 2924 2527 promissis;
2950 2457 3156 2523 deinde,
3188 2456 3323 2527 quod
3353 2457 3452 2510 soli
3475 2453 3750 2511 Christiani
3769 2453 3928 2506 salu-

2394 2563 2491 2606 tem
2522 2561 2894 2618 consequantur
2943 2567 3040 2621 ope
3064 2550 3254 2606 Christi
3305 2560 3457 2620 atque
3499 2549 3712 2616 auxilio,
3761 2547 3852 2599 cui
3895 2561 3930 2598 a

2395 2644 2505 2700 Deo
2535 2655 2682 2716 patre
2717 2645 2936 2713 facultas
2957 2644 3055 2697 ista
3087 2659 3348 2697 concessa.
3667 2639 3798 2708 Cap.
3829 2638 3925 2695 65.

2322 2736 2533 2791 Transit
2560 2738 2628 2790 ad
2652 2747 2865 2790 veterem
2895 2736 3211 2790 ethnicorum
3236 2734 3626 2804 querimoniam,
3673 2748 3779 2802 qua
3825 2748 3926 2786 uo-

2391 2830 2574 2884 vellam
2603 2846 2712 2885 esse
2744 2829 3075 2884 christianum
3103 2826 3399 2898 religionem
3425 2835 3576 2897 atque
3599 2825 3842 2894 antiquos
3880 2834 3931 2882 et

2391 2923 2586 2990 patrios
2611 2923 2742 2976 ritus
2768 2923 2822 2976 in
2852 2921 3097 2976 barbaros
3120 2936 3181 2975 ac
3209 2920 3506 2989 peregrinos
3533 2936 3638 2973 non
3673 2935 3785 2973 esse
3812 2935 3928 2973 mu-

2391 3014 2576 3068 tandos
2615 3014 3022 3084 expostulabant.
3409 3012 3537 3082 Cap.
3584 3011 3676 3077 66,
3704 3013 3798 3076 67,
3829 3012 3923 3067 68.

2322 3105 2541 3160 Tametsi
2569 3105 2849 3160 christiana
2875 3105 3053 3176 religio
3090 3121 3262 3160 recens
3291 3113 3420 3159 esset
3446 3104 3710 3168 instituta,
3756 3119 3930 3157 nonne

2390 3217 2472 3255 res
2523 3215 2696 3254 omnes
2749 3200 3019 3266 humana,
3077 3214 3246 3252 nonne
3300 3199 3356 3251 in
3409 3197 3619 3267 primis,
3670 3195 3753 3250 vel
3795 3196 3927 3266 ipsis

2393 3292 2668 3362 fatentibus
2729 3291 2942 3345 ethnicis
2963 3332 2978 3357 ,
3036 3305 3210 3345 eorum
3264 3287 3358 3342 Dii
3427 3304 3538 3344 esse
3605 3299 3869 3358 creperum
3900 3287 3928 3340 ?

3534 3379 3662 3452 Cap.
3703 3381 3796 3444 69,
3830 3380 3926 3435 70.

2322 3479 2386 3535 Si
2426 3495 2546 3551 ergo
2592 3487 2709 3534 ante
2752 3479 3153 3550 quadringentos
3195 3493 3358 3531 armos
3401 3474 3696 3531 Christiana
3740 3474 3928 3544 religio

2393 3587 2496 3625 non
2532 3581 2674 3636 erat,
2722 3587 2882 3640 neque
2927 3571 3079 3625 etiam
3127 3578 3246 3623 ante
3295 3569 3398 3622 duo
3455 3583 3708 3622 annorum
3757 3566 3929 3620 millia

2394 3663 2564 3718 nullos
2613 3663 2734 3716 deos
2781 3679 2902 3717 suos
2959 3663 3118 3734 fuisse
3160 3677 3346 3732 negare
3395 3677 3500 3715 non
3554 3669 3808 3730 poterant.
3856 3659 3927 3712 At

2393 3755 2596 3811 demum
2635 3756 2898 3827 religionis
2934 3755 3214 3810 auctoritas
3240 3771 3344 3809 non
3392 3765 3466 3810 est
3509 3763 3741 3823 tempore
3780 3751 3930 3806 testi-

2392 3849 2583 3904 mandn
2601 3889 2616 3915 ,
2645 3850 2733 3903 sed
2759 3851 2984 3903 numine.
3671 3845 3801 3916 Cap.
3829 3845 3926 3900 7i.

2312 3944 2668 4016 Objectionem
2719 3944 2865 3998 illam
2917 3945 3156 4014 deinceps
3209 3943 3446 4014 infringit
3500 3941 3788 4005 Arnobius,
3818 3955 3931 4008 qua

2392 4037 2578 4091 ethnici
2629 4036 2997 4102 obtendebant,
3044 4052 3219 4090 eorum
3269 4036 3565 4107 religionem
3595 4038 3758 4087 multo
3782 4042 3931 4086 vetu-

2390 4133 2596 4186 stiorem
2621 4132 2904 4186 christiana
2921 4147 3029 4186 esse
3048 4132 3275 4199 adeoque
3292 4131 3555 4184 veriorem.
3578 4126 3708 4196 Cap.
3730 4125 3926 4189 72,73.

2321 4228 2616 4299 Respondet
2657 4227 3036 4297 postulantibus
3066 4226 3195 4295 ipsis
3221 4225 3475 4289 ethnicis,
3518 4240 3612 4278 cur
3660 4233 3766 4275 tam
3809 4234 3929 4275 sero

2390 4321 2624 4376 Christus
2649 4337 2680 4374 a
2709 4320 2817 4375 Deo
2846 4321 3028 4374 missus
3051 4319 3222 4390 fuerit.
3557 4314 3686 4387 Cap.
3714 4316 3804 4379 74,
3825 4315 3925 4370 75.

2322 4414 2464 4469 Satis
2491 4414 2669 4468 iisdem
2697 4413 2820 4482 facit
2863 4411 3234 4481 inquirentibus
3257 4452 3272 4477 ,
3315 4427 3406 4464 cur
3436 4409 3605 4476 Deus,
3650 4409 3735 4462 cui
3769 4406 3928 4461 Chri-

2391 4507 2543 4560 stiani
2557 4505 2860 4570 serviebant,
2880 4506 3107 4573 patiatur
3135 4505 3254 4560 illos
3273 4506 3411 4558 omni
3440 4503 3852 4574 persecutionum
3865 4517 3930 4554 ac

2395 4617 2656 4671 prunarum
2682 4616 2862 4670 genere
2887 4600 3060 4654 vexari
3091 4608 3138 4653 et
3162 4599 3404 4668 apprimi.
3424 4595 3552 4665 Cap.
3575 4595 3668 4660 76,
3709 4597 3798 4662 77,
3831 4597 3931 4652 78.

2385 4781 2426 4836 Ι.
2459 4781 2572 4837 Hoc
2598 4781 2652 4836 in
2681 4781 2802 4837 loco
2831 4780 2990 4835 tribui
3015 4779 3060 4835 si
3084 4779 3191 4834 ulla
3222 4779 3453 4835 facultas
3481 4788 3700 4849 posset,
3723 4779 3926 4836 vellem

2311 4890 2432 4932 cum
2465 4876 2548 4930 his
2575 4875 2845 4942 omnibus,
2873 4874 3068 4944 quibus
3098 4888 3295 4928 nomen
3326 4873 3556 4928 invisum
3584 4882 3672 4928 est
3697 4871 3926 4943 Christi,

2311 4971 2379 5025 ab
2406 4969 2645 5024 instituta
2681 4966 3048 5038 principaliter
3077 4965 3394 5026 defensione
3439 4965 3765 5022 diverticulo
3792 4983 3930 5036 pau-

2309 5063 2475 5132 lisper
2497 5061 2657 5127 facto,
2693 5061 2814 5118 [alia
2841 5060 3008 5116 verba
3037 5060 3287 5117 miscere.
3320 5060 3375 5116 Si
3398 5059 3598 5114 nullam
3623 5074 3751 5117 esse
3771 5059 3933 5116 duci~

1963 5189 2525 5260 COMMENTARIUS.

685 5345 726 5400 Ι.
772 5377 845 5386 -
893 5345 952 5401 Si
1009 5346 1202 5400 nullam
1251 5361 1356 5399 esse
1429 5347 1612 5401 ducitis
1677 5351 2033 5406 contumeliam
2097 5371 2204 5410 res-

613 5418 838 5486 pondere
888 5417 1084 5485 aliquid
1132 5419 1483 5486 interrogatos.
1534 5418 1718 5488 Neque
1762 5422 1905 5475 enim
1937 5425 2068 5478 satis
2107 5425 2204 5480 ho—

614 5498 826 5564 nestum
872 5489 1089 5564 videtur
1119 5488 1426 5564 superiores
1466 5499 1519 5544 et
1561 5489 1809 5564 dominos
1848 5493 2197 5564 interrogare.

614 5555 893 5612 Salvianus
917 5600 928 5619 ,
983 5559 1140 5624 epist.
1186 5555 1242 5612 in
1276 5575 1289 5611 :
1321 5558 1566 5613 Parentes
1596 5563 1918 5624 charissimi;
1955 5555 2200 5621 Parentes

612 5630 1056 5704 querendissimi,
1106 5630 1411 5704 interrogari
1479 5646 1568 5704 vos
1635 5648 1951 5701 qutesumus,
2029 5635 2194 5690 liceat.

615 5699 812 5756 Contra
843 5701 1059 5767 superbi
1107 5709 1161 5755 et
1209 5699 1348 5755 fastu
1381 5701 1572 5755 tumidi
1603 5699 1918 5759 cunctanter
1946 5713 2036 5758 aut
2065 5707 2202 5764 nihil

613 5772 834 5828 omnino
887 5770 1131 5828 solebant
1183 5771 1529 5842 respondere.
1587 5771 1779 5832 Cicero
1830 5775 1898 5830 ad
1953 5774 2196 5850 Trebat.,

2308 5359 2558 5452 um,
2599 5361 2756 5452 epist.
2810 5361 2874 5415 16
2907 5360 3054 5452 τρυε
3099 5363 3284 5417 isthinc
3336 5365 3572 5431 ueniunt,
3627 5344 3934 5452 superbiam

2309 5439 2474 5505 tuam_
2504 5442 2777 5505 accusant,
2815 5433 2955 5505 quod
2996 5445 3210 5504 negent.
3260 5446 3307 5488 te
3350 5433 3800 5505 percunctantibus
3845 5457 3933 5495 re-

2308 5502 2597 5581 spondere._
2617 5503 2782 5581 idem,
2813 5503 3001 5564 'I‘i.sc..
3036 5502 3086 5581 ιζΔ
3107 5521 3163 5581 c._
3403 5506 3540 5581 Quid
3555 5509 3651 5581 ?_si
3681 5520 3730 5566 te
3761 5526 3928 5581 roga-

2307 5586 2420 5651 vero
2437 5572 2634 5642 aliquid
2640 5615 2652 5635 ,
2680 5591 2845 5651 nonne
2867 5577 3191 5651 respondebis
3204 5577 3299 5630 ?—
3315 5578 3354 5631 A
3367 5618 3378 5630 .
3395 5572 3697 5651 Superbum
3717 5581 3772 5634 id
3798 5572 3928 5651 q'ui-

2305 5642 2417 5696 dem
2445 5653 2574 5697 esset
2603 5659 2622 5698 :
2645 5645 2734 5700 sed
2783 5646 2884 5702 nisi
2929 5642 3054 5716 quid
3103 5663 3304 5722 necesse
3331 5650 3457 5715 erit,
3485 5642 3632 5722 male
3659 5667 3723 5705 ne
3749 5642 3926 5722 roges.

3233 5718 3473 5776 Hanno.
3508 5728 3563 5776 et
3593 5718 3848 5778 Emunxi.
3921 5781 3931 5797 ,
