4258 6250
313 289 421 343 8'25

1595 283 1799 340 LIBER
1844 280 2221 339 SECUNDUS.

3506 276 3612 335 816

310 404 511 475 ignium
555 400 999 460 conversionibus
1044 401 1200 457 ﬁeri?
1249 400 1599 458 concretione
1644 414 1903 470 aquarum
1932 406 1984 463 Α
2011 396 2168 452 nobis
2195 405 2251 452 et
2279 395 2432 452 vobis
2461 409 2624 451 unum
2656 405 2712 450 et
2740 393 2947 450 socium
2977 393 3203 450 credere
3233 411 3245 448 :
3281 393 3437 450 vobis
3475 393 3612 450 veli-

309 495 544 550 Thalcs?
575 493 908 566 Pythagoras
935 509 1161 548 numero
1184 493 1370 549 exire?
1400 492 1766 562 incorporales
1796 489 1905 545 fore

307 603 423 643 mas
456 586 649 643 Plato?
681 584 1076 642 individuorum
1111 585 1445 641 Democritus
1487 582 1908 640 concursiones?

309 691 404 736 aut
432 681 532 741 illi.
563 680 654 751 qui
683 690 962 735 autumant
1011 679 1140 734 nihil
1193 695 1349 750 posse
1397 680 1617 734 omnino
1661 692 1904 746 compre-

312 773 502 840 hendi,
534 790 600 828 an
630 773 695 828 sit
723 787 908 828 verum
930 773 1071 843 quod
1105 773 1306 835 dicunt,
1337 772 1514 827 sciunt
1541 788 1554 823 :
1587 779 1677 824 aut
1705 770 1902 840 ipsum,

309 867 458 939 quod
486 866 785 932 deﬁniunt,
830 864 1076 920 veritatis
1113 881 1233 920 esse
1267 865 1566 934 intelligunt
1597 861 1906 934 pronuntia-

310 961 468 1015 tum?
497 959 626 1015 Cum
658 959 818 1030 igitur
846 959 1110 1029 comperti
1156 959 1290 1013 nihil
1322 959 1560 1013 habeatis
1588 969 1641 1013 et
1681 956 1902 1028 eogniti,

309 1052 596 1122 omniaque
623 1051 732 1113 illa,
757 1067 876 1122 qua:
905 1051 1161 1116 scribitis,
1187 1062 1240 1106 et
1271 1050 1528 1106 librorum
1555 1048 1906 1120 comprehen-

307 1145 435 1201 ditis
463 1145 712 1209 millibus,
745 1143 1064 1199 credulitate
1101 1145 1424 1199 asseveratis
1449 1143 1582 1198 duce
1610 1161 1624 1196 :
1654 1157 1900 1214 qnmnam

306 1237 425 1293 haec
450 1246 532 1291 est
555 1236 815 1306 judicatio
847 1246 951 1290 tant
983 1236 1208 1304 injusta,
1257 1246 1312 1289 ut
1344 1247 1580 1291 nostram
1612 1235 1903 1290 derideatis

305 1330 490 1397 ﬁdem,
520 1345 681 1400 quam
714 1345 808 1384 vos
841 1329 1040 1384 habere
1069 1328 1381 1398 conspicitis
1411 1339 1592 1383 nostra
1622 1329 1672 1382 in
1702 1328 1898 1383 credu-

301 1421 454 1478 litate
477 1421 864 1476 communem?
889 1420 993 1476 Sed
1018 1420 1352 1490 sapientibus
1376 1435 1470 1475 vos
1496 1420 1623 1474 vitis
1650 1419 1899 1476 omnibus

305 1515 588 1572 instructis
623 1515 1030 1584 disciplinarum
1077 1513 1362 1584 generibus
1400 1512 1660 1568 creditis?
1707 1527 1899 1582 nempe

301 1607 429 1674 illis,
460 1609 551 1678 qui
595 1607 726 1662 nihil
775 1608 1032 1670 sciscunt,
1062 1621 1163 1662 nec
1195 1607 1541 1677 pronuntiant
1571 1619 1772 1670 unum;
1806 1606 1895 1674 qui

297 1715 398 1772 pro
445 1701 557 1756 suis
601 1701 888 1757 sententiis
921 1700 1062 1756 bella
1101 1715 1224 1754 cum
1268 1699 1675 1755 adversantibus
1701 1714 1894 1754 conse-

2012 491 2078 545 tis
2109 490 2255 554 dari,
2291 488 2433 560 quod
2465 490 2537 544 ita
2568 487 2636 543 ab
2658 488 2765 543 illis
2793 486 3035 553 dicatur,
3077 486 3359 558 accipere;
3389 501 3486 542 vos
3511 500 3609 553 ea,

2008 598 2128 653 quae
2162 581 2509 652 proferuntur
2545 595 2575 635 a
2613 579 2852 646 Christo,
2883 578 3074 636 audire
3103 588 3159 634 et
3188 587 3435 650 spectare
3464 578 3610 634 noli-

2009 675 2110 730 tis?
2141 676 2303 745 Atqui
2334 677 2376 730 si
2409 691 2601 730 causas
2639 675 2818 731 causis
2839 715 2854 741 ,
2887 684 3070 745 partes
3099 673 3337 745 partibus
3372 673 3608 729 volueri-

2009 783 2126 821 mus
2151 783 2365 838 aequare
2395 786 2408 822 :
2443 767 2612 838 magis
2643 782 2741 821 nos
2773 767 3013 821 valemus
3045 765 3336 821 ostendere
3380 766 3507 836 quid
3551 765 3604 821 in

2006 861 2224 917 Christo
2253 861 2514 918 fuerimus
2552 863 2761 926 secuti,
2807 877 2966 932 quam
3021 862 3074 916 in
3117 861 3450 932 phil030phis
3477 862 3606 934 quid

2009 968 2122 1008 vos.
2156 955 2233 1008 Ac
2263 970 2360 1009 nos
2386 954 2598 1025 quidem
2632 956 2683 1010 in
2713 954 2803 1008 illo
2833 953 3005 1008 secuti
3037 953 3153 1008 lure
3179 969 3366 1010 sumus
3393 971 3408 1008 :
3439 969 3604 1025 opera

2006 1047 2095 1103 illa
2132 1049 2435 1119 magnilica,
2463 1049 2974 1119 potentissimusque
3000 1047 3246 1113 virtutes,
3279 1063 3415 1120 quas
3443 1049 3605 1104 variis

2005 1141 2175 1196 edidit
2199 1141 2551 1211 exhibuitqne
2579 1141 2870 1206 miraculis,
2903 1140 3096 1211 quibus
3124 1142 3298 1210 quivis
3327 1150 3507 1210 posset
3534 1140 3602 1196 ad

2004 1234 2382 1291 necessitatem
2425 1234 2762 1290 credulitatis
2802 1233 3029 1299 adduci,
3071 1233 3394 1303 etjndicare
3423 1233 3602 1290 ﬁdeli-

2005 1339 2104 1397 ter,
2133 1347 2239 1385 non
2267 1345 2388 1384 esse
2417 1345 2535 1398 qua:
2566 1330 2756 1384 ﬁerent
2787 1327 3042 1394 hominis,
3073 1327 3167 1383 sed
3198 1327 3393 1383 divina:
3419 1327 3590 1383 alicu-

1997 1423 2087 1495 jus
2139 1433 2299 1494 atque
2347 1423 2633 1494 incognita:
2683 1423 2987 1495 petestatis.
3022 1421 3134 1478 Vos
3165 1423 3217 1478 in
3266 1421 3602 1493 philosophis

2003 1517 2233 1572 virtutes
2260 1518 2429 1571 secuti
2456 1531 2588 1586 quas
2614 1519 2766 1580 estis,
2792 1526 2848 1570 ut
2878 1515 3046 1585 magis
3068 1531 3162 1571 vos
3191 1515 3296 1570 illis
3316 1531 3474 1586 quam
3497 1531 3597 1572 nos

1999 1609 2216 1666 Christo
2253 1609 2550 1680 oportuerit
2590 1609 2846 1664 credere?
2883 1609 3214 1676 Quisnamne
3247 1609 3459 1664 illorum
3505 1609 3601 1665 ali-

1998 1704 2211 1774 quando
2234 1704 2397 1758 verbo
2420 1717 2528 1758 uno
2552 1703 2745 1774 potuit,
2774 1713 2865 1757 aut
2889 1703 3045 1758 unius
3074 1703 3280 1773 imperii
3304 1703 3549 1773 jussione
3578 1721 3592 1758 :

299 1802 464 1858 runt,
499 1803 555 1848 et
584 1792 884 1864 pervicacia
911 1807 1128 1863 semper
1155 1791 1518 1860 digladiantur
1549 1790 1763 1856 hes-till;
1795 1791 1885 1862 qui
1922 1800 1969 1860 Β
1997 1811 2102 1852 non
2157 1796 2332 1851 dicam
2391 1795 2554 1850 maris
2609 1795 2876 1860 insanias,
2935 1804 3028 1850 aut
3085 1805 3460 1863 tempestatum
3515 1795 3599 1850 l‘u-

295 1899 421 1940 cum
450 1884 586 1939 alter
609 1885 830 1939 alterius
860 1883 1203 1950 labefactant,
1229 1882 1537 1949 destruunt,
1561 1884 1892 1938 convellunt-

294 1991 402 2047 que
429 1977 665 2042 decreta,
699 1985 889 2032 cuncta
922 1977 1124 2032 incerta
1167 1976 1430 2041 fecerunt,
1465 1993 1565 2032 nec
1598 1991 1755 2048 posse
1787 1976 1890 2032 ali-

294 2068 425 2138 quid
453 2069 577 2125 sciri
605 2085 672 2124 ex
709 2069 820 2138 ipsa
847 2069 1189 2124 dissensione
1216 2079 1602 2125 monstrarunt.

368 2157 463 2214 XI.
497 2159 600 2215 Sed
642 2160 876 2215 ofﬁciant
905 2159 1022 2216 luce
1057 2161 1229 2226 nihil,
1283 2161 1520 2231 nihilque
1551 2161 1884 2232 impediant;

293 2252 589 2324 plurimum
618 2268 723 2324 quo
754 2254 932 2310 minus
979 2256 1058 2311 eis
1103 2254 1328 2312 credere
1376 2266 1537 2328 atque
1584 2255 1890 2312 auscultare

290 2344 560 2402 debeatis.
596 2347 662 2402 Et
689 2348 815 2416 quid
847 2358 964 2418 est,
1018 2349 1160 2421 quod
1214 2350 1266 2406 in
1314 2350 1414 2406 hac
1461 2361 1644 2421 parte,
1675 2361 1766 2406 aut
1792 2365 1889 2407 vos

290 2438 584 2508 plurimum
629 2439 870 2496 habeatis
895 2484 910 2506 ,
951 2451 1043 2496 aut
1083 2457 1181 2498 nos
1232 2444 1450 2500 minus?
1487 2443 1596 2499 Vos
1635 2444 1884 2513 Platoni,

286 2545 386 2588 vos
410 2531 648 2601 Cronio,
681 2549 778 2590 vos
804 2534 1102 2602 Numenio,
1136 2539 1218 2591 vel
1248 2536 1332 2591 cui
1379 2537 1598 2593 libuerit
1625 2540 1885 2596 creditis:

287 2638 392 2680 nos
414 2625 712 2694 credimus,
737 2635 792 2682 et
816 2628 1210 2696 acquiescimus
1227 2627 1464 2684 Christo.
1486 2629 1746 2702 lniquitas
1775 2632 1891 2689 haec

285 2728 490 2788 quanta
513 2729 618 2790 est,
647 2730 702 2777 ut
732 2737 855 2778 cum
885 2722 1097 2795 utrique
1125 2723 1434 2780 auctoribus
1460 2734 1689 2796 stemus,
1713 2731 1890 2800 sitque

1996 1904 2148 1946 rores
2187 1888 2502 1959 prohibere,
2536 1903 2884 1958 compescere
2920 1906 2932 1942 :
2964 1903 3069 1944 non
3107 1888 3266 1944 czecis
3309 1888 3596 1945 restituere

1995 1984 2194 2039 lumina
2224 1993 2317 2038 aut
2345 1983 2462 2039 sine
2492 1983 2785 2039 luminibus
2817 1984 2956 2038 natis
2982 1982 3112 2038 dare
3145 2002 3158 2038 :
3190 1998 3298 2038 non
3335 1981 3403 2037 ad
3433 1982 3592 2038 vitam

1994 2093 2249 2137 revocare
2279 2077 2561 2133 defunctos
2599 2093 2612 2131 :
2645 2092 2750 2132 non
2792 2091 3029 2132 annosas
3058 2076 3360 2132 dissolvere
3387 2077 3594 2147 passio-

1994 2186 2091 2227 nes
2117 2190 2130 2226 :
2163 2170 2259 2226 sed
2289 2173 2432 2242 quod
2463 2170 2792 2226 levissimum
2833 2170 3006 2226 multo
3031 2181 3144 2237 est,
3179 2170 3552 2227 fervunculum
3575 2213 3592 2242 ,

1994 2265 2228 2322 scabiem
2251 2307 2266 2333 ,
2307 2275 2398 2320 aut
2429 2265 2779 2321 inhaerentem
2810 2265 3076 2336 spinulam
3107 2266 3247 2322 callo
3289 2281 3392 2322 una
3425 2267 3592 2324 inter-

1995 2357 2229 2415 dictione
2257 2360 2482 2414 sanare?
2511 2358 2626 2414 Non
2657 2374 2767 2430 quo
2797 2359 2920 2415 illos
2946 2375 3228 2430 negemus,
3260 2369 3352 2415 aut
3381 2375 3591 2415 morum

1996 2450 2299 2521 integritate
2341 2449 2636 2506 laudabiles
2657 2492 2674 2518 ,
2702 2459 2796 2506 aut
2838 2466 2944 2506 non
2976 2452 3123 2506 omni
3163 2466 3364 2522 genere
3389 2451 3596 2507 studio-

1997 2556 2113 2596 rum
2145 2551 2200 2596 et
2226 2539 2632 2612 disciplinarum
2664 2541 2866 2612 peritos
2904 2556 2918 2594 :
2952 2557 3074 2597 nam
3103 2551 3156 2598 et
3188 2542 3366 2598 verbis
3392 2557 3487 2598 eos
3515 2542 3594 2598 lu-

1997 2635 2385 2690 culentissimis
2414 2635 2615 2690 scimus
2645 2635 2787 2706 loqui
2821 2645 2874 2691 et
2919 2636 3396 2706 compositionibus
3425 2635 3596 2692 ﬁuere

1996 2727 2280 2801 levigatis;
2313 2727 2640 2786 concludere
2684 2728 2998 2785 acutissime
3038 2729 3418 2802 syllogismos;
3449 2729 3594 2788 ordi-

1643 2883 2219 2950 COMMENTARIUS.-

363 3023 694 3106 Pythagoras
723 3043 932 3106 numero
962 3028 1119 3106 exire:
1153 3027 1350 3106 Recepi
1386 3029 1675 3106 intextum
1709 3046 1893 3106 emen-
1919 3032 1963 3096 C
1998 3042 2148 3106 torus
2188 3033 2294 3104 leg.
2325 3041 2511 3106 censet
2544 3031 2930 3106 Protomo‘sive
2973 3032 3274 3106 Prothomo,
3301 3034 3456 3106 cujus
3484 3050 3594 3091 me-

284 3099 562 3155 dationem
612 3101 924 3168 palmariam
969 3099 1019 3155 J.
1073 3100 1164 3154 Fr.
1215 3100 1475 3156 Gronovii
1521 3103 1784 3164 prolatam
1839 3103 1890 3157 in

285 3171 535 3244 Epistola
583 3173 649 3226 ad
695 3172 954 3244 Salmas.,
998 3171 1125 3244 289,
1170 3171 1222 3244 in
1277 3171 1494 3242 Sylloge
1540 3173 1710 3244 Epist.
1758 3173 1894 3228 Bnr-

283 3243 500 3306 mann.,
528 3252 658 3296 tom.
679 3258 737 3308 ιι,
766 3259 821 3312 p.
851 3243 976 3314 529.
1006 3243 1180 3298 Antea
1207 3243 1491 3313 legebatur
1516 3262 1524 3294 τ
1563 3243 1893 3314 Pythagoras

284 3331 532 3369 numeros
559 3314 702 3368 scivit
722 3316 748 3369 γ
776 3313 921 3385 quod
953 3315 1299 3370 falsissimum
1323 3331 1337 3379 ;
1366 3315 1588 3370 omnino
1617 3313 1760 3370 enim
1790 3333 1891 3371 nu-

282 3399 471 3441 meros
498 3386 702 3441 sciebat
728 3385 1083 3457 Pythagoras,
1103 3386 1195 3440 sed
1217 3401 1320 3439 non
1341 3387 1562 3441 numeris
1581 3388 1721 3441 exire
1743 3405 1894 3442 mun-

282 3458 432 3511 dum.
463 3457 706 3511 Herald.:
736 3473 974 3512 numeros
996 3459 1150 3511 coire.
1181 3457 1446 3512 Meursius
1470 3476 1484 3512 :
1513 3475 1751 3514 numeros
1771 3461 1892 3513 scit-

281 3529 388 3584 πεῖ
433 3529 534 3584 Ed.
581 3527 749 3598 Lugd.
798 3528 936 3583 Bat.:
983 3545 1222 3584 numeros
1261 3529 1353 3583 ire.
1384 3529 1489 3585 Sed
1519 3529 1675 3586 unice
1703 3547 1889 3587 verum

282 3616 502 3655 numero
532 3599 672 3655 exire
693 3600 810 3654 scil.
835 3616 937 3654 res.
965 3599 1167 3656 ORELL.

360 3671 560 3726 Nostra
611 3677 664 3725 in
713 3671 1021 3727 credulitate
1068 3689 1402 3726 communem.
1445 3672 1724 3745 iStewech.
1779 3674 1881 3745 leg.

279 3754 509 3806 censet;
541 3754 717 3796 nostra
742 3759 857 3796 cum
886 3745 1206 3798 credulitate.
1235 3745 1339 3798 Sed
1372 3744 1528 3799 valde
1561 3746 1731 3812 placet
1759 3744 1888 3800 con-

272 3815 494 3885 jectnra
541 3813 754 3869 Heraldi
798 3815 848 3867 in
880 3813 1035 3869 Curis
1077 3816 1330 3870 secundis
1370 3815 1598 3882 legentis
1627 3827 1791 3869 vestra
1834 3819 1887 3872 in

279 3885 620 3951 credulitate,
657 3885 706 3940 id
747 3896 831 3940 est
861 3902 981 3940 cum
1027 3889 1204 3940 omnia
1240 3888 1329 3941 illa
1377 3887 1646 3953 credatis,
1677 3886 1888 3944 habetis

278 3958 448 4014 ﬁdem
479 3972 823 4013 communem
857 3957 1151 4011 nobiseum.
1180 3959 1382 4012 URELL.

355 4028 452 4084 XI.
479 4028 677 4082 —Sed
721 4029 941 4098 ofﬁciant
991 4029 1098 4083 ha’c
1141 4030 1271 4083 nihil
1308 4031 1534 4098 nihilque
1580 4030 1880 4099 impediant.

274 4099 414 4156 llaec
466 4109 552 4155 est
595 4101 904 4154 emendatio
956 4101 1236 4155 verissima
1292 4101 1380 4155 Jo.
1423 4101 1638 4155 Menrsii
1693 4103 1885 4156 merito

273 4173 351 4227 ab
398 4171 608 4244 editore
639 4171 981 4244 Lttgdullat.
1044 4173 1094 4225 in
1158 4181 1362 4244 textum
1417 4182 1652 4237 recepta.
1702 4172 1881 4226 Codex

270 4257 388 4298 ms.
415 4243 574 4297 habet
599 4259 613 4296 :
641 4243 746 4297 Sed
767 4243 980 4313 efﬁciant
998 4244 1105 4296 haec
1129 4244 1354 4312 nihilque
1373 4244 1671 4312 impediant,
1695 4245 1885 4300 vitiose

271 4323 334 4369 et
365 4316 486 4369 sine
515 4329 700 4370 sensu.
731 4313 988 4386 Gelenius
1013 4313 1180 4368 edidit
1205 4333 1218 4368 :
1249 4315 1357 4370 Sed
1381 4320 1636 4386 facessunt
1659 4317 1767 4369 hazc
1799 4316 1882 4368 ni-

271 4385 460 4452 hilque
478 4386 780 4454 impediant.
803 4385 1064 4440 l'leraldus
1092 4390 1234 4449 conj.
1267 4405 1280 4440 :
1306 4385 1411 4441 Sed
1432 4387 1646 4456 efﬁciant
1674 4387 1781 4441 hwc
1807 4388 1886 4440 ni-

2000 3104 2160 3176 minit
2201 3103 2480 3174 Apuleius.
2526 3103 2595 3176 de
2642 3105 2751 3159 Deo
2787 3103 3045 3160 Socratis.
3082 3103 3381 3166 Meursius;
3413 3123 3464 3176 p.
3497 3107 3589 3175 53,

1998 3175 2282 3243 legendum
2309 3184 2496 3230 censet
2525 3175 2758 3230 Stratoni
2785 3177 2958 3230 citans
2991 3178 3346 3246 Augustinum
3374 3175 3440 3231 de
3475 3176 3589 3232 Civ.

1997 3247 2113 3313 Dei,
2143 3247 2238 3317 lib.
2267 3263 2338 3310 vn,
2363 3261 2481 3308 cap.
2510 3246 2606 3308 10;
2631 3246 2954 3312 Scriverius,
2984 3248 3124 3317 apud
3149 3250 3396 3303 eumdem
3421 3248 3592 3304 Meur.

1994 3319 2130 3372 siam
2161 3316 2388 3372 Cratoni.
2424 3317 2716 3372 Numenius
2744 3316 3096 3388 Apatneettsis
3127 3319 3314 3389 Syrus,
3353 3319 3592 3384 philoso-

2001 3389 2138 3462 phus
2170 3389 2470 3457 platonicus
2494 3399 2547 3443 et
2577 3391 2977 3462 pythagoricus,
3002 3391 3166 3445 variis
3196 3391 3410 3460 scriptis
3442 3392 3594 3462 nobi-

1994 3459 2198 3525 litatus,
2232 3475 2295 3514 ex
2335 3462 2532 3530 quibus
2573 3459 2724 3528 plura
2757 3463 3055 3530 fragmenta
3083 3471 3293 3517 exstant
3314 3459 3454 3530 apud
3488 3462 3596 3516 Eu-

1991 3531 2312 3603 sebinmde
2354 3529 2750 3603 Prii-paratione.
2777 3529 3108 3603 evangelica,
3152 3533 3245 3586 lih.
3279 3548 3329 3586 xi
3356 3529 3428 3586 et
3472 3549 3588 3588 xm.

1992 3601 2072 3656 Cl.
2105 3601 2321 3674 Suidas,
2347 3610 2401 3656 et
2431 3601 2664 3674 l-lesych.
2688 3603 2855 3658 Miles.
2889 3601 2940 3658 in
2973 3603 3088 3674 ejus
3117 3606 3244 3656 vita.
3275 3603 3482 3658 ORELL.

2068 3673 2134 3728 Ut
2157 3690 2272 3727 cum
2295 3675 2494 3742 utrique
2520 3673 2811 3744 auctoribus
2839 3673 3047 3728 stemus.
3084 3674 3208 3729 Hinc
3235 3683 3315 3728 est
3351 3674 3591 3744 sagacis-

1991 3743 2126 3800 sima
2167 3744 2477 3800 emendatio
2513 3743 2743 3799 Gelenii.
2785 3745 2916 3800 Cod.
2963 3759 3065 3800 ms.
3111 3756 3164 3801 et
3207 3744 3294 3800 ed.
3325 3743 3461 3800 rom.
3491 3762 3505 3798 :
3538 3756 3593 3798 ut

1991 3833 2106 3871 cum
2130 3817 2356 3883 utrisque
2384 3817 2679 3870 auctoribus
2701 3826 2920 3888 tempus,
2951 3817 3133 3886 inepte
3157 3827 3213 3942 e3
3237 3816 3382 3870 nullo
3403 3830 3589 3871 sensu.

3217 3903 3373 3941 RELL.

3217 3903 3373 3941 RELL.

2076 3958 2224 4012 Vobis
2251 3959 2414 4012 velitis
2445 3958 2578 4023 dari,
2611 3957 2747 4028 quod
2773 3958 2846 4012 ita
2869 3959 2932 4012 ob
2959 3959 3064 4012 illis
3091 3959 3298 4022 dicitur,
3331 3959 3588 4028 accipere,

1990 4047 2076 4084 vos
2116 4047 2197 4094 ea,
2239 4047 2353 4097 qua:
2395 4032 2728 4097 proferuntur
2756 4046 2786 4080 a
2817 4029 3040 4094 Christo,
3082 4030 3263 4082 audire
3281 4040 3328 4080 ct
3364 4041 3593 4097 spectare

1991 4102 2180 4154 nolitis.
2212 4101 2461 4155 Stewech
2493 4103 2638 4168 conj.
2665 4117 2680 4154 :
2709 4100 2859 4154 vobis
2881 4100 3057 4155 velitis
3078 4099 3215 4158 dari.
3244 4100 3499 4167 quidquid
3523 4101 3590 4154 ab

1991 4173 2099 4226 illis
2150 4173 2380 4234 dicatur,
2429 4171 2670 4240 arripere
2718 4187 2815 4224 nos
2859 4187 2954 4234 ca;
3003 4186 3122 4240 qua}
3164 4171 3512 4240 proferuntur
3559 4186 3588 4224 a

1988 4243 2208 4298 Christo
2233 4244 2420 4296 audire
2450 4253 2498 4296 et
2537 4253 2784 4312 spectare
2815 4241 3018 4296 nolitis.
3068 4242 3327 4305 Equidem
3372 4241 3590 4310 propius

1987 4315 2053 4368 ad
2089 4315 2248 4368 verba
2269 4313 2491 4369 Arnohii
2522 4313 2802 4381 legendum
2821 4327 3020 4369 censeo
3046 4332 3058 4367 :
3093 4312 3243 4366 Vobis
3269 4314 3430 4366 velitis
3451 4313 3587 4374 dari,

1987 4387 2126 4456 quod
2154 4386 2217 4439 ab
2247 4387 2350 4439 illis
2378 4386 2600 4456 dicatur,
2631 4385 2860 4453 accipere
2892 4401 3005 4447 nos;
3039 4401 3096 4456 ea
3118 4399 3232 4454 qua:
3261 4387 3592 4456 proferuntur

272 4459 378 4519 hil,
405 4457 634 4523 nihilque
653 4457 936 4528 impediant
959 4473 976 4509 :
999 4457 1128 4510 nihil
1152 4454 1665 4528 eﬁiciont'exjdicans
1689 4459 1886 4513 frustra
1916 4458 1970 4517 D
1995 4454 2026 4511 a
2057 4457 2280 4524 Christo,
2317 4455 2498 4509 audire
2518 4465 2565 4508 et
2587 4466 2815 4528 spectare
2831 4457 3022 4528 nolitis,
3042 4454 3199 4509 Certe
3225 4470 3276 4507 v.
3294 4455 3366 4509 ita
3392 4456 3590 4527 impor-

270 4530 429 4592 sint,
465 4529 660 4584 elIectn
709 4538 930 4584 careant
981 4528 1142 4596 (Vide
1190 4530 1252 4582 (ἶ.
1305 4528 1514 4594 Barth.,
1567 4529 1882 4596 Adversar.,

269 4599 377 4655 lib.
432 4615 617 4657 xxvnt.
665 4615 783 4671 cap.
830 4601 884 4664 9,
933 4609 987 4654 et
1034 4599 1349 4666 Ruhnken.,
1399 4603 1464 4655 ad
1508 4602 1672 4655 Rutil.
1723 4600 1882 4670 an.,

271 4671 376 4725 lib.
409 4688 442 4726 ιι
477 4686 526 4741 p.
559 4671 707 4743 120).
739 4674 908 4743 Quam
941 4681 1116 4727 tamen
1141 4672 1507 4742 conjecturam
1545 4674 1659 4742 ipse
1692 4673 1884 4728 lleral-

271 4743 385 4797 dus
414 4742 672 4798 retractat
694 4747 745 4798 in
775 4742 933 4798 Curis
963 4743 1234 4799 secundis.
1271 4748 1474 4798 URELL.

367 4813 467 4870 Vos
497 4815 730 4877 Platoni,
774 4832 860 4870 vos
905 4814 1112 4876 Cronio.
1157 4831 1243 4868 vos
1288 4815 1566 4869 Numenio.
1612 4813 1703 4870 Sic
1741 4815 1884 4870 edidi

269 4900 404 4957 cum
435 4886 647 4957 editore
677 4885 1172 4957 Lugdune-Batavo
1202 4903 1269 4941 ex
1304 4887 1686 4942 emendatione
1726 4884 1879 4939 Fuiv.

270 4955 480 5014 Ursini.
512 4955 694 5012 Codex
729 4955 828 5013 nis.
860 4957 1021 5012 habet
1045 4956 1308 5024 Crotouio,
1331 4957 1482 5026 cnjns
1504 4957 1641 5026 apud
1673 4968 1885 5013 veteres

272 5029 433 5084 nulla
463 5031 688 5084 mentio.
727 5029 970 5086 Defendit
1003 5040 1179 5084 tamen
1221 5028 1357 5097 Httg.
1399 5028 1616 5085 Grotius
1644 5029 1708 5082 ad
1740 5028 1885 5083 Mar-

268 5099 689 5177 cian._Capel|._.
726 5100 819 5154 lib.
855 5119 924 5166 ιιι,
967 5099 1168 5177 p.209,
1205 5104 1885 5177 putansessexgoréwuo;

267 5173 488 5251 gentile
515 5191 543 5251 ει
577 5175 793 5251 κρότων,
830 5183 966 5251 teste
990 5172 1288 5251 Stephano,
1317 5173 1586 5251 P-ljmtllb
1609 5172 1678 5227 ab
1704 5180 1885 5251 limo-

267 5243 372 5298 biu
420 5242 801 5315 Pythagoram.
845 5245 1062 5299 Cronius
1091 5253 1268 5297 autem
1314 5243 1674 5313 PhiIOsophus
1704 5242 1887 5298 Plato-

268 5315 462 5381 nieus,
496 5315 775 5370 fatniliaris
823 5315 1101 5377 Numenii,
1149 5325 1480 5369 memoratur
1514 5316 1582 5368 ab
1631 5315 1882 5374 Eusebio.

265 5385 422 5442 Hist.
453 5387 678 5447 eccles.,
705 5387 798 5441 lib.
834 5404 905 5452 vt,
937 5402 1056 5455 cap.
1091 5387 1176 5442 19.
1214 5385 1471 5458 Gelenius
1501 5385 1683 5458 (quem
1711 5385 1886 5458 secuti

267 5458 525 5527 plerique
557 5459 816 5528 editores)
849 5461 917 5513 ita
952 5460 1218 5512 mutavit:
1250 5475 1336 5511 vos
1361 5456 1590 5520 Platoni,
1625 5474 1710 5512 vos
1753 5456 1884 5510 Plo-

264 5529 409 5594 tina,
441 5546 528 5584 vos
562 5529 839 5595 Numenio,
866 5542 919 5585 et
953 5529 1048 5583 hos
1080 5539 1186 5583 tres
1209 5531 1482 5597 conjungit
1517 5531 1677 5581 etiam
1708 5528 1886 5584 Theo-

261 5601 524 5662 dnretns.
555 5617 720 5656 ενι-ιιι.
755 5619 808 5657 ll.
843 5603 908 5657 de
937 5601 1239 5668 Principiis,
1275 5617 1325 5669 p.
1360 5602 1461 5654 55:
1495 5604 1680 5656 Αὐτίκα
1719 5604 1885 5656 τοίνυν

261 5677 370 5730 τήν
410 5673 666 5734 Πλάτωνος
696 5674 909 5730 διάνοιαν
937 5675 1349 5734 ἀναπτύσσοντες
1378 5677 1458 5727 καὶ
1483 5672 1508 5727 ὁ
1539 5675 1780 5733 Πλωτῖνος
1807 5676 1886 5726 καὶ

261 5745 845 5822 Νρυμὴνιοςηνιοιῃιιιε
869 5747 1119 5822 princeps
1148 5743 1684 5822 Neoplatonicorum,
1719 5743 1885 5822 notis-

261 5815 456 5871 simus
482 5832 514 5869 c
541 5815 647 5870 vita
671 5831 700 5871 a
725 5816 1028 5888 Porphyrio
1059 5815 1326 5886 discipulo
1357 5816 1579 5885 scripta.
1613 5815 1714 5870 'l‘h.
1741 5815 1885 5869 Can-

1995 4538 2182 4583 tunnm
2212 4528 2312 4583 hoc
2341 4529 2458 4581 loco
2484 4537 2535 4581 et
2571 4527 2728 4594 plane
2757 4527 3068 4582 delendum.
3096 4528 3298 4582 Οιιειι..

2065 4600 2128 4653 Et
2141 4600 2382 4669 judicare
2404 4597 2640 4663 ﬁdeliter.
2662 4599 2810 4653 Neve
2827 4599 3045 4666 ﬁdeliter
3065 4599 3198 4652 dixit
3227 4611 3427 4669 proco,
3446 4597 3588 4665 quod

1990 4681 2071 4726 est
2099 4667 2312 4738 ﬁdenter
2341 4681 2394 4725 et
2423 4677 2686 4740 audacter.
2717 4669 3036 4725 Prudentius
3059 4683 3272 4740 quoque
3303 4667 3470 4734 ﬁdelis
3493 4682 3590 4738 pro

1990 4742 2348 4870 Icredibiliioet
2398 4739 2504 4796 ﬁde
2571 4739 2734 4812 digno
2786 4739 3086 4812 usurpavit
3125 4745 3244 4818 περὶ
3297 4740 3584 4812 Στεφάνων,

2011 4830 2190 4870 ivmno
2305 4832 2318 4867 ε

2011 4830 2190 4886 tymnn
2213 4830 2280 4870 w
2305 4832 2318 4867 :

2174 4925 2293 4988 Huic
2316 4925 2357 4975 si
2382 4927 2494 4988 quis
2517 4939 2686 4975 amens
2711 4925 2928 4975 fabulosa
2952 4933 3217 4985 exrsttmat,

2174 4986 2269 5051 Yel
2296 4986 2414 5050 ipse
2427 4996 2533 5038 tute
2559 4989 2599 5038 si
2625 5003 2794 5051 parum
2821 4988 2978 5036 ﬁdelia

2175 5048 2372 5101 Rebare
2397 5052 2608 5116 pridem,
2627 5048 2753 5100 'vera
2777 5062 3046 5112 cognoscas
3066 5050 3196 5099 licet.

3015 5131 3244 5197 Menas,
3273 5147 3326 5202 p.
3356 5131 3446 5188 54.

2063 5243 2462 5300 Fervunculum.
2488 5246 2564 5301 lta
2601 5244 2776 5300 editor
2817 5240 2987 5311 Ludg.
3014 5239 3154 5311 Bat.,
3178 5247 3236 5311 t_tt
3262 5237 3492 5311 videtur,
3524 5251 3588 5293 ex

1991 5316 2247 5391 E')-‘--¢”d:
2287 5316 2630 5391 Ιςτυιιηευιιμξ
2657 5333 2704 5391 e
2747 5309 2981 5391 fervere-
3024 5310 3129 5391 νὲἀ-
3175 5309 3261 5391 F.!-
3303 5309 3591 5391 αἱρεῖν.ιέεὲ

1989 5387 2184 5442 Verbis
2212 5380 2391 5442 dubiis
2423 5405 2542 5457 pag.
2569 5388 2734 5450 22i8,
2770 5387 2820 5440 in
2848 5380 3463 5457 CollectionePutschii.
3485 5380 3590 5435 Alii

1991 5457 2172 5527 legunt
2216 5450 2568 5526 furunculum,
2610 5460 2750 5529 quod
2797 5457 2935 5510 idem
2993 5465 3115 5529 cs_t._
3146 5450 3490 5529 Furunculus
3519 5460 3592 5506 est

1990 5521 2305 5583 tuberculum
2324 5541 2526 5583 acutum
2546 5521 2658 5584 cum
2678 5529 2940 5599 inﬂatione
2962 5535 3008 5580 el
3027 5523 3226 5577 dolore.
3247 5521 3414 5588 Ccls.,
3437 5521 3591 5587 lib.v,

1989 5615 2110 5671 cap.
2144 5600 2241 5654 ult.
2267 5600 2545 5656 (Nostrum
2580 5600 2763 5671 Aissc.)
2794 5599 2996 5671 Οιιειι..

2064 5662 2527 5743 Compositionibus
2564 5675 2722 5744 ﬂuere
2746 5662 3002 5740 'levigatis.
3037 5665 3394 5744 Leuigare...“
3427 5662 3599 5744 (quem

1991 5753 2038 5816 e_t
2063 5731 2266 5816 ecquam
2295 5748 2486 5816 facere,
2511 5731 2638 5816 glatt
2669 5731 2901 5816 ntacheu,
2919 5731 3198 5816 _vcrebnen,
3223 5736 3437 5816 glauci};
3464 5731 3600 5788 Vide

1986 5803 2367 5887 Oudendorp,
2390 5817 2441 5870 in
2471 5803 2703 5886 li'pttleii.
2736 5814 2860 5869 Met.
2883 5803 2973 5866 lib.
3011 5825 3067 5877 ιι,
3095 5803 3371 5878 pag.'9.36.
3391 5803 3598 5862 Οιιειιη
