4258 6250
570 282 679 347 827

1718 289 1997 347 ARNOBII
2036 290 2409 350 ADVERSUS
2446 292 2718 353 GENTES

572 412 703 463 nare
743 401 1043 471 sequacitcr
1071 400 1409 458 inductiones
1436 416 1562 459 suas
1591 418 1607 469 ;
1637 402 1866 461 reddere
1890 404 2162 461 deﬁnitio-
2188 417 2243 472 Α
2269 408 2428 463 litatis
2471 408 2714 477 stolidae,
2742 410 3097 481 sequeretur?
3145 410 3383 467 Virtutes
3422 410 3523 467 sub
3548 412 3720 467 oculis
3765 426 3865 483 po-

571 493 731 551 nibus
770 493 1061 558 formulas.
1104 495 1321 564 partiri,
1366 494 1654 552 dividere:
1688 497 1853 552 multa
1894 498 2073 554 dicere
2101 498 2170 555 de

573 597 921 646 numerorum
954 585 1245 658 generibus
1275 605 1288 642 :
1321 587 1484 642 multa
1529 587 1597 644 de
1641 590 1860 644 musicis
1904 608 1915 643 :
1956 605 2174 660 geome-

573 681 737 735 tricas
767 694 856 737 res
894 681 1057 734 etiam
1089 680 1203 736 suis
1242 681 1392 736 scitis
1426 690 1482 736 et
1527 682 1976 752 praiceptiooibus
2002 684 2173 753 expli-

574 784 720 828 care.
752 772 860 829 Sed
888 772 1013 844 quid
1044 773 1184 828 iStud
1220 774 1286 829 ad
1315 776 1567 830 causam?
1596 776 1863 847 Numquid
1892 778 2174 849 enthyme-

572 876 750 930 mata,
797 866 1132 937 syllogismi,
1185 882 1380 937 resque
1425 868 1543 922 alia:
1604 869 1809 925 similes
1858 872 1997 926 scire
2050 870 2172 927 illos

573 960 873 1017 veritatem
901 960 1201 1031 spondent;
1246 972 1337 1015 aut
1376 976 1438 1016 ea
1479 976 1539 1017 re
1582 961 1726 1031 digni
1775 974 1933 1026 sunt,
1980 963 2172 1032 quibus

573 1054 879 1111 necessario
905 1054 1100 1109 debeat
1124 1055 1284 1109 rebus
1309 1054 1377 1110 de
1403 1056 1800 1111 obscurissimis
1828 1056 2013 1111 credi?
2042 1056 2172 1111 Per-

575 1159 829 1201 sonarum
859 1146 1135 1200 contentio
1173 1162 1280 1201 non
1324 1156 1410 1201 est
1449 1147 1770 1217 eloquentia:
1817 1149 2044 1215 viribus,
2074 1147 2170 1204 sed

573 1249 848 1311 gestorum
875 1253 1098 1308 operum
1132 1241 1330 1297 virtute
1363 1240 1662 1311 pendentia.
1698 1238 1789 1296 Ille
1816 1257 1922 1296 non
1963 1251 2045 1297 est
2088 1240 2171 1296 di-

573 1331 777 1388 cendus
798 1340 986 1388 auctor
1002 1332 1194 1399 bonus,
1217 1332 1309 1404 qni
1326 1347 1631 1389 sermonem
1651 1334 1934 1389 candidule
1956 1349 2171 1405 promp-

575 1429 689 1482 sit:
722 1425 818 1480 sed
866 1428 994 1496 qui,
1043 1426 1185 1497 quod
1237 1427 1554 1497 pollicetur,
1602 1426 1906 1483 divinorum
1948 1443 2170 1499 operum

575 1520 916 1590 prosequitur
941 1520 1254 1589 sponsione.

644 1609 761 1671 XII.
792 1612 1120 1680 Argumenta
1148 1627 1246 1668 vos
1270 1612 1445 1680 nobis,
1470 1621 1525 1668 et
1550 1614 1914 1683 suSpicionum
1938 1614 2174 1686 argutias

571 1703 823 1776 profertis
844 1721 858 1757 :
878 1705 1072 1773 quibus
1092 1705 1207 1775 ipse
1228 1704 1553 1773 siChristus,
1577 1722 1699 1763 cum
1727 1724 1857 1778 pace
1882 1709 1983 1764 hoc
2023 1709 2170 1779 ejus,

2273 501 2421 566 sitm,
2456 512 2507 556 et
2540 500 2776 556 inaudita
2802 502 2894 557 illa
2922 503 3002 557 vis
3028 517 3204 558 rerum
3223 545 3238 568 ,
3271 502 3359 559 vel
3387 518 3506 574 qua:
3533 504 3602 557 ab
3622 503 3741 574 ipso
3770 505 3868 559 lie-

2272 591 2362 647 bat
2391 594 2585 662 palam,
2633 578 2718 649 vel
2762 595 2832 649 ab
2860 595 2979 664 ejus
3025 594 3364 665 praeconibus
3407 596 3786 651 celebrabatur
3812 597 3866 652 in

2273 685 2406 741 orbe
2432 694 2543 740 toto
2576 703 2589 740 :
2620 701 2714 741 cas
2740 685 2981 742 subdidit
3004 687 3390 758 appetitionum
3415 686 3658 742 flammas
3678 729 3694 755 ,
3721 698 3775 742 et
3802 687 3871 744 ad

2275 778 2431 833 unius
2467 778 2801 834 credulitatis
2841 794 3120 834 assensum
3165 787 3345 834 mente
3396 794 3499 833 una
3548 794 3873 835 concurrere

2271 880 2461 942 gentes
2481 880 2535 927 et
2562 871 2787 941 pOpulos
2818 871 2942 926 fecit
2961 913 2976 938 ,
3003 880 3059 927 et
3078 870 3316 926 moribus
3351 871 3743 927 dissimillimas
3772 887 3870 927 na-

2275 964 2468 1017 tiones.
2527 962 2844 1018 Enumerari
2896 961 3041 1018 enim
3095 972 3339 1033 possunt,
3392 973 3554 1034 atque
3602 965 3657 1019 in
3713 980 3871 1020 usum

2273 1052 2687 1122 eoniputationis
2717 1054 2902 1108 venire
2945 1068 3041 1118 ea,
3081 1068 3201 1122 qua:
3248 1055 3299 1110 in
3330 1052 3479 1108 India
3508 1063 3658 1124 gesta
3699 1063 3868 1121 sunt,

2272 1143 2412 1214 apud
2443 1144 2635 1209 Seras,
2663 1143 2854 1200 Persas
2874 1184 2889 1212 ,
2922 1155 2977 1199 et
3001 1143 3184 1200 Medos
3213 1161 3228 1210 ;
3260 1145 3312 1199 in
3338 1146 3568 1211 Arabia,
3600 1146 3872 1218 Egypto;

2272 1237 2325 1292 in
2353 1239 2508 1304 Asia,
2533 1237 2721 1309 Syria;
2750 1237 2888 1307 apud
2921 1236 3137 1294 Galatas
3157 1279 3172 1304 ,
3205 1222 3464 1306 Parthos,
3498 1238 3772 1310 Phrygas;
3818 1240 3874 1294 in

2273 1331 2495 1394 Achaia.
2544 1331 2873 1400 Macedonia,
2932 1332 3135 1402 Epizo;
3169 1333 3222 1387 in
3253 1333 3444 1389 insulis
3477 1342 3532 1390 et
3578 1336 3873 1406 provinciis

2274 1426 2547 1499 omnibus,
2576 1442 2711 1496 quas
2745 1427 2829 1483 sol
2867 1427 3072 1494 oriens,
3119 1438 3283 1498 atque
3330 1428 3586 1486 occidens
3631 1410 3872 1498 lustrat;

2275 1519 2448 1589 ipsam
2490 1518 2720 1588 denique
2750 1517 2890 1587 apud
2930 1517 3202 1575 dominam
3235 1519 3494 1588 Romam,
3529 1521 3583 1577 in
3609 1539 3713 1593 qua
3749 1538 3874 1580 cum

2276 1610 2523 1666 homines
2546 1610 2654 1664 sint
2679 1608 2867 1664 Numae
2891 1610 3031 1683 regis
3058 1610 3287 1679 artibus,
3318 1622 3479 1683 atque
3508 1615 3747 1685 antiquis
3773 1631 3873 1672 su-

2277 1704 2682 1779 perstitionibus
2710 1705 2993 1775 occupati,
3047 1720 3152 1760 non
3180 1705 3506 1762 distulerunt
3557 1715 3734 1763 tamen
3780 1724 3874 1766 res

576 1806 633 1854 et
654 1813 778 1857 cum
813 1796 966 1855 venia
999 1798 1249 1864 dixerim,
1275 1801 1595 1871 p0pulorum
1626 1801 1678 1855 in
1712 1811 1982 1858 conventu
2041 1811 2159 1857 ute-
2192 1804 2240 1865 B
2269 1800 2474 1873 patrias
2498 1798 2832 1868 relinquere,
2862 1806 2918 1852 et
2948 1798 3163 1855 veritati
3199 1799 3510 1856 coalescere
3536 1799 3870 1857 christiana.

569 1891 909 1961 returzqnis
961 1892 1368 1960 acquiesceret,
1430 1895 1548 1964 quis
1597 1895 1836 1963 audiret,
1881 1897 2001 1967 quis
2044 1912 2165 1952 cum

569 1983 914 2055 promitteret
962 1994 1148 2055 aperte
1175 1985 1377 2057 aliquid
1401 1987 1688 2057 judicare?
1718 2001 1809 2044 aut
1850 1989 1971 2060 quis
2009 2005 2164 2046 cassa

568 2084 624 2132 et
645 2075 782 2133 nuda
803 2075 1091 2149 iactantem
1110 2120 1124 2147 ,
1148 2081 1393 2150 quamvis
1413 2091 1559 2139 esset
1583 2080 1918 2153 imprudens,
1950 2092 2004 2139 et
2034 2082 2162 2139 faci-

2278 1892 2536 1948 Viderant
2578 1891 2722 1946 enim
2771 1906 2987 1947 currum
3038 1889 3277 1946 Simonis
3299 1890 3477 1960 magi,
3510 1900 3564 1946 ct
3585 1891 3875 1963 quadrigas

2274 1988 2461 2057 igneas
2510 1985 2651 2040 Petri
2682 2000 2776 2040 ore
2799 1983 3066 2051 difﬂatas,
3088 1992 3145 2040 et
3171 1983 3447 2039 nominato
3485 1982 3702 2040 Christo
3743 2000 3871 2041 eva-

2271 2078 2472 2136 nuisse.
2508 2076 2794 2144 Viderant,
2845 2076 3099 2148 inquam,
3146 2075 3403 2132 fidentem
3448 2075 3555 2133 diis
3582 2075 3765 2146 falsis,
3819 2086 3877 2133 et

1919 2214 2477 2275 COMMENTARIUS.

642 2332 833 2403 Quibus
856 2337 1134 2392 necessario
1151 2337 1327 2393 debeat
1349 2339 1495 2394 rebus
1520 2339 1583 2394 de
1603 2338 1975 2395 obscurissimis
1995 2338 2153 2394 credi.

567 2402 759 2462 Debent
790 2407 844 2460 id
868 2416 940 2462 est
963 2419 1209 2476 Oporteat.
1244 2409 1437 2478 Supra,
1466 2402 1561 2466 lib.
1588 2428 1626 2477 ι,
1652 2427 1699 2465 c.
1736 2413 1805 2467 65
1839 2432 1851 2465 :
1885 2411 1985 2476 Qui
2011 2412 2156 2465 crecis

564 2479 1102 2553 restituerattumina,
1148 2481 1192 2535 is
1224 2481 1442 2553 reﬁicere,
1474 2484 1517 2536 si
1559 2482 1779 2548 deberet,
1825 2499 1928 2536 non
1962 2490 2156 2551 poterat

569 2551 764 2605 cwcos?
796 2548 881 2607 ubi
905 2551 1044 2605 tnale
1073 2548 1290 2608 rescribi
1325 2553 1579 2609 volebant
1605 2554 1799 2609 liberet.
1837 2548 2156 2610 llr-Juno.—

566 2618 903 2693 Ita_Petrott..
923 2620 1111 2693 Satir.,
1136 2638 1256 2693 cap.
1279 2625 1369 2689 5'5,
1388 2635 1553 2691 extr.,
1591 2622 1688 2680 llic
1709 2627 1873 2680 nescio
1899 2626 2021 2693 quid
2038 2624 2157 2679 boni

567 2690 707 2768 debet
734 2707 858 2756 esse,
887 2692 943 2768 i_d
970 2702 1069 2758 est,
1100 2690 1321 2768 necesse
1346 2703 1429 2750 est
1452 2708 1506 2750 ut
1534 2690 1624 2762 Sit,
1654 2705 1883 2768 Oportet.
1911 2690 2013 2752 Ubi
2044 2692 2150 2750 vid.

569 2764 785 2839 Sciopp.
811 2772 865 2817 et
887 2763 1181 2839 Burmann.
1213 2766 1416 2839 Οιιιιιι,
1691 2763 1708 2768 ’
1756 2837 1807 2839 Η
2082 2830 2096 2839 η

642 2833 898 2888 Ordiuare
922 2837 1199 2904 seqaaciler
1222 2837 1541 2892 inductiones
1578 2855 1719 2892 suas.
1755 2837 1810 2892 Id
1842 2847 1947 2904 est,
1979 2838 2048 2893 ita
2069 2833 2162 2891 or-

568 2904 778 2972 dinare,
805 2915 862 2961 ut
887 2906 989 2959 alia
1015 2908 1254 2963 inductio
1281 2924 1343 2962 ex
1368 2910 1470 2962 alia
1499 2919 1778 2978 sequatur,
1812 2918 1870 2963 ut
1904 2927 1999 2962 nos
2028 2908 2163 2963 dici-

568 2992 688 3031 mus
737 2987 1062 3047 consequent.
1117 2978 1241 3033 Vid.
1296 2979 1501 3035 Savaro
1536 2980 1604 3034 ad
1653 2980 1867 3047 Sidon,
1925 2980 2017 3036 lib.
2066 2996 2162 3046 vu,

568 3049 727 3118 epist.
764 3048 829 3102 l7
882 3064 1000 3118 pag.
1020 3048 1146 3102 477.
1176 3049 1378 3104 ORELL.

644 3119 745 3190 Qui
766 3092 1044 3173 sermrori’em
1065 3120 1341 3174 candidate
1365 3123 1631 3189 prompsit.
1664 3126 1853 3175 Annon
1882 3120 2163 3190 legendum
2192 3092 2236 3155 Ο

571 3189 814 3244 caiiidute
844 3205 964 3244 cum
996 3190 1298 3245 lleraldoin
1324 3190 1481 3246 Curis
1507 3192 1783 3247 secundis?
1811 3189 2017 3247 Natnin
2047 3207 2171 3257 pro-

571 3262 714 3315 xime
740 3261 1182 3315 antecedentibus
1201 3263 1269 3317 de
1289 3263 1633 3332 syllogismis,
1652 3263 2165 3329 enthymematibus,

572 3342 703 3404 etc..
731 3344 911 3404 sermo
930 3343 1032 3404 est,
1061 3334 1259 3399 quibus
1276 3334 1470 3388 callide
1498 3335 1787 3390 utebantur
1811 3346 2019 3390 veteres
2046 3336 2165 3404 phi-

572 3401 781 3466 Iosephi
827 3401 892 3456 ad
938 3401 1118 3458 fucum
1162 3404 1462 3463 faciendum
1492 3407 1829 3461 auditoribus
1869 3401 2170 3474 eorumque

571 3488 850 3528 assensum
881 3474 1314 3543 extorquendum
1339 3487 1525 3531 contra
1551 3479 1847 3531 veritatem.
1881 3477 1954 3531 Ita
1986 3490 2172 3533 noster

573 3542 711 3599 infra
758 3559 876 3614 cap.
930 3546 1030 3611 68,
1065 3542 1315 3616 ejusdem
1364 3548 1485 3603 libri
1529 3547 1659 3602 dicit
1703 3552 1849 3619 fraus
1898 3549 2167 3603 caltidula.

647 3686 957 3759 Sponsione.
979 3687 1239 3744 Meursius
1250 3689 1392 3759 conj.
1418 3620 1945 3758 responsionfli‘liai:
1963 3689 2165 3746 Ossan.

643 3758 758 3813 XII.
814 3789 887 3798 —
940 3760 1072 3830 Quis
1115 3777 1229 3813 eum
1275 3758 1608 3829 pramitteret,
1679 3774 1773 3815 etc.
1838 3762 1938 3816 Alii
1972 3764 2172 3830 perarit-

575 3839 717 3903 teret,
740 3830 901 3903 male.
928 3829 1229 3886 Promittere
1244 3834 1373 3887 idem
1391 3832 1527 3899 quod
1543 3834 1813 3903 spondere.
1836 3833 2002 3887 Paulo
2024 3845 2168 3888 ante:

576 3900 900 3973 Syllogismi
936 3918 1113 3973 resque
1163 3903 1281 3958 alio:
1327 3905 1519 3960 similes
1573 3900 1703 3958 scire
1751 3905 1867 3958 illos
1915 3905 2171 3959 veritatem

573 3973 846 4041 spondent.
876 3972 1149 4030 Juvenalis
1181 3991 1195 4028 :

909 4084 1206 4136 Promitlunt
1231 4093 1446 4136 atrocem
1472 4087 1703 4136 animum.

915 4153 1056 4197 Dura:
1080 4161 1170 4212 per
1194 4150 1395 4211 peetora
1418 4158 1541 4198 seta:
1796 4147 2016 4200 ΗειιΑιι).

649 4250 778 4318 Quis
794 4268 905 4306 eum
922 4253 1236 4323 promitteret
1253 4262 1426 4318 aperte
1446 4251 1641 4323 aliquid
1654 4253 1913 4323 judicare.
1934 4255 2170 4322 Legend.

573 4322 825 4385 indicare,
858 4332 915 4377 ut
950 4326 1181 4389 coiijccit
1215 4324 1478 4379 Meursius
1512 4322 1851 4391 astipulante
1875 4324 1922 4379 .l.
1962 4327 2176 4382 Davisio

574 4393 639 4446 ad
668 4392 952 4448 C:cs:tr.dc
982 4394 1038 4449 Β.
1060 4396 1125 4449 G.
1147 4410 1218 4455 vt.
1246 4395 1339 4455 42.
1371 4412 1421 4458 p.
1451 4394 1942 4461 559,ed.0udcnd.
1965 4396 2171 4455 OasLL.

2264 2335 2579 2409 gnttmeratii
2602 2333 3001 2409 (numeraverat
3027 2342 3203 2409 autem
3229 2332 3593 2409 Babylonios,
3611 2335 3867 2409 Parthos,

2262 2406 2491 2472 Indiam,
2513 2405 2867 2473 Ethiopiam,
2899 2408 3105 2466 Asiam.
3124 2405 3493 2475 Germaniam,
3512 2407 3869 2475 Britanniam,

2262 2447 3867 2548 Βιέἱῖἕὸἐζ⁸⁵(Ξὲίἑιίῖἶὲῖ’ιὶσῖἶιῖἔέἱὸἑῖἕὸὶὶὶῖἑῗῖἓὶῑᾷὶιῗϊὲξὲἑϊξ

2264 2551 2445 2618 ubique
2488 2549 2754 2604 aduratur.
2808 2547 2951 2604 Idem
3010 2548 3315 2618 Apologet.,
3369 2562 3420 2603 c.
3459 2549 3525 2605 37
3567 2566 3585 2602 :
3631 2547 3875 2605 Hesterni

2263 2638 2462 2686 sumus,
2493 2629 2538 2674 et
2567 2630 2731 2674 vestra
2751 2620 2923 2674 omnia
2950 2620 3289 2688 implevimus,
3321 2621 3486 2685 urbes,
3516 2620 3733 2684 insutos,
3752 2638 3870 2675 cas-

2261 2692 2405 2758 tella,
2434 2690 2734 2758 municipia,
2758 2689 3117 2755 conciliabula,
3147 2698 3314 2762 castra
3343 2691 3473 2762 ipsa,
3512 2690 3689 2755 tribus,
3720 2691 3873 2745 decu-

2264 2765 2392 2819 rias.
2425 2763 2696 2830 palatium.
2726 2773 2978 2828 senatum,
3013 2763 3204 2831 forum.
3243 2758 3374 2815 Sola
3402 2762 3543 2815 vobis
3572 2763 3879 2832 reliquimus.

2265 2835 2476 2904 templa.
2492 2832 2592 2890 Ubi
2606 2834 2717 2889 vid.
2735 2833 3088 2903 Havercamp,
3105 2833 3296 2904 pag.31
3310 2833 3724 2959 l.Cf.(;rena:us,
3746 2849 3783 2898 t,
3807 2833 3866 2888 3.

3495 2919 3652 2959 usus.

3495 2919 3652 2959 RELL.

2343 2976 2407 3029 In
2433 2992 2531 3045 qua
2561 2991 2676 3028 cum
2703 2974 2929 3029 homines
2961 2975 3085 3028 sint.
3130 2974 3466 3029 Stewechius
3507 2990 3604 3043 pro
3629 2976 3727 3028 sint
3756 2990 3871 3029 ma-

2271 3047 2386 3103 vult
2433 3056 2594 3102 essent
2646 3056 2700 3100 et
2753 3054 2923 3116 putat,
2973 3046 3073 3100 sint
3116 3055 3291 3101 ortum
3333 3060 3455 3101 esse
3489 3060 3521 3101 e
3549 3046 3870 3114 compendio

2270 3120 2551 3186 scriptura:
2604 3115 2984 3171 ItominESsent
3026 3117 3164 3172 male
3217 3116 3518 3172 intellecto.
3567 3116 3677 3171 Sed
3731 3117 3872 3173 bene

2271 3190 2432 3273 habet
2473 3198 2686 3273 tempus
2729 3201 3018 3273 praesens“:
3061 3196 3182 3242 nam
3216 3202 3294 3273 _eo
3323 3188 3441 3273 ipso
3457 3196 3737 3273 tempore,
3762 3200 3893 3273 quo

2272 3260 2387 3315 huic
2416 3258 2632 3331 scripsit
2657 3259 2949 3325 Arnobius,
2976 3258 3146 3313 Roma
3181 3258 3336 3330 plena
3360 3267 3475 3314 erat
3503 3258 3729 3313 deorum
3753 3258 3871 3314 cul-

2273 3333 2495 3387 toribus.
2528 3333 2731 3386 ORELL.

2346 3403 2395 3456 Ν
2403 3419 2534 3457 ama:
2548 3404 2678 3473 regis
2694 3402 2904 3473 artibus.
2931 3400 3202 3456 Stewcch.
3224 3401 3508 3472 legendum
3527 3400 3671 3471 conj.
3694 3400 3871 3456 ritibus

2271 3475 2534 3544 probante
2563 3472 2811 3528 Hcraldo.
2842 3472 3046 3544 Οιιειι..

2346 3544 2446 3600 Res
2473 3545 2688 3615 patrias.
2714 3543 2934 3599 Herald.
2970 3543 3181 3612 legend.
3213 3545 3508 3613 putatritus
3530 3543 3743 3611 patrias.
3762 3542 3869 3601 Sed

2270 3615 2602 3685 intelligendi
2637 3630 2740 3670 non
2772 3625 2974 3669 tantum
3006 3618 3141 3670 ritus
3162 3622 3217 3670 et
3240 3630 3392 3670 sacra
3423 3615 3658 3683 publica,
3683 3630 3868 3669 verum

2272 3698 2325 3743 et
2356 3688 2518 3742 multa
2543 3686 2669 3749 alia,
2700 3687 2962 3751 imprimis
2987 3688 3200 3755 negotia
3224 3685 3347 3751 fori,
3375 3686 3571 3756 quibus
3601 3684 3865 3740 valedice-

2272 3760 2401 3814 bzint
2426 3758 2740 3827 religionem
2766 3757 3114 3812 christianam
3137 3757 3550 3824 amplectentes.
3582 3756 3788 3811 OBELL.

2358 3829 2600 3883 Viderunt
2629 3829 2763 3882 enim
2806 3844 3008 3881 currunt
3046 3828 3274 3883 Simonis
3306 3827 3449 3897 Magi
3466 3867 3481 3888 ,
3513 3837 3619 3882 etc.
3659 3827 3872 3883 Scimus

2313 3900 2489 3956 uidcm
2513 3942 2527 3965 ,
2557 3900 2659 3953 hoc
2700 3898 3017 3954 miraculum
3047 3900 3116 3955 ab
3158 3898 3425 3967 aliquibus
3466 3908 3558 3952 aut
3606 3899 3782 3952 vocari
3815 3900 3868 3952 in

2315 3972 2518 4033 ubium,
2552 3983 2644 4024 aut
2676 3970 2889 4039 penitus
2941 3971 3147 4040 negari.
3180 3970 3393 4024 Etenim
3419 3968 3549 4040 (haec
3580 3968 3803 4023 historia
3837 3985 3867 4022 a

2274 4042 2793 4111 Pseudepigrapbis,
2847 4050 2903 4094 ut
2950 4039 3134 4103 aiant,
3184 4040 3367 4104 libris,
3413 4039 3520 4111 hoc
3557 4048 3639 4095 est
3680 4039 3870 4111 procul

2275 4106 2998 4180 dubio,Constitutionibus
3035 4112 3346 4179 apostolicis
3384 4106 3503 4180 (lib.
3539 4126 3587 4164 Vl
3613 4153 3626 4175 ,
3671 4106 3722 4181 c.
3769 4108 3868 4181 9),

2275 4185 2559 4256 desumpta
2584 4223 2599 4245 ,
2626 4183 2770 4238 varie
2798 4198 2826 4256 a
2848 4182 3014 4256 variis
3038 4182 3391 4256 scriptoribus
3413 4191 3682 4256 narratur.
3710 4180 3872 4256 Dein-

2276 4256 2346 4311 de
2377 4252 2506 4311 verii
2534 4255 2721 4310 Romae
2743 4253 2895 4309 valde
2918 4254 3119 4308 incerta
3146 4255 3239 4308 fuit
3267 4252 3403 4307 fama
3435 4252 3577 4307 illius
3600 4252 3867 4318 miraculi,

2276 4342 2341 4381 ac
2389 4326 2456 4380 de
2501 4326 2594 4380 illo
2639 4324 2884 4381 Justinus
2939 4334 3160 4395 martyr.
3213 4325 3449 4395 Irenazus
3479 4323 3689 4395 aliique
3729 4325 3873 4377 anti—

2277 4397 2518 4468 quissimi
2551 4397 2844 4465 scriptores
2876 4393 3093 4468 penitus
3116 4396 3397 4468 siluerunt.
3430 4393 3651 4468 Litteris
3687 4404 3870 4468 autem

647 4462 943 4548 facilitatis
964 4466 1184 4548 stolidis.
1219 4465 1292 4518 Ita
1323 4466 1579 4548 Gelenius
1606 4466 1864 4548 cortex-it,
1898 4483 2065 4548 queui
2087 4485 2175 4548 se-
2198 4479 2253 4538 D
2277 4462 2732 4548 consignaueru'nt
2801 4468 2906 4548 hoc
2961 4465 3159 4548 factum
3214 4465 3449 4548 Cyrilitis
3503 4464 3866 4548 Hierosolytn.

575 4535 687 4589 cuti
722 4536 902 4590 creteri
933 4535 1174 4592 editores
1203 4551 1411 4591 omnes.
1445 4535 1615 4590 Antea
1666 4535 1943 4600 legebatur
1970 4540 2169 4604 sotidw,

576 4606 727 4679 quod
770 4604 1003 4679 defendit
1027 4605 1306 4679 APriorinsf
1330 4621 1502 4679 neque
1547 4621 1771 4679 prorsus
1808 4608 2016 4664 videtur
2045 4610 2171 4679 rt-ji-

576 4675 847 4731 ciendum.
884 4675 1135 4732 Facilitas
1171 4678 1340 4731 solida
1379 4678 1496 4733 scil.
1539 4675 1623 4731 eo
1663 4678 1818 4743 plena
1858 4675 2170 4747 credulitas,

576 4756 629 4801 et
653 4758 770 4815 quae
809 4757 952 4802 tanta
978 4760 1078 4812 cst,
1135 4760 1191 4803 nt
1229 4750 1277 4802 ei
1314 4748 1475 4817 adjici
1516 4748 1683 4814 possit
1719 4750 1871 4805 nihil.
1917 4751 2172 4808 Nostrum

576 4818 956 4882 stork-dumut,
1011 4820 1451 4889 stork-einfuttig,
1502 4820 1727 4890 facilitas
1795 4822 1985 4877 stolida
2030 4823 2172 4878 idem

575 4890 718 4960 qttod
744 4891 906 4944 stulta
941 4891 1254 4960 credulitas.
1279 4891 1482 4946 ORELL.

647 4960 727 5015 Ea
744 4961 987 5016 subdidit.
1009 4956 1201 5018 Gelcn.
1218 4976 1325 5028 cas,
1352 4963 1509 5018 male.
1538 4958 1615 5015 Ea
1632 4962 1754 5088 sci}.i
1772 4964 1843 5017 vis
1860 4978 2050 5031 rerum,
2065 4973 2170 5021 etc.

1761 5049 1913 5088 RELL.

1761 5049 1913 5088 RELL.

650 5103 778 5170 Qua:
822 5104 876 5158 in
903 5103 1068 5176 (India
1105 5114 1246 5176 gesta
1290 5114 1429 5158 sunt.
1477 5102 1577 5159 Ubi
1611 5102 1854 5158 doctrina
1900 5104 2171 5176 Evangelii

575 5183 863 5244 propagata
884 5175 1079 5229 dit-itur
1107 5174 1200 5243 per
1232 5177 1566 5238 Panucnuul,
1595 5190 1737 5228 anno
1757 5186 1875 5242 post
1898 5174 2173 5231 Christum

573 5246 789 5301 circiter
820 5246 943 5301 i96.
973 5246 1106 5301 Vide
1136 5247 1359 5307 Eu.«eb..‘
1396 5246 1532 5299 Ilist.
1578 5244 1738 5303 eccl..
1775 5246 1867 5300 lib.
1902 5261 1956 5310 v,
1989 5263 2038 5302 ο.
2087 5249 2169 5314 I0,

573 5326 628 5388 et
659 5316 966 5388 Hieronymi
1001 5318 1242 5385 Catalog.
1277 5318 1537 5388 Scriptor.
1568 5317 1897 5382 et-clesiast.,
1923 5336 2045 5385 cap.
2079 5320 2171 5375 36.

575 5387 722 5442 india
752 5386 932 5443 autem
967 5390 1067 5443 hoc
1101 5389 1223 5445 loco
1248 5396 1333 5444 est
1356 5386 1634 5457 Ethiopia
1664 5388 2170 5515 suggillfgyptum.

1768 5476 1922 5515 BELL.

648 5527 715 5583 In
743 5529 952 5585 Arabia.
986 5529 1117 5587 Vide
1149 5530 1367 5596 Euseb,
1390 5528 1524 5584 Hist.
1549 5529 1766 5655 ecclesb.
1790 5531 1883 5586 lib.
1905 5549 1975 5599 vt,
2009 5548 2060 5587 c.
2084 5532 2171 5589 l9.

1766 5617 1919 5655 RELL.

1766 5617 1919 5657 RELL.

649 5668 715 5723 In
742 5670 927 5727 insulis
974 5681 1021 5725 et
1052 5673 1328 5742 provinciis
1372 5669 1623 5742 omnibus.
1674 5671 2005 5727 Conl'erend.
2051 5690 2172 5730 cum

574 5751 762 5795 nostro
804 5741 1145 5803 'l‘ertullian..
1181 5745 1270 5800 lib.
1305 5760 1343 5808 l,
1377 5744 1499 5798 adv.
1534 5741 1771 5807 Judreos,
1801 5758 1849 5797 c.
1886 5744 1955 5797 7:
1986 5743 2174 5801 Christi

575 5827 790 5882 regnum
832 5814 1015 5881 ubique
1056 5817 1365 5887 porrigitur,
1398 5817 1460 5871 ab
1491 5813 1724 5870 omnibus
1763 5816 1991 5887 gentibus
2017 5834 2175 5889 supra

2277 4536 2773 4612 (Catcchttitpag.
2820 4537 2913 4609 54)
2939 4552 2958 4612 ;_
2986 4536 3308 4612 Ambrosius
3338 4536 3454 4609 (Lb.
3500 4551 3552 4591 iv
3584 4536 3869 4612 Herenni,

2275 4605 2398 4678 cap.
2428 4609 2484 4675 8,
2521 4608 2549 4680 θ
2579 4605 2671 4679 55)
2696 4605 3067 4677 {Augustinus
3091 4607 3188 4680 (de
3218 4605 3423 4680 “teres.
3452 4648 3467 4671 ,
3496 4622 3618 4680 cap.
3653 4608 3709 4680 ti)
3733 4624 3747 4672 ;
3773 4605 3873 4661 Isi-

2276 4677 2441 4736 dorus
2492 4677 2765 4735 P'elusiota
2837 4680 2959 4746 (lib.
2989 4696 3044 4745 t,
3090 4678 3264 4749 Epist.
3311 4679 3441 4749 15);
3494 4677 3870 4749 Theodorctus

2277 4752 2394 4824 (lib.
2444 4768 2461 4805 1
2496 4751 2695 4824 litaret.
2746 4751 2908 4824 fabul.
2935 4790 2951 4812 ,
2991 4765 3119 4824 cap.
3154 4748 3274 4824 l5),
3306 4759 3362 4824 et
3382 4748 3873 4824 Maxit‘nusil‘auri-

2278 4818 2460 4878 nensis
2485 4822 2700 4890 (homil.
2729 4839 2757 4876 v
2781 4823 2831 4877 in
2853 4821 3025 4876 Natal.
3047 4822 3145 4878 SS.
3181 4818 3330 4890 Petri,
3349 4831 3403 4876 et
3432 4820 3624 4890 Pauli).
3656 4818 3863 4874 Nouus.

2278 4910 2330 4964 p.
2354 4888 2736 4949 299.3—llem
2767 4894 3135 4964 Augustinus,
3168 4888 3360 4964 dc‘SS.
3396 4890 3559 4964 Petro
3582 4888 3867 4964 etl’aulo,

2277 4961 2441 5020 scrin.
2480 4980 2576 5026 tu,
2630 4973 2756 5021 tom.
2815 4961 2875 5026 ιζ
2904 4963 2994 5020 fol.
3026 4963 3163 5027 268;
3215 4962 3586 5032 Hegesippus.
3636 4961 3730 5015 lib.
3774 4977 3868 5027 ιιι.

2276 5052 2397 5107 eap.
2427 5036 2493 5101 2;
2551 5035 2916 5107 Epiphanius,
2968 5036 3058 5107 lib.
3093 5051 3142 5097 I.
3196 5035 3318 5107 adv.
3352 5032 3589 5107 hﬁreses
3612 5071 3629 5098 ,
3671 5032 3866 5107 p."'o'_lA;

2278 5101 2498 5174 Abdias,
2530 5101 2741 5161 de‘vitis
2768 5105 3171 5172 Apostolorum,
3200 5104 3292 5159 lib.
3324 5120 3361 5157 ι.
3397 5101 3863 5174 Ειιιειηιιεέεὶὼι.

2280 5173 2490 5243 Sulpic.
2512 5176 2702 5233 Sevcr.
2726 5218 2739 5237 .
2771 5177 2904 5233 ilist.
2931 5192 3070 5232 sacr.
3099 5218 3112 5239 ,
3159 5176 3249 5231 lib.
3281 5192 3313 5230 ιι
3334 5219 3348 5239 ,
3384 5190 3501 5242 cap.
3533 5175 3624 5228 42.
3659 5173 3865 5229 Οιιειι..

2355 5248 2417 5305 Et
2440 5249 2717 5320 quadrigas
2744 5248 2919 5320 igneas
2949 5246 3091 5303 Petri
3118 5247 3494 5320 areAdifﬂatas,
3525 5255 3573 5298 et
3603 5247 3867 5320 nominato

2277 5315 2480 5377 Christo
2505 5315 2787 5375 evanuisse:
2827 5319 2983 5375 Joan.
3029 5315 3357 5382 Scitetl‘erus,
3388 5318 3439 5371 in
3470 5330 3635 5386 opere
3664 5331 3766 5371 suo
3800 5315 3870 5372 de

2278 5393 2356 5447 Rc
2386 5392 2675 5447 vehiculari
2716 5399 2980 5456 veterum,
3031 5391 3121 5446 lib.
3154 5406 3227 5451 ιι,
3276 5403 3396 5458 cap.
3446 5386 3867 5458 54,,Iegendum

2277 5463 2512 5529 concipit
2541 5482 2555 5541 ε
2584 5461 2676 5541 sed
2722 5462 2983 5541 nominato
3031 5461 3254 5541 Christo,
3290 5457 3438 5541 etc.-_;
3471 5457 3565 5514 sed
3596 5458 3868 5541 accipiens

2279 5552 2377 5603 pro
2400 5545 2445 5588 et
2470 5534 2703 5603 quidem,
2736 5534 2821 5587 vcl
2862 5534 2983 5602 quin
3011 5533 3178 5604 potius
3208 5529 3467 5604 (auctoris
3492 5545 3552 5585 se
3592 5529 3869 5604 corrigens

2279 5599 2388 5675 iis).
2429 5599 2502 5657 De
2547 5621 2653 5674 quo
2702 5599 2931 5673 eleganti
2963 5599 3122 5673 hujus
3167 5599 3441 5675 particula:
3487 5616 3590 5675 u_su_
3633 5599 3865 5675 adeundi

2277 5670 2663 5731 PIBurmaim.
2691 5674 2757 5730 ad
2786 5670 3049 5738 Petrum,
3092 5690 3210 5743 cap.
3244 5673 3370 5737 128,
3403 5681 3459 5727 et
3503 5670 3867 5743 Scltvvabead

2278 5746 2528 5809 Plimdri,
2564 5745 2656 5800 lib.
2710 5761 2791 5810 tv,
2840 5745 2948 5802 fab.
2997 5747 3094 5815 17,
3143 5740 3295 5815 vers:
3324 5744 3414 5807 I9,
3446 5758 3563 5815 pag.
3597 5742 3726 5815 @533.
3779 5740 3868 5797 Sic

2282 5828 2465 5877 noster
2510 5816 2648 5873 infra
2672 5857 2687 5887 ,
2723 5818 2817 5873 lib.
2852 5833 2927 5888 vt,
2958 5810 3090 5891 cap.
3116 5817 3183 5875 i2
3212 5834 3225 5873 :
3258 5813 3386 5872 Cum
3429 5810 3563 5888 pileo
3602 5810 3867 5870 Vulcanus
