4258 6250
625 305 725 364 85!

1732 306 2010 365 ARNOBII
2050 307 2414 366 ADVERSUS
2449 308 2726 366 GENTES

3816 307 3932 363 852

624 419 858 477 clausas?
891 419 998 477 Vos
1024 420 1167 477 enim
1200 435 1305 477 non
1334 436 1523 480 omnes
1554 438 1653 494 pro
1684 424 1895 480 illarum
1924 426 2109 496 geritis
2136 426 2220 480 in-
2249 429 2297 489 Α
2330 439 2487 496 posse
2512 425 2754 481 dolorem
2795 424 3116 482 admittere?
3143 426 3289 498 quod
3337 434 3520 482 autem
3551 423 3749 481 sentiat
3777 422 3933 479 dolo-

626 512 1027 569 columitatibus
1050 529 1229 579 curas,
1262 529 1368 570 non
1395 516 1540 587 quod
1568 517 1710 572 vitiis
1732 517 2015 585 omnibus,
2049 525 2106 574 et
2130 533 2224 574 cu-

624 604 937 677 piditatibus
986 606 1353 663 abstineatis'I
1388 618 1604 667 :metus
1653 610 1743 666 ille
1772 625 1870 666 vos
1917 611 2101 676 habet,
2156 628 2225 669 ne

623 697 775 754 velut
816 698 1108 755 trabalibus
1155 699 1322 755 clavis
1367 700 1544 767 afﬁxi,
1596 702 1912 773 corporibus
1952 702 2222 758 btereatis.

629 788 767 859 Quid
797 789 875 845 illi
907 790 1006 845 sibi
1060 792 1247 848 volunt
1269 807 1596 850 secretarum
1626 798 1818 850 artium
1849 795 2002 862 ritus,
2032 795 2226 866 quibus

625 881 864 939 all'amini
894 884 1079 939 nescio
1110 899 1245 955 quas
1276 894 1590 955 potestates,
1623 896 1680 941 ut
1722 887 1832 942 sint
1861 888 2012 943 vobis
2054 888 2223 955 placi-

625 973 746 1039 «ιω.
798 990 977 1046 neque
1003 974 1070 1029 ad
1100 975 1261 1033 sedes
1301 977 1666 1034 remeantibus
1712 978 1908 1050 patrias
1950 979 2225 1035 obstacula

623 1067 987 1136 impeditionis
1011 1071 1326 1141 opponant?

697 1161 839 1219 XIV.
870 1162 1094 1219 Audetis
1129 1165 1307 1220 ridere
1345 1179 1474 1231 nos,
1516 1179 1637 1220 cum
1676 1167 1954 1237 gebennas
1974 1167 2223 1235 dicimus,

626 1263 682 1311 et
734 1256 1173 1327 inestinguibiles
1219 1257 1480 1327 quasdam
1527 1259 1708 1329 ignes,
1750 1260 1802 1315 in
1833 1275 1971 1330 quos
2020 1261 2226 1318 animas

625 1345 786 1416 dejici
816 1347 885 1401 ab
911 1362 1098 1404 earum
1129 1349 1395 1414 hostibus.
1446 1351 1787 1421 inimicisque
1831 1352 2227 1422 cognovimus?

623 1439 806 1508 Quid?
855 1441 1009 1497 Plato
1053 1442 1194 1498 idem
1224 1453 1407 1499 vester
1451 1443 1506 1499 in
1544 1460 1611 1500 eo
1656 1444 1968 1512 volumine,
1995 1444 2139 1516 quod
2160 1444 2228 1500 de

624 1534 822 1590 animae
872 1535 1278 1593 immortalitate
1314 1539 1647 1608 composuit,
1697 1552 1803 1593 non
1833 1538 2226 1604 Acheruntem,

627 1644 736 1685 non
769 1626 989 1700 Stygem
1011 1669 1027 1695 ,
1065 1643 1175 1684 non
1210 1629 1475 1702 Cocytum
1521 1629 1749 1697 ﬂuvios,
1783 1639 1838 1686 et
1874 1630 2227 1703 Pyriphlege-

627 1718 873 1777 thontem
905 1720 1172 1785 nominat,
1198 1721 1253 1776 in
1282 1722 1479 1794 quibus
1516 1721 1725 1779 animas
1752 1732 2026 1778 asseverat
2045 1722 2186 1779 volvi
2208 1764 2225 1792 ,

2329 535 2467 586 rem,
2500 518 2955 575 immortalitatem
2996 518 3197 575 habere
3235 532 3343 574 non
3370 519 3574 589 posse?
3612 515 3721 572 Nec
3749 523 3932 572 tamen

2325 611 2445 682 ejus
2470 612 2767 667 auctoritas
2791 611 3082 681 plurimum
3111 625 3142 665 a
3184 610 3412 666 veritate
3441 608 3699 666 declinat.
3727 608 3933 677 Quam-

2326 704 2405 759 vis
2434 704 2575 759 enim
2606 704 2690 759 vir
2717 704 2883 771 lenis,
2925 713 2980 760 et
3019 702 3296 760 benevola
3336 702 3629 758 voluntatis
3671 700 3934 755 inhuma-

2327 810 2455 850 num
2483 809 2606 851 esse
2633 795 2945 863 crediderit,
2974 794 3194 865 capitali
3238 794 3447 849 animas
3481 793 3750 848 sententia
3789 806 3929 847 con-

2326 888 2569 944 demnari
2605 907 2617 942 :
2652 903 2757 944 non
2785 896 2869 944 est
2898 902 3074 944 tamen
3107 892 3309 943 absone
3345 887 3653 956 suspicatus
3694 885 3801 957 jaci
3841 899 3934 942 eas

2327 983 2380 1038 itt
2413 982 2635 1039 ﬂumina
2680 976 2936 1038 torrentia
2979 983 3314 1037 ﬂammarum
3356 980 3565 1052 globis,
3593 989 3648 1033 et
3691 978 3934 1034 emnosis

2326 1075 2673 1146 voraginibus
2703 1083 2859 1129 tetra.
2891 1073 3172 1129 Jaciuntur
3196 1073 3374 1138 enim,
3404 1082 3459 1127 et
3492 1071 3560 1126 ad
3590 1070 3819 1126 nihilum
3848 1086 3935 1127 re.

2286 1244 2296 1251 ‘
2328 1170 2533 1237 dactze,
2557 1168 2879 1224 interitionis
2908 1178 3183 1240 perpetuae
3213 1166 3565 1223 frustratione
3606 1160 3934 1222 vanescunt.

2330 1262 2468 1320 Sunt
2512 1262 2654 1317 enim
2695 1260 2888 1316 medim
2935 1260 3239 1331 qualitatis,
3282 1260 3421 1315 sicut
3448 1257 3665 1313 Christo
3713 1267 3943 1313 auctore

2330 1360 2664 1417 compertum
2694 1360 2811 1418 est,
2858 1359 2912 1406 et
2942 1351 3165 1407 interire
3211 1365 3332 1420 qua:
3381 1350 3619 1419 possint,
3667 1350 3845 1406 Deum
3887 1348 3933 1404 si

2331 1441 2738 1515 ignoraverint,
2781 1443 2903 1497 vita:
2938 1442 3099 1497 etab
3148 1442 3312 1498 exitio
3339 1441 3582 1508 liberari,
3630 1443 3677 1496 si
3702 1441 3771 1497 ad
3820 1441 3940 1511 ejus

2329 1550 2389 1592 se
2428 1536 2619 1600 minas,
2653 1546 2815 1606 atque
2842 1533 3202 1604 indulgentias
3233 1534 3574 1605 applicarint.
3605 1533 3675 1589 Et
3705 1544 3764 1589 ut
3789 1532 3937 1605 quod

2331 1627 2571 1699 igu0tum
2608 1636 2691 1681 est
2719 1634 2918 1696 pateat,
2947 1624 3064 1680 haec
3085 1634 3168 1681 est
3199 1624 3435 1680 hominis
3463 1639 3609 1680 mors
3636 1641 3785 1690 vera,
3817 1625 3943 1682 hmo

2332 1720 2469 1776 nihil
2492 1718 2769 1774 residuum
2797 1717 3021 1773 faciens.
3044 1717 3179 1773 Nam
3210 1717 3323 1783 illa,
3366 1733 3487 1788 qua:
3509 1717 3609 1773 sub
3628 1717 3800 1773 oculis
3818 1733 3946 1773 cer—

626 1813 818 1884 tttergi,
843 1813 1034 1870 exuri?
1057 1814 1124 1869 Et
1150 1816 1312 1869 homo
1339 1815 1640 1886 prudentia:
1664 1830 1770 1870 non
1798 1829 1998 1886 pravae,
2027 1825 2081 1871 et
2106 1831 2231 1870 exa-
2260 1826 2308 1886 Β
2340 1810 2506 1877 nitur,
2538 1810 2835 1865 animarum
2861 1818 2944 1865 est
2967 1823 2996 1863 a
3022 1808 3343 1879 corporibus
3365 1807 3645 1879 dijugatio,
3676 1824 3783 1863 non
3817 1807 3941 1864 linis

624 1908 788 1963 minis
814 1907 1110 1978 judiciique
1129 1909 1381 1979 perpensi
1409 1924 1524 1965 rem
1549 1909 1940 1966 inenodabilem
1968 1908 2219 1979 suscipit:

625 2008 687 2055 ut
706 2014 830 2056 cum
865 2000 1074 2057 animas
1103 2000 1249 2057 dicat
1278 2001 1643 2069 immortales,
1671 2011 1958 2074 perpetuas
1978 2042 1994 2067 ,
2017 2010 2071 2057 et
2096 2015 2220 2056 cor-

629 2090 803 2162 porali
830 2091 1103 2149 soliditate
1130 2093 1397 2163 privatas,
1420 2093 1597 2163 puniri
1623 2108 1717 2150 eas
1750 2093 1895 2149 dicat
1923 2100 2099 2148 tamen
2118 2132 2134 2157 ,
2165 2099 2221 2146 et

624 2183 905 2241 doloribus
933 2185 1132 2242 alliciat
1155 2200 1432 2243 sensuum.
1453 2188 1584 2254 Quis
1604 2196 1783 2244 autem
1808 2186 2085 2244 hominum
2110 2199 2220 2240 non

625 2275 772 2335 videt
815 2277 958 2350 quod
1009 2277 1080 2335 sit
1124 2277 1463 2350 immortale,
1502 2280 1647 2353 quod
1695 2281 1958 2353 simplex,
2006 2278 2215 2334 nullum

2330 1903 2647 1959 abolitionis
2673 1913 2972 1958 extremus.
3002 1901 3148 1969 Haec,
3173 1901 3413 1971 inquam,
3436 1914 3515 1956 est
3535 1900 3769 1956 hominis
3792 1915 3944 1956 mors

2327 2011 2476 2063 vera,
2518 2011 2643 2052 cum
2685 1996 2883 2051 anima:
2935 1995 3239 2051 nescientes
3279 1994 3449 2050 Deum
3494 2008 3595 2065 per
3638 1991 3941 2064 longissimi

2326 2089 2585 2161 temporis
2631 2087 2929 2143 cruciatum
2976 2094 3370 2142 consumuntur
3414 2086 3525 2157 igni
3578 2085 3724 2141 ferro
3750 2083 3777 2123 δ
3803 2126 3820 2150 ,
3882 2085 3939 2141 in

2326 2195 2488 2253 quem
2529 2179 2647 2234 illas
2685 2177 2889 2249 jacient
2931 2177 3151 2249 quidam
3194 2176 3487 2234 crudeliter
3504 2176 3660 2243 saevi,
3704 2184 3760 2232 et
3810 2182 3940 2232 ante

2324 2271 2598 2330 Christum
2628 2270 2903 2342 incogniti,
2935 2279 2991 2327 et
3011 2271 3080 2328 ab
3106 2270 3225 2329 solo
3252 2269 3460 2327 sciente
3488 2268 3712 2327 detecti.

1846 2395 2225 2456 LECTIONES
2265 2389 2687 2450 VARIANTES.

685 2494 714 2526 ⁸
753 2492 1029 2547 Abstinetis
1046 2494 1187 2547 Fulv.

2381 2484 2411 2524 δ
2456 2484 2694 2550 Ignil‘ero,
2718 2498 2814 2536 una
2832 2496 2946 2537 voce
2967 2484 3103 2537 Sub.
3128 2483 3272 2536 male.

1976 2571 2544 2635 COMMENTARIUS.

661 2697 1005 2772 r0prie_esse
1029 2698 1313 2772 dicebant,
1339 2709 1529 2756 contra
1571 2714 1708 2772 quos
1737 2698 1983 2772 disputat
1997 2697 2217 2772 fl‘ertttl-

646 2769 822 2839 ianus.
856 2769 995 2827 libro
1023 2771 1091 2826 de
1112 2771 1531 2827 Resurreetione
1556 2769 1756 2839 carnis,
1783 2786 1831 2827 c.
1855 2770 1942 2826 40.
1973 2770 2213 2825 Humum.

694 2838 1001 2913 Trubalibus
1038 2843 1196 2897 clavis
1240 2841 1397 2913 a/fixi.
1433 2840 1575 2897 Clavi
1605 2838 1844 2908 trabales,
1875 2843 1995 2897 scil.
2026 2841 2221 2911 quibus

623 2912 806 2967 trabes
821 2912 1014 2967 mdium
1032 2912 1530 2983 compingebantur,
1557 2929 1750 2983 graves
1774 2914 1909 2968 adeo
1928 2924 1980 2968 et
2005 2921 2221 2978 porteno

624 2990 759 3054 taste
790 2984 1204 3054 magnitudinis:
1228 2984 1352 3040 binc
1382 3001 1475 3054 per
1500 2984 1864 3053 Metaphoram
1891 2983 1960 3038 de
1988 2983 2073 3049 iis,
2102 2995 2224 3054 qum

625 3053 977 3109 immutabdia
1011 3065 1156 3120 sunt,
1199 3070 1319 3123 quae
1353 3053 1490 3112 adeo
1522 3056 1730 3112 evitare
1775 3071 1881 3110 non
1928 3055 2069 3109 licet.
2118 3053 2227 3107 H0-

2393 2685 2460 2744 Et
2482 2688 2743 2743 doloribus
2769 2688 2953 2759 ofﬁciat
2978 2704 3237 2744 sensuum.
3267 2687 3608 2759 ltaSabteus.
3657 2686 3778 2742 cod.
3814 2700 3921 2741 ms.

2321 2760 2513 2815 doloris
2533 2758 2855 2830 aﬂicisensn,
2886 2759 3004 2815 scil.
3042 2761 3199 2826 dicat,
3225 2758 3366 2827 quod
3396 2759 3580 2814 nescio
3616 2772 3715 2830 qua
3762 2772 3933 2812 causa

2323 2832 2545 2887 mutavit
2562 2829 2737 2887 editor
2754 2830 2923 2899 Lugd.
2947 2831 3063 2887 Bal.
3084 2832 3278 2886 doloris
3299 2831 3487 2901 aﬂiciat
3506 2846 3650 2885 sensu
3674 2829 3928 2885 Elmenlt.

2324 2919 2499 2957 sensus
2528 2918 2644 2958 acc.
2677 2902 2815 2971 plur.
2843 2901 3046 2958 OnELL.

2397 2970 2768 3028 Condemnare.
2794 2973 2890 3028 Ms.
2924 2974 3027 3028 Alii
3053 2972 3401 3028 condentnari.
3436 2970 3640 3029 ORELL.

2399 3044 2675 3099 Jaciuntur
2714 3045 2868 3111 enim,
2893 3055 2988 3099 etc.
3029 3044 3087 3100 In
3114 3044 3358 3099 eamdem
3383 3049 3703 3099 sententiam
3727 3042 3930 3098 Encas

624 3106 1326 3189 at";‘a‘i."sstis;iito"iiis
1356 3106 1745 3196 Ῑῦἐόξὶξόεἱ.
1775 3106 1896 3194 ἐξ,
1928 3106 2085 3182 "vers.
2120 3106 2221 3192 t5,

2330 3114 2574 3199 Gazaens
2618 3117 2670 3199 in
2712 3106 3106 3199 Theophrasto,
3139 3130 3193 3185 p.
3225 3113 3475 3199 5%(edit.
3507 3115 3723 3199 Barth)-
3748 3133 3760 3167 :
3790 3116 3850 3169 Oi
3874 3114 3929 3170 δὲ

624 3208 777 3268 seqq.
823 3212 840 3251 :

877 3310 952 3374 Ie
972 3324 1173 3374 semper
1194 3314 1354 3363 anteit
1381 3324 1509 3364 saeva
1533 3311 1819 3363 Necessitas

874 3372 1046 3424 Claros
1066 3372 1281 3426 trabales
1302 3382 1356 3426 et
1377 3387 1564 3426 cuneos
1586 3387 1728 3425 manu

874 3434 1086 3488 Gestans
1114 3438 1292 3488 aliena.

628 3541 731 3600 Ubi
757 3542 867 3599 vid.
891 3544 1056 3614 Cruq.
1081 3552 1136 3598 et
1161 3542 1540 3599 Mitscberlich.
1576 3542 1819 3609 Petron.,
1838 3557 1887 3597 c.
1915 3544 2013 3598 75:
2047 3542 2222 3610 Nosti,

625 3617 765 3684 quod
792 3614 948 3669 semel
972 3615 1240 3683 destinavi,
1269 3616 1414 3672 clavo
1440 3615 1624 3670 trabali
1652 3615 1817 3683 ﬁxum
1861 3624 1955 3682 est,
1990 3615 2079 3670 tibi
2110 3615 2221 3669 vid.

625 3684 800 3742 itttnn.
830 3685 1034 3742 ORBLL.

625 3697 800 3742 1111111).
830 3697 1034 3742 υιιειι..

704 3703 1146 3827 κῖᾖιῖῗιξὲἶὶάω
1172 3759 1511 3813 remeantibus
1541 3759 1735 3827 patrias
1772 3756 2035 3812 obstacula
2060 3758 2226 3828 impe-

627 3829 838 3883 ditionis
867 3841 1147 3900 opponant.
1184 3828 1572 3886 Existimabam
1597 3830 1763 3893 enim,
1813 3829 2088 3882 daemonas
2115 3831 2227 3883 sive

627 3900 817 3968 genios
845 3901 1070 3970 singulis
1099 3900 1405 3957 hominibus
1456 3903 1508 3956 in
1541 3900 1678 3955 hanc
1705 3902 1880 3955 lucem
1911 3900 2225 3970 prodeunti-

626 3971 730 4028 bus
767 3972 917 4038 quasi
961 3974 1215 4027 custodes
1241 3983 1295 4026 et
1342 3973 1505 4027 totius
1532 3972 1654 4026 vitae
1682 3972 2052 4026 moderatores
2076 3970 2224 4033 dari;

628 4042 957 4113 eosdemque
1003 4042 1275 4099 custodias
1314 4058 1458 4109 suas,
1512 4042 1727 4112 quando
1758 4042 1883 4096 hinc
1908 4042 2123 4109 abeant,
2154 4043 2228 4113 in

623 4112 885 4184 judicium
915 4129 1142 4183 rapere;
1175 4124 1337 4184 atque
1365 4129 1552 4170 eorum
1583 4113 1892 4170 testimonio
1933 4113 2058 4167 ferri
2087 4130 2115 4166 a
2142 4112 2229 4181 ju.

627 4183 748 4239 dice
772 4188 1116 4241 sententiam.
1167 4183 1293 4241 Haec
1337 4194 1454 4241 erat
1480 4185 1721 4240 Platonis
1750 4184 2039 4246 sententia,
2067 4199 2229 4254 quam

628 4255 682 4309 in
710 4255 982 4312 thdone
1010 4258 1279 4325 proponit,
1310 4266 1365 4311 et
1390 4273 1548 4326 quant
1576 4256 1809 4326 explicat
1841 4254 2118 4326 Apuleius,
2165 4255 2230 4310 li-

627 4325 729 4398 bro
750 4326 820 4382 de
848 4327 959 4398 Deo
983 4324 1240 4383 Socratis.
1286 4327 1368 4384 Cf.
1410 4324 1723 4398 Augustin”
1757 4327 1851 4382 lib.
1876 4325 2039 4398 διάει
2066 4324 2227 4381 Civit.

629 4395 750 4460 Dei,
780 4411 900 4467 Cap.
932 4397 996 4461 9;
1028 4398 1249 4454 Servius
1274 4399 1339 4453 ad
1371 4395 1534 4454 verba
1568 4398 1799 4467 Virgilii,
1858 4395 2085 4466 Quisque
2110 4413 2228 4451 suos

629 4468 854 4539 patimur
882 4485 1057 4523 manes
1077 4467 1231 4535 (IEn.
1258 4485 1331 4533 vr,
1351 4470 1478 4539 743)
1501 4492 1514 4523 ς
1541 4468 1710 4536 Quum
1731 4470 2009 4534 nascimur,
2034 4469 2224 4538 inquit,

629 4538 762 4610 duos
784 4541 961 4610 genios
985 4540 1245 4595 sortimur.
1281 4539 1426 4595 Unus
1464 4550 1556 4610 est,
1581 4540 1667 4608 qui
1694 4540 1927 4593 hortatur
1964 4541 2032 4592 ad
2058 4539 2225 4602 bona;

628 4608 897 4681 alter,'qui
925 4614 1167 4681 depravat
1189 4611 1259 4663 ad
1287 4613 1444 4666 ntala.
1503 4609 1698 4675 Quibus
1728 4610 2076 4664 assistentibus
2115 4619 2227 4676 post

629 4691 841 4735 mortem
884 4692 974 4736 aut
1027 4683 1304 4735 asserimur
1346 4686 1401 4736 iu
1436 4682 1694 4735 meliorem
1746 4682 1930 4747 vitam;
1970 4691 2059 4735 aut
2105 4697 2226 4736 cou-

629 4751 933 4807 demnamur
959 4755 1013 4807 in
1041 4753 1339 4807 deteriorem
1390 4769 1409 4809 :
1467 4768 1557 4821 per
1603 4768 1729 4824 quos
1781 4763 1872 4805 aut
1914 4753 2227 4806 uacationem

628 4838 900 4896 meremur,
945 4835 1036 4879 aut
1078 4824 1296 4879 reditum
1324 4825 1380 4879 in
1408 4823 1644 4896 corpora.
1679 4823 1820 4896 Ergo
1851 4839 2023 4879 manes
2053 4824 2227 4895 genios

629 4894 770 4952 dicit.
798 4911 927 4952 auos
952 4912 1068 4949 cum
1090 4896 1192 4948 vita
1219 4897 1481 4951 sortimur.
1500 4894 1755 4951 Henrico.

702 4964 846 5021 XIV.
895 4996 967 5006 —
1024 4966 1162 5032 Quid
1200 4965 1353 5022 Plato
1396 4967 1533 5022 idem
1570 4980 1728 5021 vester
1765 4968 1819 5021 in
1854 4983 1912 5021 eo
1951 4966 2223 5032 volumine,

628 5037 767 5108 quod
802 5037 866 5093 de
903 5038 1091 5109 animte
1121 5038 1505 5109 immortalitate
1547 5039 1874 5109 composuit.
1922 5054 2023 5091 non
2066 5036 2228 5109 Ache-

631 5121 826 5178 rontem
867 5117 969 5164 etc.
1000 5108 1130 5164 Vide
1156 5108 1366 5164 Platon.
1395 5108 1676 5176 Phaedon.,
1709 5126 1760 5178 p.
1797 5108 2102 5178 “2—3114,
2134 5108 2222 5163 ed.

631 5177 701 5251 ﬂ.
724 5178 983 5251 Stephan.
1020 5179 1106 5251 (p.
1147 5179 1453 5248 25l—258,
1483 5181 1592 5236 vol.
1626 5197 1665 5247 ι,
1713 5177 1802 5235 ed.
1835 5177 2000 5251 Bip.),
2030 5187 2084 5232 et
2125 5179 2229 5234 Eu-

630 5249 771 5323 s_eb.,
798 5249 854 5323 in
888 5249 1178 5323 Praeparat.
1205 5254 1477 5323 cvattgel.,
1516 5253 1552 5306 Ι.
1578 5267 1694 5311 xm.
1716 5267 1763 5304 c.
1794 5251 1858 5323 Δ7.
1886 5249 2128 5306 Ebusum
2156 5280 2229 5291 —

631 5318 788 5392 Cotti.
812 5318 1087 5385 Grot.,'ad
1120 5322 1272 5377 Mart.
1306 5318 1536 5392 CTtpell.,
1570 5340 1623 5391 p.
1659 5323 1748 5378 57.
1779 5320 1982 5378 Osann.

707 5391 835 5447 Rem
854 5393 1227 5448 inenodabilem
1242 5391 1476 5463 suscipit,
1502 5404 1606 5449 etc.
1628 5394 1851 5450 Animas
1870 5395 2029 5463 igitur
2044 5392 2230 5450 existi-

632 5473 767 5529 mat,
800 5464 846 5519 si
872 5465 980 5536 sint
1005 5467 1246 5536 ttiaterite
1271 5474 1542 5536 expertes,
1577 5466 1826 5535 passione
1873 5474 1928 5520 et
1954 5464 2231 5520 doloribus

630 5535 1002 5606 corporalibus
1031 5534 1174 5590 allici
1218 5553 1323 5590 non
1344 5534 1535 5606 posse,
1568 5534 1687 5605 ante
1712 5547 1795 5591 est
1822 5536 1988 5605 ipsius
2017 5550 2230 5606 quoque

632 5604 948 5679 Tertulliani
984 5607 1314 5679 (ApologeL,
1347 5604 1398 5662 ὁ.
1429 5608 1522 5678 48)
1572 5618 1627 5663 et
1666 5604 1893 5679 aliorum
1923 5604 2225 5679 sententiae.

633 5675 811 5745 Quare
854 5675 1417 5746 carperales'aninias
1462 5675 1579 5749 (sed
1619 5677 1861 5748 corporis
1889 5677 2149 5749 tenuioris
2176 5686 2233 5733 et

634 5749 949 5822 spiritttalis,
979 5749 1339 5822 πνευματικοῦ)
1391 5748 1724 5822 existimavit
1748 5765 1870 5806 cum
1901 5748 2232 5808 Tertulliatto

639 5817 926 5885 Arnobius,
959 5822 1051 5890 qui
1078 5817 1171 5877 eas
1198 5817 1489 5881 arbitratus
1513 5830 1597 5882 est
1621 5821 1751 5895 pati.
1784 5821 2027 5881 Hanno.

2253 4508 2307 4569 1)

2302 4749 2487 4824 ,Ιίιλμ
2520 4766 2570 4807 c.
2614 4752 2702 4818 i7,
2751 4752 2910 4808 verba
2961 4768 2976 4805 :

2325 3191 2473 3264 κᾳκοί
2495 3190 2567 3264 εἰς
2592 3190 2851 3264 Τάρταρρν
2894 3185 3361 3264 ἕμπεσόντεςμὸθεν
3391 3185 3577 3264 migrate
3607 3187 3927 3264 ἐκξήσονται,

2325 3261 2472 3334 aurai
2496 3261 2585 3332 μὲν
2611 3256 2783 3334 οὗκέξτὶν
2800 3256 3063 3326 oriuntur-att,
3089 3256 3621 3334 uapétdstypa_3é_7ﬁ;
3844 3278 3930 3334 72f

2326 3327 2555 3401 νόμενοὶ,
2602 3332 2672 3390 εἰς
2710 3332 2791 3386 ἀεὶ
2824 3333 3096 3417 saginatae.
3150 3327 3467 3417 ἑαύτςίγὰρ
3497 3332 3545 3384 ἐν
3589 3327 3801 3384 Φαίδωνι
3852 3327 3934 3383 icui

2327 3405 2521 3526 l‘op‘r/io‘t
2551 3403 2813 3477 Σωκράτης
2846 3400 3225 3477 διϊσχυρίζετο.
3257 3400 3460 3455 υιιειιζ.

2454 3483 2715 3525 anescunt.
2750 3474 3023 3527 SteWeclt.
3058 3473 3163 3539 leg.
3192 3482 3514 3526 evanescunt.
3545 3471 3747 3527 Οιιειι..

2404 3543 2539 3598 Sunt
2579 3542 2712 3596 enim
2755 3544 2936 3597 media:
2966 3543 3228 3614 qualitatis
3252 3585 3267 3608 ,
3311 3544 3445 3597 sicut
3483 3542 3686 3598 Christo
3724 3552 3934 3597 auctore

2330 3623 2643 3684 compertuut
2668 3622 2759 3678 est,
2807 3623 2855 3667 et
2896 3615 3104 3668 interire
3132 3629 3245 3684 qnte
3275 3615 3493 3684 possint.
3526 3614 3651 3669 Haec
3699 3614 3930 3669 valenti-

2332 3683 2655 3739 nianismum
2684 3685 2852 3744 olettt.
2892 3683 3134 3739 utetiam
3178 3686 3269 3739 alii
3294 3685 3666 3741 adverterunt.
3696 3684 3928 3743 TertuL.

2330 3756 2452 3810 adv.
2481 3755 2798 3830 Valent.,‘e.
2831 3755 2931 3830 δὶς
2956 3755 3022 3809 Et
3048 3757 3223 3830 anima
3248 3757 3479 3830 mortalis
3500 3758 3639 3830 apud
3666 3756 3808 3823 illos,
3834 3757 3936 3811 nisi

2330 3842 2446 3897 qute
2464 3829 2681 3881 salutem
2708 3827 2812 3895 [ide
2833 3828 3096 3881 invenerit.
3122 3829 3269 3894 Quos
3296 3828 3475 3896 itaque
3503 3827 3720 3883 secutus
3759 3830 3936 3881 Arno-

2330 3898 2453 3953 bius
2483 3897 2827 3965 existimavit,
2876 3898 3162 3968 impiorum
3195 3898 3405 3953 animas
3441 3900 3596 3962 mori,
3625 3914 3723 3953 nec
3748 3907 3933 3951 autem

2330 3972 2511 4023 statim
2541 3970 2799 4039 extingui.
2832 3971 2928 4025 sed
2959 3970 3258 4038 l0ngissimi
3291 3972 3546 4039 temporis
3598 3969 3935 4025 cruciatibus

2331 4049 2389 4095 et
2414 4040 2689 4096 doloribus
2717 4040 2985 4095 consumi.
3021 4042 3264 4095 Eunus.
3298 4050 3354 4095 et
3382 4040 3617 4096 lienam.

2405 4111 2467 4167 Si
2508 4115 2580 4165 ad
2607 4112 2718 4183 ejus
2745 4128 2799 4165 se
2824 4112 2988 4165 minas
3017 4120 3164 4181 atque
3190 4112 3536 4183 indulgentius
3586 4113 3934 4183 applicat-int.

2330 4181 2466 4255 Cod.
2493 4196 2593 4237 ms.
2617 4181 2755 4255 siad
2780 4184 2890 4255 ejus
2911 4183 3126 4255 semina,
3163 4182 3313 4237 nullo
3339 4181 3503 4255 settsu
3520 4201 3545 4255 κε
3570 4181 3804 4255 proque
3829 4181 3936 4237 Gc-

2333 4253 2506 4309 lenius
2531 4270 2585 4307 se
2614 4254 2798 4317 minus,
2836 4253 2923 4307 alii
2951 4270 3005 4307 se
3030 4254 3456 4319 miscricordiam,
3496 4253 3710 4310 Herald.
3741 4271 3795 4307 se
3822 4271 3938 4307 ntu-

2333 4325 2436 4396 θείη.
2472 4323 2579 4380 Sed
2608 4325 2806 4395 optime
2837 4324 3000 4381 habet
3028 4341 3214 4390 minus,
3265 4326 3530 4396 applicare
3556 4342 3608 4379 se
3648 4326 3717 4379 ad
3768 4326 3937 4379 minas

2334 4393 2451 4466 Dei,
2504 4395 2558 4450 id
2603 4393 2686 4450 est
2727 4398 2899 4450 minas
2930 4396 3045 4459 Dei,
3075 4393 3496 4466 exitium,'quod
3529 4396 3673 4451 Deus
3701 4396 3940 4450 minatur

2333 4464 2612 4539 improbis,
2644 4468 2841 4539 vereri.
2873 4467 3015 4522 Bene
3045 4469 3222 4538 itaque
3262 4464 3414 4523 mina:
3456 4480 3804 4539 opponuntur
3850 4469 3938 4521 in-

2331 4536 2625 4606 dulgentiis.
2649 4537 2853 4593 Osann.

2400 4609 2601 4681 Anima:
2626 4612 2902 4665 nescientes
2928 4609 3115 4662 Deum.
3157 4609 3214 4664 ld
3263 4619 3345 4666 est
3373 4612 3538 4666 Deum
3571 4610 3796 4681 ejusque
3824 4609 3939 4665 cle-

2331 4680 2588 4752 mentium
2618 4682 2759 4736 seire
2788 4682 2873 4735 vel
2918 4682 3150 4752 experiri
3181 4682 3446 4737 nolentes.
3482 4682 3617 4737 Vide
3644 4680 3827 4752 supra,
3861 4681 3932 4734 ad

3038 4751 3151 4807 Hoc
3207 4770 3324 4825 ergo
3376 4755 3450 4808 dii
3498 4757 3672 4825 magni
3717 4751 3933 4807 norunt.

3544 4823 3750 4880 Οἰιειι.

2402 4890 2524 4963 Igni
2549 4898 2679 4965 fero.
2711 4894 2891 4966 Ignem
2922 4899 3085 4967 ferum
3113 4895 3242 4950 dicit
3268 4896 3560 4963 At'no‘bius,
3593 4895 3940 4967 quentadnto-

2330 4963 2456 5019 dum
2501 4963 2654 5037 vetns
2683 4963 2903 5021 Latinus
2923 4963 3227 5022 'Bibliorutn
3258 4969 3525 5037 interpres
3553 4963 3689 5036 feros
3716 4968 3933 5037 ﬂuctus,

2329 5034 2690 5118 grteceﬁzpm
2723 5041 2941 5118 adparat.
2974 5038 3244 5118 Arnobius
3272 5034 3431 5118 supra
3462 5057 3475 5091 :
3499 5034 3938 5118 jnextin'guibiles

2328 5108 2490 5181 ignes.
2521 5108 2639 5165 Lib.
2670 5126 2742 5174 tv,
2770 5108 3183 5181 inextinguibiles
3208 5108 3453 5179 gehennae
3483 5108 3744 5181 ﬂammas.
3770 5112 3933 5179 Cypr.

2329 5179 2397 5233 ad
2434 5179 2910 5252 Detnetrian..fo|.
2940 5180 3049 5236 258
3076 5197 3090 5233 :
3119 5183 3380 5252 ardentem
3407 5179 3692 5252 gehennam
3717 5192 3762 5236 et
3794 5182 3939 5234 viuu-

2330 5264 2413 5324 ces
2453 5252 2710 5324 ﬁnitimas.
2765 5251 3084 5324 Tertullian.
3137 5251 3446 5324 Apologet.,
3497 5268 3546 5308 c.
3603 5252 3673 5308 48
3704 5268 3717 5304 :
3754 5254 3937 5324 jugem

2329 5321 2503 5395 ignem
2549 5323 2821 5389 Lactant.,
2848 5323 2940 5379 lib.
2972 5337 3086 5389 vui,
3110 5337 3159 5377 c.
3191 5322 3258 5377 21
3299 5337 3313 5376 :
3341 5325 3511 5394 ignent
3539 5321 3924 5395 sempiternum,

2328 5403 2434 5448 etc.
2464 5393 2709 5451 ELIENH.

2401 5463 2471 5518 In
2499 5482 2645 5536 quem
2661 5466 2858 5538 jacient
2902 5466 3020 5520 illos
3047 5465 3257 5538 quidam
3283 5466 3559 5521 crudeliter
3585 5468 3704 5522 stevi
3734 5476 3782 5538 et
3810 5475 3927 5521 ante

2331 5534 2593 5591 Christum
2620 5534 3016 5609 incogniti.etc.
3049 5534 3208 5606 Atqui
3232 5536 3551 5604 jamdudum
3580 5548 3704 5593 ante
3732 5536 3938 5593 Christi

2333 5615 2575 5679 tempora
2604 5607 2773 5679 viguit
2799 5608 2853 5664 in
2880 5607 3188 5664 Judmorum
3214 5618 3374 5678 gente
3415 5611 3599 5679 opinio
3628 5609 3696 5663 de
3725 5609 3934 5664 daemo-

2333 5678 2491 5750 nibus
2519 5692 2747 5749 Corpora
2789 5680 3019 5735 ltumana
3044 5678 3427 5750 infestantibus
3457 5678 3833 5750 malorumque
3882 5681 3935 5735 in

2333 5748 2544 5820 inferno
2570 5753 2884 5809 tortoribus.
2913 5748 3073 5807 Conf.
3107 5751 3372 5820 imprimis
3401 5751 3647 5809 Westen.
3680 5748 3756 5806 ad
3793 5751 3931 5806 Nov.

2332 5819 2507 5890 Test.,
2537 5830 2644 5881 tom
2673 5839 2712 5892 ι,
2747 5840 2799 5896 p.
2827 5822 2935 5879 279
2986 5832 3043 5879 et
3088 5838 3240 5894 seqq.
3294 5823 3534 5879 Similem
3585 5822 3934 5879 Judaicorum
