4258 6250
504 435 610 496 851

1682 429 1961 486 ΑΠΝΟΒΙΙ
1999 426 2373 486 Αονελδυδ
2406 427 2685 486 GENTES

3717 422 3825 481 852

496 553 756 624 ignorans
786 558 841 605 et
866 547 1154 614 nesciens,
1207 560 1394 602 secum
1454 545 1629 615 potius
1673 560 1742 600 an
1782 558 1907 600 cum
1941 543 2113 598 altero
2138 541 2299 610 Avis
2337 541 2494 598 annis
2522 542 2668 597 vivat
2697 541 3031 609 innumeris,
3073 551 3127 598 et
3173 556 3468 613 numquam
3506 545 3668 600 nodis
3695 558 3823 600 cor-

502 642 854 713 colloquaris,
885 655 1008 697 cum
1037 641 1209 697 altero
1229 638 1633 707 sermocineris,
1648 652 1717 693 an
1740 651 1959 694 secum:
1983 650 2109 690 ora-

502 738 582 793 tio
624 736 693 792 sit
738 735 840 790 ista
864 772 881 800 ,
939 748 1101 803 quam
1154 732 1359 801 promis
1383 769 1398 799 ,
1430 746 1498 785 an
1527 731 1738 785 sonitus
1766 729 1949 794 vocis,
1978 726 2111 781 nihil

502 843 686 886 rerum
709 825 1042 897 significans,
1065 823 1162 881 sed
1187 823 1331 878 inani
1354 822 1755 878 continuatione
1776 820 2110 892 pertractus?

575 918 745 976 XXV.
773 918 912 988 Quid
942 917 1139 985 dicitis,
1160 932 1192 971 ο
1219 915 1341 983 viri,
1372 915 1655 985 plusquam
1682 914 1815 970 satis
1844 922 1927 969 est
1954 912 2111 969 vobis

503 1028 573 1070 ex
624 1012 801 1067 aliena
850 1011 1213 1081 generositate
1263 1006 1596 1063 tribuentes?
1644 1006 1769 1061 Hatc
1813 1014 1899 1060 est
1934 1005 2111 1060 anima

503 1108 660 1163 docta
692 1106 782 1162 illa
817 1120 979 1176 quam
1005 1103 1201 1169 dicitis,
1237 1101 1579 1166 immortalis,
1614 1100 1875 1171 perfecta,
1906 1100 2107 1166 divina,

501 1209 627 1272 post
660 1200 825 1255 Deum
857 1196 1149 1268 principem
1175 1211 1378 1264 rerum,
1404 1204 1458 1250 et
1490 1203 1612 1265 post
1641 1204 1851 1249 mentes
1870 1192 2111 1263 geminas

502 1293 683 1348 locum
705 1291 953 1346 obtinens
975 1297 1247 1359 quartum,
1277 1298 1331 1343 et
1357 1287 1586 1342 afﬂuens
1612 1303 1679 1343 ex
1704 1284 2003 1341 crateribus
2028 1284 2110 1337 vi-

501 1386 585 1441 vis
601 1385 626 1437 7
655 1385 749 1441 llic
771 1394 854 1441 est
878 1384 971 1440 ille
1000 1384 1289 1453 pretiosus,
1313 1390 1370 1437 et
1390 1381 1689 1436 rationibus
1720 1379 1882 1433 homo
1907 1389 2109 1446 augus-

506 1477 732 1534 tissimis
768 1476 1044 1547 prmditus,
1069 1475 1298 1529 mundus
1324 1474 1498 1528 minor
1517 1473 1606 1545 qni
1630 1472 1845 1531 dicitur,
1873 1478 1927 1525 et
1947 1468 2106 1524 totius

506 1569 563 1625 in
590 1569 827 1639 speciem
855 1567 1266 1622 similitudinisn
1288 1566 1598 1633 fabricatus,
1628 1574 1791 1635 atque
1816 1562 2107 1617 formatus:

507 1662 658 1717 nullo
705 1661 933 1727 melior,
980 1670 1036 1715 ut
1079 1661 1363 1731 apparuit,
1398 1674 1625 1730 pecore,
1660 1658 1905 1714 obtusior
1933 1656 2107 1725 ligno‘,

506 1768 662 1823 saxo,
692 1755 782 1825 qui
813 1754 1019 1811 nesciat
1044 1752 1312 1820 homines,
1339 1761 1395 1809 et
1419 1753 1472 1808 in
1494 1752 1656 1807 mutis
1676 1765 1895 1820 semper
1920 1747 2111 1803 solitu-

2217 635 2395 705 porcis
2425 634 2713 692 eximatur.
2738 634 2844 691 Sed
2870 648 2995 690 cum
3025 632 3240 690 scholas
3260 634 3520 706 attigerit,
3542 644 3601 693 et
3625 637 3825 707 magis-

2217 734 2422 782 trorum
2449 726 2609 782 fuerit
2636 727 3057 782 institutionibus
3107 726 3354 783 eruditus
3377 769 3393 795 ,
3420 726 3656 784 efﬁcitur
3684 743 3821 800 pru-

2216 818 2382 886 dens,
2412 820 2633 885 doctus,
2667 828 2723 876 et
2750 836 2912 890 quam
2942 831 3112 889 nuper
3147 818 3448 888 habuerat,
3496 820 3822 891 imperitiam

2217 912 2387 982 ponit.
2420 912 2488 968 Et
2516 912 2732 976 asellus,
2761 921 2815 968 et
2845 912 2943 968 bos
2969 926 3154 982 teque,
3184 927 3286 967 usu
3312 921 3474 983 atque
3501 913 3822 970 assiduitate

2217 1015 2447 1075 cogente
2464 1003 2514 1072 δ,
2529 1005 2857 1060 discitarare
2871 1020 2935 1060 ac
2956 1005 3160 1060 molere
3186 1023 3201 1059 :
3219 1020 3389 1075 equus
3400 1004 3589 1077 iugum
3613 1006 3816 1074 subire,

2220 1106 2273 1150 et
2316 1111 2610 1165 agnoscere
2652 1096 2703 1150 in
2748 1096 3019 1151 curriculo
3063 1095 3326 1152 ﬂexiones
3361 1115 3374 1151 :
3423 1098 3663 1153 camelus
3699 1112 3824 1154 sese

2219 1187 2574 1256 submittere,
2602 1189 2719 1244 sive
2744 1203 2862 1243 cum
2894 1188 3058 1244 sumit
3086 1202 3253 1243 onera
3273 1229 3289 1253 ,
3320 1188 3435 1244 sive
3472 1202 3594 1244 cum
3627 1189 3776 1259 ponit
3805 1207 3821 1247 :

2218 1280 2465 1336 columba
2508 1280 2839 1357 manumissa
2886 1280 3133 1337 revolare
3170 1280 3238 1335 ad
3276 1279 3576 1336 dominicas
3619 1280 3820 1337 sedes:

2218 1373 2369 1428 canis
2403 1386 2525 1428 cum
2568 1373 2836 1427 invenerit
2875 1371 3112 1442 prtedam
3135 1413 3150 1438 ,
3178 1370 3437 1428 cohibere
3456 1382 3512 1428 et
3537 1372 3824 1427 continere

2218 1462 2516 1519 latratum:
2571 1463 2732 1519 verba
2779 1463 3040 1535 psittacus
3067 1472 3123 1518 et
3149 1463 3457 1534 integrare,
3502 1472 3562 1519 et
3602 1464 3823 1519 nomina

2218 1568 2413 1609 corvus
2452 1568 2793 1625 expromere.

2290 1645 2484 1702 XXVI.
2517 1646 2625 1704 Sed
2649 1661 2750 1716 ego
2788 1660 2909 1700 cum
2949 1645 3111 1702 audio
3164 1647 3351 1702 nescio
3391 1645 3520 1717 quid
3558 1656 3824 1718 praestans

2218 1740 2451 1796 animam
2481 1740 2585 1795 dici
2607 1780 2622 1805 ,
2672 1740 2782 1795 Deo
2807 1739 3039 1794 vicinum
3066 1748 3121 1794 et
3146 1740 3447 1810 proximum
3464 1778 3482 1806 ,
3505 1740 3765 1795 scientem
3793 1750 3817 1779 ο

506 1824 726 1904 dinibus
742 1846 920 1919 degat,
942 1846 1257 1902 demoretur
1286 1846 1456 1914 iners,
1475 1844 1652 1901 valeat
1679 1844 1731 1900 in
1763 1857 1913 1909 aere,
1942 1854 2132 1911 quam-
2159 1824 2208 1883 Β
2235 1834 2344 1890 huc
2372 1833 2550 1889 omnia
2581 1832 2952 1903 superioribus
2992 1832 3285 1888 adventare
3314 1830 3384 1888 de
3409 1830 3627 1888 saeculis
3658 1848 3673 1886 :
3698 1832 3825 1887 nolo

1760 1972 2146 2037 LECTIONES
2181 1966 2600 2030 VARIANTES.

503 2112 507 2132 ξ
575 2106 604 2135 ⁸
626 2102 1110 2166 Similitudiuemque
1131 2098 1274 2152 Fulv.

569 2165 601 2203 ι’
626 2165 847 2229 Cogendi
911 2178 1001 2216 ms.

2286 2087 2309 2118 ο
2354 2084 2630 2149 Sciensque
2654 2080 2797 2133 Fulv.

1896 2257 2458 2320 COMMENTARIUS.

504 2407 597 2464 ubi
625 2406 845 2462 Servius
872 2423 884 2459 :
920 2406 1131 2467 Cautem
1159 2404 1476 2474 Marpesiam
1513 2402 1730 2457 Parium
1758 2400 1985 2470 lapidem
2016 2396 2099 2451 di-

505 2479 593 2533 cit.
629 2476 898 2545 Marpesus
922 2479 1056 2531 enim
1083 2488 1157 2531 est
1187 2493 1331 2530 mons
1362 2474 1539 2529 Paria:
1568 2474 1772 2545 insulw.
1808 2474 2050 2527 ELuENn.

581 2547 708 2602 Cum
735 2544 895 2601 altera
926 2547 1297 2610 sermocineris,
1333 2562 1400 2601 an
1430 2560 1620 2601 secum.
1654 2544 1885 2599 Prorsus
1914 2556 2073 2595 assen
2092 2568 2105 2579 -

509 2618 619 2675 tinr
643 2617 878 2673 Meursio
923 2617 1038 2674 haec
1069 2619 1231 2674 verba
1274 2619 1605 2686 expungenti
1641 2624 1912 2685 tamquam
1959 2612 2106 2686 glos-

510 2704 659 2746 sema
709 2700 765 2745 et
814 2690 1042 2744 otiosam
1097 2680 1491 2759 repetitionem
1523 2702 1734 2752 eorum,
1771 2680 1898 2756 quae
1947 2680 2111 2737 modo

510 2770 925 2833 prmcesseraut.
959 2760 1163 2816 OnELL.

585 2850 752 2907 XXV.
796 2882 868 2892 ——-
916 2851 1174 2907 Anima...
1237 2860 1349 2918 post
1400 2848 1566 2904 Deu'tt
1618 2849 1898 2919 principem
1945 2867 2114 2907 rerum

512 2935 560 2977 et
590 2934 702 2992 post
741 2934 930 2978 mentes
956 2925 1182 2994 geminas
1211 2923 1376 2976 locum
1407 2923 1637 2994 obtinens
1666 2932 1925 2994 quartum.
1952 2921 2110 2977 illus-

512 2991 703 3049 tranda
738 2993 852 3049 haec
883 2991 1044 3050 verba
1090 3010 1121 3048 e
1167 2994 1562 3061 platonicorum
1593 2991 1858 3055 doctrina,
1891 2994 1979 3061 qui
2030 2994 2111 3046 lo-

512 3081 636 3119 cum
667 3066 718 3119 in
758 3082 939 3120 rerum
974 3076 1161 3118 natura
1192 3079 1460 3118 summum
1503 3078 1567 3116 ac
1616 3061 1911 3131 principem
1952 3065 2112 3117 attri-

511 3137 745 3213 buebant
776 3139 872 3209 θεῷ
901 3140 1110 3213 πρῴῖῳ.
1131 3133 1205 3190 Διῒ
1225 3135 1442 3213 μεγάλῳ,
1471 3131 1782 3213 δημιουργῷ)
1815 3135 2111 3213 secundum

512 3208 645 3267 θεοῖς
670 3203 952 3279 ’γεννητὸῐςξ
969 3203 1072 3279 diis
1097 3223 1127 3259 a
1159 3203 1370 3258 snian
1396 3203 1505 3257 Deo
1534 3203 1961 3279 et'ea'tis'ipsiqne
1981 3208 2110 3279 sub-

509 3274 693 3350 jectis,
726 3277 943 3350 tertium
982 3276 1216 3350 δαίμοσι,
1249 3286 1503 3344 quartum
1532 3274 1746 3350 tandem
1777 3276 1973 3329 animis
2018 3277 2112 3330 ho.

515 3348 723 3401 minmn
753 3347 821 3400 ab
847 3348 1038 3402 eodem
1065 3344 1182 3402 'Deo
1222 3361 1433 3400 summo
1462 3345 1659 3417 creatis
1693 3344 1945 3417 (corpora
1972 3352 2115 3402 ettim

513 3432 580 3471 ex
632 3417 917 3473 elementis
975 3418 1236 3472 formasse
1295 3416 1427 3471 deos
1495 3416 1731 3470 minores
1784 3416 2112 3473 statuebant.

514 3487 639 3541 Vid.
671 3486 956 3543 Alcinoum
988 3488 1285 3542 Introduct.
1318 3488 1370 3541 in
1405 3486 1801 3556 philosophiam
1834 3485 2073 3542 Platoni.-
2098 3531 2113 3551 ,

512 3574 634 3627 cap.
668 3556 779 3630 17).
810 3558 981 3617 Plato.
1017 3563 1069 3613 ιιι
1103 3557 1352 3630 thdro,
1388 3574 1508 3628 pag.
1539 3556 1667 3621 ΞΠ,
1700 3559 1788 3613 etl.
1825 3557 1890 3626 ll.
1922 3560 2111 3630 Steph.

512 3626 755 3706 (Bipont.
798 3645 850 3706 ρ.
892 3631 1018 3706 ξὲί)
1047 3628 1173 3706 :30,
1198 3632 1286 3703 μὲν
1327 3626 1402 3688 δῆ
1432 3631 1586 3704 μέγας
1617 3631 1813 3706 ἡγεμὼν
1838 3631 1900 3706 ⁸ἐν
1929 3626 2116 3706 cupavo?

510 3703 636 3777 Zeti;
673 3703 857 3777 πτηνρν
898 3702 1039 3777 ἅρμα
1067 3699 1275 3756 suum
1300 3699 1512 3777 πρῷιλοξ
1534 3699 1803 3777 «opsecras
1830 3699 2117 3777 διακοὰμῶῦ

508 3774 674 3849 ardva-ct
697 3776 778 3827 mi
802 3773 1200 3849 irrigaé_}.oti;as~togf
1221 3781 1294 3846 τῷ
1319 3773 1363 3828 δ’
1384 3773 1571 3849 ἕπεται.
1585 3773 1803 3849 sepatres}
1824 3773 1944 3824 θεῶν
1962 3793 2016 3849 τε
2038 3778 2119 3828 καὶ

508 3839 748 3919 δαιμρνων
774 3839 897 3919 κριτᾷ
930 3839 1099 3919 ἕνᾷερ
1127 3839 1953 3919 μέρηίκειιοσμημένηίῥιιοξιιιιιιβ,
1989 3845 2026 3895 1“.
2059 3859 2112 3919 ι,

510 3926 561 3966 c.
593 3910 682 3974 15,
703 3929 757 3983 p.
793 3914 916 3978 105,
938 3916 1023 3968 ed.
1053 3910 1291 3970 Fisct'teri
1312 3958 1325 3979 ,
1361 3917 1412 3969 iu
1440 3910 1653 3982 quarto.
1688 3910 1819 3966 Dial.
1859 3911 2014 3967 Plan:
2059 3910 2115 3968 Ὀ

511 3987 602 4054 μὲν
633 3986 731 4059 γὰρ
754 3986 879 4059 Θεὸς
906 3993 993 4059 τῷ
1032 4002 1086 4040 τε
1122 3987 1309 4059 παντὸς
1342 3986 1576 4059 ὑπάρχει
1602 3990 1825 4059 ποιητής
1856 3986 2006 4059 asta;
2035 3991 2116 4041 καὶ

511 4006 602 4054 μεν
668 4006 731 4059 αρ
754 4006 879 4046 υεος
906 4008 993 4042 του
1032 4006 1086 4040 τε
1122 4008 1309 4047 arma;
1342 4006 1576 4059 νπαρχει
1602 4006 1814 4044 ποιητης
1856 4006 2006 4044 αυτος
2035 4006 2116 4041 και

511 4075 614 4108 των
633 4006 894 4127 lateae...
920 4057 1313 4127 Memesitaque
1327 4072 1574 4127 geumatis,
1602 4053 1656 4127 id
1675 4065 1757 4127 est
1782 4052 1992 4127 similes,
2021 4072 2116 4124 pa-

511 4140 593 4195 res
617 4123 746 4195 (tid'.
776 4128 956 4195 Serv.,
987 4129 1051 4180 ad
1089 4123 1303 4183 .Eneid.
1328 4123 1353 4181 ἰ
1376 4171 1389 4189 ,
1422 4140 1562 4181 vers.
1595 4123 1740 4195 165),
1774 4123 1902 4195 dicit
1934 4123 2112 4180 Arno-

512 4192 633 4251 hius
659 4197 813 4272 ergo;
856 4192 951 4253 aut
977 4197 1244 4272 δαίμονας,
1276 4213 1504 4272 quorum
1554 4198 1605 4272 in
1650 4192 1768 4250 loco
1801 4192 2112 4272 Judmorum

513 4281 580 4322 ac
622 4267 1338 4325 christianornm'dnctores
1388 4269 1774 4337 platonizantes
1814 4267 2109 4322 subsntne.

510 4338 643 4394 bant
666 4341 907 4414 ᾁγγέλους
1039 4340 1292 4414 δννάμεις.
1322 4339 1437 4396 Vid.
1467 4337 1871 4414 Wertstenz,‘i_n
1901 4338 2110 4414 ilatth.,

512 4362 643 4394 υἱΙΙΙι
769 4362 907 4401 εΛους
935 4364 1014 4397 και
1039 4362 1292 4414 ουναμεις.
1329 4362 1437 4396 Vlu.
1477 4362 1789 4401 Πυι”ιδιυιι.,
1819 4362 1871 4391 ιιι
1901 4362 2107 4404 διὶίιιιιη

512 4423 633 4475 cap.
662 4362 765 4474 ἔῖἶ
785 4427 925 4464 vers.
958 4413 1029 4467 29
1059 4412 1193 4466 Nov.
1223 4413 1398 4476 ‘l‘est.,
1435 4419 1567 4464 tom.
1600 4412 1637 4468 ι.
1754 4408 1879 4464 505.
1905 4409 2107 4465 Οιιιῑιι..

587 4477 675 4534 Ea:
699 4482 976 4535 crateribus
1006 4483 1146 4535 vivis.
1185 4482 1237 4535 ld
1266 4492 1347 4535 est
1373 4481 1598 4535 ποταμὸς
1624 4478 1654 4533 ὗ
1690 4501 1806 4535 atro:
1832 4490 1923 4535 τῆς
1954 4484 2107 4535 ζωῆς.

587 4477 675 4554 Ea:
699 4482 976 4554 eratet-ibus
1006 4483 1146 4536 vivis.
1185 4482 1237 4537 ld
1266 4492 1347 4536 est
1373 4481 1598 4554 ποταμὸς
1624 4477 1752 4535 ὗδατ

513 4546 639 4606 Vid.
673 4552 894 4621 Apocal.
929 4569 1056 4618 χχιι,
1090 4569 1231 4608 vers.
1270 4555 1319 4610 1.
1349 4546 1553 4608 Οιιειὶ.

590 4641 819 4697 Mundus
870 4646 1037 4699 minor
1090 4646 1175 4712 qui
1232 4645 1441 4701 dicitur.
1496 4642 1756 4709 Macrob,
1812 4643 1865 4697 in
1919 4642 2107 4700 Somn.

512 4712 688 4787 Scip.,
722 4715 816 4770 lib.
842 4730 901 4781 tt,
929 4731 1049 4786 cap.
1084 4717 1191 4771 ηε
1227 4715 1440 4787 Physici
1474 4714 1719 4787 mundum
1748 4730 1988 4787 magnum
2021 4718 2112 4770 Ito-

512 4786 723 4846 minem,
767 4795 813 4839 et
863 4786 1116 4841 hominem
1162 4788 1357 4841 brevem
1402 4786 1647 4839 mundum
1693 4801 1800 4840 esse
1848 4786 2107 4844 dixerunt.

514 4852 823 4911 Chalcidius
850 4857 902 4911 in
929 4858 1140 4915 Platon.
1174 4857 1456 4925 'flmzcnm,
1492 4874 1541 4926 p.
1576 4856 1695 4911 126.
1729 4856 1823 4912 Est
1854 4859 1905 4910 in
1928 4874 2111 4926 corpo-

512 4926 652 4981 ribus
679 4930 865 4981 nostris
887 4946 1034 5000 aqme
1062 4931 1232 4999 portio
1260 4939 1307 4983 et
1338 4931 1455 4983 item
1475 4929 1628 4993 aeris,
1658 4942 1748 5000 nec
1773 4944 1875 4982 non
1904 4930 2036 4999 ignis
2063 4941 2110 4985 et

514 5006 681 5070 terrae,
712 5002 869 5065 unde,
899 5002 1101 5070 opinor,
1127 5002 1383 5055 hominem
1413 5000 1662 5053 mundum
1692 4999 1888 5053 brevem
1917 5017 1948 5052 a
1972 5012 2107 5055 vete-

510 5068 1014 5146 ribus_appellatun_t,
1044 5073 1234 5146 ιιρσμου
1264 5078 1507 5146 conrogari.
1538 5070 1620 5125 Cf.
1648 5072 1883 5135 Nemes.,
1911 5072 1980 5125 de
2002 5071 2109 5126 Na-

511 5147 630 5193 tura
663 5141 845 5202 llom.,
877 5158 926 5196 c.
965 5144 1014 5196 l.
1045 5141 1291 5198 Ειιιειιιι.
1318 5156 1372 5198 et
1395 5141 1598 5198 OnsLL.

584 5208 891 5284 [tentaretur
920 5215 1077 5278 iners,
1101 5216 1267 5268 valeat
1291 5217 1342 5267 in
1370 5230 1504 5278 aere,
1538 5212 1768 5284 quamvis
1797 5212 1945 5266 annis
1976 5215 2107 5269 vivat

508 5279 812 5337 innumeris.
842 5282 919 5337 Ita
947 5285 1087 5338 edidi
1124 5301 1192 5340 ex
1221 5279 1600 5340 emendatione
1629 5283 1897 5339 levissima
1929 5292 1985 5339 et
2031 5287 2106 5340 fc.

507 5350 766 5426 licissima
813 5352 873 5409 Ο.
924 5355 1128 5410 Barthii
1171 5357 1225 5410 in
1265 5357 1520 5423 Advers.,
1562 5355 1656 5409 lib.
1706 5370 1847 5421 sur,
1881 5372 1999 5426 cap.
2050 5357 2102 5422 1,

506 5435 562 5489 p.
600 5423 754 5479 1987.
784 5431 986 5486 Sensus
1014 5427 1132 5481 scil.
1166 5428 1266 5482 loci
1298 5436 1421 5481 est:
1456 5428 1603 5482 Pone
1635 5426 1904 5482 hominem
1931 5423 1984 5482 in
2012 5443 2104 5483 so-

505 5492 815 5567 litudinem,
845 5497 929 5552 fac
955 5512 1148 5553 suumn
1177 5510 1229 5552 ιιι
1259 5498 1409 5561 libet,
1442 5497 1526 5551 fac
1566 5498 1925 5553 immortalem
1958 5515 2101 5567 esse,

504 5561 574 5617 da
617 5566 692 5621 illi
737 5561 981 5626 omnium
1028 5577 1274 5625 votorum
1322 5570 1373 5622 iu
1426 5570 1526 5624 hac
1571 5570 1678 5623 vita
1724 5582 2012 5630 summam,
2047 5561 2106 5625 ut

503 5635 626 5689 scil.
656 5638 707 5691 in
729 5658 846 5697 aere
870 5640 1057 5705 valeat,
1086 5642 1122 5695 i.
1154 5657 1203 5696 e.
1234 5641 1493 5710 pecuniis,
1518 5639 1721 5710 divitiis
1742 5639 1942 5694 affluat.
1966 5638 2100 5710 Cod.

506 5717 624 5786 5136..
645 5718 701 5762 et
727 5713 826 5786 ed._
852 5714 880 5786 l
904 5711 1063 5766 habet
1092 5709 1257 5786 valeat
1284 5715 1338 5765 in
1380 5727 1515 5775 aere,
1548 5709 1697 5786 nullo
1720 5724 1909 5786 sensu.
1945 5709 2098 5766 Fulv.

503 5769 685 5853 Ursin.
716 5794 769 5836 et
788 5784 1044 5839 Gelenius
1069 5800 1091 5853 :7
1106 5782 1399 5837 demoretur
1421 5769 1554 5837 iners
1576 5780 1731 5836 veluti
1750 5797 1898 5853 puer,
1923 5798 2102 5851 quam-

499 5851 729 5934 ἔρξεις.
770 5853 1044 5934 audacter.
1074 5852 1345 5933 Stetvech.
1376 5855 1629 5934 proponit
1658 5851 1939 5934 legendum
1967 5863 2098 5934 aut:

499 5920 637 5968 iners
667 5920 836 5987 vagiat
865 5934 1059 5989 amare,
1093 5922 1207 5979 sive
1237 5920 1459 5993 propius
1478 5920 1554 5981 'ad
1592 5920 1918 5996 scripturam
1953 5925 2102 5982 codi-

1754 4501 1806 4541 ος
1832 4490 1923 4541 τῆς
1954 4484 2107 4545 ζωῆς-

2205 2394 2304 2460 cis,
2340 2392 2531 2448 tralata
2558 2406 2688 2448 voce
2714 2392 2782 2447 ab
2820 2392 3010 2447 ovibus
3044 2409 3056 2444 :
3100 2392 3239 2446 iners
3280 2391 3416 2446 balet
3443 2407 3649 2457 amare,
3685 2407 3821 2462 pes-

2211 2466 2349 2547 sime
2397 2476 2685 2547 uirumque
2718 2482 2731 2518 :
2764 2478 2887 2518 nam
2934 2463 3096 2518 homo
3141 2463 3245 2547 ille.
3283 2463 3625 2544 tricenarius,
3658 2481 3821 2547 gnem

2214 2538 2364 2605 tingit
2409 2530 2680 2605 Arnobius
2706 2549 2747 2605 ie
2791 2549 3008 2605 carcere
3037 2530 3400 2597 tenebricoso,
3429 2549 3535 2603 quo
3571 2530 3817 2605 inclusus

2216 2602 2354 2672 erat,
2390 2604 2530 2661 inter
2570 2602 2821 2660 homines
2867 2604 3244 2674 prodeuntem,
3285 2602 3462 2675 neque
3494 2603 3664 2675 vagiet
3692 2621 3813 2661 am-

2218 2676 2381 2750 plius,
2413 2688 2468 2731 ιιι
2498 2677 2696 2750 infans,
2729 2672 2925 2746 neque,
2956 2692 3077 2750 cum
3122 2692 3280 2730 ovem
3322 2672 3820 2750 hat-tenusnullam

2220 2744 2437 2809 viderit,
2472 2744 2603 2803 nihil
2635 2744 2831 2812 prceter
2860 2748 3128 2803 nutricem
3166 2762 3319 2802 suam
3363 2745 3725 2816 constticiens.
3764 2760 3819 2805 ut

2222 2821 2339 2875 ovis
2371 2820 2588 2875 balabit.
2630 2818 2714 2873 Jo.
2745 2818 3008 2873 Meursius
3037 2828 3226 2873 censet
3273 2816 3559 2889 legendum
3589 2835 3603 2871 :
3639 2818 3811 2873 demo-

2217 2901 2359 2945 retur
2391 2893 2527 2945 iners
2572 2890 2721 2944 valde
2759 2900 2804 2943 et
2826 2890 3057 2959 ignarus,
3084 2890 3334 2959 quamvis,
3374 2899 3481 2943 etc.
3516 2888 3724 2942 Herald.
3757 2891 3809 2945 in

2218 2960 2376 3015 Curis
2407 2961 2659 3016 secundis
2686 2979 2697 3014 :
2730 2962 2864 3013 velut
2891 2960 2944 3014 in
2973 2976 3111 3024 aere,
3146 2961 3182 3014 i.
3205 2976 3255 3013 e.
3277 2971 3552 3029 tamquam
3582 2959 3814 3017 volueris

2220 3036 2275 3086 in
2305 3048 2430 3086 aere
2457 3033 2679 3099 degens.
2710 3043 2762 3099 ut
2799 3046 2896 3085 nos
2923 3031 3151 3085 dicimus
3186 3051 3198 3085 :
3233 3031 3307 3084 Er
3336 3030 3456 3099 lebt,
3486 3042 3559 3085 est
3606 3031 3670 3085 ist
3708 3033 3817 3086 ittm

2219 3104 2374 3167 woltl,
2406 3104 2499 3156 wie
2530 3096 2651 3155 item
2710 3098 2867 3173 Vogel
2905 3101 2959 3155 in
2989 3102 3079 3155 der
3100 3099 3245 3170 ιαμ.
3278 3096 3465 3173 Editur
3494 3099 3815 3160 Leidensis:

2220 3174 2352 3228 idem
2374 3176 2466 3227 erit
2489 3174 2643 3236 iners,
2668 3174 2832 3226 valeat
2861 3187 3064 3226 monere
3087 3174 3314 3242 quamvis
3334 3172 3486 3226 annis
3505 3174 3647 3227 vivus
3671 3174 3821 3229 innit-

2220 3246 2391 3309 meris,
2435 3243 2688 3298 audacius
2718 3252 2773 3299 et
2813 3260 2838 3295 a
2878 3245 3142 3314 scriptura
3171 3243 3374 3298 codicis
3403 3247 3686 3298 remotius.
3722 3245 3819 3299 ili-

2220 3317 2362 3396 nilne
2388 3327 2564 3396 autem
2594 3314 2894 3396 spernenda
2922 3313 3011 3396 est
3036 3316 3203 3368 altera
3233 3313 3545 3396 coniectura
3574 3314 3814 3396 ejusdem

2216 3386 2280 3457 C.
2311 3384 2512 3441 Bartltii
2548 3387 2581 3439 I.
2629 3383 2665 3439 l.
2696 3383 2884 3451 valeat,
2914 3386 2968 3438 in
3014 3400 3131 3439 arce
3151 3383 3403 3457 quamvis,
3443 3384 3576 3451 etc.,
3612 3386 3648 3457 ig.
3682 3401 3730 3441 θ.
3766 3389 3819 3441 in

2218 3456 2338 3512 loco
2370 3458 2659 3521 tutissimo,
2686 3468 2836 3511 extra
2866 3472 3083 3511 omnem
3114 3454 3311 3524 aleam,
3335 3471 3497 3511 omne
3522 3454 3820 3522 periculum

2220 3526 2571 3582 humanitatis
2595 3527 2818 3597 positus,
2846 3537 2901 3581 ut
2924 3526 3223 3594 stepissime
3254 3542 3342 3597 ap.
3372 3527 3643 3595 antiquos.
3672 3529 3821 3582 Prio-

2217 3614 2333 3653 rem
2367 3608 2542 3652 tamcn
2594 3596 2825 3665 prattnli,
2871 3598 3162 3651 demoretur
3202 3596 3297 3652 est,
3338 3613 3433 3664 pro
3473 3598 3818 3652 demorabitur

2218 3686 2370 3724 more
2400 3669 2617 3723 Arnobii
2655 3684 2892 3735 praesens
2921 3669 3249 3735 coniunctivi
3278 3668 3577 3740 stultissime
3606 3684 3812 3739 puncti-

2220 3741 2286 3794 tis
2314 3756 2411 3795 nro
2439 3740 2618 3794 futuro
2646 3740 2938 3794 indicativi.
2968 3740 3171 3795 ORELL.
3689 3742 3704 3754 ”

2353 3758 2411 3792 ro
2439 3756 2618 3794 lllltlt'O
2646 3756 2938 3794 tnutcattvt.
2968 3756 3171 3795 URELL.

2295 3756 2459 3864 [cadis
2488 3813 2743 3883 corporeis
2767 3853 2781 3877 ,
2814 3809 2955 3864 Nudi
2982 3812 3213 3881 corporei
3244 3811 3281 3865 i.
3314 3828 3367 3873 ιι.
3392 3811 3608 3883 macula
3637 3828 3823 3883 corpo-

2217 3882 2289 3935 ris
2337 3882 2405 3937 de
2449 3882 2556 3935 vita
2604 3883 2836 3935 animam
2882 3883 2934 3934 in
2961 3897 3027 3935 eo
3057 3883 3355 3935 detinente.
3391 3881 3510 3934 Vid.
3541 3880 3599 3936 C.
3632 3880 3817 3938 Barth.

2215 3953 2531 4019 Adversar.,
2560 3954 2652 4007 lib.
2690 3969 2781 4017 xu,
2814 3964 2933 4020 cap.
2966 3952 3055 4017 15,
3088 3968 3138 4021 p.
3171 3952 3299 4008 694.
3328 3953 3532 4007 URELL.

2292 4023 2399 4078 Usa
2429 4033 2577 4093 atque
2606 4025 2906 4079 assiduitate
2931 4033 3157 4095 cegente.
3193 4023 3357 4079 Forte
3384 4024 3681 4078 assiduitate
3705 4024 3806 4077 do-
3868 4086 3873 4091 ἣ

2216 4104 2377 4165 caute.
2412 4096 2647 4158 MEUttS.,
2682 4112 2732 4165 p.
2768 4096 2855 4149 b5.

2288 4162 2572 4236 Agnoscere
2616 4161 2958 4229 itt'curriculo
2989 4165 3253 4234 ﬂexiones.
3300 4161 3535 4230 Nascere,
3570 4162 3701 4236 scire
3751 4179 3810 4221 et

2214 4234 2349 4305 ejus
2381 4238 2675 4305 composita
2730 4236 2868 4306 apud
2924 4237 3215 4306 Arnobium
3265 4236 3557 4305 saepissime
3594 4234 3663 4289 de
3719 4238 3809 4301 iis,

2215 4304 2335 4390 quae
2365 4312 2484 4376 quis
2512 4304 2627 4390 usu
2662 4315 2724 4390 et
2755 4304 3088 4377 experientia
3134 4304 3315 4362 discit.
3344 4304 3499 4362 ’Vide
3542 4320 3705 4376 supra
3737 4308 3806 4364 ad

2214 4376 2309 4433 lib.
2341 4393 2376 4446 ι,
2404 4394 2523 4447 cap.
2559 4379 2650 4435 ss.
2683 4376 2888 4434 Οιιειέι..

2290 4449 2535 4504 Revolare
2559 4450 2626 4504 ad
2653 4450 2938 4504 datttinicas
2965 4449 3126 4503 sedes.
3166 4447 3240 4503 Ita
3284 4447 3561 4504 Gelenius.
3609 4451 3703 4506 Ms.
3739 4463 3823 4505 reo

2214 4535 2410 4600 vocare.
2457 4521 3023 4600 Scripseravfortasse
3066 4520 3657 4600 Arntibitts_revolgare,
3720 4524 3826 4600 ἆρ-

2138 4618 2193 4679 D
2218 4594 2384 4662 χαιως
2413 4606 2509 4661 pro
2536 4592 2735 4647 volare.
2764 4591 3042 4646 Lucretius
3067 4604 3127 4656 ιι,
3158 4604 3300 4645 vers.
3335 4588 3461 4646 165.

2307 4681 2571 4747 Tempore,
2594 4698 2693 4749 quo
2717 4682 2847 4737 Solis
2866 4686 3152 4750 pervolgant
3174 4685 3370 4750 fulgura
3394 4686 3591 4740 omium.

2213 4789 2515 4869 Pacuvius;
2553 4791 2836 4869 Halcyonis
2870 4795 2971 4869 ritu
3000 4795 3141 4869 littus
3162 4797 3468 4869 pervolgatis
3497 4802 3653 4869 feror.
3705 4799 3824 4855 lit-:-

2213 4877 2369 4917 RALD.
2399 4894 2470 4903 —
2494 4867 2596 4919 l’ro
2623 4866 2768 4919 sedes
2796 4864 2975 4921 Ursin.
3004 4864 3169 4921 ades.
3187 4864 3389 4923 Οιιειί..

2287 4933 2511 5006 Nomina
2537 4951 2714 4989 corvus
2760 4952 3073 5005 expromere.
3116 4937 3212 4992 Ms.
3245 4953 3357 5003 reg.
3403 4938 3561 4994 habet
3602 4956 3810 5006 corsns,

2210 5005 2354 5072 quod
2402 5007 2821 5089 interpretantur
2872 5008 3114 5089 nonnulli
3148 5012 3241 5089 ei;
3283 5011 3386 5089 dare
3437 5019 3533 5089 sic
3574 5005 3823 5089 sopitae,

2212 5076 2597 5149 expromeread
2626 5079 2897 5145 psittacum
2921 5078 3240 5144 referentes,
3266 5081 3359 5134 sed
3387 5083 3610 5137 cuilibet
3636 5076 3828 5149 ’μοιρεὶ

2209 5148 2548 5270 persuaderi.
2566 5150 2850 5213 genuinam
2868 5161 2991 5203 esse
3012 5151 3297 5206 lectionem
3315 5167 3511 5206 corvus.
3535 5148 3826 5222 Apuleius,

2231 5217 2304 5270 ib.
2354 5235 2411 5270 ιι.
2455 5218 2656 5270 Florid.
2698 5217 2879 5270 Verum
2908 5221 3042 5270 enim
3085 5237 3220 5270 vero.
3262 5223 3451 5270 innuit-
3485 5234 3530 5270 et
3556 5240 3740 5270 eorum
3773 5240 3826 5270 ρι

2231 5217 2304 5273 ib.
2354 5235 2411 5283 ιι,
2455 5218 2656 5273 Florid.
2698 5217 2879 5274 Verum
2908 5221 3042 5275 enim
3085 5237 3221 5284 vero,
3262 5223 3452 5290 inquit,
3485 5234 3530 5277 et
3556 5217 3740 5280 corvus
3773 5217 3828 5283 et

2209 5291 2454 5367 psittacus
2495 5291 2626 5367 nihil
2662 5291 2825 5367 aliud.
2850 5308 3003 5367 quam
3048 5293 3185 5367 quod
3226 5292 3536 5367 didicerunt,
3579 5313 3828 5367 pronun-

2208 5360 2356 5415 tiant.
2395 5361 2512 5428 Quo
2544 5361 2680 5417 libro
2705 5362 2748 5415 is
2769 5364 3003 5431 scriptor
3029 5363 3193 5418 ntulta
3230 5363 3411 5419 abdita
3439 5360 3739 5421 de'n'atura
3766 5380 3830 5426 et

2208 5431 2423 5505 indiciis
2452 5433 2801 5501 psittacorum
2842 5432 3078 5488 tradidit.
3108 5436 3181 5488 De
3204 5435 3385 5490 corvis
3414 5451 3577 5505 porro
3606 5440 3831 5493 saluta-

2208 5503 2431 5573 toribus,
2475 5517 2613 5573 quos
2655 5505 2946 5573 imperator
2980 5507 3251 5573 Augustus
3281 5503 3497 5567 cocniit.
3534 5509 3828 5568 adeundus

2206 5571 2508 5645 hiacrobius'
2559 5574 2696 5629 libro
2731 5571 2781 5629 ἰι
2827 5571 3126 5639 Satnrnal.,
3180 5592 3298 5645 cap.
3338 5578 3423 5633 l0.
3480 5578 3725 5635 Hsasw.
3765 5592 3831 5638 et

2204 5642 2506 5720 Sruwsctt.
2540 5672 2615 5720 -:-_
2627 5645 2749 5720 Pro
2771 5663 3071 5720 eqpromere
3092 5642 3259 5720 Fulv.‘
3274 5648 3455 5720 Ursin.
3480 5650 3608 5720 legit
3632 5655 3825 5717 expri-

2204 5729 2360 5768 mere.
2389 5714 2546 5792 hiate.
2570 5715 2759 5785 Virgil.
2786 5717 2915 5772 Ain.
2941 5733 3000 5773 ιι.
3022 5732 3103 5773 vs.
3140 5718 3267 5786 280,
3287 5718 3499 5777 Mmstas
3517 5714 3829 5792 capt-amere

2202 5797 2371 5839 voces.
2405 5784 2610 5840 OnttLL.

2276 5855 2466 5929 XXVl.
2524 5886 2596 5899 ---
2663 5855 3031 5929 Superioribus
3093 5861 3366 5917 adventare
3437 5862 3501 5917 de
3581 5867 3823 5923 sa'culis.

2202 5924 2355 5986 Fulv.
2407 5927 2633 5988 Ursinus
2675 5924 2819 6001 conj.
2868 5931 2931 5988 de
2952 5930 3178 6003 sedibus,
3218 5933 3314 5991 sed
3347 5933 3423 5991 nil
3462 5937 3814 5995 mutandum.
