4236 6264
359 286 469 350 855

1687 308 1892 366 LIBER
1919 309 2299 369 SEGUNDUS.

3547 317 3656 377 854

358 419 506 473 illam
533 418 770 487 discere,
801 419 897 475 sed
923 420 1118 477 docere
1151 438 1164 475 :
1199 436 1298 478 nec
1321 436 1387 478 ex
1416 422 1602 493 ducta,
1635 432 1694 479 ut
1721 424 1941 491 dicitur.
1971 427 2025 488 Α
2048 427 2213 483 dicari
2245 436 2430 484 natura
2461 442 2584 485 esse
2609 430 2901 500 passivum.
2932 432 3091 500 Quod
3122 442 3304 489 autem
3333 442 3416 490 est
3458 448 3650 505 prom-

358 510 764 568 elementariam
794 511 911 569 ﬁeri
949 531 962 568 :
992 514 1087 569 sed
1119 515 1440 575 retinentem
1486 532 1573 572 res
1603 532 1728 573 suas
1757 533 1955 589 corpo-

357 603 507 659 ribus
528 613 704 659 semet
723 604 1099 677 circumligare
1126 607 1376 663 terrenis.
1401 608 1514 664 Nisi
1533 610 1677 665 enim
1708 625 1830 667 sese
1860 612 1955 667 lia-

358 696 537 753 buerit
572 711 660 752 res
685 700 786 762 ita,
817 697 1050 753 discerni
1096 700 1216 770 quis
1239 700 1467 769 poterit,
1497 712 1748 758 utrumne
1796 702 1953 768 illud,

359 789 506 861 quod
535 786 702 856 audit,
724 790 1123 859 reminiscatur,
1156 807 1222 846 an
1248 793 1456 848 discat?
1479 810 1601 850 cum
1632 796 1803 850 multo
1828 795 1956 851 laci-

360 883 464 938 lius
512 882 584 937 sit
625 881 879 948 credere,
914 874 1123 940 discere
1155 886 1299 940 illam
1342 886 1484 957 quod
1516 890 1721 944 nesciat
1744 931 1761 959 ,
1794 902 1955 960 quam

360 974 607 1041 oblitam,
637 973 780 1045 quod
805 977 966 1047 paulo
993 987 1119 1034 ante
1145 980 1379 1047 sciebat,
1407 990 1461 1035 ct
1486 983 1737 1052 oppositu
1761 998 1958 1054 corpo-

361 1071 440 1126 ris
469 1069 641 1123 amitti
673 1070 1028 1139 repetentiam
1053 1076 1315 1140 priorum.
1345 1072 1411 1127 Et
1435 1073 1522 1128 ubi
1548 1082 1632 1128 est
1653 1074 1784 1129 illud
1813 1073 1958 1144 quod

364 1156 560 1217 dicitur
590 1160 941 1231 incorporalis
963 1162 1143 1216 anima
1171 1163 1525 1219 substantiam
1574 1180 1679 1219 non
1712 1164 1952 1220 habere?

366 1254 520 1323 Quod
548 1253 691 1309 enim
722 1253 918 1309 nullius
946 1264 1029 1310 est
1058 1256 1301 1326 corporis
1323 1296 1338 1322 ,
1365 1257 1711 1328 oppositione
1734 1259 1960 1315 alterius

367 1365 475 1404 non
506 1348 815 1419 impeditur,
861 1363 962 1404 nec
1004 1358 1182 1419 potest
1228 1350 1427 1419 aliquid
1467 1350 1684 1406 suaderi
1735 1350 1962 1421 perdere

365 1441 441 1508 id,
469 1440 611 1511 quod
636 1456 741 1495 non
767 1448 940 1510 potest
964 1451 1163 1495 tactum
1187 1441 1265 1497 rei
1288 1443 1550 1513 oppositae
1576 1445 1863 1499 sustinere.
1892 1442 1961 1500 Ut

364 1533 512 1587 enim
566 1546 828 1587 numerus
879 1532 931 1586 in
978 1532 1297 1602 corporibus
1334 1534 1682 1600 constitutus,
1716 1536 1961 1603 quamvis

367 1624 516 1680 mille
554 1625 875 1695 corporibus
904 1624 1185 1691 obruatur,
1241 1625 1473 1681 intactus
1524 1636 1579 1682 et
1631 1626 1962 1683 inviolabilis

364 1725 595 1785 constat,
616 1716 686 1771 ita
713 1731 936 1772 necesse
956 1725 1039 1772 est.
1063 1716 1290 1783 animas,
1310 1718 1357 1772 si
1379 1727 1523 1782 sunt,
1545 1726 1601 1773 ut
1624 1720 1959 1790 perhibetur,

2060 528 2206 589 ptum
2253 529 2415 590 atque
2453 522 2758 591 expositum
2811 524 3085 593 passioni,
3128 523 3483 594 corruptibile
3509 539 3655 592 esse,

2054 611 2169 681 ipsa
2192 611 2547 680 passiliilitate
2566 614 2981 682 interveniente,
3012 615 3380 671 denuntiatur.

2131 702 2344 758 XXVII.
2374 704 2551 774 Ergo,
2576 706 2618 759 si
2641 715 2698 761 et
2724 706 2915 761 animas
2945 708 3175 777 perdunt
3200 722 3361 765 omne
3390 708 3533 779 quod
3559 725 3658 766 no-

2061 806 2283 864 verant,
2328 799 2701 868 corporalibus
2743 800 2967 854 vinculis
3008 813 3317 872 occupatio,
3376 802 3654 871 patiantur

2058 904 2284 945 necesse
2326 899 2410 945 est
2438 890 2663 961 aliquid,
2712 891 2855 962 quod
2884 906 2978 947 cas
3006 891 3207 947 efﬁciat
3237 891 3525 947 oblivionis
3572 892 3656 947 iu~

2058 983 2227 1040 duere
2259 993 2283 1021 ⁸
2315 984 2629 1039 ctecitatem.
2677 984 2861 1055 Neque
2910 983 3056 1039 enim
3084 984 3215 1039 nihil
3266 984 3487 1039 omnino
3538 997 3660 1055 pcr-

2060 1091 2253 1145 pesszc,
2284 1085 2378 1129 aut
2404 1077 2763 1146 integritatem
2795 1086 3184 1131 conservantes
3213 1086 3386 1141 suam,
3421 1083 3647 1145 possunt

2061 1182 2241 1222 rerum
2271 1168 2547 1221 scientiam
2593 1182 2818 1236 ponere,
2866 1177 2960 1221 aut
3000 1168 3053 1222 in
3101 1167 3237 1222 alios
3283 1166 3494 1221 habitus
3539 1166 3657 1222 sine

2061 1256 2147 1312 sui
2175 1256 2527 1313 mutabilitate
2558 1259 2807 1313 transire.
2834 1258 2994 1329 Atqui
3019 1273 3115 1313 nos
3138 1256 3486 1323 arbitramur,
3513 1257 3656 1327 quod

2062 1360 2146 1407 est
2176 1368 2361 1415 unum,
2394 1351 2537 1422 quod
2582 1351 2911 1415 immortale,
2943 1353 3087 1421 quod
3115 1351 3367 1421 simplex,
3400 1365 3662 1421 quacum-

2061 1460 2166 1515 que
2189 1445 2241 1499 in
2270 1460 2328 1500 re
2355 1444 2534 1511 fuerit,
2567 1445 2874 1500 necessario
2899 1459 3113 1513 semper
3128 1458 3279 1497 suam
3307 1443 3542 1498 retinere
3562 1454 3663 1495 na-

2065 1547 2238 1593 turam
2266 1555 2278 1591 :
2306 1552 2406 1594 nec
2423 1538 2621 1594 debere
2641 1547 2731 1592 aut
2747 1552 2907 1608 posse
2934 1536 3135 1608 aliquid
3159 1536 3404 1606 perpeti,
3430 1535 3478 1590 si
3502 1534 3662 1589 modo

2062 1646 2187 1687 esse
2216 1641 2532 1702 perpetuum
2564 1632 2782 1703 cogitat,
2801 1632 2930 1687 etin
2960 1631 3157 1685 tinibus
3179 1629 3412 1700 propria:
3440 1630 3663 1684 immor-

2064 1725 2288 1780 talitatis
2334 1726 2563 1780 haerere.
2620 1724 2812 1779 Omnis
2842 1724 2985 1778 enim
3018 1723 3200 1792 passio
3232 1720 3365 1778 lethi
3393 1732 3558 1791 atque
3585 1720 3668 1775 in-

363 1810 722 1879 incorporem,
748 1808 1075 1863 oblivionem
1106 1811 1343 1879 priorum
1372 1812 1573 1866 nullam
1601 1813 1709 1882 pati
1737 1830 1751 1867 :
1775 1828 1963 1885 quam—
1993 1822 2042 1883 Β
2071 1816 2261 1871 teritus
2283 1815 2445 1884 jauua
2477 1825 2559 1870 est
2585 1854 2600 1882 ,
2631 1815 2698 1870 ad
2728 1826 2957 1869 mortem
2984 1813 3189 1869 ducens
3208 1812 3318 1880 via,
3350 1819 3406 1868 et
3431 1812 3664 1867 inevita-

361 1900 444 1956 vis
475 1912 569 1956 eas
598 1899 941 1956 solidissima:
984 1917 1272 1970 corporum
1322 1903 1961 1976 circumligaverintjun-

362 1994 594 2049 ctiones.
629 1992 807 2059 Quid?
834 1993 978 2064 quod
1008 1992 1197 2049 eadem
1235 1996 1372 2050 ratio
1404 2011 1510 2050 non
1542 2005 1747 2051 tantum
1791 1998 1963 2052 incor-

365 2098 564 2157 poreas
616 2084 822 2139 indicat
845 2100 939 2141 eas
987 2101 1092 2140 non
1137 2101 1282 2151 esse,
1338 2102 1522 2142 verum
1570 2089 1730 2143 etiam
1788 2090 1962 2159 privat

365 2176 776 2232 immortalitate
803 2175 902 2233 bas
943 2175 1126 2245 omni,
1174 2186 1230 2232 et
1253 2175 1320 2233 ad
1367 2181 1501 2234 lines
1544 2179 1808 2250 applicat,
1843 2181 1963 2251 qui-

362 2266 464 2324 bus
487 2268 595 2323 vita
618 2272 876 2323 consueta
903 2278 986 2324 est
1010 2269 1306 2324 terminari.
1338 2269 1606 2342 Quidquid
1630 2273 1773 2327 enim
1795 2288 1958 2328 causa

365 2362 649 2433 ingruente
679 2361 938 2416 nonnulla
968 2361 1043 2417 ita
1069 2371 1326 2429 mutatur,
1360 2373 1416 2418 et
1442 2363 1686 2431 vertitur,
1730 2375 1790 2421 ut
1817 2367 1956 2423 inte-

365 2456 614 2526 gritatem
642 2470 794 2511 suam
821 2458 1056 2513 retinere
1084 2472 1190 2512 non
1218 2457 1387 2536 possit
1408 2475 1422 2512 :
1443 2457 1495 2514 id
1521 2474 1745 2515 necesse
1769 2470 1853 2516 est
1875 2462 1957 2531 ju-

2071 1911 2234 1965 Iiilem
2266 1911 2427 1965 rebus
2469 1909 2700 1966 aﬁerens
2742 1909 3073 1965 [unctionem
3104 1927 3117 1963 :
3150 1923 3309 1979 qualn
3353 1907 3402 1963 si
3427 1905 3669 1962 sentiunt

2070 2004 2287 2070 animae,
2320 2012 2375 2058 et
2421 2004 2581 2059 tactui
2622 2004 2740 2073 ejus
2784 2012 2946 2073 atque
2995 2001 3395 2059 incursionibus
3445 1998 3666 2066 cedunt,

2071 2112 2171 2152 usu
2202 2106 2257 2152 et
2279 2097 2386 2153 illis
2429 2109 2512 2153 est
2543 2099 2648 2152 vita
2696 2113 2803 2154 non
2834 2097 3104 2168 mancipio
3135 2095 3366 2161 tradita,
3420 2092 3668 2165 quamvis

2068 2191 2230 2246 aliter
2258 2191 2477 2261 quidam
2503 2191 2738 2247 inierant
2757 2232 2772 2258 ,
2800 2199 2858 2248 et
2885 2192 2964 2247 rei
2996 2199 3158 2245 tanta:
3187 2188 3346 2245 ﬁdem
3377 2188 3493 2243 suis
3515 2187 3568 2242 in
3590 2199 3671 2240 ar-

2068 2282 2563 2351 gumentationibus
2594 2292 2817 2354 ponant.

2140 2372 2379 2430 XXVIII.
2423 2374 2503 2431 Ac
2542 2391 2613 2431 ne
2661 2386 2840 2430 tamen
2883 2374 3131 2430 instructi
3179 2386 3287 2428 non
3312 2370 3523 2442 plenius
3568 2368 3670 2423 ab-

2066 2479 2278 2534 eamus,
2296 2466 2608 2523 audiamusb
2625 2478 2654 2522 a
2674 2463 3311 2537 vobis,quemadmodum
3333 2460 3531 2527 dicitis,
3556 2458 3673 2514 ani-

1571 2571 1957 2632 LECTIONES
1988 2574 2408 2637 VARIAN'I‘ES.

360 2738 364 2752 ,
427 2690 454 2721 ⁸
476 2688 721 2741 Indueere
752 2685 855 2740 alii.

2123 2692 2153 2735 ι)
2189 2694 2375 2750 Audire
2402 2710 2606 2749 avemus
2638 2696 2780 2749 Fulv.

1744 2786 2301 2862 COMMENTARIUS.

364 2911 541 2969 Utitur
584 2907 855 2967 Arnobius
897 2907 1001 2963 hoc
1048 2908 1214 2964 verbo
1256 2922 1368 2980 pro,
1397 2920 1628 2980 genere,
1678 2908 1865 2980 sobole
1906 2916 1961 2966 et

362 2983 728 3046 multitudine,
750 2995 900 3034 more
926 2980 1265 3034 Lucretiano.
1293 2979 1392 3034 Adi
1411 2979 1653 3035 indicem
1683 2979 1958 3048 Gipltanii.

360 3054 612 3110 Emesa.
641 3081 713 3093 —
741 3051 873 3106 Vide
915 3064 1065 3121 supr.
1113 3051 1180 3105 ad
1220 3051 1314 3107 lib.
1362 3064 1402 3118 ι,
1453 3066 1500 3107 c.
1525 3052 1616 3117 25,
1640 3061 1694 3106 et
1716 3051 1851 3107 infra
1896 3052 1962 3108 ad

359 3124 456 3180 lib.
487 3140 578 3191 vn,
606 3140 653 3178 c.
680 3124 771 3178 ‘24.
803 3125 1008 3178 UusLL.

434 3195 833 3250 Elementariam
852 3196 983 3261 fieri.
1002 3192 1059 3249 Id
1077 3202 1176 3259 est,
1206 3193 1389 3260 primis
1409 3193 1691 3249 elettielttis
1719 3193 1965 3249 imbuen-

364 3267 508 3322 dam.
549 3266 788 3331 Seneca,
817 3266 976 3333 epist.
1021 3274 1200 3319 Xxxvr.
1238 3263 1426 3333 Turpis
1455 3274 1500 3319 et
1531 3264 1751 3319 ridicula
1772 3280 1865 3333 res
1891 3278 1960 3320 est

361 3339 716 3394 elementarius
740 3326 911 3393 senem.
947 3337 1191 3393 Busan.
1222 3343 1281 3391 et
1308 3326 1513 3391 Novati.
1544 3334 1761 3390 --Elne
1800 3330 1962 3389 ΑΒΕ-

365 3410 656 3464 Schulerin.
688 3407 891 3463 Οιιειι.

438 3480 788 3549 [inpudentiam
857 3480 1103 3548 priorum.
1177 3478 1382 3531 Glossm
1437 3494 1451 3532 :
1508 3468 1839 3547 llepetentia.’
1892 3500 1966 3520 ~—

364 3550 688 3623 επανάληψις.
729 3551 868 3604 Infra
891 3564 1017 3623 cap.
1041 3549 1149 3623 98.Δ
1173 3549 1329 3623 Quod
1368 3550 1501 3602 enim
1538 3550 1687 3603 rebus
1722 3551 1965 3623 ingressis

366 3620 601 3689 priorum
624 3623 958 3694 repetentium
979 3620 1222 3694 detrahit,
1250 3620 1301 3675 id
1329 3627 1414 3674 est
1440 3623 1733 3694 ἀνάμνησιν.
1759 3620 1964 3676 Laete-

367 3696 489 3757 tius,
520 3693 615 3747 lib.
640 3707 719 3754 tu.
753 3707 895 3747 vers.
928 3692 1051 3758 863,
1087 3707 1203 3761 seq.
1230 3708 1245 3746 :

457 3782 917 3847 Interruptasemel
941 3797 1051 3847 cum
1074 3783 1137 3847 sit
1159 3784 1443 3847 repetentia
1466 3787 1649 3831 nostra.

456 3845 520 3895 Et
543 3845 670 3896 tuine
691 3845 759 3893 nil
786 3847 847 3895 ad
870 3859 960 3896 nos
978 3846 1041 3895 de
1063 3846 1205 3894 nobis
1227 3845 1421 3903 attinet,
1445 3849 1561 3893 ante

458 3908 553 3967 Qui
575 3906 773 3959 fuimus.

361 3993 453 4050 Sic
477 3993 749 4048 retinentia
795 4007 1008 4061 quoque
1056 3988 1192 4059 apud
1238 3989 1576 4045 Lucretium.
1630 4002 1731 4059 qua
1782 4003 1963 4043 rerum

366 4064 757 4134 praeteritarum
787 4062 1073 4133 fugientem
1097 4065 1411 4134 memoriam
1443 4062 1737 4115 retinemus
1766 4061 1884 4115 scil.
1910 4070 1966 4116 et

363 4132 713 4200 retraltimus,
745 4132 938 4199 libitn,
969 4149 1111 4188 vers.
1144 4132 1271 4197 674,
1300 4146 1415 4203 seq.
1445 4150 1458 4185 :

457 4227 579 4279 Nam
599 4229 640 4277 si
665 4235 925 4291 tantopere
949 4226 1009 4276 'st
1030 4228 1177 4291 animi
1202 4231 1385 4291 mutata
1411 4229 1647 4291 potestas,

458 4290 629 4342 Omnis
649 4298 699 4339 ut
719 4287 935 4340 actarum
962 4287 1206 4339 exciderit
1229 4287 1495 4337 retinentia
1516 4300 1700 4335 rerum.

1362 4349 1581 4398 Hanno.
1606 4354 1658 4398 et
1682 4346 1899 4397 Emesa.

437 4434 796 4507 Incorporales
826 4435 1024 4488 animus
1054 4433 1379 4507 substantias
1406 4449 1513 4507 non
1538 4430 1741 4507 habere.
1773 4426 1847 4507 Ita
1871 4429 1958 4486 ed.

2144 2906 2493 2974 Passibilitate
2512 2921 2888 2985 interveniente.
2935 2919 3260 2975 Passibilitas
3286 2932 3389 2974 vox
3420 2916 3665 2972 cadentis

2070 2984 2395 3057 Latinitatis.
2422 2988 2535 3045 Vid.
2561 2980 2739 3055 Voss,
2763 2990 2831 3046 de
2852 2990 3011 3046 Vitiis
3036 3006 3201 3046 scrin.
3224 3000 3278 3044 et
3307 2989 3393 3043 Ol.
3417 2986 3659 3043 Borricb.

2071 3058 2326 3133 Cogitat.,
2360 3078 2411 3131 p.
2458 3062 2580 3118 189.
2614 3061 2704 3119 Sic
2747 3063 3004 3133 passibilis
3031 3061 3166 3116 inira
3198 3060 3334 3116 libro
3364 3056 3664 3133 νει-ξηραῖς-

1990 3130 2035 3192 C
2066 3131 2193 3202 quid
2232 3129 2371 3186 enim
2408 3145 2631 3205 vexatur;
2654 3129 2989 3205 rei'alicujus
3023 3149 3049 3187 e
3086 3142 3245 3200 motu,
3284 3129 3523 3203 passibile
3561 3145 3669 3184 esse

2066 3212 2335 3275 constaret
2362 3204 2566 3275 fragile.
2599 3202 2802 3260 OuELL.

2139 3270 2465 3346 XXVIIf—f
2502 3274 2565 3330 Si
2609 3278 2760 3330 modo
2796 3291 2903 3330 esse
2958 3283 3256 3346 perpetuum
3294 3273 3503 3343 cogitat.
3537 3270 3666 3327 Sine

2067 3338 2230 3400 dubio
2278 3344 2561 3417 legendum
2612 3365 2624 3400 :
2676 3363 2785 3402 esse
2828 3362 2882 3401 se
2930 3338 3248 3471 p'erpetuunb
3273 3338 3483 3413 cogitat.

3253 3431 3408 3471 asLL.

3253 3431 3408 3471 RELL-

2142 3484 2321 3560 Unguis
2344 3489 2476 3543 enim
2504 3489 2675 3560 passio
2701 3489 2821 3543 lethi
2847 3497 2994 3558 atque
3010 3488 3241 3560 interitus
3264 3489 3545 3560 janua_es_t.
3573 3481 3665 3537 In-

2065 3557 2146 3611 fra
2164 3578 2178 3613 ;
2197 3556 2396 3616 Rursus
2422 3555 2537 3614 vero
2563 3560 2606 3613 si
2633 3560 2819 3615 animm
2842 3555 3171 3616 letiuadeunt
3184 3555 3399 3627 januas.
3424 3555 3668 3611 Imitatur

2066 3627 2373 3686 Lucretium
2406 3648 2457 3685 v.
2490 3631 2592 3686 574
2627 3647 2645 3685 :

2190 3745 2331 3796 Haud
2356 3748 2509 3809 igitur
2535 3746 2657 3797 lethi
2681 3746 2917 3812 praeclusa
2940 3750 3018 3797 est
3034 3746 3184 3809 jauua
3200 3738 3345 3795 cmlo.
3382 3736 3602 3793 Harum.

2139 3850 2489 3907 [nevitabilem
2524 3854 2673 3907 rebus
2707 3852 2925 3919 uﬂ‘ereus
2955 3852 3284 3923 iunctionem.
3318 3848 3664 3923 Fuuctiopro

2067 3936 2263 3994 morte,
2298 3934 2352 3976 ut
2378 3925 2525 3994 fungi
2554 3918 2832 3994 proniori,
2865 3918 3064 3994 locutio
3093 3922 3369 3976 familiaris
3401 3918 3659 3974 Arnobio.

2065 3992 2154 4049 Sic
2186 3993 2321 4047 infra
2354 3992 2487 4061 cap.‘
2512 3996 2600 4048 57.
2637 3993 2739 4047 Hic
2760 4004 2899 4047 ratur
2930 3993 3184 4063 (animas)
3218 4007 3324 4046 esse
3369 3996 3659 4063 perpetuas,

2066 4077 2112 4118 et
2132 4080 2391 4135 superesse
2409 4060 2701 4119 mortalium
2712 4060 2986 4135 junctioni.
3009 4062 3266 4135 Itamorte
3282 4063 3488 4132 functus
3504 4060 3594 4117 lib.
3624 4076 3662 4127 ι,

2066 4133 2310 4204 θεινςΜ.
2342 4133 2477 4191 Vide
2522 4133 2798 4191 VorstJad
2829 4134 3033 4203 Sulplc.
3080 4134 3294 4197 Seven,
3325 4150 3365 4199 ι,
3411 4140 3531 4202 cap.
3566 4140 3660 4204 rit,

2066 4202 2532 4270 ct‘Buuemannq
2579 4204 2648 4260 ad
2696 4202 2964 4271 Lactant.,
3013 4204 3185 4260 instit.
3237 4219 3333 4271 vn,
3391 4217 3511 4271 cap.
3572 4202 3663 4264 ID,

2068 4293 2187 4347 pag.
2223 4277 2286 4333 91
2306 4282 2347 4335 i.
2381 4277 2583 4333 Osann.

2142 4341 2252 4405 Usu
2287 4360 2335 4404 et
2379 4349 2484 4404 illis
2512 4356 2585 4403 est
2631 4348 2765 4413 vita,
2797 4364 2901 4402 non
2947 4346 3202 4417 mancipio
3236 4345 3447 4401 tradita.
3491 4341 3547 4397 Id
3584 4349 3669 4399 est

2066 4419 2188 4475 data
2231 4431 2314 4476 est
2359 4418 2466 4474 illis
2505 4421 2610 4474 vita
2659 4418 2727 4474 ad
2771 4432 2947 4485 usum,
2999 4433 3105 4473 non
3159 4428 3215 4488 ut
3256 4425 3570 4488 perpetuam
3601 4427 3666 4469 ac

360 4487 676 4578 Lagi-Ivallra—t.
691 4549 703 4570 ,
728 4487 763 4562 ‘é
777 4487 1130 4578 correctione
1151 4502 1461 4578 Steweclrii.
1474 4504 1528 4578 _A
1541 4513 1661 4578 utea
1685 4498 1960 4572 legebatur

2066 4504 2320 4547 mternam
2353 4506 2473 4545 eam
2502 4490 2757 4546 habeant.
2786 4489 3068 4546 Lucretius
3095 4505 3174 4555 tu,
3200 4487 3307 4545 984
3341 4510 3354 4545 :

361 4572 702 4645 incorporalis
748 4579 940 4640 auium,
984 4574 1078 4629 seti
1114 4574 1449 4643 incorporalis
1473 4573 1524 4627 in
1552 4572 1677 4645 cod.
1722 4590 1824 4627 ius.
1874 4580 1958 4629 est

362 4642 702 4704 accusativus
736 4648 954 4718 pluralis
999 4663 1092 4714 pro
1136 4642 1498 4713 incorporales.
1535 4642 1638 4700 Alii
1668 4660 1681 4697 :
1714 4645 1954 4715 incorpo-

361 4722 523 4774 ralem
551 4721 752 4772 animas
773 4718 1124 4773 substantiam.
1160 4718 1364 4772 URELL.

441 4788 682 4846 Suaderi.
705 4789 853 4845 Fulv.
890 4786 1241 4857 Ursiuttsleg.
1274 4794 1461 4841 censet
1489 4782 1667 4857 videri.
1697 4782 1801 4840 Sed
1826 4776 1957 4839 nillil

365 4858 964 4927 mutandum.Suaderi,
1009 4855 1237 4927 perdere,
1263 4858 1314 4912 id
1346 4867 1429 4911 est
1467 4855 1618 4927 aﬁici,
1662 4865 1719 4927 ut
1755 4857 1956 4922 perdat.

367 4934 442 4987 Ita
470 4932 705 4993 suadere.
751 4925 1320 5000 imperaresti-pissinie
1346 4925 1521 5000 etiam"
1548 4926 1614 4982 de
1648 4925 1957 5000 rebtt.~j_ina-

365 5005 584 5059 nimatls
633 5019 730 5071 pro
770 4996 1067 5073 impellere,
1106 4996 1431 5055 sbllicitare.
1486 4996 1731 5061 Lucrel..
1772 4996 1867 5053 lib.
1924 5014 1963 5064 ι,

364 5088 509 5130 vers.
541 5074 646 5129 175
680 5091 694 5132 ε

424 5158 429 5161 ’
1264 5159 1533 5210 Frumenta
1556 5157 1721 5208 calore

461 5227 624 5278 Viteis
641 5230 874 5276 autumno
898 5222 1031 5274 fundi
1055 5222 1298 5273 suadente
1324 5221 1560 5271 videmus.

368 5311 461 5367 ubi
492 5321 671 5368 tamen
699 5311 788 5365 alii
824 5309 1011 5380 legunt
1045 5328 1058 5363 ;
1085 5308 1318 5362 sudante.
1338 5303 1475 5361 Vide
1801 5316 1854 5372 p.
1874 5302 1965 5357 55.

442 5453 510 5509 1η
552 5452 870 5525 corporibus.
920 5450 1075 5505 Fulv.
1108 5448 1335 5505 Ursinus
1373 5464 1386 5502 :
1418 5447 1768 5571 incgpo'rcus.
1807 5438 1962 5499 Male.

1558 5532 1625 5571 ns
1663 5532 1711 5571 ι..
1751 5558 1755 5562 -

1558 5530 1755 5571 λειω.-

442 5598 894 5666 Corporum.......
919 5592 1230 5666 junctiones.
1259 5589 1362 5666 Alii
1385 5608 1409 5666 _:
1456 5588 1756 5666 cinctioues,
1804 5585 1966 5666 male:

371 5655 647 5725 Arnobius
673 5666 809 5722 infra
837 5655 1027 5721 eodem
1067 5663 1207 5718 libro
1235 5681 1248 5716 :
1296 5661 1421 5726 Quis
1449 5670 1629 5713 auctor
1648 5655 1972 5726 junction‘is?

371 5742 490 5796 Lib.
523 5755 579 5795 ιιι
614 5758 626 5793 :
663 5737 711 5791 Μ
720 5734 1005 5790 altitudinis
1021 5734 1305 5805 junctiouis
1328 5729 1617 5805 lii/Terentia
1645 5737 1967 5805 conuersata.

372 5812 496 5871 Lib.
530 5827 584 5870 vt
619 5829 632 5866 :
665 5800 1079 5867 Simulacroru'm
1114 5804 1393 5863 coalescere
1416 5802 1692 5874 junctioni.
1721 5800 1970 5858 ELIENH.

2158 4604 2372 4669 Vitaque
2396 4606 2653 4669 mancupio
2672 4602 2792 4654 nulli
2815 4603 2978 4666 datur,
3017 4603 3248 4654 omnibus
3270 4615 3380 4653 usu.

2066 4710 2269 4766 Seneca
2327 4709 2500 4780 Epist.
2564 4724 2755 4764 LXXII:
2798 4706 2950 4782 Nihil
2993 4708 3084 4762 dat
3130 4712 3340 4834 [υέιιιηα
3384 4706 3659 4779 ntauclpio.

3226 4794 3422 4834 LHENB.

3226 4794 3422 4835 LHENH.

2143 4874 2386 4938 Quamuis
2411 4872 2558 4926 aliter
2579 4869 2778 4941 quidem
2795 4871 3035 4941 inferant.
3055 4869 3111 4923 Id
3134 4865 3661 4941 estarguiitententitr,

2069 4936 2395 4999 concludunt.
2443 4936 2667 4996 Lucullo
2707 4936 3259 5011 apttd"l‘ertullianum
3288 4936 3347 4993 et
3375 4936 3662 5011 Apuleium

2073 5016 2212 5070 haud
2245 5013 2574 5082 infrequens;
2618 5011 2713 5066 sed
2745 5007 2910 5066 etiam
2952 5010 3349 5082 prttliatioribus
3387 5007 3664 5082 scriptoris

2069 5088 2193 5151 bus,
2245 5078 2412 5141 verhi'
2447 5087 2608 5138 causa
2659 5078 2988 5149 Quintiliane
3032 5080 3162 5134 Inst.
3212 5094 3265 5147 v,
3318 5094 3436 5147 cap.
3474 5078 3580 5151 AM,
3608 5080 3664 5151 et

2071 5160 2161 5214 lib.
2181 5148 2310 5222 ἠιι,
2338 5171 2455 5226 cap.
2487 5159 2541 5220 4,
2575 5148 2851 5226 usurpata.
2890 5151 3244 5226 Cujusplura
3274 5148 3518 5219 exempla
3545 5150 3661 5226 c_o_l-

2073 5230 2202 5300 leglt
2250 5216 2586 5300 Bunemauu.
2638 5216 2723 5279 ad"
2756 5216 3018 5279 Lactantii
3064 5216 3193 5278 Inst.
3244 5232 3341 5289 vn,
3385 5216 3504 5291 cap.
3560 5216 3663 5289 15,

2072 5297 2192 5371 pag.
2225 5299 2349 5361 927,
2383 5312 2497 5367 seq.
2529 5297 2730 5351 Οιιειι..
2928 5370 2933 5378 ι
3029 5365 3041 5379 ⁸

2117 5368 2384 5445 ΔΧΧἮΙΙ.
2439 5396 2513 5445 ατ
2565 5369 2638 5421 Ac
2688 5373 2973 5445 ite_tamen
3023 5365 3254 5445 instructi
3303 5370 3430 5445 non
3463 5359 3665 5445 plenius

2074 5441 2334 5503 abeamus,
2357 5440 2627 5493 audiamus
2651 5454 2681 5491 a
2704 5437 2863 5499 vobis,
2882 5432 3308 5506 quemadmodum
3327 5433 3519 5506 dicitis,
3550 5432 3663 5486 ani-

2076 5528 2209 5579 uias,
2238 5518 2355 5565 cum
2375 5513 2584 5564 terrenis
2615 5508 2802 5579 fuerint
2825 5505 3119 5579 corporibus
3143 5506 3403 5568 incolum,
3433 5505 3662 5575 priorum

2078 5577 2504 5638 reminisceutiam
2545 5577 2647 5634 non
2684 5580 2887 5635 habere.
2913 5577 2988 5634 Ita
3017 5579 3284 5634 editiones
3323 5590 3533 5638 omnes,
3565 5588 3664 5628 ex-

2079 5667 2232 5724 cepta
2262 5654 2430 5718 prima
2453 5659 2510 5708 et
2535 5644 2705 5722 Lugd.
2736 5652 2853 5705 Bat.
2871 5664 2916 5724 ‘e
2944 5650 3281 5724 correctione
3307 5646 3537 5704 Gelenii.
3559 5658 3663 5724 ms.

2080 5714 2325 5781 ct'edit'io
2349 5725 2600 5794 princeps
2617 5714 2804 5780 liabet.
2829 5720 3071 5794 abeamus
3097 5735 3160 5774 ne
3182 5718 3486 5794 videamura
3505 5714 3667 5794 uobis:

2084 5797 2226 5856 unde
2244 5789 2507 5855 lleraldus
2526 5789 2580 5853 l'n
2600 5794 2758 5854 Curis
2782 5791 3039 5851 secundis
3059 5789 3346 5863 legendum
3370 5790 3681 5861 suspicatur
