4258 6250
551 286 656 343 855

1692 274 1967 334 ARNOBll
2006 271 2373 330 ADVERSUS
2410 269 2681 330 GENTES

3741 266 3852 325 856

552 418 688 471 mas,
720 417 840 459 cum
875 397 1103 455 terrenis
1128 396 1321 453 fuerint
1351 393 1667 465 corporibus
1692 392 1970 455 involutm,
2005 386 2145 459 prio-
2176 392 2229 450 Α
2251 386 2558 445 conditione
2580 387 2876 443 mactatas?
2901 401 3065 457 quem
3091 397 3307 442 teneant
3335 386 3390 442 in
3413 384 3576 442 rebus
3597 385 3851 457 gradum,

552 511 673 552 rum
706 492 1157 550 reminiscentiam
1188 505 1291 545 non
1321 488 1556 553 habere;
1587 502 1708 542 cum
1733 486 1784 540 in
1813 484 1942 555 ipsis
1963 496 2150 550 corpo-

553 590 705 644 ribus
730 588 940 657 positaa,
964 596 1019 640 et
1046 598 1213 656 prope
1237 582 1583 638 insensibiles
1609 596 1796 634 eorum
1819 576 2152 633 commixtio-

555 695 624 737 ne
660 676 939 749 perfecte,
973 676 1322 746 pertinaciter
1350 686 1401 728 et
1435 673 1666 727 fideliter
1694 679 1912 726 teneant
1941 684 2001 724 ea
2030 682 2151 738 qua:

556 779 683 826 ante
709 784 880 824 annos
911 770 1116 837 plures,
1146 769 1190 822 si
1233 753 1369 821 velis
1395 766 1578 820 dicere
1610 764 1695 818 vel
1729 764 1997 833 octoginta
2019 802 2035 827 ,
2063 757 2150 813 vel

558 860 664 918 hoc
692 860 957 930 amplius,
999 860 1083 914 vel
1119 859 1390 922 fecerunt,
1423 857 1507 913 vel
1546 870 1718 926 passa:
1747 864 1902 918 sunt,
1936 853 2018 907 vel
2067 851 2149 905 lo-

559 964 697 1010 cutae
726 965 872 1018 sunt,
898 952 980 1007 vel
1006 952 1311 1006 audierunt.
1344 950 1400 1006 Si
1422 951 1564 1005 enim
1592 946 1867 1002 obstaculo
1885 943 2157 1016 perficitur

561 1047 805 1116 Corporis
826 1086 841 1110 ,
870 1060 940 1100 ne
971 1045 1313 1098 meminerint
1333 1057 1519 1098 eorum
1543 1083 1556 1105 ,
1590 1055 1710 1110 qua:
1730 1037 2071 1109 jamdudum,
2101 1043 2157 1089 et

562 1150 689 1194 ante
715 1137 984 1191 hominem
1011 1135 1271 1196 Sciebant,
1304 1135 1471 1204 magis
1491 1141 1575 1187 est
1597 1143 1653 1186 ut
1676 1145 1738 1185 ea
1758 1129 1992 1184 debeant
2012 1126 2155 1181 obli-

563 1231 696 1287 visci
728 1246 846 1301 qua:
882 1228 1153 1284 cauclusa:
1180 1228 1233 1282 in
1278 1226 1594 1296 corporibus
1632 1223 1968 1288 factitarunt,
1998 1234 2159 1291 quam

565 1338 688 1395 qua:
748 1322 878 1377 foris
933 1321 1140 1392 positae,
1196 1320 1430 1375 nondum
1481 1317 1782 1373 hominibus
1840 1314 2157 1384 coniugam.

530 1462 533 1463 ν
567 1416 724 1485 Quod
752 1416 894 1471 cuitu
930 1416 1088 1469 rebus
1119 1413 1375 1484 ingressis
1408 1410 1644 1481 priurum
1672 1409 2024 1479 repetentium
2070 1404 2163 1460 de-

564 1511 755 1575 trahit,
790 1520 844 1563 ct
876 1510 1012 1563 intra
1048 1522 1109 1563 se
1137 1516 1286 1577 gesta
1319 1503 1687 1561 irrecordabili
1708 1502 1871 1559 debet
1905 1502 2165 1556 oblitera-

571 1605 719 1659 tione
748 1602 1064 1674 deperdere.
1091 1599 1206 1656 Una
1225 1599 1366 1654 enim
1385 1613 1544 1653 causa
1568 1613 1657 1652 res
1679 1596 1813 1651 duas
1829 1596 2084 1651 ﬂefficere
2107 1608 2171 1650 ac

2253 496 2361 552 quo
2389 481 2497 536 sint
2518 481 2708 537 ordine
2737 496 2764 533 a
2795 480 2908 535 Deo
2934 491 3086 550 patre
3114 480 3366 556 discretae
3386 480 3410 534 ?
3434 482 3501 535 ad
3529 479 3710 535 infima
3733 479 3853 535 haec

2255 573 2440 629 mundi
2469 588 2699 643 quanam
2726 572 2933 628 ratione
2964 574 3349 643 pervenerint?
3376 586 3512 642 quas
3540 588 3606 627 ex
3651 572 3854 642 quibus

2256 666 2469 721 circulis
2495 667 2801 738 qualitates,
2834 668 2961 722 dum
2985 664 3039 721 in
3074 667 3192 722 [nec
3220 668 3332 722 loca
3365 665 3641 729 labuntur,
3679 674 3857 720 attra-

2259 758 2474 813 xerint?
2500 757 2984 828 Quemadmodum,
3018 757 3258 829 inquam,
3288 759 3469 813 sciunt
3511 756 3860 813 doctissimas

2260 869 2320 909 se
2346 853 2530 919 fuisse,
2559 863 2613 910 et
2635 854 3003 910 obstructioue
3024 869 3311 925 corporum
3336 853 3590 908 amisisse
3611 867 3731 920 quae
3761 865 3855 906 no-

2263 948 2488 1002 verant!
2521 946 2583 1001 Et
2630 946 2735 1003 hoc
2778 949 2950 1017 ipsum
2994 948 3139 1002 enim
3185 947 3396 1002 neseire
3444 946 3790 1013 debuerant,
3816 945 3864 1002 si

2264 1038 2464 1108 aliquid
2492 1038 2571 1095 eis
2599 1039 2736 1093 labis
2756 1039 3054 1109 corporalis
3072 1039 3376 1094 invexisset
3397 1036 3697 1107 adjunctio;
3727 1052 3859 1093 nam

2267 1130 2406 1187 scire
2435 1132 2560 1200 quid
2590 1132 2756 1188 fueris
2777 1175 2791 1199 ,
2822 1140 2877 1187 et
2902 1131 3030 1203 quid
3062 1131 3222 1187 hodie
3254 1147 3362 1186 non
3388 1132 3464 1186 sis
3485 1172 3500 1196 ,
3525 1146 3630 1186 non
3658 1142 3742 1187 est
3770 1131 3869 1187 si—

2266 1238 2429 1295 gnum
2457 1223 2728 1280 memorie
2756 1225 3004 1297 perditce,
3038 1224 3134 1281 sed
3162 1224 3535 1296 comprobatio
3575 1225 3871 1281 indicium-

2266 1334 2372 1390 que
2399 1330 2643 1375 servam.

2340 1410 2535 1470 XXIX.
2562 1414 2695 1482 Quae
2720 1428 2844 1470 cum
2883 1415 2954 1470 ita
2994 1429 3054 1471 se
3099 1415 3352 1483 habeant,
3375 1415 3627 1483 desinite,
3654 1427 3841 1486 qmeso
3858 1456 3911 1489 ,_

2273 1504 2506 1563 desinite
2534 1522 2622 1563 res
2652 1522 2863 1577 parvas.
2893 1519 3055 1580 atque
3071 1508 3247 1579 exigui
3275 1509 3529 1563 ntotninis
3554 1509 3884 1564 immanibus

2276 1600 2466 1672 pretiis
2488 1601 2759 1655 aestimare
2784 1619 2798 1656 :
2826 1600 3054 1656 desinite
3077 1601 3372 1667 hominem,
3404 1602 3727 1672 proletarius
3753 1615 3883 1656 cum

572 1696 675 1750 sibi
703 1693 1001 1749 contrarias
1033 1707 1138 1745 non
1171 1699 1364 1755 potest,
1408 1698 1465 1744 ut
1501 1690 1731 1743 aliorum
1759 1687 2051 1743 memorias
2081 1701 2171 1742 so-
2203 1723 2250 1782 Β
2277 1693 2369 1755 εει,
2414 1691 2701 1751 classibus.
2726 1700 2800 1747 ηει
2844 1693 3022 1761 capue
3066 1708 3188 1747 οιηη
3231 1705 3538 1759 censemur,
3570 1692 3888 1749 adscribere

583 1789 733 1857 piat,
763 1785 865 1839 alia
895 1784 1130 1855 patiatur
1176 1783 1377 1837 actoris
1406 1783 1459 1836 in
1492 1781 1918 1837 recordationem
1966 1781 2168 1836 venire.

578 1877 734 1945 Quod
782 1876 830 1932 si
877 1876 1095 1940 animae,
1145 1889 1281 1945 quas
1311 1874 1536 1939 vocatis,
1591 1872 1958 1928 membrorum
2006 1872 2176 1942 impe-

581 1971 804 2027 diuntur
832 1967 1115 2023 obstaculo
1135 2008 1150 2030 ,
1178 1968 1464 2038 quominus
1489 1975 1633 2021 artes
1663 1980 1787 2020 snas
1814 1967 2062 2035 antiquas
2090 1980 2175 2019 re-

579 2064 966 2129 miniscantur;
996 2061 1047 2115 in
1071 2059 1392 2130 corporibus
1417 2058 1547 2127 ipsis
1567 2055 2020 2128 quemadmodum
2048 2069 2177 2110 con-

583 2158 769 2214 stituta
816 2155 1178 2211 meminerunt
1228 2166 1282 2208 et
1330 2152 1511 2208 sciunt
1560 2153 1768 2206 animas
1808 2165 1867 2206 se
1911 2165 2070 2218 esse,
2123 2158 2180 2205 et

581 2250 915 2322 corporalem
942 2246 1300 2304 substantiam
1332 2262 1439 2302 non
1472 2244 1671 2301 habere
1695 2286 1710 2311 ,
1757 2244 2177 2301 immortalitatis

2280 1784 2563 1840 ordinibus
2605 1784 2830 1854 primis:
2858 1800 2979 1840 cum
3010 1784 3080 1840 sit
3110 1785 3287 1856 inops,
3323 1784 3684 1856 pauperiore,
3713 1796 3768 1841 et
3795 1793 3888 1839 tu-

2281 1877 2416 1949 gurii
2439 1878 2707 1948 pauperis,
2726 1892 2825 1933 nec
2849 1877 3085 1947 patricia:
3107 1877 3370 1932 claritatis
3388 1892 3638 1949 umquam
3658 1878 3890 1932 meritus

2283 1972 2601 2033 nuncupari.
2634 1970 2767 2026 Cum
2795 1969 2941 2027 enim
2970 1986 3069 2025 vos
3094 1979 3369 2042 oporteret
3389 1971 3535 2027 viros
3560 1970 3695 2055 recti
3724 1979 3893 2042 atque

2283 2064 2611 2135 integritatis
2668 2073 2938 2133 auctores,
3004 2064 3225 2137 typhum
3255 2072 3311 2120 et
3338 2065 3698 2135 arrogantiam
3745 2063 3895 2118 fran—

2281 2171 2441 2227 gere,
2473 2170 2702 2228 quorum
2736 2157 2889 2211 malis
2932 2158 3110 2212 cuncti
3160 2156 3503 2222 extollimur,
3552 2164 3608 2211 et
3650 2155 3891 2211 inanium

2283 2249 2641 2306 distendimur
2667 2254 2905 2310 vanitate
2937 2271 2951 2310 :
2984 2267 3092 2310 non
3122 2262 3328 2309 tantum
3351 2252 3598 2309 accidere
3624 2252 3767 2309 mala
3789 2254 3893 2309 ista

1794 2340 2176 2400 LECTIONES
2213 2342 2301 2401 VA
2312 2343 2628 2402 RIANTES.

647 2445 675 2475 ⁸
708 2442 794 2495 Sic
831 2455 919 2493 ms.
940 2440 1043 2492 Res
1062 2441 1330 2491 contrarias
1352 2436 1468 2491 Sab.
1494 2435 1619 2488 Alii:
1646 2449 1731 2487 res
1770 2436 2009 2487 diversas.

1943 2519 2508 2583 COMMENTARIUS.

587 2627 662 2682 Ac
690 2641 751 2680 ne
779 2633 948 2678 tamen
966 2620 1204 2676 instructi
1234 2635 1335 2672 non
1359 2615 1560 2686 plenius
1585 2613 1863 2668 habeantur
1884 2629 1974 2669 nec
2000 2614 2178 2686 videa-

587 2715 703 2752 ntur
728 2714 761 2750 a
787 2695 925 2748 nobis
954 2692 1096 2761 (si-il.
1133 2706 1239 2745 non
1283 2685 1811 2761 pleniusinstructi),
1852 2685 2181 2761 quemadmo-

589 2770 712 2823 dum
739 2766 907 2820 dicitis
935 2756 1153 2825 animas,
1184 2756 1296 2814 cum
1322 2759 1534 2814 terrenis
1561 2757 1752 2827 fuerint
1773 2756 2070 2815 corporibus
2089 2757 2177 2811 in-

589 2841 817 2908 volutae,
840 2837 1066 2908 priorum
1113 2830 1538 2908 reminiscentigm
1564 2826 1567 2827 ⁷
1591 2827 1793 2908 habere,
1808 2899 1818 2908 .
1836 2826 2015 2882 deleto
2056 2844 2178 2908 non.

592 2909 747 2978 Quod
780 2898 1162 2978 falsissimum.
1203 2901 1335 2956 Nam
1382 2898 1573 2978 refutat
1617 2898 1887 2978 Arnobius
1928 2913 2050 2965 eos,
2093 2899 2184 2968 qtti

595 2968 905 3036 statuebant
936 2995 948 3031 :
993 2976 1272 3032 hominum
1319 2972 1526 3026 animas
1551 2985 1674 3024 esse
1713 2968 1924 3023 divinas
1952 2979 2008 3024 et
2032 2979 2189 3023 atter-

593 3067 714 3107 nas.
747 3050 991 3118 adeoque
1010 3048 1246 3118 priorum
1281 3040 2189 3118 reminisceutiam_habitnras,_nisi

595 3120 843 3191 corporis
895 3109 1137 3191 vinculis
1176 3114 1603 3191 impedirentur,
1658 3110 1854 3191 quibus
1897 3109 2190 3166 ostendere

596 3180 713 3247 vnli
742 3210 757 3246 :
786 3193 829 3245 si
872 3197 1017 3243 esset
1052 3180 1397 3241 animis'vita
1444 3185 1696 3237 humana:
1742 3180 1865 3234 huic
1907 3191 2188 3246 anteacta,

599 3277 798 3333 corpus
823 3260 929 3333 illis
952 3274 1056 3333 non
1091 3258 1205 3333 [ore
1231 3256 1511 3333 obSIaculo
1534 3252 1946 3333 retninisrentim
1976 3268 2189 3333 eorum,

601 3322 721 3405 qua}
761 3331 1054 3385 factitarint
1099 3328 1227 3381 foris
1266 3328 1457 3405 posita:
1502 3322 1839 3405 etanndum
1884 3322 2194 3405 hominibus

600 3393 920 3473 conjugatae,
949 3409 1004 3454 et
1033 3393 1297 3469 pra'parat
1340 3398 1411 3450 ita
1439 3410 1592 3449 suam
1638 3393 2153 3473 detnouslrationem
2177 3433 2192 3458 ,

601 3464 810 3529 animas
835 3464 1113 3526 hominum
1143 3464 1248 3523 non
1275 3482 1396 3523 esse
1421 3475 1651 3520 :rternas
1679 3480 1778 3519 nec
1798 3481 1824 3515 a
1858 3464 1965 3518 Deo
1989 3480 2059 3534 pri
2078 3464 2198 3519 nfec-

605 3556 707 3608 tas.
734 3546 827 3600 sed
859 3561 887 3596 a
930 3542 1135 3598 naturis
1180 3540 1337 3608 longe
1378 3535 1747 3593 inferioribus.
1775 3535 1986 3608 Editur
2024 3536 2194 3605 Lugd.

604 3605 725 3672 Bal.
758 3615 881 3679 legit
907 3632 919 3668 :
953 3614 1212 3673 abeamus,
1243 3605 1374 3664 scire
1393 3624 1617 3669 avemus,
1648 3606 1791 3679 quod
1817 3605 2007 3679 eodem
2037 3609 2195 3679 redit,

605 3703 715 3760 quo
744 3676 1013 3760 audiamus
1047 3680 1579 3760 Gelenii.)leursins
1611 3693 1744 3760 ρης..
1764 3676 1853 3739 65,
1879 3677 2024 3760 conj.
2050 3677 2202 3731 abea-

607 3748 721 3813 mus
752 3774 770 3813 :
797 3775 858 3812 ne
884 3758 1144 3811 rideamur
1162 3771 1193 3806 α
1222 3752 1379 3813 vobis.
1403 3748 1832 3821 quemadmodum
1862 3748 2200 3804 dicitis.......

604 3847 710 3885 non
735 3830 934 3883 habere.
962 3829 1167 3883 OuELL.

683 3900 748 3955 Et
790 3916 951 3970 prope
992 3895 1523 3970 insensibileseoruut
1565 3890 1902 3970 permintione
1928 3894 2199 3970 perfectae.

611 3959 973 4027 Proba'lec'tio
1017 3988 1032 4023 :
1081 3984 1203 4022 nam
1246 3967 1334 4036 qui
1375 3959 1645 4033 corrigere
1673 3964 1860 4036 volunt
1886 3959 2080 4036 e/Tectte
2127 3967 2209 4028 (ut

611 4042 768 4099 Fulv.
798 4039 1084 4165 Ursinus?)
1138 4032 1411 4093 falluntur.
1464 4032 1555 4090 Sic
1582 4034 1824 4102 perﬁcere
1851 4032 2203 4115 usurpabant.

611 4113 718 4165 Jul.
753 4112 995 4165 Firmtc..
1049 4112 1120 4165 tb.
1156 4125 1245 4164 vn.
1281 4107 1532 4165 Mathes..
1560 4121 1680 4165 cap.
1711 4103 1799 4158 l6.
1836 4103 2081 4158 Mulieres
2109 4119 2203 4158 mr-

611 4113 718 4169 Jul.
753 4112 996 4174 Firmic..
1028 4103 1120 4166 lib.
1156 4125 1245 4164 vn.
1281 4107 1532 4173 Mathes.,
1560 4121 1680 4174 cap.
1711 4103 2081 4174 16.7Mulieres
2109 4105 2210 4158 vir-

614 4185 779 4256 gines,
810 4173 1104 4253 sterilesque
1131 4180 1416 4249 perﬁcient,
1449 4187 1501 4256 et
1533 4173 1770 4256 sacpinsq
1794 4173 1999 4256 Quae.

683 4243 971 4322 Quomittus
1018 4243 1159 4307 artes
1214 4243 1334 4305 suas
1364 4243 2059 4322 antiquas:rentiniscantur.
2096 4243 2214 4322 _C_o-

526 4346 537 4354 ·
610 4317 836 4381 (Ιθίιῐις.
867 4326 1135 4393 quominus
1172 4333 1307 4375 artes
1343 4338 1461 4393 suas
1488 4317 1759 4393 antiquas
1794 4326 1946 4393 atque
1980 4317 2215 4393 reminis-

617 4407 819 4462 cantur,
842 4388 984 4449 unde
1012 4395 1274 4449 Meursius
1300 4391 1444 4459 coni.
1474 4404 1616 4460 atque
1636 4388 2046 4448 reminiscantur.
2074 4388 2212 4443 Alii:

618 4476 756 4523 artes
779 4483 898 4521 snas
925 4481 1074 4536 atque
1095 4465 1326 4536 antiqua.
1348 4462 1550 4517 Οιιειι..

692 4528 1107 4592 lmmartaliiutis
1134 4533 1427 4589 conditione
1469 4539 1738 4586 mactatas.
1799 4528 1930 4585 Vide
1957 4542 2117 4600 supra
2147 4528 2216 4584 ad

617 4610 715 4667 lib.
750 4625 787 4674 ι,
817 4624 934 4677 cap.
966 4608 1057 4663 41.
1091 4606 1295 4665 ORELL.

690 4671 813 4734 Non
843 4671 915 4733 est
939 4680 1141 4749 signant
1172 4675 1430 4749 inemoria:
1454 4672 1667 4749 perdita:
1686 4671 1839 4749 ._sed
1872 4671 2217 4749 comprobatio

619 4740 1232 4818 indiciumque'servattc.
1279 4740 1515 4818 Jonnnes
1555 4740 1862 4818 Scbell‘erus
1886 4740 2221 4818 _Argentora-

621 4824 790 4879 tensis
810 4823 862 4877 in
882 4813 1341 4876 'Adversariorum
1371 4817 1528 4878 libro,
1561 4828 1679 4884 cap.
1712 4813 1804 4876 ‘20.
1824 4814 1981 4867 infert
2011 4814 2214 4868 Miscel.

618 4895 778 4951 Oliss.
807 4892 927 4948 crit.
954 4934 969 4957 ,
1001 4892 1105 4946 vol.
1137 4907 1191 4946 lx
1211 4930 1226 4951 .
1268 4903 1387 4958 pag.
1421 4886 1540 4943 165.
1576 4885 1890 4958 ludiciunta
1915 4884 2217 4958 glos§atnre

622 4965 892 5033 adjectum
925 4955 1096 5034 putat,
1141 4955 1493 5034 ttt:t|e._.7&tnat
1520 4956 1664 5034 enim
1692 4956 1964 5011 Arnobius
1994 4955 2214 5011 nomina

624 5027 955 5102 Conjungere
983 5027 1123 5089 idem
1153 5030 1537 5103 significantia.
1560 5027 1765 5103 Οιιιιξιιτ

698 5096 891 5162 XXIX.
947 5134 1019 5146 —
1079 5096 1269 5173 Exig'ui
1334 5101 1586 5156 montinis.
1626 5100 1761 5173 AElSi
1818 5096 2028 5168 vulgata
2097 5096 2213 5173 lec-

624 5179 703 5235 tio
732 5178 950 5231 nominis
1010 5167 1227 5230 tolerari
1271 5182 1478 5244 potest,
1514 5171 1693 5226 malint
1719 5167 2062 5244 tamencum
2091 5167 2214 5244 aliis

624 5248 905 5376 ψέξαι-εἰη)
946 5248 1114 5318 exigui
1150 5238 1405 5299 moniinis.
1450 5242 1539 5299 Sic
1567 5251 1748 5296 noster
1778 5240 1910 5295 infra
1940 5254 2059 5308 cap.
2093 5238 2164 5295 35
2195 5255 2210 5292 :

685 5321 839 5375 ullius
858 5320 998 5376 apud
1028 5320 1305 5376 principem
1334 5314 1567 5369 mominis
1586 5352 1602 5376 ,
1644 5311 1696 5366 id
1725 5322 1806 5366 est
1836 5311 2087 5366 momenti
2114 5349 2130 5376 ,
2161 5320 2210 5364 et

685 5321 839 5375 ullius
858 5311 998 5391 apud
1014 5311 1567 5391 principemmontinis
1586 5352 1602 5380 ,
1644 5311 1696 5366 id
1725 5322 1806 5366 est
1836 5311 2087 5391 momenti
2114 5349 2135 5391 ,_
2161 5320 2215 5364 et

622 5393 720 5447 lib.
754 5407 826 5455 vt,
858 5383 976 5460 cap.
1003 5383 1095 5444 ‘20.
1151 5387 1276 5460 Sub,
1303 5389 1415 5460 ipso
1438 5384 1562 5460 [luti
1604 5383 1951 5460 atqu_e_aperis
1982 5383 2221 5460 momine.

625 5454 961 5527 Lucretium,
981 5470 1039 5516 ut
1065 5475 1209 5531 saepe
1233 5454 1380 5513 alibi.
1404 5454 1701 5517 alfectatus.
1722 5454 1813 5509 lib.
1831 5468 1909 5520 ut,
1934 5468 2075 5510 vers.
2099 5454 2223 5509 189.

751 5556 966 5606 Homine
988 5555 1061 5606 uti
1086 5564 1236 5619 parvo
1259 5548 1446 5616 possint
1470 5544 1677 5619 impulsa
1699 5545 1907 5619 moveri.

1593 5606 1812 5657 Ηειιιω.
1840 5613 1894 5654 et
1917 5604 2161 5656 (inuno.

698 5700 929 5757 Desinite
949 5700 1217 5762 hominem,
1234 5694 1539 5769 proletarius
1555 5688 1774 5769 cuiusq,
1796 5687 2044 5769 classicis,
2072 5697 2229 5769 etca-

625 5774 731 5840 pite
764 5787 881 5830 cum
907 5779 1169 5827 censeatur
1192 5757 1215 5840 ,⁷
1234 5757 1537 5826 adscribere
1576 5759 1841 5821 ordinibus
1877 5758 2074 5830 primis.
2120 5757 2222 5818 Ms.

2287 2619 2615 2691 proletarium
2642 2637 2755 2675 cum
2780 2622 2867 2686 sit,
2899 2621 3170 2686 classicus,
3202 2622 3416 2691 inepte;
3458 2638 3581 2677 nam
3611 2620 3890 2691 proletarii

2285 2701 2441 2763 erant
2468 2690 2601 2746 infra
2629 2694 2850 2747 class‘cs.
2883 2692 3028 2748 Bene
3057 2694 3236 2763 itaque
3267 2690 3579 2748 emendavit
3606 2690 3883 2749 Gelenius.

2288 2760 2578 2825 Mauus.,in
2595 2763 3095 2833 Append—Varias
3114 2760 3164 2817 in
3181 2763 3381 2819 classes-
3393 2763 3704 2821 distributos
3720 2764 3888 2820 fuisse

2289 2834 2437 2888 cives
2467 2848 2720 2889 romanos
2744 2877 2758 2893 .
2792 2835 3010 2890 tradunt
3035 2833 3228 2889 Levius
3250 2875 3266 2899 ,
3311 2835 3401 2890 lib.
3433 2852 3467 2889 ll
3493 2877 3509 2902 ,
3541 2851 3657 2904 cap.
3685 2835 3757 2890 45
3779 2876 3796 2902 ,
3827 2845 3887 2891 et

2293 2904 2580 2977 Dionysius
2602 2905 2878 2977 illalicarn.
2901 2947 2916 2970 ,
2959 2906 3052 2977 lib.
3084 2922 3162 2977 tv,
3203 2906 3476 2977 pag.32|.
3513 2907 3778 2977 Singulari
3808 2920 3891 2960 ta-

2293 2992 2416 3030 mcn
2448 2975 2744 3046 ~ignilicatn
2764 3017 2780 3040 ,
2824 2985 2961 3031 teste
2988 2975 3054 3031 A.
3084 2976 3277 3042 Gellio,
3305 2976 3459 3032 Noet.
3494 2975 3635 3045 Att.,
3670 2979 3763 3032 lib.
3791 2994 3889 3045 vu,

2293 3062 2413 3109 cap.
2446 3048 2515 3101 15
2539 3088 2554 3114 ,
2608 3047 2809 3101 classici
2847 3048 3183 3103 vocabantur
3230 3049 3417 3117 prima:
3464 3059 3674 3104 tantum
3703 3049 3894 3105 classis

2215 3130 2261 3194 ρ
2295 3118 2543 3194 homines
2569 3158 2582 3178 .
2631 3119 2720 3194 qui
2750 3128 2982 3194 centum
3001 3128 3057 3174 et
3089 3119 3271 3194 viginti
3320 3121 3559 3188 quinque
3588 3120 3754 3194 millia
3784 3136 3895 3194 am-

2300 3189 2503 3258 pliusve
2547 3189 2692 3260 censi
2734 3198 2908 3244 erant.
2952 3190 3071 3257 Quo
3096 3190 3313 3260 quidem
3355 3206 3518 3248 scnsu
3563 3193 3767 3246 classici
3813 3193 3899 3247 hic

2299 3260 2427 3316 dicti
2459 3260 2527 3313 ab
2552 3259 2793 3315 Arnobio
2821 3259 3395 3333 proletariis’oppositi,
3436 3263 3527 3333 qui
3549 3305 3567 3325 ,
3600 3262 3900 3319 tenuissimi

2301 3347 2423 3387 cum
2452 3342 2634 3402 essent
2652 3373 2667 3393 ,
2702 3334 2896 3402 prolem
2925 3332 3297 3388 tantummodo
3325 3332 3637 3399 reipublicae
3663 3335 3903 3389 sufficie—

2304 3403 2451 3474 bant.
2478 3400 2659 3469 Capite
2680 3400 2806 3457 vero
2831 3404 2989 3468 censi,
3021 3412 3079 3458 ut
3104 3418 3198 3457 eas
3210 3404 3445 3474 appellat
3468 3415 3682 3471 auctor,
3714 3405 3747 3459 ii
3765 3406 3904 3460 dice-

2305 3473 2521 3539 bantur,
2548 3476 2636 3543 qui
2662 3474 2809 3528 nullo
2835 3487 2921 3527 aut
2952 3489 3121 3546 parvo
3149 3473 3258 3530 tere
3282 3475 3666 3541 censebantur,
3692 3494 3755 3528 ac
3785 3492 3907 3541 par-

2306 3560 2431 3618 vum
2479 3554 2570 3598 aut
2597 3546 2811 3618 nullum
2842 3547 3067 3616 vectigal
3110 3546 3439 3618 pendebant.
3492 3562 3560 3602 cx
3604 3548 3671 3601 A.
3702 3547 3898 3612 Gellio,

2309 3616 2343 3670 Ι.
2376 3633 2483 3682 xw,
2513 3631 2563 3671 c.
2591 3616 2671 3672 10.
2706 3617 2995 3672 Novanius.
3025 3616 3201 3671 -’(;Ι’.
3228 3618 3298 3673 ls.
3321 3617 3548 3672 I’ontan.
3574 3619 3641 3673 ad
3666 3617 3897 3673 Macrob.

2308 3688 2524 3742 Saturn.
2561 3704 2614 3751 t,
2665 3688 2732 3744 15
2756 3729 2771 3751 ,
2827 3699 2882 3743 et
2918 3688 2958 3743 l.
2990 3689 3052 3744 N.
3086 3689 3375 3757 Funccimn
3404 3730 3419 3755 ,
3472 3689 3537 3744 ad
3567 3706 3638 3745 sn
3689 3688 3858 3744 'l‘abb.
3888 3732 3903 3755 ,

2312 3776 2364 3830 p.
2399 3760 2490 3830 7,7,
2532 3774 2614 3829 sq.
2641 3758 2847 3815 OBELL.

2387 3829 2497 3884 Nec
2543 3833 2772 3899 patricia:
2793 3831 3043 3885 claritatis
3078 3848 3316 3901 umquam
3363 3832 3570 3886 meritus
3598 3834 3906 3900 nuncupari.

2314 3902 2775 3970 Claritas'propria
2819 3902 3138 3957 Senatorum
3168 3912 3224 3958 et
3266 3904 3617 3957 Patriciorum
3641 3943 3656 3964 ,
3687 3903 3778 3971 qtti
3803 3904 3907 3958 sub

2316 3974 2731 4043 ltnperatoribus
2771 3974 2865 4027 uiri
2909 3972 3181 4028 clarissimi
3231 3973 3571 4037 dicebantur,
3625 3989 3747 4027 cum
3800 3973 3904 4029 flo-

2315 4056 2471 4101 rente
2503 4046 2792 4109 republica,
2827 4045 2924 4098 viri
2951 4052 3155 4098 tantum
3186 4059 3412 4098 somnne
3433 4044 3700 4112 dignitatis
3726 4044 3909 4101 isthoc

2317 4118 2534 4172 nomine
2564 4116 2978 4186 insignirentur,
3017 4115 3161 4186 quod
3192 4116 3369 4186 etiam
3388 4117 3587 4168 laudent
3616 4114 3743 4169 booi
3771 4116 3910 4169 civis

2318 4188 2641 4244 involvebat.
2672 4184 2805 4242 Hinc
2828 4186 3018 4241 Cicero
3040 4184 3112 4241 ad
3140 4185 3328 4252 Attic.,
3360 4184 3448 4241 lib.
3480 4200 3590 4245 ιιν.
3617 4187 3780 4254 epist.
3817 4188 3908 4253 Il,

2318 4261 2685 4314 stomacbatnr
2733 4259 2835 4313 hoc
2874 4272 3070 4312 nomen
3101 4257 3302 4313 CwSari
3335 4267 3454 4327 post
3482 4266 3708 4310 mortem
3741 4257 3914 4311 tribu-

2321 4339 2432 4385 tum
2486 4331 2553 4384 ab
2602 4330 2837 4385 Antonio
2885 4344 2980 4396 pro
3006 4331 3267 4391 concione
3298 4370 3311 4391 ,
3374 4337 3430 4382 et
3484 4329 3534 4382 in
3583 4327 3915 4382 orationibus

2321 4416 2502 4457 caram
2532 4412 2721 4457 senatu
2752 4400 2946 4455 habitis
2975 4416 3190 4468 semper
3215 4398 3401 4453 Patres
3430 4399 3756 4466 (Ionscriptos
3783 4399 3918 4468 allo-

2321 4473 2524 4543 quitur,
2573 4488 2863 4542 numquatn
2897 4469 3077 4526 Patres
3100 4467 3200 4527 iseu
3226 4471 3362 4543 uiros
3392 4470 3724 4543 clarissimos.
3770 4467 3918 4543 Uni-

2322 4541 2511 4600 versus
2560 4541 2780 4599 senatus
2821 4543 3098 4597 dicebatur
3146 4541 3361 4611 quidem
3407 4542 3535 4595 ordo
3578 4541 3917 4605 clarissimus,

2322 4615 2514 4681 singuli
2563 4631 2668 4669 non
2723 4616 2847 4669 item
2881 4655 2897 4680 ,
2948 4614 3041 4668 sed
3089 4613 3306 4668 demum
3345 4614 3447 4668 sub
3484 4611 3917 4679 imperatoribus.

2324 4686 2459 4742 Vide
2489 4687 2785 4742 Schwartz.
2809 4726 2825 4750 ,
2872 4684 2938 4739 ad
2972 4684 3127 4740 Plinii
3157 4684 3418 4756 Panagyr.
3441 4725 3457 4749 ,
3501 4698 3621 4752 cap.
3654 4683 3923 4756 90etse-

2323 4760 2469 4812 riore
2511 4768 2671 4812 a-tate
2731 4759 2893 4810 etiam
2949 4769 3256 4811 senatorum
3285 4754 3917 4826 conjugesappellaban-

2326 4837 2412 4883 tur
2456 4830 2660 4900 feminae
2704 4826 3034 4900 clarissimte.
3078 4828 3201 4900 vide
3230 4823 3484 4900 Salinasf,
3514 4823 3737 4900 ad_.Elti
3766 4823 3927 4900 [inin-

2327 4895 2466 4968 pridl
2512 4899 2865 4969 Heliogabal.,
2908 4898 3107 4968 Script.
3145 4898 3278 4953 llist.
3314 4897 3451 4967 Aug.
3472 4938 3486 4962 ,
3519 4896 3626 4950 vol.
3654 4913 3673 4969 t
3706 4912 3759 4966 p.
3790 4895 3921 4951 797.

2321 4971 2593 5026 Arnobius
2618 5011 2634 5033 ,
2674 4968 2854 5040 itaque
2883 4971 2985 5023 hoc
3014 4969 3134 5025 loco
3164 4969 3436 5024 audaciori
3469 4968 3782 5040 metaphora
3817 4969 3923 5040 bo-

2321 5045 2522 5097 minem
2568 5058 2598 5096 a
2643 5038 3094 5111 Deo'profectum
3133 5049 3185 5095 et
3206 5040 3481 5094 conditum
3522 5038 3647 5093 dicit
3691 5038 3928 5111 patricia:

2321 5113 2591 5168 claritatis.
2638 5111 2754 5168 Non
2788 5109 2947 5182 igitur
2972 5127 3107 5181 opus
3138 5112 3396 5166 habemus
3427 5111 3767 5165 eorrectione
3807 5109 3929 5182 edi-

2323 5186 2455 5239 toris
2495 5184 2661 5253 Lugd.
2714 5180 2831 5239 Bal:
2872 5198 2962 5236 nec
3008 5180 3167 5250 patris
3192 5183 3358 5249 clari,
3398 5182 3551 5253 tantis
3593 5196 3711 5233 cum
3734 5180 3932 5234 meritis

2322 5249 2639 5323 nuncupare.
2675 5254 2776 5310 Ed.
2811 5249 3060 5323 princeps
3091 5255 3289 5320 patriar,
3313 5264 3416 5308 etc.
3456 5249 3663 5307 ORELL.

2404 5321 2635 5396 Quorum
2659 5321 3329 5396 maliscunctiextollimur.
3371 5324 3444 5378 ita
3480 5324 3646 5396 editio
3676 5321 3934 5396 princeps

2329 5393 2552 5455 romana
2582 5409 2638 5455 et
2676 5407 2889 5453 eadem
2921 5411 3135 5453 omnes.
3176 5395 3284 5452 Sed
3317 5395 3590 5467 ingeniosa
3615 5393 3934 5467 conjec-tura

2329 5480 2414 5525 est
2444 5469 2614 5526 Fulvii
2640 5470 2816 5527 Ursini
2842 5488 2856 5525 :
2883 5468 3112 5535 Quorum
3140 5468 3239 5521 alis
3264 5468 3430 5521 cuncti
3451 5466 3764 5527 extollimur,
3788 5475 3859 5535 Aut
3879 5474 3935 5519 et

2333 5541 2385 5595 in
2411 5543 2761 5611 sequentibus
2786 5558 2798 5594 :
2824 5533 2926 5594 non
2958 5548 3152 5593 tantum
3179 5538 3408 5592 accidere
3428 5533 3808 5611 (beschneiden)
3822 5536 3935 5611 alas

2328 5612 2441 5666 istis
2471 5606 2724 5678 noluistis,
2756 5627 2853 5682 pro
2876 5612 3124 5682 vulgato;
3168 5626 3269 5665 non
3308 5606 3507 5663 tantum
3534 5607 3763 5662 accidere
3795 5606 3936 5660 mala

2332 5683 2433 5738 ista
2459 5683 2691 5737 censetis.
2735 5681 2941 5738 ORELL.

2402 5753 2649 5811 [nauium
2688 5753 3030 5811 distendimur
3066 5752 3308 5810 vanitate.
3350 5750 3507 5810 Fulv.
3547 5748 3782 5809 Ursinus
3827 5748 3936 5818 leg.
