4258 6250
373 207 479 265 857

1695 208 1899 266 LIBER
1934 207 2314 269 SECUNDUS.

3561 214 3675 274 888
3752 284 3757 285 ί

373 324 626 392 censetis,
658 341 867 395 verum,
893 326 1037 398 quod
1080 325 1296 397 gravius
1333 327 1504 384 multo
1543 336 1645 395 est,
1676 325 1957 382 addidistis
1981 327 2036 389 Α
2062 327 2221 383 tionis
2246 335 2481 384 amotum
2509 338 2621 396 est,
2651 327 2804 384 tlicet
2827 322 3085 384 Omnibus
3124 327 3395 385 ambiatur
3433 328 3672 389 ﬂammis

372 432 585 485 causas,
615 421 808 491 quibus
854 431 910 477 et
944 421 1069 477 vilia
1111 430 1439 487 crescerent,
1463 429 1517 477 et
1561 421 1967 477 inemendabilis

373 514 613 581 nequitia
639 524 1002 583 permaneret.
1026 514 1158 583 Quis
1181 524 1263 570 est
1286 514 1428 569 enim
1457 513 1756 574 hominum.
1781 496 1965 585 quain-

372 593 456 661 ἧς
484 604 575 661 ille
613 606 684 660 sit
720 607 916 662 indolis
956 607 1227 662 infamiam
1252 615 1279 643 λ
1311 621 1524 673 semper
1552 615 1710 677 atque
1741 607 1970 678 ignomi-

374 698 528 752 niosa
555 697 828 770 fugientis,
844 699 956 767 qui,
972 715 1093 754 cum
1116 699 1220 754 dici
1241 698 1493 754 exaudiat
1514 699 1646 754 viris
1666 698 1732 753 ab
1754 700 1969 769 sapien-

327 824 339 841 .
375 788 517 844 tibus
560 791 793 847 maxime
834 789 1168 846 immortales
1195 791 1404 845 animas
1440 805 1582 856 esse,
1614 805 1712 846 nec
1737 789 1967 847 fatorum

371 895 497 938 esse
523 882 782 938 obnoxias
807 883 1038 954 legibus.
1074 900 1182 939 non
1208 884 1260 938 in
1291 883 1471 939 omnia
1500 882 1698 954 ﬂagitia
1730 900 1969 956 prmceps

370 986 432 1029 se
459 983 599 1041 ruat,
630 990 735 1030 non
766 975 1066 1047 intrepidus
1085 975 1114 1015 δ
1147 991 1234 1031 res
1259 977 1420 1031 obeat
1444 986 1606 1047 atque
1632 978 1971 1047 aggrediatur

371 1064 620 1120 illicitas?
651 1082 757 1121 non
786 1066 1021 1135 denique
1062 1068 1241 1122 omnia
1286 1068 1398 1123 suis
1444 1068 1827 1140 cupiditatibus
1864 1068 1969 1124 lar-

369 1157 574 1229 giatur,
621 1175 743 1229 qua:
794 1159 962 1217 libido
1011 1161 1281 1230 impotens
1327 1163 1583 1229 jusserit,
1639 1165 1970 1234 impunitatis

368 1260 629 1322 prmlerca
655 1253 818 1308 etiam
846 1253 1095 1310 libertate
1117 1255 1359 1309 munita?
1381 1254 1518 1322 Quid
1547 1256 1691 1310 enim
1725 1256 1969 1325 prohibe-

365 1342 465 1411 bit,
492 1344 778 1410 quomintts
804 1344 920 1402 haec
952 1345 1148 1402 faciat?
1177 1357 1353 1404 metus
1380 1362 1629 1419 supernae
1663 1351 1967 1417 potestatis,

360 1433 728 1507 iudiciumque
755 1437 1043 1494 divinum?
1069 1439 1135 1495 Et
1162 1441 1284 1510 quis
1315 1442 1756 1509 poteritterritari
1789 1444 1971 1499 formi-

368 1526 511 1583 dinis
549 1528 778 1600 alicujus
821 1532 1064 1595 horrore,
1099 1531 1185 1587 cui
1218 1531 1381 1588 fuerit
1406 1549 1745 1604 persuasum,
1776 1546 1882 1591 tam
1911 1550 1970 1593 se

368 1635 490 1677 esse
539 1623 932 1688 immortalem,
961 1640 1122 1697 quam
1155 1626 1331 1697 ipsum
1370 1627 1536 1684 Deum
1567 1629 1800 1700 primum
1820 1672 1837 1696 ,
1868 1645 1968 1686 nec

2066 420 2379 476 torrentium
2425 420 2738 489 ﬂuminum,
2785 420 3031 476 volvatur
3067 421 3124 476 itt
3169 435 3361 488 emno,
3407 436 3664 479 saxorum

2068 514 2458 570 imminentium
2489 514 2735 576 casibus.
2766 521 2822 569 et
2862 514 3178 569 immanium
3227 514 3488 570 montium
3537 530 3672 588 ope.

2068 609 2235 663 riatur
2287 608 2487 670 ruinis.
2538 608 2798 662 illibatum
2850 622 3074 664 necesse
3117 618 3200 663 est
3256 621 3568 676 permaneat
3613 618 3671 667 et

2068 698 2363 765 intactum,
2394 714 2569 769 neque
2611 698 2777 752 ullum
2819 712 3037 753 sensum
3082 698 3376 755 mortiferae
3405 699 3671 771 paSsionis

2068 807 2367 848 assumere.
2392 791 2571 860 Quid?
2599 792 2740 862 quod
2774 791 2872 847 ista
2904 794 3185 863 persuasio
3214 809 3321 849 non
3353 803 3561 851 tantum
3588 803 3674 852 est

2070 883 2343 939 incitatrix
2367 884 2432 937 ad
2467 883 2593 938 vitia
2627 884 2878 940 libertate
2902 899 2970 939 ex
2999 885 3111 955 ipsa
3152 887 3449 954 peccandi,
3480 902 3668 944 verum

2069 977 2228 1032 etiam
2277 977 2630 1051 philosophim
2671 983 2840 1052 ipsius
2888 999 3104 1040 causam
3154 985 3309 1053 tollit,
3341 994 3397 1041 et
3439 987 3674 1044 inaniter

2069 1085 2186 1126 eam
2216 1071 2413 1140 suscipi
2443 1078 2826 1144 supervacanei
2864 1088 2886 1117 ε
2919 1079 3103 1147 operis
3129 1078 3450 1136 difficultate
3490 1080 3672 1136 decla-

2070 1178 2172 1222 rat.
2198 1167 2330 1222 Nam
2355 1169 2401 1224 si
2431 1185 2616 1225 verum
2648 1180 2753 1237 est,
2781 1172 2991 1227 animas
3020 1173 3217 1227 nullius
3242 1186 3364 1228 esse
3385 1171 3673 1245 participes

2071 1260 2222 1326 linis,
2250 1272 2304 1318 et
2333 1278 2454 1318 cum
2486 1265 2736 1319 omnibus
2777 1266 2990 1320 saeculis
3034 1280 3272 1321 aevorutu
3307 1265 3673 1337 perpetuitate

2072 1356 2367 1426 procedere
2396 1375 2409 1411 :
2440 1358 2568 1428 quid
2601 1358 2826 1428 periculi
2868 1373 2956 1413 res
2987 1359 3147 1413 habet
3173 1361 3501 1429 contemptis
3529 1373 3668 1429 prai-

2071 1449 2448 1521 termissisque
2476 1452 2784 1519 virtutibus,
2815 1451 3011 1522 quibus
3039 1461 3123 1508 est
3154 1453 3482 1508 contractior
3507 1464 3674 1523 atque

2071 1539 2341 1597 horridior
2369 1543 2507 1607 vita,
2541 1544 2904 1615 voluptatibus
2948 1558 3008 1599 se
3047 1544 3209 1607 dare,
3251 1559 3315 1601 ac
3356 1559 3455 1616 per
3493 1544 3674 1601 omnia

2070 1632 2350 1690 libidinum
2395 1650 2593 1705 genera
2631 1635 2951 1691 eﬂ'rcuatum
2983 1650 3243 1706 spargere
3272 1636 3552 1691 immensas
3577 1651 3672 1692 cu-

367 1712 439 1768 ab
485 1728 551 1768 eo
592 1714 822 1783 iudicari
863 1715 1152 1787 quidquam
1179 1717 1250 1771 de
1275 1731 1335 1773 se
1363 1734 1525 1790 posse
1554 1737 1567 1775 :
1600 1732 1735 1776 cum
1765 1721 1836 1776 sit
1865 1737 1970 1777 una
2002 1718 2047 1779 Β
2076 1724 2313 1795 piditatis
2339 1727 2627 1783 ardorem?
2653 1728 2730 1784 Ne
2758 1728 2966 1786 deliciis
2994 1740 3254 1797 marceat,
3283 1742 3336 1787 et
3362 1746 3677 1803 corrumpa-

366 1804 743 1863 immortalitas
770 1809 822 1863 in
853 1818 1104 1881 utroque,
1131 1824 1233 1866 nec
1261 1811 1313 1866 in
1342 1811 1566 1869 alterius
1588 1813 1754 1871 altera
1779 1815 1965 1871 condi.

367 1899 529 1955 tionis
554 1902 724 1971 possit
753 1903 1059 1972 aequalitate
1079 1903 1303 1959 vexari?

436 1992 611 2048 XXX.
641 1993 746 2050 Sed
778 2006 1088 2051 memoratae
1116 1995 1256 2066 apud
1281 1996 1485 2053 inferos
1510 2012 1685 2067 preme
1705 2042 1720 2063 ,
1749 2009 1805 2055 et
1839 2015 1967 2071 sup-

365 2089 654 2162 pliciorum
696 2091 985 2162 generibus
1025 2092 1421 2149 multiformes?
1467 2093 1666 2163 Ecquis
1711 2096 1815 2151 erit
1855 2105 1964 2152 tam

369 2181 577 2245 brutus,
610 2192 666 2239 et
706 2199 884 2240 rerum
914 2185 1330 2255 consequentias
1360 2186 1627 2250 nesciens,
1654 2188 1747 2258 qui
1770 2188 1967 2246 animis

370 2273 868 2345 incorruptibilibus
885 2276 1090 2338 credat.
1110 2289 1204 2333 aut
1228 2277 1479 2334 tenebras
1502 2289 1764 2336 tartareas
1804 2296 1963 2352 posse

368 2365 570 2437 aliquid
602 2382 818 2434 nocere,
842 2377 930 2424 aut
955 2368 1145 2441 igneos
1165 2369 1379 2439 ﬂuvios,
1403 2379 1497 2427 aut
1523 2374 1757 2428 ctenosis
1778 2376 1963 2446 gurgi-

370 2458 516 2514 tibus
553 2458 796 2530 paludes,
828 2470 924 2515 aut
946 2469 1187 2516 rotarum
1214 2461 1528 2518 volubilium
1565 2465 1964 2536 circumactus?

370 2549 524 2622 Quod
547 2551 688 2608 enim
719 2551 1029 2624 contiguum
1060 2567 1167 2610 non
1198 2567 1301 2623 ess,
1324 2556 1474 2612 etab
1501 2556 1708 2628 legibus
1731 2558 1963 2616 dissolu-

2030 1874 2039 1881 ,
2072 1825 2158 1872 tur
2186 1818 2521 1877 mollitudine
2549 1820 2836 1877 vitiorum?
2865 1822 2929 1878 Et
2957 1838 3060 1893 qua
3091 1823 3289 1894 poterit
3313 1823 3523 1879 ratione
3549 1837 3675 1879 cor-

2069 1911 2246 1983 rumpi
2278 1911 2351 1976 id,
2384 1913 2525 1984 quod
2555 1915 2878 1984 immortale,
2911 1916 3053 1987 quod
3082 1932 3298 1988 semper
3325 1926 3428 1984 est,
3457 1927 3512 1973 et
3541 1916 3678 1973 nulli

2070 2003 2363 2059 obnoxium
2393 2008 2667 2075 passioni?
2696 2025 2764 2064 ne
2794 2009 3092 2076 sordescat,
3122 2019 3179 2067 et
3218 2010 3490 2081 polluatur
3510 2011 3679 2068 actio-

2076 2111 2201 2151 num
2226 2096 2459 2167 turpium
2490 2098 2763 2157 fosditate?
2793 2101 2857 2156 Et
2879 2102 2969 2173 qui
2992 2102 3188 2173 poterit
3206 2102 3394 2173 pollui,
3420 2117 3678 2173 corpora-

2072 2190 2178 2247 lem
2202 2192 2344 2261 quod
2366 2194 2719 2250 substantiam
2740 2209 2846 2251 non
2864 2195 3045 2261 habet,
3065 2206 3159 2253 aut
3174 2197 3263 2253 ubi
3287 2197 3472 2254 sedem
3490 2205 3678 2254 conta-

2052 2277 2287 2339 minatio
2310 2300 2530 2355 ponere.
2554 2287 2642 2342 ubi
2664 2289 2893 2358 spatium
2918 2290 3121 2345 nullum
3142 2298 3244 2355 est,
3261 2290 3318 2344 in
3336 2304 3444 2360 quo
3465 2296 3589 2346 nota
3611 2304 3674 2347 se

2064 2377 2238 2448 possit
2267 2378 2435 2449 ipsius
2464 2382 2940 2437 contaminatiouis
2966 2381 3186 2454 affigere
3208 2382 3277 2437 d?
3310 2382 3516 2440 Rursus
3547 2399 3677 2441 vero

2068 2473 2114 2528 si
2157 2472 2351 2529 animm
2395 2474 2524 2531 letbi
2573 2475 2771 2531 adeunt
2807 2478 3020 2546 januas.
3053 2476 3270 2548 Epicuri
3314 2486 3371 2532 ut
3400 2479 3667 2534 sententia

2066 2564 2337 2633 delinitur,
2368 2582 2469 2623 nec
2507 2568 2588 2624 sic
2629 2583 2790 2626 causa
2828 2578 2916 2626 est.
2967 2581 3303 2642 competens,
3344 2585 3444 2628 cur
3490 2570 3677 2644 expeti

1610 2693 1903 2755 LECTION
1907 2700 1987 2759 ES
2020 2701 2436 2763 VABIANTES.

436 2802 464 2877 ξ
495 2802 712 2877 infamia
756 2803 1117 2877 Fulu.__lnfamia
1143 2806 1295 2877 Lugd.
1318 2808 1399 2877 _B.
1433 2810 1571 2877 _quod
1618 2809 1969 2877 recipiendum.

430 2866 461 2904 ιι
494 2866 713 2918 Securus
746 2880 835 2919 ms.
864 2869 1127 2933 Utrumque
1149 2866 1285 2921 addit
1307 2866 1467 2935 Lugd:
1498 2874 1559 2922 B.

2145 2820 2168 2885 εξ
2206 2821 2289 2885 [lg
2313 2820 2454 2873 Fulv.
2481 2836 2785 2885 supervacua
2830 2840 2920 2879 ms.
2945 2831 2992 2879 et
3007 2827 3128 2879 Sab.

2143 2880 2171 2921 ἀ
2204 2882 2461 2947 Aﬂingere
2484 2880 2626 2938 Rulv.

1754 2981 2313 3048 COMMENTARIUS.

370 3102 556 3177 censet
577 3094 868 3178 immihelc.
899 3094 1537 3195 maleﬁuapiumluauitas
1568 3104 1651 3153 est
1678 3112 1810 3153 vana
1841 3101 1956 3171 opi-

2066 3103 2146 3195 ξπὶ
2185 3112 2280 3195 rei
2328 3105 2900 3195 rpoxoii‘dsaptodpswt
2941 3111 3021 3164 καὶ
3070 3108 3343 3185 συρόμενοι
3396 3107 3675 3165 ἐτύπτοντο

373 3166 485 3231 nio,
515 3165 802 3221 mSIimalio
831 3182 1009 3222 rerum
1041 3168 1296 3222 inanium.
1330 3169 1531 3223 Οιιειι..

444 3238 685 3313 Quamuis
708 3236 798 3313 ille
818 3238 888 3313 sit
923 3238 1355 3313 indolisjnfandq
1399 3256 1595 3313 semper
1633 3249 1785 3313 atque
1818 3242 1964 3313 igno-

372 3309 588 3362 miniosa
614 3309 874 3380 fugientis,
898 3320 1003 3380 etc.
1032 3309 1414 3380 PhiloSophitn.
1447 3310 1577 3365 Nam
1618 3309 1890 3368 abstinent
1931 3330 1961 3369 a

372 3378 685 3461 peccatoris
711 3378 956 3461 nonnulli
996 3378 1272 3461 pinnarum
1324 3380 1612 3461 fortnirlioe
1636 3398 1672 3461 ;_
1703 3384 1792 3438 alii
1820 3385 1961 3461 _vi_tia

371 3452 483 3523 ipsa
506 3460 853 3505 exsecrantur
900 3460 954 3523 et
1006 3452 1374 3517 detestantur;
1420 3453 1508 3507 alii
1550 3453 1782 3523 denique
1820 3454 1961 3509 infa-

370 3521 531 3596 miam
564 3531 806 3596 metuunt
828 3529 888 3596 et
907 3522 1162 3596 sinistros,
1179 3523 1247 3578 de
1271 3538 1330 3578 se
1349 3539 1604 3596 rumores
1629 3566 1644 3588 ,
1688 3521 1850 3596 atque
1880 3528 1962 3583 id-

370 3592 515 3646 circo
540 3591 702 3647 rebus
727 3592 1003 3656 ﬂagitio~is
1030 3594 1321 3650 abstinent.
1346 3595 1408 3648 lli
1434 3605 1559 3649 sunt
1585 3591 1786 3652 teneri:
1817 3599 1964 3653 fron«

371 3661 732 3739 εἰς-Ιιιιιιιὶιιθε,
762 3666 998 3739 ἐπιεικεῖς·
1023 3674 1191 3739 atque
1238 3665 1528 3739 αἰδήμωες,
1560 3683 1696 3737 quos
1733 3668 1963 3738 improbi

371 3731 567 3793 δειλοὺς
620 3743 779 3803 atque
829 3736 1026 3789 inertes
1079 3731 1453 3800 arbitrantur,
1508 3731 1963 3806 quemadtttodum

369 3813 560 3886 contra
585 3808 708 3886 τοτξς
733 3808 1105 3886 ἀνᾳισχρςδςους
1141 3816 1453 3886 constantes
1481 3818 1535 3886 et
1560 3808 1835 3886 aspris-3;.
1874 3811 1963 3865 llis

368 3873 535 3953 igitur
565 3877 763 3953 verbis
777 3873 1358 3953 describit‘Arnobins
1387 3873 1660 3953 homini-ui
1704 3881 1960 3953 αἰδήμωα.

368 3945 466 4025 Est
490 3946 634 4001 enim
685 3945 941 4025 αρδῄμῳν,
969 3950 1057 4025 qui
1089 3951 1288 4025 metuit
1306 3952 1371 4025 τὰ
1399 3953 1469 4012 εἰς
1494 3950 1689 4025 ἀδοξίαν
1708 3945 1965 4025 φαινόμενα

368 4019 566 4100 φέρειν,
604 4026 663 4099 tit
692 4016 877 4100 unum
902 4016 1242 4100 Aristoteles,
1277 4021 1326 4100 id
1353 4024 1549 4100 est-qui
1574 4016 1786 4100 infamia
1815 4016 1965 4094 u'tque

367 4088 707 4159 ignominiosa
735 4089 884 4159 fugit.
920 4101 975 4143 ιιι
1005 4092 1238 4156 loquitur
1263 4092 1552 4147 Arnobius.
1587 4088 1828 4149 Henna.

443 4156 564 4214 Non
589 4160 644 4213 in
665 4156 835 4213 omnia
850 4162 1049 4231 ﬂagitia
1069 4178 1291 4232 prwceps
1315 4180 1368 4216 se
1386 4173 1519 4218 ruat.
1548 4164 1671 4219 Haec
1696 4178 1773 4220 εει
1805 4166 1963 4221 lectio

368 4240 563 4307 vetus,‘
583 4246 745 4307 quam
765 4248 881 4307 non_
901 4232 1159 4307 debuerat
1196 4243 1403 4307 mutare
1420 4234 1693 4290 Gelenius.
1724 4235 1957 4307 Usurpa-

368 4308 459 4379 tur
478 4302 622 4379 enim
649 4301 751 4356 hoc
774 4302 998 4379 verbum
1025 4303 1319 4379 saepissime
1338 4306 1685 4379 ἐχεργητικῶς.
1712 4307 1755 4379 ill
1765 4301 1958 4364 ennio.

369 4326 459 4356 sur
478 4326 622 4356 uului
649 4326 751 4356 "ut;
774 4326 993 4356 verum"
1025 4326 1319 4373 5:l‘.|,)l5§lllle
1338 4326 1412 4359 ενε
1449 4328 1685 4379 γητικως.
1717 4326 1958 4364 HERALD.

366 4369 455 4427 Sic
482 4374 681 4428 irruere
708 4374 920 4448 active,
947 4374 1122 4448 lib_._t,
1177 4377 1322 4444 (cap.
1355 4326 1448 4445 εὖ
1499 4378 1654 4432 dixit.
1700 4378 1788 4435 Sic
1811 4396 1963 4448 pene-

2066 3175 2391 3250 ἀνακλώμενόι
2499 3175 2930 3254 maneam.

2139 3270 2404 3341 Ambiatur
2444 3270 2686 3338 flammis.
2740 3269 2936 3325 Annon
2991 3267 3281 3341 legendum
3332 3269 3676 3326 amburatur?

2067 3339 2220 3409 Quod
2243 3340 2481 3413 verbum
2525 3341 2800 3412 propriutn
2826 3341 2898 3413 de
2932 3342 3019 3409 iis,
3053 3339 3149 3413 nui
3181 3341 3494 3413 cruciantur
3529 3341 3667 3413 igni,

2067 3427 2176 3483 non
2203 3411 2359 3483 plane
2382 3410 2668 3479 necantur,
2696 3411 2841 3483 quod
2873 3424 2952 3468 εει
2984 3411 3295 3466 comburere.
3325 3410 3528 3467 ORELL.

2141 3480 2407 3536 Illibutum
2447 3498 2645 3536 necesse
2679 3480 2753 3537 est
2793 3494 3085 3552 permanent
3120 3492 3167 3537 et
3204 3483 3475 3550 intactum,
3517 3499 3675 3551 neque

2068 3552 2233 3625 ullum
2280 3570 2483 3625 sensum
2530 3556 2806 3625 mortiferis
2854 3554 3109 3617 passionis
3157 3570 3436 3607 assumere.
3496 3553 3671 3609 Proba

2069 3624 2252 3680 lectio.
2309 3624 2442 3679 Nam
2497 3626 2586 3695 qui
2644 3624 2991 3681 sertbendum
3046 3625 3362 3679 existimant
3416 3634 3667 3692 assumat,

2071 3696 2231 3765 plane
2273 3696 2547 3751 falluntur.
2597 3696 2688 3751 llis
2728 3696 3013 3751 modorum
3062 3695 3454 3755 mutationibus
3482 3695 3669 3750 delec-

2071 3776 2252 3821 tantur
2281 3766 2391 3820 ΑΓιοί
2420 3767 2730 3836 scriptores.
2766 3769 2906 3821 infra
2934 3785 2945 3821 :
2978 3765 3160 3837 Itaque
3191 3783 3305 3821 cum
3333 3765 3475 3819 nobis
3500 3765 3671 3819 inten-

2070 3837 2203 3891 dutis
2225 3838 2535 3891 aversionem
2562 3853 2626 3891 ea:
2653 3838 2900 3907 religione
2927 3838 3181 3907 priorum.
3209 3853 3415 3891 causam
3439 3837 3649 3891 conveni

2070 3918 2125 3961 ut
2168 3908 2476 3980 inspiciatis,
2517 3924 2619 3961 non
2660 3912 2890 3980 factum.
2932 3924 3022 3961 nec
3066 3909 3189 3980 quid
3248 3909 3666 3976 relinqueremus,

2070 3994 2359 4048 apponere;
2389 3978 2477 4030 sed
2516 3978 2671 4033 secuti
2698 3981 2819 4040 quid
2853 3981 3030 4045 simus,
3069 3979 3386 4046 potissimum
3419 3980 3666 4033 contueri.

2071 4049 2313 4105 HFRALD.
2338 4079 2409 4090 —-
2446 4048 2543 4103 Ms.
2575 4065 2673 4119 pro
2697 4051 2971 4113 illibatum,
3000 4048 3142 4118 quod
3168 4058 3306 4119 este
3330 4051 3671 4119 correctione

2070 4122 2301 4187 Gelenii,
2351 4117 2586 4174 illwsum'
2615 4131 2803 4176 tamen.
2851 4117 3325 4176 OnuLt..—C0ttf.
3372 4118 3550 4191 lntpp.
3599 4120 3670 4176 ad

2067 4192 2203 4247 Livii
2234 4207 2346 4252 xxi,
2371 4192 2457 4248 49.
2488 4191 2759 4247 Ocnsnun.

2150 4283 2336 4337 Verum
2361 4284 2512 4338 etiam
2549 4268 2898 4352 PhilosOpItiw
2918 4282 3081 4352 ipsius
3110 4298 3321 4336 causam
3352 4282 3505 4338 tollit.
3542 4281 3669 4338 "me

2068 4356 2411 4424 explicantur
2468 4356 2643 4426 capite
2683 4354 2952 4424 sequenti,
3003 4354 3086 4408 his
3137 4354 3313 4426 verbis
3353 4370 3366 4407 :
3416 4352 3670 4408 Medietas

370 4453 524 4518 (rare.
554 4460 826 4518 emergere,
853 4421 979 4513 alia,
1005 4421 1243 4514 Plaitttis,
1273 4421 1957 4518 :4puleiusfaliifbiaimsf,

2066 4421 2185 4518 ergo
2209 4428 2463 4518 qua'ed'am,
2494 4421 2551 4518 εί
2571 4421 2862 4509 animarum
2889 4441 3077 4495 anceps
3112 4425 3453 4496 ambiguoque
3484 4434 3672 4478 natura

603 4515 695 4569 nd.

442 4585 715 4653 Superum.
763 4585 835 4641 Ita
879 4586 1177 4644 Salmasius
1207 4604 1272 4644 ex
1308 4589 1688 4646 emendatione
1717 4590 1958 4648 Meursii.

368 4656 512 4727 Alii:
541 4658 792 4727 superbia.
823 4657 927 4713 Abi
952 4675 966 4712 :
996 4676 1208 4727 superae.
1240 4659 1441 4715 ORELL.

661 4759 732 4769 —
790 4730 898 4784 Sed
946 4726 1240 4804 memoratae
1289 4732 1430 4801 apud
1468 4733 1664 4804 inferos
1705 4749 1867 4800 paena:
1915 4744 1961 4789 et

369 4800 739 4869 suppliciorum
791 4800 1056 4873 generibus
1110 4800 1482 4870 multiformes?
1525 4800 1749 4858 Scilicet
1806 4814 1960 4873 pote-

369 4879 495 4944 runt
520 4885 641 4944 eum
672 4871 954 4944 territare?
976 4872 1127 4938 Quod
1153 4875 1505 4942 repetendum
1528 4890 1597 4929 ex
1618 4871 1962 4944 verbisiprzc-

369 4939 687 5019 cedentibus
717 4962 730 4996 :
761 4943 829 4998 Et
855 4944 941 5013 qui
969 4946 1151 5014 poterit
1175 4939 1401 4998 territuri
1421 4946 1712 5015 formidinis
1737 4939 1962 5019 alicujus

369 5011 579 5065 horrore
597 5013 623 5067 ?
649 5012 859 5071 OnELL:

440 5084 541 5135 Aul
588 5098 817 5140 rotarum
872 5086 1168 5144 volubilium
1216 5087 1575 5141 circumactus.
1632 5086 1749 5141 Jam
1804 5088 1962 5156 igitur

369 5156 706 5228 temporibus
738 5158 861 5224 illis,
896 5161 1091 5225 quibus
1124 5157 1326 5211 fabulas
1351 5160 1481 5212 isms
1512 5158 1801 5228 ﬂugcbant,
1837 5170 1954 5213 rota

368 5226 600 5294 pmoalis
647 5228 698 5281 in
747 5246 843 5284 usu
887 5242 1024 5285 erat.
1070 5229 1339 5297 Supplicia
1379 5230 1522 5285 enim
1562 5226 1852 5283 Inl'rrorttm
1892 5230 1959 5284 ad

365 5298 629 5369 supplicia
668 5302 973 5355 communia
1015 5299 1512 5357 accommodabant.
1545 5300 1676 5355 Rota
1710 5301 1957 5369 pmnalis,

365 5366 436 5421 dc
462 5384 565 5434 qua
598 5370 859 5426 videndus
888 5370 1138 5441 Cuiacius
1164 5371 1348 5433 0bss..
1383 5372 1476 5425 lib.
1507 5387 1585 5431 tu.
1618 5366 1789 5424 fuerat.
1829 5366 1957 5424 olim

365 5452 526 5514 paena
554 5454 838 5514 servorum
869 5445 1117 5514 pr0pria;
1149 5442 1243 5496 sed
1278 5454 1458 5511 postea
1491 5448 1556 5495 ad
1589 5442 1825 5496 eruenda
1851 5443 1958 5496 cri-

366 5511 515 5564 mina
553 5512 607 5566 in
637 5511 1028 5581 qttazstionibus
1068 5514 1327 5568 adhibita.
1375 5513 1743 5583 Alligabantur
1780 5525 1958 5567 autem

366 5587 597 5655 rot:c_ct
642 5584 1090 5639 distendcbantnr
1127 5603 1139 5636 :
1179 5593 1341 5651 atque
1384 5600 1445 5637 ea
1488 5593 1733 5638 contorta
1777 5583 1960 5655 ﬂagris

364 5649 731 5734 caedebantur.
777 5654 932 5734 _Uude
960 5649 1580 5734 στρξϐὶρῦσθαι-ιιςοριοίθ
1604 5664 1685 5711 est
1716 5649 1953 5734 torqueri.

362 5721 652 5782 Scholiast.
700 5728 974 5800 Aristoph.
1019 5721 1087 5784 t'td
1132 5727 1256 5782 Patt.
1303 5728 1364 5782 Οἱ
1406 5725 1568 5785 δοῦλοι
1615 5721 1956 5802 σφαλλόμενοι,

370 4512 423 4567 in
453 4513 600 4585 App:

2065 4495 2230 4570 locum
2260 4496 2600 4570 pltilowpltire
2624 4498 2843 4570 peperit,
2874 4507 2921 4552 et
2941 4512 3171 4562 causam,
3199 4495 3291 4551 cur
3314 4506 3666 4568 appeteretur,

2061 4568 2267 4623 invenit.
2304 4568 2541 4625 ιΙειιΑιι).

2133 4663 2207 4715 Ac
2249 4679 2338 4731 per
2379 4663 2550 4734 omnia
2593 4663 2859 4717 libidinum
2885 4678 3072 4734 genera
3097 4659 3401 4734 elfrenatunt
3426 4676 3669 4731 spargere

2062 4734 2325 4789 immensa:
2347 4733 2641 4801 cupiditatis
2668 4733 2925 4788 ardorem.
2956 4733 3033 4788 Ex
3062 4733 3323 4787 affinitate
3359 4733 3666 4787 litterarum

2064 4807 2286 4858 verbum
2320 4804 2545 4871 periisse
2585 4816 2824 4866 autumo,
2853 4804 2997 4872 quod
3031 4820 3135 4858 non
3179 4818 3364 4871 parum
3397 4802 3568 4872 possit
3597 4801 3665 4856 ad

2062 4870 2435 4931 exornaudum
2480 4884 2692 4944 trOpttttt
2733 4890 2747 4926 :
2791 4870 2964 4942 eoque
3008 4870 3254 4944 rescribo
3299 4892 3313 4928 :
3359 4870 3667 4944 e/freualum

2061 4947 2276 5018 spatiari
2312 4943 2578 5018 immensae
2610 4944 2907 5018 cupiditatis
2958 4946 3165 5018 ardore.
3216 4943 3479 4998 Geminus
3520 4943 3662 5018 apud

2062 5014 2339 5073 auctorem
2377 5016 2520 5070 hunc
2562 5014 2712 5071 locus
2757 5014 2850 5070 lib.
2891 5029 2968 5070 ιν.
3019 5015 3265 5085 ideoque
3296 5015 3664 5069 attexcndns:

2064 5088 2232 5142 Deum
2260 5091 2528 5142 adumasse
2554 5087 2767 5160 (Jovem
2802 5095 2931 5155 puto
2961 5084 3276 5160 Maximum)
3303 5100 3354 5160 et
3374 5101 3465 5147 per
3491 5101 3667 5160 omnes

2063 5160 2331 5213 libidinum
2367 5155 2573 5229 formas
2594 5169 2903 5213 mceslurum
2939 5155 3280 5229 cupiditatum
3308 5155 3667 5229 circumegisse

2064 5225 2415 5302 pellaciam.'S
2423 5231 2732 5302 patiutoretn
2738 5245 2833 5295 pro
2847 5240 2987 5302 errat
2995 5225 3090 5302 ore
3103 5227 3387 5302 collocavit
3414 5225 3483 5280 Μ.
3507 5225 3663 5302 (_Iato,

2064 5297 2388 5356 iestantibus
2416 5297 2670 5370 l'ompeio
2693 5300 2856 5355 Festo
2883 5308 2938 5353 et
2963 5298 3236 5354 Maurobio
3267 5298 3362 5353 lib.
3389 5313 3486 5370 vti.
3502 5297 3663 5370 Apud
3690 5340 3691 5343 η

2063 5372 2375 5428 Petronium
2418 5367 2635 5441 quoque
2671 5372 2722 5426 id
2767 5370 3011 5425 vocabuli
3058 5379 3333 5441 repertum
3393 5367 3528 5435 Vidi,
3562 5369 3664 5441 ait,

2062 5444 2311 5514 quosdam
2359 5438 2752 5514 conspatiunles.
2806 5438 3336 5514 Swwacn.éNon
3382 5454 3520 5509 opus
3568 5439 3668 5514 hac

2062 5512 2394 5580 conjectura.
2437 5513 2745 5582 Metapltora
2784 5513 2942 5567 ducta
2983 5529 3013 5567 a
3052 5513 3301 5575 navibus,
3334 5527 3458 5582 qua:
3490 5512 3670 5566 ventis

2062 5584 3015 5664 apahrguutnrperrpqnora.Queu..
3094 5652 3132 5664 n
3176 5655 3189 5664 .
3292 5652 3303 5664 ι
3386 5659 3397 5664 Δ
3524 5662 3533 5664 ᾼ
3613 5651 3644 5664 Δ,

2137 5652 2215 5711 Si
2243 5652 2583 5711 animuelethi
2605 5652 2794 5711 adeunt
2831 5658 3048 5725 januas,
3084 5652 3307 5724 Epicuri
3341 5659 3399 5707 ut
3426 5652 3682 5705 sententia

2063 5727 2328 5784 deﬁnitur.
2360 5728 2630 5799 Epicurus
2662 5727 2781 5786 scil.
2819 5726 3112 5797 statuebat,
3139 5729 3397 5787 animum
3422 5735 3532 5777 una
3567 5733 3689 5777 cum
