4236 6264
1700 251 1977 312 ARNOBII
2015 253 2378 314 ADVERSUS
2413 255 2687 315 GENTES

3774 256 3887 315 860

585 365 927 439 philosOphia
957 366 1187 422 debeat:
1219 367 1433 423 etiamsi
1462 381 1647 424 verum
1687 378 1772 425 est
1815 368 2028 441 purgari
2074 367 2174 424 bac
2201 371 2253 431 Α
2280 370 2582 427 sustinere:
2615 371 2705 428 alii
2731 384 2860 428 vero
2887 381 3202 444 perpetuas,
3240 388 3342 430 nec
3387 375 3439 430 in
3490 384 3681 431 natura
3717 391 3886 447 posse

591 459 828 527 animas,
859 468 1019 530 atque
1066 459 1137 515 ab
1175 461 1325 516 omni
1371 474 1530 532 puras
1576 460 1869 518 vitiositate
1914 462 2175 533 praistari.

588 551 724 608 Nam
769 553 815 606 si
865 552 1225 608 communiter
1267 553 1503 620 obeunt,
1532 563 1588 609 et
1622 555 1675 609 in
1705 553 1835 623 ipsis
1862 554 2181 622 corporibus

586 660 781 703 sensus
811 646 891 702 eis
918 646 1129 717 deperit
1152 649 1588 720 extinguiturque
1606 647 1783 703 vitalis
1804 667 1818 704 :
1837 665 1943 703 non
1975 657 2179 703 tantum

586 749 674 795 est
702 738 904 795 erroris
933 739 1175 805 maximi.
1203 757 1386 797 verum
1419 741 1629 798 stolida:
1657 742 1935 809 caecitatis,
1962 740 2181 799 frenare

587 830 858 900 ingenitos
878 832 1170 902 appetitus,
1188 833 1444 889 cohibere
1472 834 1524 888 in
1557 834 1815 905 angustiis
1838 835 2019 903 vitam,
2046 835 2182 893 nihil

587 924 870 995 indulgere
895 934 1121 994 naturae,
1148 941 1253 980 non
1275 926 1419 997 quod
1441 926 1722 997 cupidines
1739 929 1999 997 jusserint
2022 937 2183 997 atque

586 1018 962 1089 instigaverint
990 1017 1188 1083 facere,
1218 1034 1340 1073 cum
1370 1019 1512 1074 nulla
1546 1029 1596 1074 te
1627 1021 1842 1089 prtemia
1876 1022 2008 1076 tanti
2035 1021 2184 1077 labo-

587 1111 663 1165 ris
708 1118 1012 1179 expectent,
1044 1125 1166 1166 cum
1193 1110 1308 1166 dies
1336 1112 1525 1168 mortis
1554 1112 1864 1180 advenerit,
1896 1123 1950 1169 et
1985 1129 2182 1184 corpo-

589 1203 793 1259 ralibus
828 1203 992 1260 lueris
1018 1203 1248 1258 vinculis
1277 1206 1572 1261 eaSolntus.

662 1294 856 1352 XXXI.
887 1296 1145 1353 Medietas
1172 1314 1303 1368 ergo
1330 1300 1631 1370 quaedam,
1662 1309 1718 1355 et
1758 1300 2055 1355 animarum
2087 1316 2184 1355 an-

588 1406 719 1462 ceps
744 1388 1100 1463 antbignaque
1131 1402 1341 1460 natura,
1368 1393 1551 1448 locum
1568 1392 1922 1464 philosophia:
1953 1394 2181 1463 peperit,

588 1494 643 1540 et
673 1499 892 1539 causam
921 1500 1016 1538 cur
1055 1494 1419 1554 appeteretur,
1452 1486 1652 1541 invenit
1680 1504 1693 1539 :
1724 1484 1849 1540 dum
1890 1484 2182 1555 periculum

588 1575 797 1633 scilicet
823 1592 890 1633 ex
917 1576 1071 1633 malis
1099 1577 1201 1634 iste
1230 1577 1483 1632 formidat
1509 1578 1756 1634 admissis
1788 1598 1802 1634 :
1832 1579 1969 1633 alter
1996 1579 2183 1634 conci‘

588 1669 669 1741 pit
699 1682 825 1739 spes
856 1669 1047 1733 bonas,
1075 1670 1120 1723 si
1147 1668 1281 1723 nihil
1308 1670 1527 1725 sceleris
1554 1669 1737 1737 faciat,
1767 1681 1821 1726 et
1847 1687 1969 1726 cum
2006 1670 2184 1727 oflicio

588 1765 753 1820 vitam
778 1764 1094 1837 iustitiaque
1123 1764 1391 1821 traducat.
1413 1765 1652 1821 lndeest
1676 1766 1820 1837 quod
1842 1766 1980 1821 inter
1999 1765 2190 1822 doctos

588 1859 770 1924 viros,
802 1867 857 1914 et
897 1858 1236 1929 ingeniorum
1280 1859 1599 1916 excellentia
1643 1859 1928 1930 pneditos,
1966 1859 2032 1913 de
2072 1858 2191 1913 aui-

589 1965 800 2006 marum
850 1951 1108 2022 qualitate
1153 1962 1427 2010 certamen
1474 1962 1600 2008 est:
1628 1960 1683 2008 et
1732 1966 1826 2008 eas
1868 1951 1961 2007 alii
2005 1950 2190 2009 dicunt

590 2048 807 2108 mortali
834 2064 958 2106 esse
996 2060 1188 2106 natura
1210 2088 1225 2119 ,
1252 2066 1353 2106 nec
1380 2050 1616 2107 divinam
1644 2065 1806 2122 posse
1832 2048 2188 2105 substantiam

2284 465 2614 537 degenerare
2661 467 2896 523 mortali.
2925 467 3077 537 Quod
3116 468 3255 524 istud
3285 478 3311 506 ἰ
3341 478 3399 525 ιιι
3426 469 3547 537 fiat,
3577 472 3888 530 medietatis

2288 554 2521 615 efficitur
2552 559 2669 631 lege
2699 579 2713 616 :
2743 561 2888 631 quod
2924 570 2979 619 et
3008 562 3113 618 illis
3153 573 3466 633 argumenta
3497 573 3622 620 sunt
3651 576 3883 636 pratsto,

2284 651 2477 722 quibus
2503 667 2595 707 eas
2623 652 2859 722 passives
2885 662 3048 722 atque
3078 654 3371 711 interibiles
3393 656 3696 711 invenitur:
3722 666 3778 713 et
3800 657 3884 713 bis

2286 752 2470 798 contra
2500 758 2604 798 non
2632 744 2850 813 desunt,
2882 746 3080 817 quibus
3106 761 3228 803 esse
3271 745 3477 803 divinas
3515 748 3886 805 immortales.

2288 850 2392 906 que
2419 844 2765 892 monstratur.
3718 886 3726 891 .

2361 925 2577 983 XXXII.
2597 928 2857 984 “(eccum
2880 929 2949 984 ita
2980 944 3038 985 se
3067 929 3316 999 habeant,
3344 940 3397 986 et
3425 946 3548 987 cum
3575 932 3645 988 ab
3669 948 3888 989 summo

2289 1021 2540 1077 traditum
2572 1031 2851 1078 teneamus
2879 1033 3121 1085 auctore,
3155 1040 3259 1080 non
3307 1040 3430 1081 esse
3476 1026 3690 1089 animas
3725 1028 3890 1099 longe

2288 1116 2357 1170 ab
2382 1114 2612 1170 hiatibus
2652 1116 2840 1170 mortis
2866 1127 2921 1171 et
2950 1116 3193 1172 faucibus
3219 1119 3541 1173 constitutas
3572 1136 3586 1174 :
3614 1134 3774 1188 posse
3804 1131 3893 1175 ta-

2291 1224 2412 1263 men
2457 1208 2726 1279 longaevas
2756 1211 2951 1265 summi
2996 1211 3254 1281 principis
3284 1225 3506 1266 munere
3530 1226 3593 1267 ac
3623 1212 3892 1269 beneﬁcio

2293 1300 2405 1357 fieri
2427 1302 2502 1354 :si
2533 1300 2693 1355 modo
2717 1301 2864 1356 illum
2890 1310 3099 1357 tentent
3119 1317 3182 1358 ac
3203 1302 3532 1358 meditemur
3556 1320 3888 1374 agnoscere:

2291 1393 2411 1461 ejus
2438 1392 2584 1448 enim
2613 1393 2844 1461 cognitio
2873 1392 3197 1448 fermentum
3225 1392 3494 1463 quoddam
3525 1406 3609 1450 cst
3640 1395 3762 1449 vitm
3784 1438 3799 1460 ,
3822 1408 3892 1451 ac

2293 1485 2371 1540 rei
2394 1484 2746 1540 diSSociabilis
2771 1486 3036 1557 glutinum
3065 1503 3078 1540 :
3110 1496 3218 1540 tum
3256 1486 3452 1542 deinde
3490 1486 3703 1544 feritate
3725 1500 3894 1561 atque

2291 1580 2677 1636 inhumanitate
2720 1580 3008 1649 depositis,
3050 1589 3327 1635 resumam
3375 1582 3587 1652 ingenia
3633 1583 3891 1638 mitiora:

2293 1682 2350 1729 ut
2375 1682 2430 1728 at
2458 1672 2616 1738 illud,
2648 1672 2790 1743 quod
2817 1671 3062 1736 dabitur,
3087 1686 3209 1727 esse
3254 1672 3459 1742 possint
3498 1682 3716 1740 paraue.
3748 1673 3893 1742 Quid

2294 1762 2543 1838 estquod
2570 1781 2601 1821 a
2629 1767 2782 1822 vobis
2810 1776 3080 1837 tamquam
3108 1766 3250 1822 bruti
3271 1773 3328 1821 et
3356 1765 3534 1822 stolidi
3560 1766 3888 1836 iudicemur,

2294 1861 2339 1916 si
2366 1869 2585 1931 propter
2614 1860 2714 1915 hos
2758 1868 2931 1915 metus
2958 1859 3229 1914 liberatori
3259 1857 3619 1916 dedidimus-1’
3648 1869 3703 1915 et
3731 1876 3893 1916 man-

2294 1953 2590 2022 cipavimus
2618 1967 2718 2007 nos
2749 1951 2900 2007 Deo?
2930 1950 3203 2007 Adversus
3231 1951 3367 2007 ictus
3394 1953 3610 2020 anxios,
3642 1962 3697 2007 et
3725 1968 3894 2009 vene-

2294 2053 2447 2101 natos
2472 2045 2818 2102 colubrarum
2850 2058 3060 2100 morsus
3082 2084 3098 2113 ,
3129 2042 3369 2099 remedia
3420 2058 3569 2114 saepe
3615 2045 3893 2116 conquiri-

1818 2162 2202 2221 LECTIONES
2237 2160 2654 2220 VARIANTES.

652 2280 681 2314 ⁸
705 2278 831 2346 Quid
863 2280 994 2335 istud
1025 2278 1142 2338 Sab.

2355 2274 2388 2315 ι’
2423 2275 2507 2329 Ila
2527 2268 2645 2328 Sub.
2672 2276 2898 2329 dedimus
2915 2270 3022 2331 alii.

1969 2452 2525 2520 COMMENTARIUS.

590 2587 819 2647 corpore
854 2574 1015 2647 gigni,
1058 2591 1325 2641 crescere,
1365 2592 1651 2635 senescere
1681 2588 1736 2633 et
1767 2577 2009 2633 interire.
2045 2577 2179 2633 Vide

590 2645 831 2713 Lucret.,
865 2645 960 2702 lib.
992 2662 1073 2715 tu,
1103 2663 1246 2704 vers.
1284 2648 1392 2706 418
1412 2676 1481 2690 —-
1503 2650 1627 2707 840.
1661 2650 1863 2707 Onaso.

664 2718 890 2792 Purguri
915 2721 1251 2792 liac‘auimas.
1283 2723 1357 2777 lta
1388 2722 1671 2790 legendum
1694 2722 1782 2792 (ex
1804 2719 2182 2792 emendatione

590 2788 853 2859 Meursii),
883 2807 986 2846 non
1011 2790 1102 2847 has
1128 2793 1346 2848 animus.
1375 2788 1775 2862 Pliilosotihiam
1805 2790 2185 2846 existimabant

590 2876 712 2939 esse
755 2866 913 2939 ζωῆς-
932 2864 1239 2939 ἀνθρωπίνης
1288 2866 1528 2939 κάθαρσιν
1579 2868 1659 2939 καὶ
1700 2865 2017 2939 afﬁrmat;
2050 2862 2185 2939 Vide

596 2932 873 2987 Platonem
902 2934 953 2988 in
984 2932 1272 2998 Phaedone,
1300 2949 1352 2990 et
1388 2932 1689 2990 Hieroclem
1717 2936 1769 2988 in
1794 2950 1956 2988 aurea
1983 2934 2185 3005 Pytha-

592 3018 878 3073 goreorum
907 3008 1169 3063 carmina.
1197 3006 1435 3063 ΙΙειιΑιο.

2283 2577 2490 2653 λοῦιςρον
2507 2575 3184 2653 ⁸τὶς-ιοιξλαεννιὰσεεείς,,ζιιυαιῖνιιηι
3210 2574 3623 2653 νςῃεηεηιῑὶοηίς,
3648 2572 3718 2653 ab

2287 2645 2428 2715 stolb
2457 2645 2521 2699 ad
2553 2645 2683 2711 Ti't.,
2713 2662 2790 2712 ιιι,
2822 2647 2876 2703 5.
2908 2645 3021 2702 Hoc
3046 2657 3226 2701 autem
3255 2646 3375 2700 loco
3408 2645 3724 2715 perstringit
3757 2647 3884 2700 bre-

2277 2711 2426 2773 ’νηρι-
2473 2725 2527 2772 et
2574 2711 2805 2773 obscure
2855 2718 3125 2772 Arnobius
3176 2733 3238 2773 ea
3289 2711 3421 2787 qnze'
3458 2711 3889 2787 observabuntur

2288 2789 2390 2864 πρὸ
2415 2795 2501 2843 τοῦ
2531 2788 2905 2864 βαπτίσματος,
2934 2789 3068 2843 Dicit
3092 2789 3144 2842 in
3168 2787 3623 2864 praecedentibus:
3647 2786 3711 2864 Si
3728 2788 3885 2841 modo

2292 2856 2441 2914 illum
2466 2856 2656 2913 tentent
2677 2856 2740 2912 ne
2765 2861 3069 2914 meditemur
3092 2856 3387 2930 agnoscere.
3419 2858 3511 2915 Sic
3529 2856 3883 2912 Catecltume-

2294 2945 2484 2985 norum
2508 2930 2754 2986 ordinem
2774 2930 3097 2986 subindlcat.
3121 2929 3504 2984 Catechumeni
3521 2930 3681 2995 enim,
3709 2930 3887 2995 prius-

2293 3017 2452 3074 quam
2483 3001 2902 3070 baptizarentur,
2931 3008 3251 3074 κατηχοῦντο
3280 3010 3335 3055 et
3364 3001 3710 3074 iugdoctrina:
3738 2999 3887 3054 chri-

666 3073 733 3147 ln
763 3075 887 3147 ipsis
915 3079 1211 3147 corporibus
1244 3095 1421 3132 sensus
1457 3078 1526 3133 eis
1556 3077 1749 3143 deperit
1785 3076 2192 3147 extinguiturque
2235 3143 2261 3147 ῃ
2292 3073 2790 3147 stiatta:_priucipiis
2822 3071 3257 3147 instituebantur,
3286 3087 3349 3126 ac
3374 3071 3645 3147 Christum
3670 3086 3888 3147 _coguo-

592 3142 791 3219 uitalia.
836 3145 963 3215 Logi
1004 3142 1206 3205 ’νοιιιηι
1242 3164 1255 3200 :
1300 3166 1413 3207 cum
1462 3149 1588 3219 ipsis
1624 3142 1951 3216 corporibus.
2005 3142 2186 3204 Fabio.
2219 3143 2265 3209 C
2296 3157 2450 3198 scere
2477 3142 2830 3219 docebantur,
2862 3144 3061 3219 deinde
3091 3144 3248 3198 [idem
3285 3142 3887 3219 suamprolitebantur,

595 3214 789 3284 Tangit
827 3214 969 3290 enim
1011 3219 1278 3290 Arnobius
1312 3214 1648 3290 argumenta,
1677 3214 1872 3287 quibus
1901 3221 2184 3274 mortalem

595 3300 736 3360 esse
756 3288 989 3360 animam
1027 3288 1244 3345 efficere
1281 3288 1635 3346 conabantur.
1684 3293 1858 3360 Atque
1903 3291 2039 3344 inter
2082 3291 2186 3345 alia

595 3354 939 3431 inculcabant
974 3362 1263 3430 pra-cipue,
1295 3363 1347 3417 in
1388 3361 1504 3431 ipso
1548 3354 1787 3428 corpore
1821 3362 2054 3416 animam
2089 3362 2181 3416 mi-

597 3427 711 3501 nui,
750 3427 1043 3501 corrumpi,
1091 3427 1155 3486 el
1186 3427 1563 3489 tandem'cum
1611 3427 1676 3487 eo
1722 3433 2008 3501 exstingui.
2057 3432 2185 3488 Eam

595 3499 739 3554 enim
778 3500 837 3573 in
885 3504 1041 3570 trgris
1087 3518 1316 3573 aegram;
1357 3505 1408 3559 iu
1454 3512 1615 3557 rotate
1659 3502 1816 3558 fessis
1857 3499 2083 3570 fessam;
2125 3520 2189 3559 ac

595 3584 719 3653 cum
773 3572 957 3626 interit
1003 3572 1220 3653 corpus,
1250 3577 1409 3653 stniul
1445 3590 1565 3653 cum
1611 3574 1742 3647 ipsis
1778 3575 2034 3653 partibus,
2070 3591 2188 3643 qua:

596 3646 772 3711 primo
801 3646 1666 3718 consopiuutur,eXStingui,_etc.
1708 3662 1829 3715 qum
1868 3648 2047 3718 omnia
2087 3656 2193 3700 tra-

595 3720 811 3788 ctantur
848 3730 878 3767 a
926 3714 1177 3788 Lucretio
1206 3716 1281 3771 lib
1323 3726 1398 3784 tit,
1425 3714 1486 3774 et
1523 3715 1800 3773 diluuntur
1838 3732 1867 3770 a
1912 3714 2191 3788 Lactantio

596 3780 689 3839 lib.
723 3799 816 3851 vn,
848 3800 967 3855 cap.
1004 3787 1091 3843 12.
1127 3787 1369 3845 Ηειιλιυ.

665 3876 864 3934 XXXI.
921 3910 994 3921 —
1054 3880 1298 3938 Medietas
1355 3899 1472 3954 ergo
1522 3882 1756 3954 quasdam
1807 3892 1853 3936 et
1902 3884 2192 3939 animarum

595 3967 782 4025 auceps
811 3954 1148 4025 ambiguoque
1189 3964 1372 4009 natura
1403 3960 1569 4010 locum
1602 3956 1942 4025 philosOpItite
1973 3957 2185 4024 peperit.

598 4021 725 4076 llaec
762 4023 907 4079 enim
951 4021 1049 4079 fuit
1088 4024 1391 4082 Stoicorum
1428 4021 1709 4081 doctrina:
1737 4021 1904 4095 quare
1941 4021 2062 4094 qua:
2100 4025 2188 4081 hic

596 4095 812 4166 scripsit
839 4096 1111 4151 Arnobius
1141 4097 1209 4154 de
1224 4097 1522 4156 medietate
1548 4098 1870 4160 animarum,
1902 4113 1962 4150 ea
1996 4098 2188 4166 partim

595 4179 627 4221 e
649 4163 951 4239 Stoicorum
979 4166 1185 4233 scitula,
1220 4171 1411 4236 partim
1440 4184 1471 4224 e
1499 4169 1764 4239 scriptura
1795 4163 2077 4238 perperam
2109 4170 2188 4222 in-

598 4237 810 4292 tellecta
851 4236 1122 4333 bauserat.
1171 4240 1324 4295 Conl.
1359 4236 1771 4365 Lactant.',“lib.
1797 4236 1907 4305 vn,
1943 4256 2062 4311 cap.
2095 4240 2187 4298 20.

1688 4327 1879 4365 suaso.

570 4329 576 4335 υ
866 4314 887 4333 ‘
1641 4314 1879 4367 "suam.

673 4399 782 4474 Nec
816 4407 885 4474 jn
938 4410 1125 4456 natura
1180 4420 1327 4470 posse
1376 4404 1681 4474 degenerare
1728 4403 1950 4457 mortali.
2003 4402 2194 4459 Editur

2295 3222 2481 3285 postea
2517 3214 2762 3283 precibus
2791 3230 2853 3270 ac
2876 3215 3099 3283 jejuniis
3131 3229 3348 3284 operam
3384 3214 3585 3285 dabant
3623 3214 3889 3285 septeni-

2294 3283 2514 3341 ieittiam
2572 3288 2857 3355 agebant,-
2891 3283 3177 3341 feritatem
3219 3297 3381 3351 atque
3438 3283 3885 3339 inhumanitatem

2295 3357 2646 3439 deponentes.
2677 3369 2735 3439 ut
2757 3358 2825 3410 ad
2861 3355 2995 3411 illud
3023 3357 3161 3439 quod
3199 3356 3403 3409 dabitur
3430 3356 3757 3439 esseupossiut
3787 3372 3887 3437 pu-

2294 3438 2440 3490 ralw,
2472 3428 2523 3482 id
2553 3438 2636 3482 est
2670 3428 2737 3482 ad
2773 3426 3208 3483 comunmiunem
3236 3429 3479 3496 corporis
3508 3426 3731 3487 Christi.
3764 3427 3888 3495 quia

2295 3501 2499 3562 statim,
2549 3515 2671 3555 cum
2714 3509 2896 3554 essent
2922 3498 3198 3569 baptizati,
3225 3501 3275 3553 iu
3304 3510 3625 3552 conventum
3651 3497 3889 3552 deduce-

2295 3568 2510 3635 bantur,
2550 3580 2712 3641 atque
2745 3570 2817 3626 ibi
2848 3568 3237 3625 Eucharistiam
3262 3568 3684 3641 iparticipabant.
3715 3571 3889 3623 Antea

2296 3642 2473 3707 enim,
2511 3640 2635 3695 cum
2696 3654 3092 3696 sacramentum
3135 3640 3274 3695 istud
3316 3640 3705 3705 celebraretur,
3738 3649 3889 3693 cate-

2295 3711 2548 3783 chumeni
2589 3727 2657 3766 ne
2697 3712 2919 3768 a‘derant
2959 3712 3199 3783 quidem,
3241 3711 3381 3782 quod
3428 3710 3680 3783 usitatum
3723 3712 3886 3783 etiam

2297 3782 2348 3836 in
2408 3783 2645 3851 profanis
2704 3781 3005 3853 mysteriis,
3059 3799 3089 3838 a
3142 3783 3339 3853 quibus
3387 3781 3742 3842 arcebantur.
3796 3782 3887 3849 qui

2295 3853 2487 3908 initiati
2522 3864 2577 3909 et
2609 3856 2804 3909 sacrati
2852 3870 2958 3909 non
3008 3864 3188 3909 erant.
3235 3853 3384 3910 Unde
3428 3853 3888 3916 [οι-ιιιιιιιηεἘκάς

2295 3925 2409 3999 ἑκὰς
2454 3924 2572 3999 ἔστι
2603 3927 2828 3999 ηβέϐλοι.
2855 3924 3071 3999 Procul,
3106 3926 3283 3997 procul
3317 3924 3675 3999 estegprofaui.
3708 3923 3886 3977 Etiam

2296 3997 2458 4068 verba
2504 3995 2649 4051 illud
2675 3998 2811 4068 quod
2854 3998 3081 4059 dabitur,
3107 3995 3231 4052 'etc.
3266 3996 3536 4068 translata
3578 3995 3825 4068 videntur
3852 4008 3888 4049 a

2295 4066 2545 4139 Gentium
2575 4066 2865 4139 mysteriis,
2894 4068 2945 4122 in
2972 4069 3165 4138 quibus
3189 4066 3452 4123 dabantur
3471 4067 3891 4139 quardamsym-

2297 4138 2417 4193 bola
2447 4150 2499 4196 et
2531 4136 2915 4195 memoracula.
2948 4136 3221 4194 Arnobius
3246 4139 3426 4209 igitur,
3454 4136 3575 4207 quia
3610 4136 3885 4209 audierat,

2297 4210 2412 4264 dari
2455 4211 2705 4266 fidelibus
2746 4227 2938 4283 panem
2967 4221 3023 4266 et
3053 4207 3405 4283 vinum,'nec
3433 4207 3683 4283 mysterii
3723 4208 3886 4283 hujus

2300 4283 2564 4337 rationem
2597 4283 2726 4336 satis
2747 4277 3022 4351 cognitam
3062 4282 3313 4345 habebat,
3346 4277 3542 4335 idcirco
3578 4278 3677 4332 hac
3717 4277 3787 4331 de
3820 4293 3890 4351 re

2301 4351 2541 4423 loquitur
2569 4354 2727 4421 paulo
2756 4350 3039 4408 obscurius
3060 4364 3114 4408 et
3134 4352 3313 4407 verbis
3340 4368 3444 4407 non
3473 4352 3603 4423 satis
3630 4350 3885 4419 prbpriis,

2302 4421 2463 4477 itaut
2490 4424 2713 4479 confuse
2752 4434 2957 4479 tantum
2998 4424 3195 4479 vidisse
3225 4439 3347 4478 eum
3379 4421 3579 4492 aliquid
3605 4429 3885 4491 appareat,

599 4470 930 4553 {gusti-“Bat-
1825 4490 1893 4553 ςκ
2218 4471 2273 4533 n
2297 4470 2957 4553 in.transnaturus;
3002 4470 3890 4551 agris:intentatam;

600 4541 746 4613 tione
777 4541 994 4597 Meursii
1028 4545 1079 4597 in
1120 4546 1366 4613 Append.
1413 4546 1570 4600 Male.
1618 4546 1754 4600 Vide
1796 4546 2079 4601 observata
2123 4546 2189 4602 ad

596 4611 690 4686 lib.
735 4629 771 4676 ι,
817 4629 937 4683 cap.
984 4614 1078 4678 42,
1121 4611 1179 4669 et
1208 4611 1309 4670 lib.
1352 4633 1409 4681 ιι,
1450 4631 1569 4686 cap.
1602 4616 1655 4681 2,
1688 4617 1889 4672 verba:
1932 4616 2110 4671 Veram
2137 4619 2192 4673 in

598 4684 718 4739 orbe
738 4686 1031 4755 religionem
1057 4687 1277 4741 induxit.
1305 4688 1507 4745 OBELL.

670 4774 889 4833 XXXII.
927 4808 996 4822 --
1028 4778 1163 4853 Ejus
1221 4782 1352 4835 enim
1410 4782 1631 4851 cognitio
1686 4783 1991 4853 fermentum
2030 4780 2194 4853 quod-3

598 4849 719 4904 dam
771 4860 859 4921 est
901 4855 1032 4906 vitm.
1076 4849 1347 4921 'ReSpicit
1408 4849 1696 4907 Arnobius
1728 4852 1795 4906 ad
1851 4852 2012 4906 verba
2044 4849 2191 4905 Divi

600 4921 808 4977 Soteris
836 4920 1031 4977 Joann.
1070 4939 1200 4989 xvu,
1222 4920 1374 4979 vers.
1404 4926 1456 4980 5.
1504 4927 1640 4985 Αὐτή
1675 4923 1728 4980 δέ
1770 4926 1906 4983 iam
1940 4925 1971 4982 ἡ
1999 4926 2191 4984 uicimus

599 4997 722 5069 ζωὴ,
756 4994 835 5069 is;
874 4999 1160 5069 γινῴσκωσί
1202 5018 1260 5052 σε
1301 5000 1387 5052 τὸν
1415 4998 1554 5069 μόνον
1587 4997 1807 5056 ἀληθινὸν
1844 4998 1985 5060 Θεὸν,
2028 5001 2109 5051 καὶ
2143 4993 2195 5051 ὃν

598 5066 925 5147 ἀιπςίειιυτειλοιιέἶ
952 5067 1140 5147 Ἰῃσοςιν
1155 5070 1398 5147 ΔΧριστόν.
1415 5066 1634 5147 nuptm.

675 5135 805 5189 Tum
845 5137 1026 5211 deinde
1071 5135 1270 5207 feritrite
1313 5151 1463 5211 atque
1504 5138 1892 5211 inhumanitate
1921 5136 2187 5211 depositis,

597 5217 856 5264 resumam
885 5208 1088 5279 ingenia
1116 5212 1338 5275 utiliora,
1368 5208 1420 5264 ut
1447 5212 1514 5264 ad
1541 5211 1670 5265 illud
1694 5208 1833 5279 quod
1858 5208 2060 5262 dabitur
2085 5224 2193 5265 esse

602 5281 793 5353 possint
834 5292 1044 5345 parata.
1098 5282 1187 5353 llis
1230 5283 1408 5353 verbis
1436 5296 1557 5337 cum
1599 5281 2059 5353 regenerationem
2083 5294 2190 5353 per
2250 5310 2253 5313 η

601 5352 946 5418 baptismum,
992 5361 1104 5405 tum
1149 5352 1541 5408 Eucharistiam
1586 5351 1851 5423 significat
1894 5351 2185 5418 Arnobius,

600 5423 697 5476 sed
730 5424 822 5487 ita,
864 5430 920 5476 ut
949 5424 1109 5478 verba
1151 5423 1442 5478 Gentilium
1479 5424 1543 5477 ad
1577 5424 2007 5478 Christianorum
2036 5439 2187 5479 sacra

601 5492 993 5565 accommodet.
1037 5494 1432 5549 Existimabant
1468 5497 1610 5549 enim
1640 5495 1903 5558 Gentiles,
1934 5496 2188 5565 mysteria

601 5564 765 5619 luisse
791 5566 1026 5631 inventa,
1055 5576 1111 5620 ut
1140 5566 1384 5620 homines
1404 5582 1470 5621 ex
1495 5568 1690 5636 agresti
1722 5564 2049 5634 immanique
2079 5569 2188 5620 vita

600 5639 667 5688 ad
701 5636 1081 5690 humanitatem
1109 5636 1484 5692 excolereutur
1504 5649 1556 5691 et
1578 5638 2020 5692 traducerentur:
2048 5637 2191 5692 unde

603 5705 1065 5779 initiu‘appt-llaia.
1107 5706 1227 5761 Vid.
1260 5709 1372 5762 Cic.
1406 5708 1475 5763 de
1504 5709 1666 5779 Legg.
1701 5722 1758 5768 it.
1790 5722 1909 5777 cap.
1943 5707 2029 5763 14.
2064 5708 2189 5763 Haec

603 5782 689 5829 est
726 5775 1010 5832 Nationqu
1049 5779 1388 5849 παλιγενεσία.
1420 5779 1488 5835 At
1531 5775 1828 5850 baptismus
1861 5775 2189 5852 appellatur,

2297 4565 2558 4621 NOUI'I‘ltls
2591 4576 2801 4637 putans,
2825 4567 3121 4623 Arnobiuin
3143 4566 3467 4635 generaliter
3493 4563 3547 4617 li.
3579 4564 3616 4618 l.
3647 4562 3716 4617 de
3742 4561 3889 4637 felici

2298 4638 2492 4693 animte
2537 4634 2735 4693 nostra:
2787 4634 3190 4694 immortalitate
3232 4638 3536 4705 disputare;
3569 4650 3749 4705 quam,
3782 4634 3888 4689 nisi

2298 4711 2480 4778 agnito
2534 4727 2662 4765 vero
2718 4711 2828 4765 Deo
2857 4719 2907 4766 et
2939 4725 3145 4764 morum
3176 4709 3566 4763 inhumanitate
3615 4705 3884 4778 deposita.

2298 4774 2553 4850 consequi
2582 4797 2686 4837 non
2716 4784 3001 4851 possimus.
3033 4780 3141 4836 Sed
3172 4783 3333 4836 verba
3362 4780 3493 4851 illud
3518 4776 3653 4848 quod
3679 4774 3887 4830 dabitur

2300 4852 2430 4929 mihi
2467 4854 2735 4929 singulare
2770 4853 3038 4920 quoddam
3066 4850 3505 4929 etpumptéds;
3536 4851 3779 4929 ind_i_c:tre_
3800 4850 3888 4929 yi-

2299 4922 2515 4989 dentur,
2546 4918 2691 4995 quod
2719 4918 2896 4980 autem
2925 4939 3030 4979 non
3070 4918 3158 4978 rei
3178 4918 3500 4993 ignorantia,
3534 4934 3591 4995 ut
3624 4918 3889 4995 lieraldus

2299 5006 2469 5064 putat,
2517 4991 2611 5052 sed
2651 4997 2900 5052 consulto
2939 5006 2995 5050 et
3031 4991 3323 5066 prudenter
3365 4993 3644 5066 reticuisse
3674 4991 3889 5066 videtur

2297 5062 2588 5132 Arnobius,
2624 5084 2691 5123 ne
2720 5068 2837 5122 scil.
2869 5062 3120 5123 Gentium
3168 5067 3288 5119 talia
3322 5082 3427 5121 non
3470 5062 3885 5131 intelligentiam

2293 5140 2504 5195 animos
2532 5139 2849 5196 offenderet.
2879 5140 3078 5206 Quare,
3109 5139 3213 5193 hoc
3240 5152 3347 5193 uno
3371 5147 3619 5206 excepto,
3653 5134 3886 5188 lleraldo

2291 5212 2575 5267 assentior.

2367 5287 2436 5337 At
2461 5298 2590 5339 vero
2619 5285 2808 5337 iterata
2854 5282 3048 5337 borum
3079 5282 3369 5337 verborum
3398 5279 3629 5336 lectione
3659 5276 3888 5332 meliora

2290 5352 2537 5422 edoctus,
2572 5366 2713 5409 totus
2734 5354 2845 5423 jam
2868 5353 3069 5409 accedo
3098 5353 3164 5406 ad
3188 5352 3490 5408 doctissimi
3518 5348 3737 5423 Nourrii
3758 5364 3886 5404 seu-

2294 5420 2536 5498 tentiam.
2570 5426 2715 5481 Illud
2735 5420 2880 5498 quod
2909 5426 3112 5479 dabitur
3137 5435 3220 5498 est
3249 5426 3355 5479 vita
3380 5432 3603 5481 aeterna.
3631 5420 3697 5474 ad
3725 5433 3888 5498 quam

2292 5496 2489 5550 animm
2517 5514 2641 5554 esse
2666 5488 2866 5553 debent
2893 5506 3119 5568 pnralw,
3152 5496 3201 5551 ltl
3225 5501 3308 5550 ‘cst
3337 5488 3889 5568 pr:oparata‘.._digtt:e

2293 5568 2517 5641 reddita}
2543 5586 2667 5641 quae
2715 5563 2983 5639 accipiant
3011 5572 3207 5623 virtute
3238 5563 3528 5624 scilicetet
3572 5563 3728 5618 bonis
3757 5578 3891 5634 ope-

2291 5638 2459 5693 ribus.
2484 5638 2688 5696 Otreos.

2370 5709 2670 5766 Dedidimus
2712 5720 2761 5766 et
2815 5713 3236 5782 mancipaoimns.
3281 5710 3440 5767 Fulv.
3474 5708 3660 5767 Ursin-
3691 5707 3892 5761 manci-

2291 5798 2497 5854 patum,
2529 5785 2686 5839 male.
2717 5782 2920 5839 Οιιειι..
