4258 6250
650 357 757 418 863

1796 353 2073 412 annona
2109 355 2477 415 aoveasus
2513 357 2784 418 GENTES
2835 319 2838 322 ’

3846 358 3958 417 864

719 468 962 529 XXXIV.
993 467 1129 526 Cum
1161 466 1321 538 igitur
1350 464 1468 522 lucc
1516 465 1586 521 ita
1637 466 1778 533 sint,
1809 484 2055 538 quamam
2104 470 2245 543 inju-
2275 477 2319 536 Α
2351 473 2515 538 factu,
2547 476 2621 530 illi
2647 476 2921 546 possibile,
2955 483 3114 546 atque
3138 473 3430 529 admodum
3451 473 3759 530 esecutioni
3790 483 3813 512 ε
3841 489 3948 546 pa-

655 567 802 624 stitia
823 573 968 619 tanta
987 572 1090 629 est,
1113 571 1171 617 ut
1199 561 1325 617 fatui
1348 563 1504 617 vobis
1523 562 1842 621 credulitate
1866 566 1916 620 in
1945 566 2043 621 ista
2067 568 2250 622 videa-

649 673 797 722 mur;
826 671 949 711 cum
980 670 1079 710 vos
1107 663 1162 710 et
1188 654 1388 709 similia
1417 654 1664 717 credere,
1689 666 1744 710 et
1774 656 1826 710 in
1852 657 2038 712 eadem
2073 659 2253 713 videa-

654 769 777 811 mus
801 752 1179 824 expectatione
1207 750 1454 807 versari?
1487 750 1541 807 Si
1588 751 1837 807 irrisione
1881 755 2254 810 existimamur

657 843 826 916 digni,
859 843 1000 915 quod
1025 857 1178 913 spem
1211 843 1365 898 nobis
1393 841 1698 912 huiusmodi
1730 835 2061 913 pollicemur,
2086 856 2252 902 etvos

657 937 846 994 eadem
872 943 1122 1007 expectat
1143 935 1345 1002 irrisio,
1367 935 1456 1003 qui
1483 949 1632 1004 Spem
1653 935 1806 990 vobis
1835 937 2251 993 immortalitatis

654 1030 981 1106 adscisi-itis.
997 1030 1052 1086 Si
1074 1029 1269 1086 tenetis
1290 1029 1524 1100 aliquam
1548 1030 1941 1099 sequiminiqne
1965 1031 2248 1100 rationem,

660 1135 716 1182 et
737 1125 892 1182 nobis
915 1125 1150 1195 aliquam
1178 1125 1481 1194 portioitem
1507 1139 1568 1179 es
1601 1125 1700 1178 ista
1724 1125 1932 1180 ratione
1952 1127 2248 1182 concedite.

657 1217 714 1276 Si
744 1217 900 1274 nobis
929 1217 1042 1271 haec
1068 1217 1259 1286 gaudia
1278 1256 1294 1282 ,
1328 1215 1432 1270 hoc
1459 1227 1539 1271 est
1566 1216 1706 1270 viam
1739 1217 2001 1288 fugiendae
2028 1219 2215 1274 mortis
2236 1261 2250 1285 ,

656 1309 809 1365 Plato
837 1309 888 1364 in
921 1307 1190 1364 Phaedone
1211 1317 1237 1345 ιι
1262 1308 1622 1378 promisisset,
1643 1309 1848 1364 aliusve
1865 1325 1928 1364 ex
1949 1310 2050 1364 hoc
2064 1311 2252 1377 choro,

657 1412 953 1475 possetque
983 1417 1100 1457 eam
1135 1416 1411 1473 prmStare,
1441 1413 1603 1473 atque
1641 1401 1708 1457 ad
1751 1401 1955 1458 linemb
1988 1404 2253 1474 pollicita-

661 1496 827 1551 tionis
851 1493 1591 1560 adducere,consentaneum
1623 1493 1797 1549 fuerat
1832 1495 1949 1565 ejus
1981 1499 2255 1566 suscipere

660 1604 762 1645 nos
789 1589 986 1654 cultus,
1020 1605 1047 1640 a
1078 1602 1185 1656 quo
1216 1595 1421 1641 tantum
1453 1586 1581 1642 doni
1613 1598 2030 1656 expectaremus
2054 1597 2109 1643 et
2138 1605 2257 1642 mu-

661 1685 826 1742 neris.
857 1683 1010 1739 Nuuc
1037 1698 1158 1738 cum
1188 1698 1308 1738 eam
1339 1681 1585 1738 Christus
1615 1697 1720 1737 non
1753 1691 1956 1738 tantum
1991 1683 2253 1753 promise-

2357 569 2568 622 ratum?
2595 567 2688 622 Est
2712 572 2854 624 enim
2878 567 3020 639 quod
3047 568 3263 621 obstare
3284 567 3404 637 ejus
3425 566 3800 622 voluntatibus
3828 582 3961 637 pos-

2361 660 2450 721 sit,
2487 670 2579 714 aut
2608 661 2749 730 quod
2783 676 2905 717 esse
2935 661 3184 729 voluerit,
3219 677 3326 716 non
3357 661 3664 717 necessario
3694 673 3956 733 sequatur

2360 763 2417 808 ut
2449 753 2575 809 fiat?
2605 756 2688 810 Αιι
2723 756 2977 827 numquid
3009 756 3209 811 nostris
3249 771 3317 812 ex
3343 757 3706 812 divisionibus
3725 758 3958 830 collige-

2360 864 2500 915 mus,
2526 850 2653 920 quid
2683 859 2776 904 aut
2806 851 2919 906 lieri
2952 851 3141 921 possit,
3188 858 3284 905 aut
3325 867 3430 906 non
3472 851 3688 923 possit:
3716 867 3816 907 nec
3863 867 3957 907 ra-

2361 943 2532 997 tiones
2581 943 3047 998 considerabimus
3095 953 3310 998 nostras
3342 952 3448 997 tam
3495 958 3618 999 esse
3669 944 3954 1011 mortales,

2360 1050 2518 1104 quam
2545 1050 2730 1090 sumus
2762 1051 2862 1090 nos
2887 1035 3009 1106 ipsi,
3041 1045 3092 1090 et
3124 1035 3322 1090 nullius
3349 1035 3490 1104 apud
3518 1035 3816 1106 principem
3842 1051 3962 1090 mo-

2364 1127 2566 1181 minis?
2601 1128 2663 1182 Et
2691 1137 2868 1183 tamen
2899 1144 2931 1182 o
2963 1129 3071 1193 isti,
3105 1129 3194 1200 qui
3225 1128 3417 1183 media:
3443 1128 3718 1198 qualitatis
3743 1129 3961 1186 animas

2361 1233 2482 1274 esse
2509 1234 2614 1273 non
2644 1220 2884 1281 creditis.
2921 1229 2975 1276 et
3028 1222 3081 1274 iu
3113 1221 3291 1275 medio
3323 1219 3495 1276 limite
3521 1221 3644 1275 vitae
3671 1230 3836 1292 atque
3876 1223 3964 1276 in-

2363 1314 2552 1369 teritus
2579 1313 2878 1378 contineri,
2926 1328 3105 1369 nonne
3147 1328 3337 1368 omnes
3366 1313 3609 1380 omnino,
3659 1328 3799 1385 quos
3829 1329 3956 1370 esse

2363 1405 2603 1474 opinatio
2643 1406 2976 1475 suspicatur,
3022 1405 3129 1471 dii,
3162 1405 3362 1474 angeli,
3397 1405 3694 1472 daemones,
3734 1416 3829 1460 aut
3856 1421 3960 1460 no-

2363 1495 2506 1551 mine
2553 1512 2892 1567 quocumque
2931 1504 3057 1552 sunt
3100 1498 3229 1560 alio,
3274 1498 3546 1568 qualitatis
3588 1507 3645 1553 et
3688 1499 3788 1569 ipsi
3821 1508 3954 1553 sunt

2363 1591 2574 1658 mediae,
2605 1601 2660 1647 et
2694 1592 2747 1646 iit
2775 1593 3040 1663 ambigua:
3070 1591 3232 1647 sortis
3258 1591 3571 1646 conditione
3615 1593 3905 1648 mutabiles
3926 1593 3953 1645 ἲ

2361 1684 2493 1739 Nam
2544 1685 2587 1738 si
2634 1699 2821 1740 omnes
2849 1684 3221 1751 concedimus,
3258 1700 3418 1739 unum
3464 1699 3586 1740 esse
3636 1700 3815 1740 rerum
3852 1699 3958 1752 pa-

660 1780 764 1847 rit,
813 1794 999 1833 verunt
1058 1777 1219 1833 etiam
1273 1777 1560 1831 virtutibus
1622 1778 1785 1831 tantis
1837 1777 2259 1832 manifestaverit
2289 1809 2337 1868 Β
2365 1787 2522 1843 trem,
2561 1777 2921 1832 immortalem
2961 1787 3124 1846 atque
3161 1776 3456 1843 ingenitum
3487 1776 3681 1840 solum,
3718 1776 3965 1846 nihilque

661 1887 821 1945 posse
860 1872 1122 1939 compleri
1156 1889 1168 1924 :
1199 1871 1326 1942 quid
1368 1871 1600 1927 alienum
1632 1870 1880 1938 facimus,
1906 1881 1999 1927 aut
2019 1875 2258 1928 stultitiae

661 1964 869 2020 crimen
897 1963 1092 2034 quibus
1119 1963 1417 2019 rationibus
1444 1964 1796 2032 sustinemus,
1825 1966 1869 2019 si
1900 1965 2017 2035 ejus
2059 1967 2262 2022 nomini

669 2055 1049 2127 majestatique
1087 2055 1502 2121 substernimur,
1536 2070 1566 2109 a
1604 2071 1712 2126 quo
1739 2069 2021 2126 speramus
2051 2067 2260 2113 utrum-

665 2164 803 2221 que,
831 2158 884 2204 et
923 2160 1154 2205 mortem
1183 2148 1526 2204 cruciabilem
1556 2147 1775 2219 fugere,
1803 2158 1858 2205 et
1891 2150 2012 2206 vitae
2047 2151 2264 2207 aeterni-

663 2248 775 2297 tate
803 2251 825 2280 ο
859 2240 1090 2296 donari?

729 2333 948 2390 XXXV.
991 2333 1098 2390 Sed
1141 2334 1188 2390 si
1217 2334 1442 2401 animae,
1495 2334 1773 2404 inquiunt,
1819 2335 2075 2392 mortales
2121 2346 2176 2392 et
2226 2334 2253 2373 ιι

664 2427 938 2498 qualitatis
981 2437 1112 2483 sunt
1160 2428 1384 2494 mediae,
1425 2429 1758 2485 immortales
1801 2429 2261 2501 quemadmodum

667 2518 780 2576 ﬂeri
828 2520 1022 2577 mediis
1065 2537 1130 2577 ex
1173 2523 1523 2592 qualitatibus
1567 2526 1833 2594 possunt?
1878 2524 1936 2580 Si
1988 2540 2088 2580 nos
2120 2525 2259 2580 istud

671 2612 880 2668 nescire
904 2613 1173 2678 dicamus,
1204 2629 1268 2669 ac
1298 2615 1672 2670 tantummodo
1701 2615 1942 2670 auditum
1970 2631 2035 2671 ex
2071 2626 2260 2687 poten-

673 2706 811 2762 tiore
860 2707 1158 2763 credidisse
1189 2748 1206 2775 ,
1267 2707 1356 2762 ubi
1411 2717 1595 2763 nostra
1646 2707 1917 2765 videbitur
1968 2709 2263 2764 credulitas

666 2797 838 2869 lapsa,
885 2800 930 2854 si
962 2801 1319 2871 omnipotenti
1350 2801 1678 2857 credidimus
1705 2804 1816 2873 regi
1851 2801 1980 2857 nihil
2009 2817 2131 2858 esse
2153 2803 2260 2857 dif-

666 2890 832 2961 ﬁcile,
862 2892 999 2950 nihil
1028 2893 1299 2950 arduum?
1344 2895 1398 2951 Si
1429 2895 1574 2966 quod
1615 2895 1950 2967 impossibile
1996 2896 2151 2950 nobis
2178 2905 2264 2951 est

2362 1872 2582 1926 omnino
2608 1880 2732 1926 ante
2763 1871 2933 1936 illum,
2983 1868 3128 1940 quod
3173 1869 3407 1938 alicujus
3438 1869 3738 1924 vocatninis
3769 1867 3957 1936 fuerit,

2364 1963 2632 2019 invenitur
2655 1980 2668 2020 :
2693 1962 2935 2032 sequitur
2976 1971 3034 2016 ut
3065 1961 3118 2016 hi
3160 1977 3349 2016 omnes
3383 1977 3522 2032 quos
3564 1961 3802 2032 opinatio
3830 1975 3960 2016 cre-

2362 2054 2498 2110 didit
2534 2053 2668 2110 deos
2696 2069 2819 2110 esse
2849 2054 3191 2118 mortalium,
3245 2063 3338 2107 aut
3385 2053 3452 2108 ab
3497 2068 3565 2107 eo
3607 2053 3714 2108 sint
3754 2052 3962 2123 geniti,

2364 2157 2456 2203 aut
2485 2164 2551 2204 eo
2587 2149 2810 2218 jubente
2840 2148 3074 2220 prolati?
3103 2146 3159 2203 Si
3200 2156 3327 2202 sunt
3357 2147 3551 2217 prolati
3591 2156 3649 2203 et
3683 2146 3870 2217 geniti,
3903 2155 3961 2202 et

2365 2242 2573 2298 ordinis
2595 2253 2719 2298 sunt
2742 2241 3056 2312 posterioris
3086 2249 3140 2296 et
3170 2241 3431 2311 temporis
3461 2257 3477 2296 :
3507 2240 3553 2295 si
3581 2240 3788 2295 ordinis
3829 2254 3958 2310 pos-

2368 2338 2583 2393 terioris
2629 2345 2683 2392 et
2713 2336 2994 2406 temporis,
3028 2344 3180 2390 ortus
3210 2348 3436 2390 necesse
3478 2343 3560 2389 est
3592 2332 3851 2399 habeant,
3900 2341 3958 2388 et

2367 2419 2586 2487 exordia
2617 2431 2937 2494 nativitatis,
2983 2437 3040 2484 et
3070 2429 3195 2483 vitae
3223 2445 3238 2482 :
3272 2426 3416 2498 quod
3464 2435 3643 2482 autem
3685 2425 3852 2480 habet
3881 2425 3966 2479 iu-

2368 2523 2607 2590 troitnm,
2657 2531 2712 2578 et
2754 2523 2878 2576 vitae
2921 2519 3228 2589 incipientis
3274 2517 3597 2585 exordium,
3645 2518 3957 2572 necessario

2369 2618 2613 2682 sequitur
2645 2626 2702 2671 ut
2731 2616 2932 2670 habere
2961 2614 3156 2669 debeat
3179 2623 3233 2667 et
3261 2626 3534 2666 occasum.

2441 2705 2686 2763 XXXVI.
2739 2708 2846 2764 Sed
2906 2705 3240 2761 immortales
3286 2703 3639 2775 perhibentur
3695 2703 3767 2758 dii
3817 2717 3964 2759 esse.

2369 2799 2484 2855 Non
2513 2817 2642 2871 ergo
2672 2810 2881 2867 natura,
2915 2799 3010 2856 sed
3059 2799 3338 2852 voluntate
3379 2796 3474 2852 Dei
3505 2796 3688 2867 patris,
3728 2810 3791 2850 ac
3834 2811 3968 2850 mu-

2370 2911 2522 2954 nere.
2564 2893 2682 2961 Quo
2729 2892 2888 2964 igitur
2929 2901 3085 2964 pacto
3123 2889 3546 2946 immortalitatis
3586 2886 3845 2963 largitiot
3880 2897 3971 2944 est

1912 3009 2208 3068 LECTION
2215 3011 2296 3068 ES
2333 3011 2422 3067 VA
2433 3009 2500 3065 RI
2514 3010 2641 3064 AN'I‘
2650 3011 2748 3064 ES.

728 3106 756 3136 ⁸
791 3105 902 3157 MS.
927 3103 1073 3156 etiam
1093 3103 1201 3155 heic
1217 3104 1269 3156 in
1292 3101 1528 3157 PhtBtlro.

728 3165 760 3206 ι)
793 3167 935 3216 Adin
959 3165 1108 3216 finem
1148 3181 1240 3219 ms.

731 3232 756 3262 ο
789 3228 1132 3281 Eruet-nitate
1157 3229 1392 3282 Stewech.

2289 3106 2334 3169 C
2426 3102 2454 3143 ἀ
2491 3100 2672 3169 Qmiltit
2697 3101 2811 3169 haec
2838 3102 2979 3152 Fulv.

2433 3170 2456 3198 θ
2493 3165 2815 3216 Olisecutioni
2836 3177 2925 3214 ms.

2430 3227 2451 3265 ί
2488 3228 2716 3291 Largiter
2739 3239 2830 3286 ms,
2854 3225 2998 3276 male.

2057 3337 2617 3396 COMMENTARIUS.

739 3458 983 3515 XXXIV.
1013 3489 1083 3498 -——
1113 3457 1273 3513 Posse
1323 3456 1586 3530 compleri.
1615 3455 1774 3530 Fulv.
1807 3455 2037 3512 Ursinus
2067 3457 2269 3530 mavult

671 3546 820 3600 potsse
869 3535 1123 3596 conferre.
1171 3530 1278 3587 Sed
1329 3529 1404 3585 nil
1459 3529 1774 3584 mutandum
1826 3539 2014 3582 contra
2068 3529 2267 3583 codicis

673 3601 858 3656 ﬁdem.
889 3601 1094 3657 ORELL.

743 3673 803 3744 Si
841 3675 953 3744 ejus
980 3674 1288 3726 nomini.....
1314 3670 1701 3744 substernimur.
1754 3669 2020 3744 Meursius
2058 3669 2263 3744 etSte-

670 3739 1021 3813 wet-lt.'t-0uj.
1056 3745 1274 3808 nuntini,
1309 3757 1613 3813 perperam.
1651 3741 1849 3813 t’Vonten
1881 3739 2092 3813 Christi,
2123 3741 2263 3813 idem

673 3815 815 3885 quod
866 3810 994 3885 ipse
1033 3810 1386 3885 Christus,'nt
1440 3829 1620 3867 nomen
1665 3810 1762 3866 Dei
1817 3827 1914 3881 pro
1965 3811 2093 3865 Deo.
2130 3811 2265 3868 Vide

673 3900 858 3956 supra,
885 3884 950 3939 ad
986 3886 1020 3938 I.
1057 3901 1092 3944 ι.
1123 3899 1174 3940 c.
1204 3886 1294 3941 20.
1327 3884 1529 3956 Οιιειιη

760 3956 888 4010 Vitta
914 3957 1194 4011 teternitate
1239 3957 1442 4010 donari.
1474 3955 1549 4009 Ita
1578 3955 1895 4009 Salmasius.
1929 3953 2034 4009 Alii
2070 3971 2083 4007 :
2111 3954 2264 4007 vitam

673 4029 955 4084 aeternitate
997 4028 1198 4081 donari.
1245 4027 1507 4081 Meursius
1541 4026 1683 4094 conj.
1738 4027 1842 4080 vita
1889 4028 1942 4079 in
1983 4027 2266 4078 teternitate

676 4099 877 4153 donari.
915 4097 1182 4154 Fortassis
1205 4098 1474 4153 Arnobius
1504 4096 1812 4151 Luc-retium
1836 4112 1990 4150 suum
2022 4096 2262 4150 imitatus

673 4170 893 4240 scripsit
935 4171 1055 4224 vitai
1092 4171 1386 4225 teternitate.
1431 4169 1531 4238 Qui
1559 4180 1637 4224 εει
1681 4168 1949 4293 genitivgs
1989 4167 2257 4237 antiquus.

1925 4253 2077 4292 usus.

1925 4253 2077 4292 RELL.

749 4312 968 4368 XXXV.
1025 4345 1094 4354 —
1159 4311 1220 4367 Si
1271 4329 1363 4367 nos
1414 4312 1510 4366 ista
1558 4311 1752 4365 nescire
1802 4310 2066 4370 dicamus,
2127 4319 2257 4376 elc.,

663 4394 788 4440 ~etc.
817 4385 1161 4440 Consnuctio
1187 4393 1270 4438 est
1299 4401 1312 4437 :
1349 4382 1446 4437 Ubi
1477 4393 1650 4436 nostra
1685 4382 1936 4436 videbitur
1986 4380 2264 4434 crudelitas

681 4456 848 4526 lapsa,
884 4456 929 4508 si
959 4473 1050 4508 nos
1093 4457 1191 4508 ista
1236 4455 1428 4507 nescire
1468 4454 1886 4526 dicamus....._si
1932 4452 2266 4526 omnipotenti

678 4521 786 4598 regi
813 4526 942 4598 nihil
973 4542 1078 4580 esse
1103 4525 1316 4598 difficile
1345 4525 1785 4598 atque‘arduuma
1811 4521 2134 4598 Credulitas.
2165 4524 2265 4598 hoc

677 4595 797 4650 loco
823 4596 966 4652 bono
990 4593 1174 4658 sensu,
1207 4596 1347 4651 idem
1374 4594 1514 4658 quod
1546 4595 1691 4660 ﬁdes.
1728 4594 1848 4648 Vid.
1879 4593 2041 4660 Gusp.
2078 4594 2262 4647 Barth.

681 4667 735 4721 iu
769 4666 911 4724 lnd..
947 4668 1014 4722 ad
1054 4667 1336 4722 Claudian.
1367 4665 1638 4729 Mamert.,
1665 4664 1731 4718 tle
1762 4677 1903 4718 statu
1926 4666 2120 4718 animae
2150 4665 2262 4717 h.v.

681 4746 736 4792 et
780 4737 844 4793 C.
876 4739 1194 4794 Rittershus.
1245 4739 1309 4790 :td
1351 4737 1609 4793 Salvian..
1644 4747 1831 4790 contra
1863 4735 2089 4802 Avarit.,
2120 4735 2156 4789 I.
2187 4751 2264 4801 ιιι,

685 4807 712 4881 §
745 4808 870 4881 5l8,
905 4827 954 4878 p.
984 4810 1106 4876 ιιιο,
1141 4809 1230 4864 ed.
1265 4808 1540 4862 Bremens.
1573 4807 1776 4881 Οιιιειι..

759 4880 823 4934 Et
863 4877 1058 4935 nullius
1093 4881 1235 4945 apud
1279 4881 1560 4948 principem
1591 4879 1843 4932 mominis.
1877 4877 1956 4932 Ita
1985 4877 2268 4934 Meursius.

681 4951 856 5022 editor
891 4952 1058 5022 Lugd.
1094 4953 1206 5008 Bat.
1259 4960 1312 5007 et
1341 4951 1631 5006 Oherthur.
1668 4949 1773 5004 Alii
1809 4967 1822 5005 :
1853 4948 2094 5016 nominis,
2126 4948 2270 5019 quod

682 5021 737 5077 h.
775 5023 811 5077 ι.
848 5021 1007 5078 etiam
1038 5023 1251 5080 defendi
1282 5032 1480 5090 posset.
1519 5023 1722 5077 ORELL.

757 5093 898 5148 Nam
938 5097 983 5150 si
1025 5113 1198 5150 omnes
1234 5096 1588 5156 concedimus,
1622 5109 1778 5146 unum
1822 5108 1928 5146 esse
1966 5107 2133 5144 rerum
2181 5108 2273 5158 pa-

683 5175 829 5229 trem,
854 5177 963 5222 etc.
997 5167 1118 5220 Ilaec
1149 5166 1291 5220 enim
1322 5165 1420 5218 fuit
1452 5174 1698 5218 veterum
1728 5163 2020 5230 suphortun
2050 5172 2274 5215 senten-

683 5237 775 5298 tia,
809 5253 970 5291 unum
996 5251 1116 5293 esse
1150 5239 1336 5300 Deum,
1373 5236 1666 5303 principem
1701 5250 1763 5287 ac
1793 5243 1998 5302 patrem
2027 5235 2272 5286 omnium

684 5323 887 5367 rerum.
923 5309 1274 5378 ipsorumque
1306 5306 1442 5361 adeo
1470 5307 1718 5370 deorum,
1751 5322 1871 5373 qua:
1916 5304 2015 5378 fuit
2041 5315 2278 5378 senten-

684 5380 755 5432 tia
783 5375 996 5434 Hermie
1039 5389 1120 5432 ter
1148 5375 1362 5433 maximi
1388 5421 1407 5441 ,
1448 5387 1503 5431 ιιι
1533 5378 1695 5431 etiam
1725 5377 1888 5431 docet
1933 5375 1993 5429 Β.
2025 5376 2278 5442 Angusti-

684 5466 808 5512 nus,
841 5452 876 5503 l.
910 5466 1024 5513 vnt,
1059 5450 1126 5504 de
1167 5449 1324 5504 Civil.
1359 5449 1451 5502 Dei
1481 5466 1495 5511 ;
1527 5463 1580 5500 e.
1615 5447 1726 5504 25:
1764 5447 1863 5501 Ille
1913 5461 2080 5500 autem
2109 5445 2279 5516 ,Ερυ-

689 5523 827 5589 ptius
853 5523 982 5576 alios
1037 5522 1157 5576 deos
1199 5521 1322 5575 dicit
1349 5536 1456 5574 esse
1481 5536 1512 5572 a
1537 5536 1735 5572 summo
1766 5517 1876 5572 Deo
1927 5523 2123 5583 factos;
2149 5518 2279 5570 alios

683 5594 748 5645 ab
773 5594 1082 5657 hominibus,
1103 5605 1206 5646 etc.
1232 5592 1377 5646 llanc
1399 5591 1720 5644 Sententiam
1748 5589 2067 5659 Pythagorei
2091 5599 2279 5656 postea

682 5662 992 5735 frequentes
1025 5666 1194 5719 secuti
1224 5662 1512 5735 suntVitle
1543 5658 1866 5735 Ilieroclem.
1897 5658 1978 5713 Ct‘.
2011 5659 2281 5726 Lactant.,

684 5735 720 5789 Ι.
753 5732 797 5800 ιζ
821 5750 870 5789 c.
905 5736 959 5790 6.
993 5737 1126 5790 llinc
1149 5737 1308 5805 igitur
1329 5733 1581 5790 Valerius
1603 5732 1845 5787 Soranus
1878 5746 1891 5781 ε

807 5825 1336 5890 {opiter‘omnipotens
1352 5825 1548 5890 Regum
1565 5825 1678 5877 Rex
1704 5825 1830 5890 ipse,
1853 5821 2119 5888 Deusque;

809 5887 1126 5946 Progenitor,
1151 5887 1475 5949 genitrixqu'e
1511 5888 1703 5950 Deum;
1727 5887 1865 5938 Deus
1883 5887 2022 5937 unus
2037 5895 2087 5938 et
2109 5887 2281 5936 omnis.

2296 4561 2350 4622 D

2379 3457 2704 3513 liensum—c
2721 3456 2923 3512 Confer
2954 3472 3017 3511 ea
3049 3457 3115 3512 de
3145 3471 3204 3510 re
3236 3453 3563 3523 peculiarem
3595 3453 3873 3508 Meinersii
3904 3452 3968 3508 V.

2376 3529 2456 3583 Cl.
2498 3530 2692 3583 librum
2727 3547 2739 3582 :
2779 3527 3009 3582 Historia
3039 3529 3284 3581 doctrinm
3326 3527 3390 3581 de
3419 3541 3534 3579 vero
3566 3524 3697 3588 Deo,
3730 3525 3967 3595 Lemgo-

2376 3601 2496 3656 vite.
2533 3603 2690 3662 I780,
2724 3601 2775 3653 in
2809 3616 2842 3653 ιι
2875 3600 2981 3652 vol.
3014 3598 3221 3654 ORELL.

2450 3671 2742 3725 .Ilutabiles.
2771 3670 2948 3724 Editio
2980 3687 3119 3726 rom.
3152 3669 3427 3730 nutabiles.
3453 3666 3598 3737 quod
3629 3667 3969 3723 Stewcchius

2373 3742 2636 3805 defendit,
2667 3758 2968 3810 perperam.
3004 3741 3215 3796 OBELL.

2447 3813 2692 3879 Nihilque
2731 3814 2935 3866 omnino
2980 3823 3096 3866 ante
3123 3814 3287 3871 illum.
3321 3811 3459 3878 quod
3485 3811 3707 3875 alicuius
3738 3811 3969 3864 vocanti-

2374 3886 2452 3938 nis
2478 3885 2653 3953 fuerit,
2687 3886 2959 3938 invenitur.
2990 3884 3048 3937 Id
3095 3895 3179 3937 est
3206 3884 3334 3937 nihil
3367 3882 3507 3952 quod
3559 3885 3722 3953 possit
3757 3882 3966 3946 vocari,

2373 3950 2514 4009 nulla
2546 3972 2725 4010 rerum
2755 3955 3121 4021 existentium,
3154 3955 3267 4009 kein
3296 3950 3514 4023 einaiges
3534 3967 3624 4005 von
3640 3950 3780 4004 allen
3809 3969 3970 4023 neun-

2365 4026 2520 4080 baren
2573 4027 2790 4098 Dingen.
2856 4024 3111 4080 Vocanten
3158 4037 3242 4082 est
3292 4041 3392 4079 vox
3433 4022 3775 4089 'Lttcretiana,
3821 4022 3857 4075 Ι.
3897 4037 3961 4090 ιι,

2369 4113 2427 4153 v.
2459 4098 2564 4153 656
2597 4116 2610 4151 ς

3055 4213 3117 4264 Ει
3138 4214 3319 4264 Bacchi
3345 4214 3532 4263 nomine
3557 4212 3690 4262 abuti

2464 4273 2665 4337 Mavult,
2690 4288 2835 4340 quam
2859 4275 3021 4326 laticis
3045 4279 3296 4340 proprium
3322 4276 3543 4340 proferre
3562 4287 3818 4325 vocamen.

2448 4376 2622 4432 Utitur
2689 4378 2907 4434 Solinus
2940 4390 2994 4430 et
3036 4379 3304 4433 Arnobius
3353 4380 3572 4441 passim,
3601 4377 3750 4432 verbi
3778 4391 3966 4442 causa,

2372 4447 2411 4501 I.
2440 4463 2476 4510 ι,
2513 4464 2561 4502 c.
2590 4451 2623 4502 5
2657 4467 2669 4512 ;
2700 4466 2820 4519 gens
2848 4459 3022 4503 nostra
3065 4451 3306 4515 felicitate
3337 4451 3523 4504 donari
3558 4451 3711 4515 huius
3740 4450 3968 4502 vocanti-

2374 4522 2680 4590 nismeruit,
2710 4531 2762 4573 et
2793 4523 3009 4590 smpius.
3042 4521 3280 4576 Hanno.
3321 4530 3376 4576 et
3401 4521 3604 4576 ORBLL.

2451 4589 2670 4646 Prolati.
2707 4592 2764 4647 Si
2791 4603 2905 4645 sunt
2936 4594 3121 4659 prolati
3146 4604 3192 4647 et
3221 4594 3396 4663 geniti,
3429 4605 3532 4647 etc.
3562 4592 3638 4646 Ila
3668 4591 3757 4663 ed.
3792 4590 3965 4663 Lugd.

2379 4662 2494 4716 Bat.
2546 4663 2723 4718 Aule:
2762 4664 2945 4730 prolati
2975 4665 3092 4716 sint.
3143 4661 3340 4718 Prolati
3373 4675 3416 4717 et
3449 4664 3623 4732 geniti.
3654 4661 3922 4717 Meursius
3954 4682 3968 4719 :

2377 4731 2564 4805 prolati
2581 4751 2610 4805 κζ
2633 4735 2677 4787 si
2706 4735 2804 4787 sint
2829 4736 3015 4802 prolati
3040 4745 3086 4788 et
3117 4737 3292 4805 geniti.
3320 4731 3522 4790 OuELL.

2452 4804 2701 4877 XXXVI.
2747 4836 2810 4845 —
2855 4807 2969 4870 Quo
3012 4804 3167 4877 igitur
3215 4818 3362 4872 pacto
3410 4805 3807 4877 immortalitatis
3861 4806 3972 4859 lar~

2378 4876 2502 4945 gitio
2555 4886 2624 4947 est
2669 4876 2858 4930 donum
2923 4877 3014 4930 Dei
3037 4876 3056 4939 ,
3121 4889 3252 4931 certe
3308 4879 3560 4947 prolatis,
3617 4886 3721 4929 t-tc.
3774 4876 3852 4930 Ita
3904 4893 3970 4933 ex

2379 4946 2758 5003 emendatione
2795 4949 3003 5002 Gelenii
3044 4949 3281 5003 editores
3311 4946 3520 5005 omnes
3565 4963 3737 5017 usque
3767 4948 3837 5001 ad
3881 4950 3969 5002 ed.

2383 5017 2549 5080 Lugd.
2599 5019 2747 5084 Bat.,
2777 5018 2899 5072 eod.
2934 5035 3034 5073 uis.
3069 5031 3121 5074 et
3168 5020 3256 5074 ed.
3310 5022 3559 5088 priIICt'.|)S
3613 5020 3778 5072 habet
3807 5032 3821 5069 :
3857 5019 3976 5072 lm-

2380 5089 2738 5142 ntortalttutem
2790 5089 3003 5160 largitus
3057 5100 3129 5143 est
3175 5091 3364 5144 donum
3407 5090 3502 5144 Dei
3533 5100 3723 5144 certant
3758 5092 3977 5155 prolatis

2381 5161 2497 5214 sine
2519 5175 2700 5214 sensu.
2737 5160 2888 5216 Unde
2920 5161 3182 5216 Ileraldus
3223 5164 3550 5230 suspicatur,
3583 5163 3747 5214 verba
3779 5163 3977 5214 donum

2383 5232 2479 5284 Dei
2534 5247 2654 5286 esse
2703 5231 3000 5292 Glossema,
3051 5232 3192 5302 quod
3223 5248 3253 5286 e
3285 5235 3544 5302 margine,
3595 5232 3684 5287 ubi
3713 5235 3976 5302 scriptum

2384 5313 2501 5357 erat
2531 5320 2542 5356 :
2579 5302 2948 5356 lmmortulitas
2977 5307 3167 5356 donum
3214 5302 3337 5364 Dei.
3383 5307 3436 5358 in
3493 5314 3696 5358 textum
3732 5305 3978 5368 irrettsit,

2384 5383 2437 5430 et
2488 5375 2768 5443 legendum
2800 5392 2812 5427 :
2847 5374 2962 5439 Quo
2990 5375 3144 5444 igitur
3190 5388 3338 5440 pacto
3387 5375 3823 5428 immortalitatem
3870 5376 3982 5428 lar-

2383 5447 2515 5516 gitus
2545 5457 2618 5499 est
2649 5445 2792 5516 (scil.
2824 5444 2986 5515 licus)
3015 5457 3203 5498 certant
3229 5447 3463 5514 prolatis.
3503 5447 3654 5500 Male.
3688 5446 3798 5498 lloc
3827 5447 3982 5501 enim

2387 5526 2572 5584 aperte
2601 5529 2758 5586 negat
2807 5518 3098 5580 Arnobius,
3130 5516 3291 5570 Deum
3322 5518 3542 5587 prolatis
3576 5518 3824 5586 largitutn
3853 5532 3981 5572 esse

2390 5587 2891 5654 immortalitatem,
2949 5588 3042 5641 sed
3096 5599 3300 5642 tantum
3351 5588 3502 5649 dicit,
3567 5605 3713 5655 posse
3756 5589 3979 5656 largiri;

2389 5659 2595 5711 animas
2631 5675 2722 5726 per
2745 5659 2868 5712 inde
2893 5673 2956 5712 ac
2983 5675 3213 5728 corpora
3237 5676 3357 5714 esse
3384 5669 3569 5714 natura
3615 5674 3708 5712 sua
3741 5661 3979 5712 caducas

2392 5738 2447 5783 et
2476 5730 2770 5789 mortales.
2823 5745 2944 5797 quae
2991 5733 3034 5783 si
3076 5731 3533 5786 itntmirtalitatem
3579 5730 3976 5800 adipiscantur,

2395 5801 2506 5855 Deo
2535 5801 2584 5855 id
2616 5811 2895 5873 acceptum
2946 5801 3310 5859 referendum.
3345 5804 3526 5873 Itaque
3553 5803 3623 5857 nil
3655 5804 3978 5857 mutandum

2394 5887 2610 5929 censeo.
2639 5872 2738 5927 Ed.
2781 5872 2948 5942 Lugd.
2997 5873 3115 5929 Rat.
3168 5874 3381 5942 refingit
3413 5872 3573 5938 {Lino
3620 5873 3776 5942 igitur
3826 5882 3984 5940 ραι-1ο
