4236 6264
264 239 380 298 565

1618 246 1824 308 LIBER
1863 245 2240 310 SECUNDUS.

3463 266 3570 324 866

268 356 474 411 donum
508 354 602 412 Dei
645 364 694 421 ⁸,
742 363 891 414 certe
933 358 1179 430 prolatis,
1230 371 1285 418 et
1309 364 1517 421 animas
1563 364 1666 420 hoc
1706 377 1864 436 pacto
1890 367 1942 429 Α
1969 366 2304 422 inocciduam
2333 363 2494 420 vitam
2520 365 2801 439 principali
2831 365 3211 430 benevolentia
3251 382 3564 451 surrogari?

266 447 578 519 dignabitur
605 449 1010 506 immortalitate
1035 452 1260 520 donare,
1305 458 1550 526 quamvis
1592 473 1684 512 eas
1714 473 1864 514 mors

265 557 410 598 saeva
446 559 621 613 posse
650 543 897 600 videatur
936 547 1274 618 extinguere,
1331 559 1386 604 et
1413 549 1479 605 ad
1509 552 1734 605 nihilum
1777 567 1863 607 re—

211 635 214 638 ‘
268 635 458 691 dactas
485 636 820 692 irremeabili
869 639 1164 697 abolitione
1207 643 1410 698 delere.
1447 643 1601 698 Plato
1640 644 1731 699 ille
1774 645 1860 700 di-

261 726 422 782 vinus
449 729 614 783 multa
658 727 725 784 de
754 729 866 785 Deo
905 729 1065 801 digna
1087 774 1105 801 ,
1157 749 1256 789 nec
1286 735 1591 789 communia
1623 735 1862 791 sentiens

260 823 621 888 multitudini,
653 823 704 877 in
733 839 802 879 eo
832 840 1087 882 sermone
1128 841 1192 882 ac
1220 828 1384 894 libro,
1423 828 1509 883 cui
1538 844 1734 884 nomen
1767 828 1860 883 Ti-

269 930 443 971 maeus
470 916 806 984 inscribitur,
845 918 986 973 Deos
1018 919 1150 975 dicit
1191 931 1244 976 et
1292 922 1551 976 mundum
1599 922 1866 991 corrupti-

273 1005 420 1062 bilib
451 1022 572 1063 esse
602 1018 814 1074 natura,
861 1025 1036 1080 neque
1077 1027 1199 1067 esse
1243 1012 1464 1067 omnino
1494 1013 1866 1067 dissolutionis

269 1109 524 1170 expertes
555 1118 569 1155 :
597 1100 690 1155 sed
723 1102 998 1157 voluntate
1033 1103 1124 1158 Dei
1154 1103 1295 1175 regis
1324 1119 1387 1159 ac
1413 1105 1674 1176 principis
1714 1105 1864 1160 vinc-

262 1194 417 1249 tione
465 1194 516 1248 in
566 1204 825 1264 perpetua
871 1196 1158 1251 contineri.
1209 1199 1363 1264 Quod
1408 1200 1550 1254 enim
1602 1210 1749 1256 recte
1793 1200 1865 1256 sit

262 1285 528 1354 vinctum,
559 1296 614 1342 et
635 1287 791 1343 nodis
823 1288 1232 1357 perfectissimis
1259 1291 1592 1362 colligatum,
1639 1293 1733 1347 Dei
1763 1292 1860 1347 bo-

262 1378 434 1434 nitate
474 1381 678 1435 servari
718 1398 731 1434 :
766 1397 940 1453 neque
986 1382 1095 1436 ullo
1139 1383 1207 1438 ab
1230 1384 1357 1451 alio,
1401 1382 1504 1437 nisi
1547 1383 1616 1437 ab
1661 1399 1726 1438 eo
1768 1383 1860 1454 qui

262 1470 434 1525 vinxit
459 1479 514 1527 et
539 1471 785 1540 dissolvi,
816 1473 860 1528 si
891 1489 980 1530 res
1010 1485 1217 1545 poscat,
1253 1485 1308 1531 et
1337 1476 1556 1530 salutari
1586 1476 1860 1533 viuctione

259 1563 476 1620 donari.
508 1565 652 1637 Ergo
686 1565 734 1620 si
780 1582 868 1621 res
918 1576 1002 1622 est
1045 1568 1138 1632 ita,
1171 1584 1272 1623 nec
1317 1568 1461 1624 aliud
1491 1570 1745 1624 convenit
1774 1568 1859 1624 vel

260 1655 580 1712 existimare
609 1657 694 1712 vel
721 1658 966 1726 credere,
995 1660 1121 1729 quid
1151 1662 1361 1716 animas
1379 1661 1719 1716 admiramini
1744 1677 1856 1717 me-

1971 460 2026 514 Si
2060 461 2200 514 enim
2237 460 2374 515 l‘orte
2421 461 2674 524 nescitis,
2727 472 2780 518 et
2823 472 2980 519 antea
3029 468 3182 522 vobis
3229 471 3559 540 incognitum

1971 559 2190 619 propter
2227 549 2304 604 rei
2334 552 2630 606 novitatem
2661 550 2777 620 fuit,
2827 555 3056 625 accipite
3093 573 3243 622 sero.
3287 573 3342 616 et
3374 563 3571 624 discite

1966 642 2036 696 ab
2060 657 2144 706 eo,
2176 643 2264 713 qui
2297 645 2464 708 novit,
2493 657 2547 700 et
2577 647 2798 715 protulit
2824 647 2878 703 in
2913 649 3148 706 medium
3176 651 3395 711 Christo
3418 697 3435 725 ,
3461 673 3571 716 non

1967 748 2088 804 esse
2113 734 2317 788 animas
2345 736 2487 807 regis
2518 739 2733 792 maximi
2761 737 2918 805 ﬁlias,
2952 757 3054 798 nec
3079 745 3148 798 ab
3174 761 3263 814 eo,
3295 752 3561 818 quemad-

1973 827 2192 880 modum
2220 827 2436 896 dicitur,
2465 839 2746 899 generatas
2775 834 3007 902 caepisse
3027 849 3087 890 se
3113 851 3296 903 nosse,
3319 850 3480 912 atque
3510 843 3566 899 in

1973 920 2052 973 sui
2087 919 2317 975 nominis
2348 924 2580 978 essentia
2616 923 2926 992 praedicuri,
2975 928 3070 983 sed
3101 930 3330 987 alterum
3377 951 3570 1005 quent-

1975 1009 2112 1078 piam
2145 1012 2443 1080 genitorem
2469 1013 2551 1066 bis
2583 1028 2704 1069 esse
2725 1056 2742 1079 ,
2774 1015 3047 1086 dignitatis
3072 1029 3127 1075 et
3153 1024 3408 1092 potentiae
3445 1042 3572 1098 gra-

1970 1099 2126 1155 dibus
2156 1103 2286 1157 satis
2319 1103 2563 1172 plurimis
2593 1105 2661 1160 ab
2703 1105 3032 1176 Imperatore
3062 1112 3424 1182 disjunctum:
3453 1117 3575 1190 ejus

1971 1201 2149 1248 tamen
2193 1211 2260 1250 ex
2303 1197 2423 1250 aula
2464 1208 2520 1253 et
2564 1198 2918 1256 eminentium
2951 1203 3192 1260 nobilem
3239 1210 3572 1268 sublimitate

1967 1289 2245 1342 natalium.

2039 1382 2302 1439 XXXVII.
2334 1384 2486 1452 Quod
2519 1386 2563 1440 si
2591 1396 2794 1452 essent,
2829 1397 2887 1443 ut
2937 1388 3076 1446 fama
3122 1402 3228 1457 est,
3271 1393 3560 1454 dominicae

1965 1478 2154 1545 prolis,
2186 1487 2242 1533 et
2280 1479 2559 1548 potestatis
2587 1479 2780 1536 animte
2808 1485 3089 1554 generatio
3122 1487 3453 1556 principalis,
3484 1489 3568 1545 ni-

1967 1570 2039 1625 bil
2071 1571 2150 1626 eis
2193 1571 2260 1625 ad
2312 1571 2694 1641 perfectionem
2722 1573 2987 1631 defuisset
3034 1577 3231 1634 virtute
3281 1580 3563 1650 perfectis-

1963 1662 2100 1717 sima
2153 1665 2487 1730 procreatis:
2519 1681 2681 1719 unum
2726 1681 2918 1721 omnes
2967 1667 3299 1726 intellectum
3348 1672 3568 1730 habuis-

249 1746 364 1802 ‘dite
389 1748 496 1802 dici
530 1749 805 1818 qualitatis
831 1766 858 1802 a
893 1749 1050 1806 nobis
1077 1769 1089 1804 :
1120 1767 1242 1807 cum
1273 1754 1584 1808 numinilms
1615 1755 1743 1823 ipsis
1769 1754 1856 1808 di-
1887 1733 1936 1792 Β
1961 1762 2106 1820 sent,
2156 1769 2434 1824 unumque
2476 1771 2822 1824 consensum,
2868 1758 3046 1813 aulam
3089 1777 3304 1833 semper
3353 1764 3555 1822 incole-

255 1848 347 1896 cat
393 1840 551 1897 Plato
594 1842 803 1899 medias
846 1858 969 1900 esse
1010 1855 1253 1916 naturas,
1304 1846 1400 1903 sed
1444 1849 1756 1904 coiitinuam
1799 1855 1856 1903 et

1957 1855 2079 1902 rent
2105 1849 2329 1918 regiam,
2364 1864 2463 1904 nec
2510 1849 2889 1919 praetermissis
2929 1851 3278 1912 beatitudinis
3307 1857 3550 1928 sedibus,

1489 1983 1877 2040 LECTIONES
1912 1981 2332 2040 VARIANTES.

319 2096 350 2128 ⁸
382 2096 504 2148 Deis
527 2095 668 2148 Fttlv.

2015 2095 2045 2134 ι»
2082 2099 2214 2147 Bene
2238 2097 2584 2162 eorruptiblles
2605 2112 2694 2150 ms.

1635 2202 2006 2261 COMMENTA
2017 2201 2196 2260 RIUS.

253 2345 614 2400 immortalitas
667 2342 924 2413 largitoris
956 2353 1030 2397 est
1077 2343 1266 2396 donum
1319 2341 1410 2396 Dei
1459 2343 1595 2397 circa
1624 2343 1852 2413 prolatos

255 2427 304 2471 et
333 2417 678 2480 animus,etc.
706 2417 772 2470 ad
805 2431 1022 2469 sensum
1049 2415 1264 2485 quidem
1296 2417 1518 2484 optime,
1549 2418 1643 2470 sed
1683 2414 1849 2468 auda-

259 2488 399 2542 cius.
429 2490 631 2543 UBELL.

328 2558 600 2612 Plato.....
631 2559 685 2611 in
714 2574 772 2611 eo
815 2573 1045 2611 sermone
1083 2575 1144 2610 ac
1197 2555 1346 2620 libro,
1384 2557 1470 2624 qui
1508 2555 1733 2610 Timaeus
1763 2557 1847 2610 in-

254 2631 512 2694 scribitur,
546 2639 650 2684 etc.
680 2629 856 2684 Locns
879 2638 1054 2682 exsmt
1083 2630 1134 2682 in
1159 2628 1362 2682 Timaeo
1388 2628 1647 2688 Platonis,
1671 2644 1722 2696 p.
1751 2629 1843 2690 41,

254 2701 342 2756 ed.
372 2703 435 2754 H.
466 2701 680 2767 Steph.,
709 2703 814 2754 \ol.
848 2716 904 2754 nt
934 2700 1040 2767 (ed.
1078 2699 1318 2766 Bipont.,
1345 2700 1452 2751 vol.
1494 2715 1567 2762 tx,
1605 2716 1655 2767 ιι.
1691 2700 1844 2768 525),

255 2787 418 2839 quem
442 2771 635 2826 Cicero
662 2773 728 2826 de
761 2771 1026 2826 Universo
1053 2774 1130 2824 sic
1159 2771 1546 2840 interpretatur
1571 2789 1583 2823 :
1623 2768 1755 2822 Tum
1783 2770 1851 2823 ud

259 2844 380 2897 deos
429 2845 474 2896 is
506 2842 660 2904 Deus,
699 2844 785 2911 qui
824 2843 997 2895 omnia
1041 2843 1236 2912 genuit,
1269 2847 1448 2910 fatur:
1476 2842 1581 2894 hcet:
1636 2858 1741 2901 ros,
1763 2843 1853 2912 qui

253 2914 467 2967 deorum
493 2925 609 2984 satu
639 2919 733 2966 orti
785 2914 926 2978 estis,
959 2912 1204 2965 attendite
1224 2928 1243 2967 :
1272 2928 1486 2984 quorum
1517 2929 1726 2982 cperam
1758 2929 1850 2984 ego

255 3002 469 3054 parens,
503 2983 802 3055 clfectorque
829 3001 966 3042 sunt,
995 3000 1097 3037 non
1127 2994 1247 3055 sunt
1287 2982 1535 3036 dissoluta
1567 2982 1847 3055 meinvit'o,

251 3053 571 3126 quamquam
623 3053 768 3111 omne
824 3054 1122 3125 colligatum
1169 3053 1296 3107 solvi
1326 3064 1505 3126 potest.
1554 3053 1660 3108 Sed
1683 3056 1850 3108 haud-

250 3125 516 3197 quuquam
543 3126 656 3181 boni
686 3137 778 3191 est,
810 3129 1007 3180 ratione
1031 3127 1250 3179 vinctum
1274 3127 1400 3179 velle
1423 3125 1730 3181 dissolvere:
1760 3127 1850 3181 sed

251 3199 500 3268 quoniam
528 3199 624 3250 orti
669 3199 807 3258 estis,
841 3197 1154 3250 immortales
1187 3211 1273 3249 vos
1318 3198 1522 3266 quidem
1567 3212 1672 3249 esse
1697 3207 1740 3248 et
1771 3199 1852 3251 in-

251 3268 578 3323 dissolubiles
629 3286 730 3322 non
781 3269 1024 3338 potestis;
1054 3269 1346 3332 neutiquam
1388 3277 1554 3320 tamen
1608 3268 1850 3322 dissolve-

251 3340 401 3403 mini,
435 3357 523 3394 nec
535 3355 619 3393 vos
633 3341 742 3394 ulla
772 3340 947 3392 mortis
969 3340 1077 3407 fata
1105 3340 1371 3406 periment,
1402 3355 1491 3391 nec
1507 3342 1653 3408 fraus
1680 3341 1850 3394 valen-

251 3417 377 3472 tior,
405 3427 556 3478 quant
587 3411 857 3464 consilium
887 3427 1070 3474 meum,
1104 3410 1241 3479 quod
1286 3410 1453 3474 maius
1491 3419 1565 3462 est
1591 3411 1850 3465 vinculum

247 3483 323 3534 ad
356 3484 742 3550 perpetuitatem
777 3492 1014 3543 vestram,
1045 3497 1200 3549 quant
1244 3481 1358 3546 illa,
1381 3481 1562 3548 quibus
1577 3483 1694 3534 estis
1715 3493 1845 3552 tum,

248 3553 746 3623 cumgignebantini,
763 3553 1004 3622 colligati.
1025 3553 1267 3606 ELIENK.

333 3621 510 3692 Neque
537 3624 644 3677 ullo
665 3624 728 3677 ab
743 3625 854 3676 alio
876 3621 970 3677 nisi
999 3623 1061 3675 ab
1087 3639 1144 3676 eo
1164 3625 1246 3692 qui
1270 3622 1429 3675 vinxit
1452 3633 1498 3675 et
1520 3622 1744 3676 dissolvi.
1773 3623 1847 3680 Ita

249 3694 410 3750 Fulv.
447 3695 698 3759 Ursinus,
727 3694 987 3762 probante
1015 3694 1269 3758 Meursio,
1299 3705 1351 3747 et
1381 3693 1468 3746 ed.
1497 3692 1671 3761 Lugd.
1704 3694 1844 3761 Bat.,

248 3765 379 3819 cod.
413 3779 515 3819 nis.
543 3774 598 3820 et
625 3766 791 3820 editio
822 3763 1068 3832 princeps
1094 3780 1231 3818 rom.
1260 3781 1419 3834 neque
1454 3765 1518 3834 ab
1550 3765 1658 3818 ullo
1685 3764 1848 3820 aboli-

249 3837 407 3890 tionis
433 3836 494 3889 ab
525 3851 582 3889 eo
611 3838 696 3902 qui
720 3837 901 3902 vinxit,
927 3835 1071 3889 nullo
1095 3849 1278 3898 sensu,
1317 3834 1458 3889 unde
1483 3833 1738 3889 Gelenius
1768 3837 1847 3892 fe-

248 3918 401 3961 cerat
436 3925 450 3961 :
486 3922 738 3974 nexusque
771 3907 1045 3960 abolitione
1078 3906 1139 3957 ab
1184 3923 1241 3959 eo
1277 3911 1362 3975 qui
1413 3906 1593 3958 vinxit.
1636 3909 1844 3961 Slewe-

247 3977 408 4031 citius
436 3995 450 4031 :
482 3995 644 4047 neque
668 3977 730 4030 ab
754 3977 876 4034 ulla.
910 3979 1006 4030 nisi
1030 3977 1091 4029 ab
1116 3993 1173 4030 eo
1201 3978 1288 4045 qui
1310 3977 1490 4029 vinxit.
1525 3976 1614 4040 At,
1642 3987 1698 4029 ut
1730 3979 1843 4044 ipse

245 4047 448 4102 fatetur
468 4049 826 4110 Stewi-ctiius,
845 4048 1016 4102 Fulvii
1057 4047 1364 4102 emendatio
1394 4048 1612 4117 propius
1636 4049 1846 4104 accedit

245 4121 318 4172 ad
346 4120 631 4174 lectionem
660 4119 862 4173 eodicis
885 4121 1029 4173 msti.
1061 4119 1263 4174 Οιιειι..

322 4188 391 4244 Et
403 4191 618 4244 salutari
639 4191 886 4244 viuctione
909 4191 1112 4243 donari.
1140 4192 1230 4244 Sic
1251 4187 1393 4243 edidi
1417 4203 1538 4242 cum
1560 4189 1647 4243 ed.
1669 4188 1837 4260 Lugd.

246 4261 367 4315 But.
397 4261 595 4316 Cmteri
627 4279 639 4316 :
673 4262 928 4315 missione.
957 4261 1062 4316 Sed
1091 4261 1193 4315 boc
1221 4262 1339 4314 loco
1385 4275 1490 4314 non
1537 4261 1604 4314 de
1650 4262 1843 4317 dimis-

243 4333 403 4386 sione
431 4335 731 4387 animarum
761 4349 791 4387 e
818 4334 1095 4401 corporeis
1122 4332 1378 4393 vinculis,
1413 4347 1534 4384 nam
1569 4333 1670 4384 hoc
1699 4343 1846 4388 esset

243 4403 443 4463 missio,
479 4418 661 4459 sermo
685 4413 785 4468 est,
811 4404 906 4457 sed
929 4404 994 4456 de
1013 4403 1213 4456 vinculo
1235 4403 1326 4456 illo
1347 4405 1415 4454 ad
1439 4403 1842 4472 perpetuitatem,

244 4482 305 4528 ut
334 4478 409 4527 ait
435 4473 628 4529 Cicero
657 4473 710 4528 in
750 4476 868 4528 loco
897 4490 1056 4543 supra
1086 4474 1246 4526 allato
1275 4489 1306 4527 e
1338 4473 1576 4528 Platonis
1604 4473 1806 4528 Tintaio
1827 4518 1841 4542 ,

242 4546 362 4599 sive
399 4545 468 4599 de
514 4548 813 4611 vinctioite,
844 4560 946 4614 qua
986 4544 1178 4598 anitum
1223 4555 1411 4598 natura
1453 4561 1552 4614 sua
1589 4547 1843 4600 mortales

240 4617 592 4670 Continentur
621 4632 651 4669 a
697 4617 841 4675 Deo,
864 4613 940 4669 ne
979 4617 1362 4670 dissitlvantur.
1409 4616 1508 4668 Et].
1541 4613 1696 4670 Rom.
1718 4619 1839 4681 jus-

239 4687 422 4752 sione,
447 4687 590 4756 quod
625 4687 813 4756 probat
853 4686 953 4740 Th.
986 4686 1248 4740 Canterns
1280 4703 1292 4736 :
1320 4687 1556 4754 jussione
1598 4688 1714 4740 scil.
1737 4729 1750 4752 ,
1785 4697 1842 4741 ut

239 4757 417 4828 salvae
444 4767 766 4828 :cternaéque
795 4767 1066 4811 maneant.
1107 4758 1310 4811 ORELL.

320 4827 442 4881 Non
485 4845 593 4882 esse
618 4825 817 4882 animas
863 4828 1014 4898 Regis
1055 4831 1258 4881 maximi
1301 4826 1469 4895 ﬁlias,
1506 4835 1614 4880 etc.
1650 4825 1836 4882 Hausit

235 4898 343 4952 ista
374 4899 645 4952 Arnobius
671 4915 703 4954 e
731 4898 1236 4967 NeoplatOnicorum
1259 4940 1273 4958 ,
1308 4902 1422 4951 sive
1452 4899 1626 4962 potius
1656 4898 1835 4952 Gnos-

235 4970 479 5023 ticorum
503 5010 518 5034 ,
563 4970 832 5036 Simonis,
874 4969 1123 5024 Basilidis
1144 5011 1156 5031 .
1189 4967 1462 5024 Saturnini
1486 5007 1500 5027 ,
1529 4968 1834 5036 Carpocra-

236 5041 309 5095 tis
329 5081 344 5102 .
379 5052 484 5095 etc.
507 5083 522 5108 ,
563 5041 807 5094 doctrina
829 5084 840 5100 ,
869 5045 958 5108 qui
989 5040 1332 5102 statuebant,
1364 5038 1622 5092 mundum
1667 5056 1772 5093 non
1804 5055 1835 5096 a

233 5111 373 5175 Deo,
404 5111 499 5166 sed
529 5111 597 5164 ab
621 5112 824 5180 angelis
850 5127 972 5165 esse
995 5112 1294 5177 conditum,
1326 5111 1597 5163 botniuem
1621 5125 1837 5179 quoque

227 5181 307 5235 ab
333 5183 522 5237 iisdem
556 5181 862 5235 formatum.
898 5181 1152 5247 Iretneus,
1184 5181 1279 5236 lib.
1314 5198 1359 5245 ι,
1391 5196 1511 5249 cap.
1536 5181 1626 5243 21,
1667 5199 1715 5248 p.
1743 5181 1832 5242 52,

231 5251 326 5306 ed.
362 5253 572 5307 Erasini
603 5253 774 5307 Paris.
802 5269 815 5305 :
846 5252 1158 5308 Saturninus
1186 5251 1418 5306 similiter
1456 5261 1509 5304 ut
1558 5251 1838 5305 Menander

230 5339 396 5395 unum
424 5334 622 5392 patrem
651 5325 962 5395 incognitum
993 5323 1134 5377 nobis
1163 5323 1400 5395 ostendit,
1423 5324 1508 5391 qui
1533 5323 1652 5389 fecit
1682 5339 1838 5391 ange-

232 5392 316 5447 los
336 5435 348 5452 .
379 5395 742 5464 archangelos,
769 5392 1005 5459 uirtutes,
1050 5403 1339 5462 potestates.
1363 5394 1406 5445 A
1432 5403 1621 5460 septem
1662 5403 1832 5446 autent

229 5464 538 5536 quibusdam
559 5467 752 5536 angelis
774 5466 1017 5518 mundttnt
1041 5471 1256 5536 factum,
1280 5474 1324 5517 et
1351 5467 1521 5517 omnia
1536 5480 1652 5536 qua:
1675 5465 1727 5516 in
1749 5480 1828 5517 eo.

233 5532 514 5589 Hominem
544 5532 712 5589 anteiit
739 5532 1168 5607 angelorum'esse
1197 5537 1479 5600 facturum,
1509 5534 1772 5588 desursum
1799 5551 1832 5588 a

229 5621 438 5660 summa
467 5616 710 5676 potestate
750 5607 919 5659 lucida
960 5607 1181 5676 imagine
1209 5615 1506 5676 apparente,
1537 5621 1690 5676 quant
1717 5623 1830 5660 cum

230 5687 497 5732 continere
521 5694 622 5732 non
649 5679 947 5748 potuissent.
981 5677 1176 5748 inquit,
1203 5692 1262 5730 eo
1287 5686 1420 5730 statu
1445 5680 1531 5747 qui
1557 5678 1728 5731 statim
1751 5694 1831 5732 re-

231 5749 452 5808 currerit
479 5735 702 5816 sursum,
742 5735 1000 5803 adhortati
1039 5735 1505 5818 iunt'semetipsoi,
1565 5749 1784 5804 dicentes
1808 5763 1829 5804 :
1883 5735 1890 5740 ’

1959 2337 2238 2392 Faciamus
2264 2339 2516 2394 hominem
2542 2339 2611 2393 ad
2635 2339 2911 2412 imaginem
2949 2354 2996 2396 et
3027 2344 3416 2404 similitudinem
3446 2368 3566 2407 nos-

1959 2419 2089 2490 train
2121 2413 2246 2491 :qni
2265 2427 2383 2491 cum
2407 2414 2573 2482 factus
2590 2422 2716 2491 esset
2736 2425 2782 2465 et
2804 2429 2905 2466 non
2926 2417 3173 2491 potuisset
3194 2420 3324 2490 erigi
3341 2422 3564 2491 plasma,

1957 2499 2046 2555 per
2074 2481 2473 2555 imbecillitatem
2496 2482 2815 2553 angelorum,
2845 2481 2938 2538 sed
2956 2489 3103 2555 quasi
3131 2481 3436 2546 vermiculus
3454 2481 3567 2548 sca:

1953 2553 2141 2605 rizaret
2168 2553 2244 2622 (id
2274 2563 2358 2630 est
2389 2564 2671 2630 reptaret),
2699 2553 3023 2630 miserantem
3045 2560 3157 2626 ejus
3184 2560 3249 2613 de
3282 2579 3436 2630 super
3465 2568 3569 2620 υῑν-

1955 2632 2130 2702 tutem,
2155 2624 2395 2702 quoniam
2423 2624 2476 2702 in
2499 2625 2886 2702 similitudinem
2905 2629 3029 2702 ejus
3063 2624 3190 2682 esset
3228 2624 3416 2702 factus,
3441 2639 3566 2690 emi-

1955 2695 2083 2775 sisse
2108 2693 2384 2775 scintillam
2406 2696 2546 2775 uiue,
2577 2712 2691 2775 qua:
2711 2697 2872 2775 crearit
2895 2693 3149 2775 (tantinent
3177 2693 3564 2775 et'articulavit,

1959 2776 2006 2848 et
2038 2765 2200 2818 vivere
2229 2768 2362 2832 fecit.
2396 2766 2546 2848 Hunc
2575 2769 2728 2838 igitur
2755 2768 3033 2848 scintillant
3058 2771 3176 2848 pira:
3206 2786 3320 2842 post
3353 2765 3569 2848 defunc;

1959 2836 2144 2912 tionem
2164 2853 2422 2890 recurrere
2447 2837 2516 2912 ad
2537 2836 2615 2900 ea,
2644 2855 2757 2908 qua'
2783 2851 2900 2893 sunt
2916 2841 3150 2912 ejusdem
3177 2836 3393 2912 generis.
3417 2836 3562 2904 dicit.

1959 2906 2026 2960 Et
2051 2909 2266 2986 rebquu,
2295 2923 2368 2986 ea;
2375 2909 2556 2978 quibus
2582 2906 2720 2979 facta
2743 2921 2859 2986 sunt
2883 2906 2998 2974 illa,
3022 2906 3227 2974 resolvi.
3253 2927 3358 2970 etc.
3391 2918 3561 2986 ldeut,

1956 2992 2076 3046 cap.
2111 2979 2300 3057 24,_de
2329 2977 2659 3057 Carpocrate
2685 2997 2701 3035 :
2735 2981 3071 3057 Carpocrates
3110 2997 3282 3038 autem
3313 2998 3359 3041 et
3385 2991 3473 3057 qui
3499 2977 3564 3046 ab

1957 3065 2036 3115 eo,
2055 3049 2319 3131 inuadunt
2350 3051 2555 3131 quidem
2581 3060 2627 3104 et
2657 3067 2739 3131 ea,
2775 3067 2890 3120 qua:
2931 3054 3069 3131 in‘eo
3095 3069 3247 3120 sunt,
3275 3058 3338 3111 ab
3364 3049 3562 3131 angelis

1959 3123 2118 3192 multo
2160 3121 2486 3191 inferioribus
2530 3122 2756 3190 ingenito
2803 3136 2948 3190 patre
2985 3125 3180 3192 factum
3223 3143 3331 3182 esse
3358 3121 3559 3187 άὶιῖιιιι.

1877 3175 1923 3237 C
2068 3175 2410 3269 Terttillian.,
2448 3193 2516 3246 de
2542 3175 3341 3269 Ρῖεεξετῇῇιιοιιῖιιίιδνξνλξί

1958 3262 2124 3340 idem,
2152 3262 2221 3316 de
2245 3269 2603 3340 Αιιιιηεικςιιρ.
2625 3264 2716 3340 25.
2745 3264 3100 3340 Epiphanius,
3127 3262 3250 3323 adv.
3288 3262 3560 3340 lla’rescs,

1957 3331 2059 3411 lib1
2077 3349 2116 3411 ι.
2155 3334 2377 3411 pag}?
2408 3354 2420 3388 :
2457 3331 2806 3411 Pliilastrius,
2836 3331 2909 3411 de
2935 3337 3139 3392 llaares.
3165 3379 3181 3404 ,
3214 3355 3314 3411 cap
3342 3331 3434 3407 i9,
3464 3331 3557 3408 5i;

1957 3414 2012 3458 et
2034 3403 2123 3465 56,
2154 3403 2242 3458 58.
2270 3403 2538 3458 Caeterum
2562 3409 2628 3460 de
2658 3406 2723 3458 iis
2744 3403 3559 3470 onmibustectetanintntnodo

1958 3486 2010 3555 et
2036 3479 2266 3555 obscure
2298 3475 2534 3545 loquitur
2559 3476 2854 3555 Arnobius,
2883 3483 3154 3555 consulto,
3180 3493 3244 3555 _l_lt
3269 3485 3403 3555 inihi
3436 3487 3556 3555 qni-

1957 3543 2080 3599 dem
2126 3547 2336 3600 vidi-tur
2354 3543 2386 3613 ,“
2401 3557 2456 3602 et
2491 3547 2802 3615 prudenter,
2835 3563 2902 3602 ne
2931 3550 3052 3603 scil.
3083 3543 3467 3609 sidistiuctius'
3492 3556 3562 3612 de

1960 3615 2025 3670 iis
2050 3616 2399 3671 dtSseruisset
2425 3618 2864 3687 nantiuassetipte
2893 3622 3074 3674 mundi
3106 3635 3379 3678 creatures
3408 3626 3553 3681 Gno-

1953 3691 2237 3766 sucorum,
2285 3689 2652 3758 Dentiurgnm,
2685 3688 2891 3766 Lognn,
2927 3690 3254 3766 Pnronesin,
3289 3697 3555 3766 Sopltian,

1957 3756 2218 3836 Dyttstnim
2243 3756 2612 3836 cagerostlue,
2643 3756 2782 3836 quos
2807 3759 3103 3836 dicebant,
3135 3756 3317 3820 tenues
3337 3756 3502 3836 [ipse
3526 3756 3560 3825 it

1962 3825 2266 3883 Gentilibus
2308 3825 2699 3901 Polytlieismi,
2728 3846 2887 3899 quem
2921 3825 3159 3890 refutare
3195 3844 3250 3889 et
3279 3825 3560 3894 nestiucrc

1962 3901 2233 3970 cupiebat,
2265 3900 2603 3970 argueretur.
2631 3900 2836 3955 OBELL.

2021 3969 2183 4040 Atque
2217 3971 2271 4023 in
2314 3969 2394 4023 sui
2433 3971 2652 4024 nominis
2699 3972 2916 4025 essentia
2960 3974 3251 4040 prwdicari.
3281 3976 3550 4034 Meursius

1949 4037 2164 4095 CtldICiS
2209 4041 2494 4096 lectiOnem
2537 4043 2591 4094 in
2629 4043 2711 4094 sui
2761 4037 2982 4096 nominis
3023 4048 3273 4099 sententia
3312 4049 3559 4106 defendit

1946 4110 2064 4165 loco
2095 4115 2310 4191 gemitu)
2342 4112 2558 4191 aruitbii
2579 4153 2594 4177 ,
2629 4112 2771 4191 ltb._t
2804 4129 2818 4166 :
2855 4115 3100 4168 Dedimus
3123 4117 3373 4191 nos‘Deo,
3402 4122 3556 4191 cujus

1949 4192 2072 4236 nutu
2102 4192 2146 4237 et
2176 4183 2386 4236 arbitrio
2419 4199 2568 4237 autne
2596 4184 2734 4252 quod
2762 4193 2833 4238 est
2861 4196 3096 4254 constat,
3125 4198 3172 4240 et
3211 4188 3263 4242 in
3293 4183 3558 4246 sententiae

1947 4269 2054 4329 sate
2079 4255 2408 4329 perpetuitate
2451 4255 2679 4329 deﬂuunt
2716 4265 2822 4320 est,
2851 4266 2904 4309 et
2939 4256 3128 4329 eodem
3165 4258 3301 4315 libro
3333 4275 3348 4313 :
3380 4263 3552 4329 priore

1948 4325 2173 4401 detracto
2223 4327 2272 4378 in
2309 4325 2532 4401 aliorum
2560 4326 2788 4401 [lubitum
2811 4328 3227 4401 sententiamque
3263 4325 3549 4401 traducere,

1950 4406 2007 4470 ut
2037 4396 2106 4470 sit
2127 4398 2374 4470 sententia
2401 4396 2456 4450 Ιι.
2490 4397 2526 4449 Ι.
2559 4398 2593 4449 i.
2624 4413 2678 4470 q.
2707 4394 2971 4463 αἴσθησις,
2999 4394 3214 4455 sensus.
3242 4403 3361 4470 Quo
3387 4394 3550 4461 sensu

1949 4467 1994 4520 si
2025 4468 2272 4521 abSolute
2303 4467 2484 4521 dicere
2515 4469 2686 4537 potuit
2717 4473 3022 4530 Arnobius,
3059 4467 3469 4531 novum'tamen
3500 4485 3554 4533 et

1952 4537 2068 4590 sine
2098 4538 2349 4607 exemplo
2377 4539 2595 4592 nominis
2620 4540 2889 4593 sententia.
2921 4539 3125 4596 OBELL.

2022 4608 2164 4683 Satis
2203 4611 2454 4675 plurimis.
2497 4610 2603 4666 Pro
2641 4611 2766 4664 satis
2803 4611 2996 4683 multis.
3028 4613 3401 4683 Superlativus
3432 4617 3552 4674 loco

1949 4681 2197 4756 posittv‘i,
2221 4690 2280 4756 ut
2305 4685 2504 4752 sacpius
2530 4683 2583 4734 in
2611 4682 2870 4756 Arnobiu.
2906 4681 3038 4738 Vide
3063 4681 3249 4753 supra,
3282 4689 3349 4742 ad
3386 4690 3479 4744 lib.
3509 4706 3549 4756 ι,

1945 4765 1995 4802 c.
2023 4750 2301 4824 2‘2_._(Sutis
2321 4750 2511 4806 multus
2536 4763 2716 4805 autem
2747 4751 2948 4824 dictum
2977 4764 3062 4809 est
3091 4750 3188 4824 pro
3218 4750 3384 4812 niti-io
3413 4750 3551 4814 tnui;

1946 4821 2228 4900 t_u_sn.A\ltde
2273 4823 2485 4900 Bartb.,
2517 4825 2835 4900 adversam,
2868 4823 2960 4878 Itb.
2995 4821 3174 4900 _x‘xix,
3207 4841 3256 4880 c.
3292 4829 3382 4900 l5,
3414 4845 3551 4900 page

1948 4889 2134 4965 i580.)
2177 4892 2254 4965 l_t:t
2289 4894 2825 4965 satisupulcherrimus
2865 4895 3008 4962 apud
3045 4889 3440 4965 Pomponium,
3484 4889 3553 4953 de

1941 4962 2156 5038 origine
2184 4962 2329 5018 Juris
2364 4981 2387 5038 :_
2409 4962 2587 5038 Exstat
2609 4965 2720 5031 ejus
2739 4962 3256 5038 (Cicertinislaratia
3282 4971 3408 5021 satis
3427 4962 3551 5038 pulo

1942 5035 2218 5102 cherrima,
2236 5051 2350 5104 qua:
2370 5034 2665 5089 inscribitur
2691 5033 2784 5103 pro
2818 5035 2884 5100 ρ.
2911 5033 3143 5105 Ligario.
3179 5033 3470 5094 S'rltwscu.
3501 5048 3550 5094 et

1944 5106 2154 5160 υιιειι..

2018 5176 2286 5231 XXXVII.
2341 5206 2412 5216 —
2473 5175 2804 5230 Habuissent.
2873 5175 3029 5230 Fulv.
3097 5175 3281 5234 Ursin.
3348 5180 3549 5236 hausis-

1944 5258 2072 5300 sent.
2113 5247 2318 5323 Qnsu.
2348 5257 2398 5323 et
2435 5249 2632 5323 saccati
2677 5249 3082 5323 abscienissimas
3125 5250 3306 5305 serias.
3352 5250 3548 5323 Sump-

1947 5325 2058 5372 tum
2088 5335 2118 5372 e
2147 5319 2404 5384 Lucretii,
2433 5318 2526 5374 lib.
2560 5333 2638 5386 tv,
2672 5332 2814 5374 vers.
2850 5317 2992 5374 1020
3021 5337 3033 5375 :

2043 5429 2160 5493 Pusi
2180 5442 2316 5493 saepe
2341 5429 2497 5478 laeum
2524 5437 2746 5493 propter,
2770 5443 2847 5491 se,
2873 5443 2931 5481 ac
2953 5431 3080 5483 dolia
3101 5440 3242 5484 curta

2036 5491 2214 5540 Somno
2234 5491 2451 5541 devincti
2471 5491 2680 5542 credunt
2703 5494 2951 5543 extollere
2978 5503 3170 5545 vestem

2036 5553 2208 5604 Totius
2230 5554 2489 5604 humorem
2512 5561 2757 5605 saccatum
2783 5563 2838 5608 ut
2860 5559 3078 5620 corpori,
3102 5556 3327 5610 fundant.

3220 5641 3444 5694 linum).

1937 5746 2094 5818 Quod
2123 5762 2284 5808 sacco
2327 5749 2510 5806 vinum
2539 5748 2854 5821 eliquabant
2886 5756 3132 5821 veteres,
3160 5751 3304 5826 quod
3335 5763 3390 5811 et
3415 5767 3542 5814 sac-
