4258 6250
310 195 312 199 ’
379 232 487 292 375
1700 235 1907 293 LIBER
1921 224 2326 298 ’secuubus.
3574 258 3679 316 su

378 363 564 404 mores
591 345 832 402 veritatis
850 344 1074 410 etlectaa,
1095 352 1149 401 et
1163 345 1416 416 quidnam
1439 357 1584 404 esset
1607 349 1747 407 Deus
1767 353 1966 419 οὺιίιςιι,
1998 356 2052 418 Α
2078 356 2366 413 sudoribus
2393 358 2585 416 domos
2641 360 2741 416 sibi
2797 371 3177 423 construerent
3203 378 3250 431 ο,
3309 371 3674 431 membrorum

3235 410 3250 434 ν

379 441 688 498 simulacris
721 440 981 494 inertibus
1023 440 1409 510 supplicarent,
1442 441 1606 509 ligna,
1640 459 1771 512 cura,
1801 456 1855 501 ct
1899 447 1975 501 la-

379 535 558 606 pides,
589 535 769 589 divina
800 534 1204 605 alloqnerentur
1242 543 1299 589 ut
1339 535 1579 602 numina,
1622 537 1816 592 auxilia
1849 554 1973 609 pos-

377 635 569 682 cerent
600 635 628 663 ⁸
667 640 930 682 caesorum
978 625 1330 680 animantium
1373 641 1595 692 cruore,
1650 629 1848 683 nullam
1894 631 1975 685 sui

377 716 622 774 facerent
650 720 976 774 mentionem
1010 738 1022 774 :
1062 720 1361 790 quinimmo
1408 735 1475 774 ex
1506 719 1589 774 his
1617 720 1734 775 aliae
1775 731 1832 776 ut
1873 721 1974 778 du-

377 812 614 871 bitarent
644 830 704 870 se
731 831 876 880 esse,
907 825 1000 870 aut
1029 815 1194 870 ullum
1231 831 1352 872 esse
1377 817 1589 887 penitus
1609 818 1972 889 abnegarent?

373 908 582 966 Idcirco
628 910 837 965 animas
887 910 1054 978 misit,
1104 922 1160 966 ut
1209 926 1330 982 qua:
1383 912 1434 966 in
1483 912 1702 968 sedibus
1741 915 1971 985 propriis

373 1013 558 1060 tuente
605 1003 821 1060 fuerant
863 1020 992 1071 una,
1043 1004 1324 1060 intellectu
1365 1014 1420 1060 et
1459 1005 1684 1061 scientia
1723 1008 1967 1077 paribus,

374 1104 654 1168 postquam
685 1095 887 1152 formas
920 1096 1146 1152 induere
1189 1098 1468 1164 mortales,
1503 1099 1816 1169 Opinionum
1857 1100 1966 1155 dis-

372 1189 686 1247 criminibus
707 1189 1028 1246 dissiderent
1052 1231 1068 1258 ,
1099 1190 1242 1245 aliud
1265 1190 1385 1246 aliis
1409 1191 1636 1261 justum,
1667 1192 1811 1247 aliud
1837 1193 1965 1249 utile

371 1281 684 1349 videretur,
728 1291 784 1337 et
810 1293 1018 1338 rectum
1051 1301 1064 1337 :
1093 1282 1161 1338 de
1192 1283 1511 1354 appetendis
1540 1284 1720 1353 rebus,
1754 1284 1960 1356 fugien-

369 1371 560 1444 disque
602 1381 898 1441 certarent,
954 1373 1221 1430 malorum
1264 1389 1328 1429 ac
1371 1374 1634 1430 bonorum
1679 1377 1811 1432 alios
1841 1378 1962 1431 aliae

367 1467 764 1524 constituerent
799 1467 933 1523 fines
959 1487 972 1523 :
1002 1469 1284 1526 veritatem
1312 1471 1654 1541 cupientibus
1684 1487 1911 1528 noscere
1935 1471 1960 1510 δ

366 1575 548 1616 rerum
594 1572 964 1632 opponeretur
1005 1562 1343 1628 obscuritas,
1390 1574 1445 1619 et
1484 1564 1632 1619 velut
1677 1566 1957 1620 oculorum

2084 451 2413 507 conficerent
2453 455 2724 523 tegmina,
2786 456 3169 526 Supellectilem
3207 463 3411 519 variam
3453 464 3675 522 diurno-

2085 559 2204 598 rum
2237 546 2618 602 contraherent
2646 550 2890 619 egestati,
2928 551 3306 608 imbecillitatis
3331 558 3525 612 auxilia
3557 560 3677 615 ani-

2085 637 2316 693 malibus
2342 649 2714 697 mutuarentur
2738 659 2768 698 a
2790 645 2983 712 mntis,
3012 647 3118 701 vim
3149 647 3385 705 facerent
3415 655 3590 719 terris,
3621 666 3679 710 ut

2084 744 2192 784 non
2217 744 2312 784 sua
2344 731 2658 788 sufﬁcerent
2684 736 2955 804 gramina,
2989 738 3084 793 sed
3119 740 3408 810 imperatas
3443 745 3673 802 extolle-

2083 830 2206 876 rent
2238 820 2444 893 fruges,
2495 835 2690 882 etcum
2724 829 3036 898 sanguinem
3072 839 3240 888 totum
3289 835 3339 888 in
3378 837 3672 907 subigenda

2079 911 2272 969 tellure
2303 913 2584 983 fudissent,
2615 918 2879 990 robigine,
2910 923 3188 992 grandine,
3227 927 3488 995 siccitate,
3523 947 3672 1001 spem

2076 1002 2278 1059 laboris
2317 1006 2670 1064 amitterent:
2700 1020 2754 1066 et
2779 1011 2847 1066 ad
2881 1013 3124 1070 ultimum
3149 1018 3196 1071 vi
3240 1017 3397 1074 famis
3423 1019 3673 1080 humanis

2075 1097 2426 1155 cadaveribus
2453 1101 2787 1170 incubarent,
2827 1115 2881 1160 et
2911 1107 2976 1160 ab
3004 1107 3279 1164 hominum
3315 1110 3504 1168 formis
3529 1116 3669 1172 tabi-

2075 1186 2173 1243 ﬁca
2215 1191 2384 1246 macie
2412 1191 2837 1250 dissociarentur
2861 1197 3171 1268 abjunctae?
3213 1201 3418 1257 Idcirco
3464 1204 3670 1263 animas

2072 1280 2236 1350 misit,
2269 1293 2327 1338 ut
2355 1300 2473 1355 qua:
2513 1301 2694 1340 secum
2728 1301 3128 1346 commorantes
3172 1296 3533 1362 possessionis
3572 1298 3671 1352 ali-

2070 1373 2224 1443 cujus
2268 1376 2472 1431 nullum
2507 1395 2759 1450 umquam
2796 1379 3112 1439 habuissent
3142 1401 3384 1442 amorem
3419 1407 3429 1442 :
3461 1393 3667 1447 avaris-

2067 1469 2220 1524 sima:
2247 1469 2335 1526 hic
2379 1471 2604 1537 fierent,
2645 1485 2698 1529 et
2737 1475 2790 1530 in
2822 1476 3053 1533 habendi
3094 1479 3329 1536 studium
3360 1482 3668 1541 inexatura-

2065 1561 2160 1617 bili
2204 1564 2437 1632 pectoris
2478 1564 2827 1622 ardescerent
2867 1570 3152 1639 appetitu:
3186 1571 3485 1630 ell‘oderent
3527 1576 3667 1632 altos

366 1651 660 1708 luminibus
690 1654 885 1720 viduae,
921 1653 1055 1710 nihil
1081 1668 1289 1711 certum
1321 1655 1588 1722 viderent,
1636 1667 1690 1712 et
1721 1673 1817 1728 per
1863 1674 1960 1712 an-
1990 1686 2038 1746 B
2065 1663 2277 1710 montes
2301 1698 2316 1722 ,
2346 1665 2400 1712 et
2432 1657 2636 1713 viscera
2669 1659 2846 1730 ignota
2879 1670 3145 1717 terrarum
3179 1667 3230 1718 in
3261 1667 3514 1721 materias
3541 1684 3663 1724 ver-

362 1744 556 1817 cipites
582 1746 804 1802 semitas
835 1748 1200 1818 suspicionum
1229 1747 1614 1804 inducerentur
1639 1749 1861 1805 errore?

432 1836 546 1892 XL.
577 1839 782 1894 Idcirco
805 1827 1013 1896 animas
1055 1841 1234 1909 misit,
1265 1851 1322 1896 ut
1351 1857 1471 1897 cum
1513 1843 1804 1898 animantia
1844 1859 1949 1900 ete-

360 1936 472 1985 tera
487 1940 679 2002 sponte
693 1931 832 1986 natis
849 1943 868 1971 ε
890 1933 1186 1999 alerentur,
1205 1945 1259 1988 et
1275 1934 1420 1988 nulla
1438 1936 1648 1990 satione
1660 1935 1883 2005 prolatis
1899 1932 1948 2000 ἀ,

357 2037 537 2094 neque
562 2024 869 2090 domorum,
896 2034 988 2081 aut
1007 2027 1232 2080 vestium
1260 2027 1517 2083 tutamina
1545 2027 1667 2090 sibi,
1695 2037 1787 2082 aut
1807 2027 1952 2080 vela-

357 2126 543 2172 menta
590 2117 1001 2189 conquirerent,
1041 2119 1361 2175 miserabilis
1388 2120 1504 2175 istis
1526 2124 1821 2176 necessitas
1852 2119 1950 2175 ad-

356 2207 578 2266 deretur
607 2228 621 2266 :
651 2221 708 2267 ut
745 2227 865 2267 cum
899 2212 1184 2284 impendiis
1225 2213 1475 2269 maximis
1500 2256 1514 2282 ,
1570 2213 1951 2285 perpetuisque

2066 1757 2243 1804 terent
2270 1750 2430 1804 alieni
2458 1752 2725 1814 nominis,
2765 1762 2925 1822 atque
2969 1771 3134 1821 usus;
3187 1767 3531 1827 penetrarent
3564 1762 3663 1816 ab-
3730 1780 3740 1790 ·

2063 1839 2202 1895 ditas
2248 1840 2561 1896 discrimine
2588 1858 2707 1897 cum
2733 1845 2924 1914 capitis
2969 1848 3214 1903 nationes
3239 1890 3253 1913 ,
3302 1859 3356 1905 et
3393 1853 3665 1908 translatis

2063 1933 2334 1988 mercibus
2360 1933 2674 1990 charitatem
2708 1952 2938 2006 semper,
2976 1940 3342 2012 vilitatemqtte
3363 1955 3661 2014 captarent,

2061 2035 2379 2080 exercerent
2423 2027 2638 2082 avidum
2691 2039 2851 2100 atque
2902 2031 3315 2101 injustissimum
3365 2036 3564 2102 ftenus,
3611 2046 3667 2093 et

2058 2117 2378 2174 miserorum
2412 2135 2442 2174 e
2471 2122 2730 2192 sanguine
2760 2125 3080 2194 supputandi
3118 2142 3177 2182 se
3207 2140 3468 2200 angerent
3508 2131 3662 2186 inso-

2058 2212 2244 2277 mnia;
2299 2213 2537 2270 millibus
2587 2216 2986 2285 possessionum
3035 2235 3251 2290 semper
3301 2223 3665 2292 producerent

1595 2328 1977 2386 LECTIONES
2016 2328 2432 2391 VARIANTES.

415 2420 442 2448 ⁸
477 2418 805 2470 Poscerentur
823 2421 938 2473 Sab.

416 2477 444 2517 1)
480 2482 634 2532 Nosse
655 2480 796 2534 Fulv.

419 2547 441 2574 ε
478 2543 606 2595 Mata
637 2543 740 2596 alii.

2121 2419 2149 2458 ἃ
2193 2421 2386 2471 Prolata
2410 2419 2513 2472 alii.

2126 2484 2149 2513 ε
2193 2483 2562 2538 Constituerent
2583 2484 2650 2537 ali

1709 2654 2275 2714 COMMENTARIUS.

435 2770 673 2854 ifeﬁtatis
703 2771 923 2854 effectui.
947 2773 1003 2828 Id
1019 2781 1104 2828 est
1118 2774 1393 2854 perlecta},
1412 2771 1955 2854 consummatissima:

355 2844 758 2914 }'feritatis,qu:e
780 2844 980 2898 nullam
1009 2847 1239 2914 amplius
1267 2845 1657 2899 dubitationem
1685 2844 1952 2898 admittat.

351 2913 535 2970 Nostri
576 2915 641 2968 ad
683 2915 906 2969 verbum
946 2933 960 2972 :
1006 2913 1374 2984 Ausgemacltte
1425 2915 1717 2972 Wahrheit.
1745 2916 1953 2970 OnELL.

429 2985 636 3039 Auxilia
665 2997 926 3054 poscerent
951 3004 1055 3042 eos.
1089 2974 1311 3042 Poscere
1343 2989 1644 3056 smpiSsime
1671 2986 1812 3056 apud
1840 2986 1954 3040 La-

349 3058 496 3111 tinos
521 3071 642 3110 cum
671 3059 880 3112 duobus
911 3060 1252 3123 accusativis,
1280 3076 1429 3114 more
1451 3059 1768 3114 Grzecorum
1792 3060 1953 3114 αἰτεῖν

349 3129 463 3184 τινὰ
484 3149 557 3182 τι.
593 3126 671 3181 Ita
706 3128 918 3199 γει-εει,
949 3129 1101 3195 ίΕιιη
1131 3145 1209 3195 tv,
1243 3130 1519 3186 vers.-50:

601 3217 640 3268 Τ
645 3232 676 3269 ιι
699 3220 842 3269 modo
867 3234 1012 3284 posce
1026 3221 1164 3272 Deos
1181 3223 1390 3272 veniam.

351 3302 509 3358 Plura
557 3305 802 3372 exempla
833 3305 954 3361 vide
990 3305 1046 3361 in
1090 3306 1317 3363 Gesneri
1358 3308 1625 3364 Thesaur.
1657 3326 1742 3364 eos
1784 3310 1950 3366 omit-

354 3381 471 3429 tunt
501 3373 614 3428 alii.
643 3375 850 3430 OuELL.

423 3445 528 3498 Aut
570 3445 737 3499 ullum
763 3463 869 3502 esse
900 3449 1099 3523 penitus
1139 3451 1470 3522 abnegarent.
1511 3452 1688 3507 Ullum
1722 3470 1864 3523 esse,
1896 3453 1948 3509 id

354 3525 458 3581 est,
488 3532 702 3572 onmem
728 3535 905 3573 rerum
935 3521 1301 3577 existentiani.
1333 3524 1536 3578 Allndit
1561 3535 1742 3581 autem
1777 3521 1950 3582 Arno-

358 3587 480 3662 bius
510 3587 575 3642 ad
599 3588 895 3662 _Aphasiam
927 3592 1374 3662 Pyrrhoniornm.
1405 3595 1612 3652 ORELL.

425 3657 492 3710 Et
532 3659 667 3714 velut
709 3657 986 3716 oculorum
1019 3665 1293 3720 luminibus
1332 3667 1514 3723 viduar.
1547 3668 1812 3724 Meursius
1849 3686 1861 3724 :
1891 3679 1946 3723 ut

354 3729 513 3792 velut,
541 3739 649 3785 etc.
666 3729 870 3787 ORELL.

424 3799 538 3855 XL.
566 3829 630 3843 -ι-
669 3800 888 3856 Vestiam
932 3808 1180 3861 tutamina
1221 3808 1315 3864 sibi
1361 3819 1449 3863 aut
1495 3812 1778 3866 velamenta
1823 3826 1948 3864 con-

349 3873 625 3949 quirerent.
661 3872 1006 3949 Stewechius
1049 3881 1248 3933 mavult
1297 3883 1580 3949 uelamina,
1638 3899 1789 3938 more
1847 3885 1949 3939 Ar-

347 3942 498 3999 ttobii
562 3945 850 4015 antiquos,
921 3949 1188 4018 imprimis
1249 3942 1600 4018 Lucretiutn',
1663 3954 1945 4009 imitantis.

1511 4027 1714 4081 ORELL.

423 4085 847 4168 Suppellectilem
864 4091 1057 4168 variam
1075 4091 1377 4168 diurnorum
1393 4100 1696 4164 conﬁcerent
1714 4098 1944 4168 egestati.

348 4154 513 4236 Ideni
544 4158 885 4215 Stewechius
933 4162 1220 4236 legendum
1271 4154 1502 4236 eonjicit'
1541 4154 1947 4223 diurna'rerum

344 4228 658 4296 conficerent
721 4242 963 4296 egestate.
991 4228 1079 4288 'ld
1134 4246 1218 4291 est
1274 4228 1454 4293 rerum
1513 4241 1944 4296 necessariarum

349 4299 534 4368 inopia
563 4301 897 4369 quotidiana.
933 4304 1040 4360 Sed
1090 4307 1222 4362 nihil
1266 4310 1598 4365 mutandum.
1643 4311 1846 4364 Diuma
1890 4311 1943 4366 in

346 4370 552 4452 plurali
583 4371 719 4427 dixit
763 4376 1036 4452 A_rnobius
1078 4392 1260 4452 sensu,
1287 4382 1493 4437 rariore
1534 4397 1630 4452 pro
1672 4383 1834 4438 rebus
1878 4383 1944 4437 ad

348 4441 720 4512 quotidianum
752 4445 949 4502 victum
974 4451 1296 4506 necessariis
1321 4470 1335 4506 :

474 4535 628 4595 Queis
647 4537 857 4588 humana
875 4540 966 4590 sibi
993 4540 1159 4592 doleat
1180 4551 1350 4594 natura
1370 4546 1578 4608 negatis.

351 4618 433 4672 die
459 4620 716 4699 taglichen
745 4621 1096 4699 Bedurfrtisse.
1131 4624 1298 4699 Hujus
1327 4637 1503 4683 tamen
1535 4629 1948 4699 signiﬁcationis

346 4692 486 4769 apu_d
508 4693 643 4769 alios
665 4692 961 4769 scriptores
978 4692 1225 4769 exempla
1251 4699 1444 4753 frustra
1469 4692 1714 4769 quaesivi.
1739 4702 1946 4757 ORELL.

423 4762 698 4834 Rubigine.
735 4762 923 4836 Virgil.
971 4762 1195 4836 Georg.,
1242 4785 1278 4835 ι,
1325 4762 1663 4826 νει-ε.’150;

951 4849 1015 4899 Ut
1033 4850 1161 4900 mala
1180 4852 1368 4902 culmos

538 4906 684 4958 Esset
700 4911 895 4973 robigo.

351 4981 473 5068 Ubi
510 4980 726 5068 Servius
752 5003 765 5038 :
797 4985 1005 5068 Rubigq
1045 4999 1121 5044 est
1146 5007 1322 5068 ‘genns
1356 4993 1485 5068 vitii,
1516 5010 1614 5061 quo
1638 4995 1805 5068 culmi
1826 5012 1946 5068 per-

349 5062 493 5118 eunt,
529 5056 665 5121 quod
693 5072 724 5108 a
759 5056 1032 5114 rusticanis
1073 5056 1339 5116 calamitas
1381 5056 1584 5118 dicitur.
1629 5064 1739 5118 Hoc
1781 5056 1948 5121 autem

349 5140 510 5195 genus
532 5125 641 5179 vitii
666 5143 728 5207 ea:
747 5129 928 5183 nebula
955 5133 1097 5207 nasci
1124 5136 1270 5207 solet,
1300 5151 1414 5207 cum
1444 5137 1732 5207 nigrescunt
1761 5148 1807 5191 et
1827 5154 1950 5192 con-

347 5207 621 5276 sumantur
663 5202 942 5276 frumenta,
980 5204 1100 5276 inite
1134 5214 1180 5257 et
1231 5205 1457 5276 liubigus
1498 5202 1671 5272 Deus,
1719 5216 1765 5258 et
1800 5224 1948 5263 sacra

348 5268 459 5325 eius
475 5267 670 5348 decimo
685 5267 807 5327 Kal.
838 5272 1002 5348 M_aias
1019 5273 1348 5348 Rubiginalia
1364 5267 1709 5348 appellantur.
1734 5277 1948 5334 ELIIEN-

348 5353 540 5416 nonsa‘.
595 5340 830 5416 Doceute
868 5343 1066 5400 Vossio
1109 5340 1173 5400 Vi
1220 5347 1300 5403 Cl.
1349 5340 1664 5416 ad'Vitgilii
1695 5351 1730 5403 Ι.
1765 5350 1802 5403 Ι.
1839 5350 1946 5405 duo

348 5408 578 5489 diversa
600 5412 906 5489 plantarum
941 5419 1064 5471 vitia
1095 5433 1160 5472 eo
1191 5424 1408 5474 nomine
1439 5408 1646 5476 veteres
1677 5420 1948 5489 signiﬁca-

348 5479 500 5560 bant,
531 5482 760 5560 alterum
793 5488 987 5552 album,
1017 5490 1159 5559 quod
1190 5490 1441 5555 Germani
1475 5479 1755 5560 appellati:
1778 5490 1948 5545 Melit-

351 5553 507 5628 tttau,
535 5554 770 5628 alterum
793 5561 996 5628 rufum,
1027 5553 1124 5613 (ten
1158 5553 1283 5616 Best
1320 5564 1390 5616 im
1419 5553 1668 5617 Getreide.
1696 5565 1842 5618 Alias
1864 5565 1946 5617 di-

348 5623 492 5710 citur
514 5639 709 5710 terugo,
733 5623 1001 5710 Qypi'ianu
1021 5644 1321 5710 contestata,
1348 5633 1554 5710 Graecis
1568 5634 1952 5710 ﬁpégtgLth_c

352 5693 566 5776 ρανίε.,
623 5693 690 5751 ad
731 5693 990 5776 pactam.
1049 5702 1213 5774 Epit.,
1268 5693 1390 5776 cap.
1447 5706 1538 5773 65,
1568 5693 1625 5776 'p'.
1671 5693 1833 5774 1535,
1861 5708 1950 5764 ed.

353 5762 687 5825 Bttnemann.
723 5769 929 5826 ORELL.

670 5863 948 5929 Ρηιιοι.
990 5867 1063 5927 V.

1976 4521 2030 4580 D

2131 2768 2198 2823 Et
2220 2769 2272 2823 in
2301 2769 2521 2847 habendi
2548 2771 2776 2847 studium
2795 2772 3159 2847 ineraturabili
3187 2782 3402 2847 pectoris
3424 2785 3662 2841 ardesce-

2055 2851 2170 2895 rent
2193 2843 2447 2927 appetitu.
2481 2841 2556 2927 Ita
2583 2842 2765 2927 habere
2786 2845 3034 2925 absolute
3064 2841 3204 2918 apud
3232 2854 3467 2923 optimos
3494 2859 3664 2927 scrip-

2061 2921 2228 2968 tores.
2265 2913 2545 2968 Juvenalis
2570 2929 2635 2968 ex
2673 2916 2886 2974 Ennio:

2185 3027 2326 3077 Unde
2346 3027 2554 3088 habeas,
2580 3041 2726 3078 nemo
2743 3032 2922 3092 quaerit
2937 3069 2950 3092 ,
2976 3034 3064 3083 sed
3085 3043 3281 3097 oportet
3304 3040 3512 3091 habere.

2058 3129 2430 3208 Etﬁabentia,
2473 3132 2710 3208 πλοᾷτοςτ
2755 3133 3146 3208 Quadrigarius
3191 3144 3333 3208 apud
3384 3145 3657 3206 Nouium:

1981 3190 2025 3252 C
2061 3201 2272 3284 A‘nimnos
2302 3190 2476 3284 eortina
2503 3190 2740 3284 habentia
2766 3190 2996 3284 inﬂurai'.
3021 3209 3110 3284 Sic
3133 3190 3275 3284 {xciv
3304 3190 3664 3276 Crist-Egi);

2063 3273 2294 3366 phocles
2320 3274 2370 3326 in
2403 3271 2568 3366 Ajace
2593 3291 2606 3327 :
2634 3271 2881 3366 πρόςηγᾶρ
2908 3281 3012 3366 τὸνᾌ
3034 3271 3210 3366 ἔχονῇ
3236 3286 3262 3340 ὁ

2062 3343 2234 3418 Sicin
2256 3344 2551 3418 Evangelia
2589 3343 2709 3418 :75?)
2754 3343 2934 3418 ἔχοῖοτι
2984 3343 3273 3412 demiserat.
3298 3343 3661 3418 Ἠιςίιλιξῦίζ

2017 3463 2024 3478 ,
2061 3415 2215 3493 Adde
2254 3413 2546 3493 Ruhnken.
2573 3417 2640 3493 ad
2667 3413 2832 3493 Rutili.
2867 3418 2998 3488 Lup.
3045 3442 3093 3493 p.
3131 3425 3216 3480 78.
3250 3413 3516 3487 Ocnstseti.

2135 3484 2695 3567 Penetrarentabditas
2723 3484 3017 3547 discrimine
3045 3484 3169 3549 ’σωκ
3196 3501 3378 3567 capitis
3398 3484 3656 3562 finitiones.

2059 3556 2193 3631 Mira
2216 3559 2601 3631 eratlidelium
2631 3569 2758 3631 tunc
2793 3568 3053 3630 temporis
3084 3556 3434 3624 abstinentia.
3469 3556 3662 3631 Aviti;

2058 3628 2188 3682 tiam
2218 3638 2272 3710 et
2305 3629 2524 3710 nimiam
2561 3630 2793 3685 habendi
2820 3628 3171 3710 cupiditatem
3204 3639 3276 3692 ita
3304 3628 3658 3710 damnabani,

2059 3707 2118 3753 ut
2146 3701 2479 3771 periculosas
2510 3713 2843 3756 mercaturas
2875 3703 2977 3758 hoc
3002 3708 3164 3762 etiam
3193 3712 3412 3767 nomine
3434 3701 3662 3771 damna;

2059 3770 2368 3852 ren_t._Vide
2393 3771 2662 3852 Lactant_.,
2830 3789 2882 3832 v.
2919 3791 3037 3846 cap.
3073 3779 3159 3834 18.
3197 3781 3546 3852 Tertullian.,
3569 3770 3656 3844 de

2058 3840 2387 3906 Idololatria,
2415 3857 2534 3911 cap.
2570 3843 2653 3898 11.
2691 3844 2933 3899 lienam.

2130 3911 2198 3965 Et
2225 3914 2486 3996 translatis
2507 3917 2752 3996 mercibus
2771 3917 3072 3996 c/taritatem
3100 3925 3657 3996 semperrvilitatemque

2055 3993 2337 4058 captarent.
2373 3983 2522 4038 Zeno
2553 3983 2878 4058 Veronensis
2902 3988 3168 4046 Sermone
3196 3983 3216 4046 ί
3232 4036 3246 4058 ,
3275 3995 3344 4051 de
3375 3983 3611 4054 Avaritia
3639 4018 3652 4052 :

2055 4053 2202 4108 Alius
2231 4055 2559 4138 inde-ferum
2600 4057 2824 4138 omnium
2854 4072 3028 4138 captaa
3053 4053 3332 4129 annonam,
3367 4053 3657 4138 aucupatur

2054 4126 2378 4205 distrahendi
2412 4136 2646 4207 tempus;
2677 4130 2844 4207 minor
2954 4147 3211 4207 mensura,
3242 4126 3410 4207 nmjor
3440 4126 3516 4192 in.
3534 4159 3652 4207 pre-

2055 4196 2164 4282 tio‘:
2193 4208 2343 4268 negat
2371 4215 2423 4250 se
2449 4198 2652 4280 habere,
2672 4201 2817 4279 quod
2849 4196 3441 4282 distrahant-rogetur,
3476 4196 3544 4264 ut.
3557 4216 3653 4282 ju-

2054 4269 2229 4337 gulet;
2260 4283 2410 4338 atque
2443 4271 2642 4322 utinam
2657 4271 2964 4342 incorrupta
2985 4276 3178 4342 species
3205 4269 3524 4336 reniteretur.
3557 4269 3654 4337 ln-

2053 4341 2282 4424 getttiscit
2311 4341 2663 4424 prtctereag‘si
2701 4358 2871 4423 annus
2905 4351 2977 4397 est
3015 4341 3241 4424 sterilis;
3273 4355 3433 4424 multo
3463 4356 3648 4424 magis,

2053 4412 2099 4464 si
2123 4411 2309 4493 fertilis
2340 4413 2495 4493 fuerit
2516 4427 2539 4493 ς
2571 4410 2699 4492 illic,
2723 4413 2845 4482 quia
2873 4431 3057 4493 parum
3097 4410 3338 4475 distrahit
3362 4438 3380 4475 :
3401 4424 3502 4483 hic.
3533 4410 3655 4493 qua}

2055 4498 2156 4552 non
2185 4481 2550 4552 solusal’ultis
2577 4481 2958 4551 scire,quantis
2980 4489 3074 4539 scit
3102 4493 3320 4545 tenebris
3351 4481 3654 4552 obvoluius?

2055 4551 2312 4607 Irascitur
2345 4551 2555 4627 Deo,__si
2593 4571 2696 4609 non
2723 4571 2923 4626 semper
2949 4558 3041 4624 ﬁat
3066 4561 3289 4627 publicis
3315 4563 3540 4622 luctibus
3571 4551 3654 4622 tli-

2055 4640 2158 4708 ves.
2191 4627 2429 4708 “anno.
2467 4624 2602 4680 Male
2644 4624 2838 4696 itaque
2859 4624 3123 4708 Meursius
3153 4632 3437 4703 legendum
3474 4641 3650 4708 conji-

2056 4696 2130 4752 cit
2153 4714 2166 4750 :
2197 4697 2565 4766 utilitatemque
2593 4708 2874 4765 captarent.
2902 4700 3106 4756 ORELL.

2130 4784 2439 4867 Exercerent
2475 4784 2682 4868 avidum
2722 4797 2875 4868 atque
2909 4790 3306 4868 injustissimum
3345 4796 3531 4862 fanus.
3576 4798 3651 4852 Ita

2061 4856 2204 4934 enim
2229 4856 2616 4934 exiStitnabant
2641 4870 2763 4934 aevo
2784 4856 2877 4910 illo
2903 4856 3192 4916 Christiani
3217 4905 3230 4928 ,
3257 4856 3483 4934 quorum
3521 4869 3652 4925 cha-

2062 4927 2194 5008 ritas
2226 4930 2697 5008 lerventior'erat,
2737 4926 2916 5008 factius
2947 4947 3110 5008 Ull_l_l_|e
3149 4926 3559 5008 cessassem»,
3595 4952 3650 4996 et

2061 4999 2130 5080 ab
2171 4998 2283 5080 ipsa
2318 4997 2658 5080 humanitate
2691 4998 2956 5080 alienum.
3005 4997 3465 5080 l’lincllliltiadés,
3505 4997 3648 5080 apud

2059 5069 2282 5134 Euseb.,
2318 5070 2412 5124 lib.
2451 5085 2481 5119 v
2518 5068 2657 5122 Hist.
2690 5069 2921 5128 Ecclcs..
2953 5086 3071 5139 cap.
3105 5076 3196 5136 19,
3229 5077 3315 5129 uhi
3354 5068 3650 5137 llltmlaills-

2059 5149 2232 5195 tarum
2265 5142 2554 5222 prophetas
2572 5141 2843 5222 ςιξεικίιςιιε
2878 5148 3161 5222 Πρᾳφήτηςε
3183 5149 3291 5201 εἰπέ
3317 5171 3430 5220 μοι,
3456 5153 3651 5222 βάπτε-

2055 5230 2166 5279 ται;
2191 5217 2453 5300 πρὲφήτης
2476 5211 2788 5300 afﬂigant;
2812 5211 3076 5300 πβοᾲήέης
3097 5211 3427 5300 gotiozoaéasit
3454 5211 3650 5300 irpogori-

2053 5305 2145 5343 της
2183 5283 2388 5360 τάϐλειις
2422 5287 2505 5337 καὶ
2534 5283 2710 5360 exigo};
2749 5283 2948 5360 παᾴζειξ
2978 5283 3238 5360 προφήτης
3273 5283 3509 5358 semet:
3544 5283 3648 5351 lie-

2054 5369 2211 5430 nam).
2231 5383 2297 5394 —
2316 5353 2461 5430 Ita_et
2474 5354 2694 5430 ethnici,
2727 5359 2874 5430 verbi
2908 5353 3062 5430 caus‘a
3089 5353 3245 5422 Canto,
3271 5362 3360 5430 qui
3392 5353 3645 5423 higher-ari

2053 5425 2195 5494 idem
2226 5439 2348 5479 esse
2375 5424 2610 5488 dicebat,
2630 5429 2770 5494 quod
2805 5425 3076 5480 hominem
3106 5424 3374 5487 occidere.
3398 5436 3644 5493 ELIENK.

2130 5493 2196 5548 Et
2248 5495 2546 5576 miseratam
2595 5511 2622 5549 e
2651 5493 2908 5576 sanguine
2949 5502 3290 5576 suliputandi_
3313 5520 3368 5562 se
3404 5521 3647 5576 augerem

2057 5566 2332 5620 insomnia.
2382 5565 2614 5621 Millibus
2667 5565 3062 5637 possessionum,
3112 5581 3220 5626 etc.
3272 5573 3345 5628 Ita
3394 5565 3535 5632 edidi
3579 5597 3647 5636 cx

2058 5637 2438 5714 emendatione
2469 5637 2908 5714 _llera|_di._C_od._
2956 5637 3118 5693 habet
3168 5649 3512 5714 supputandis
3553 5668 3650 5702 an-

2061 5720 2234 5779 gerent
2257 5709 2535 5772 insontnia,
2557 5711 2700 5766 unde
2725 5709 2979 5764 Gelenius
2997 5719 3053 5764 et
3083 5709 3284 5772 caeteri
3308 5731 3430 5768 cum
3454 5721 3654 5773 secuti:

2063 5783 2378 5852 supputandi
2405 5797 2459 5837 ac
2495 5790 2737 5856 angerent
2763 5781 2984 5835 insania.
3021 5782 3385 5846 Stewechius
3414 5799 3428 5835 :
3465 5801 3657 5857 suppu-

3185 5877 3304 5955 9-8
