4258 6250
566 298 669 355 337

1674 296 1711 348 Α
1725 295 1947 352 RNOBII
1992 293 2352 355 ADVERSUS
2389 297 2660 356 GENTES

3755 297 3867 358 888

562 415 878 471 scrimiuutn
907 427 1065 468 causa
1089 455 1103 477 ,
1133 421 1224 467 aut
1255 414 1400 483 ipsos
1427 420 1576 467 actus
1595 413 1788 482 quibus
1813 415 1918 468 vita
1957 414 2154 469 transi-
2186 426 2237 486 Α
2265 419 2570 473 necessario
2596 418 2838 489 sequitur
2858 459 2874 485 ,
2907 434 3012 474 non
3059 419 3201 474 enim
3250 418 3294 473 si
3327 431 3586 489 negemus
3612 429 3820 473 muscas
3842 459 3860 483 ,

561 510 707 580 gitur
726 518 780 564 ct
803 507 1106 564 celebratur
1121 507 1374 574 humana,
1391 505 1744 571 ordinaverit,
1759 507 2003 577 jusserit.
2021 517 2117 563 eta
2135 517 2162 545 α

565 617 658 656 sua
690 601 856 656 liuere
884 601 1269 655 constitutione
1316 600 1647 668 proiceperit.
1685 599 1884 653 liliuora
1918 599 2034 654 lucc
2065 599 2162 655 illo

557 702 715 755 sunt,
759 703 810 747 et
838 692 1221 763 magnitudinis
1251 691 1367 761 ejus
1408 690 1738 745 destrucntia
1781 701 2101 761 putestatem
2147 710 2161 746 :

559 793 874 854 tantumque
923 795 1002 838 est
1056 783 1211 852 longe
1240 792 1296 835 ut
1324 783 1549 836 istarum
1590 793 1778 836 auctor
1808 797 1986 838 rerum
2042 796 2163 838 esse

565 874 842 938 credatur,
875 883 931 928 ut
963 874 1016 928 in
1046 873 1323 943 sacrilega:
1352 873 1555 926 crimen
1605 873 1896 942 impietatis
1925 874 2165 928 incurrat

565 969 809 1040 quisquis
840 969 908 1021 al)
934 984 998 1022 eo
1030 967 1339 1030 conceperit
1367 965 1636 1020 hominem
1669 980 1789 1020 esse
1817 975 2159 1036 prognatum,

558 1079 675 1118 rem
710 1062 978 1117 infelicem
1014 1071 1065 1116 ct
1095 1063 1366 1124 miseram,
1418 1061 1507 1129 qui
1557 1074 1678 1114 esse
1719 1074 1776 1113 se
1819 1058 2041 1114 doleat:
2071 1060 2161 1130 qui

561 1156 924 1210 conditionem
955 1168 1106 1208 suam
1130 1152 1427 1207 detestetur
1449 1161 1503 1206 et
1525 1151 1702 1220 lugeat
1730 1169 1743 1204 τ
1773 1152 1862 1221 qui
1892 1150 2035 1205 nulla
2061 1152 2163 1205 alia

559 1248 628 1303 de
657 1262 820 1302 causa
851 1262 969 1300 sese
1002 1245 1262 1315 intelligat
1289 1253 1651 1314 procreatum,
1685 1258 1844 1311 quam
1877 1258 1946 1298 ne
1978 1252 2164 1298 mate—

562 1342 698 1396 riam
729 1353 831 1393 non
862 1339 1122 1393 haberent
1148 1352 1243 1406 per
1270 1352 1430 1406 quam
1453 1334 1816 1389 dilfuudereut
1842 1349 1902 1389 se
1925 1334 2084 1396 mala,
2109 1341 2164 1388 et

561 1443 746 1489 essent
769 1434 953 1488 miseri
981 1447 1216 1502 semper,
1241 1447 1468 1502 quorum
1496 1430 1823 1485 cruciatibus
1849 1436 2162 1498 pasceretnr

559 1527 745 1581 nescio
775 1541 894 1596 quae
927 1527 1007 1579 vis
1037 1524 1210 1580 latens
1251 1533 1306 1578 et
1346 1523 1664 1577 humanitati
1695 1522 1918 1576 adversa
1965 1519 2160 1575 crude-

563 1618 706 1672 litus.

633 1711 837 1766 XLVII.
886 1709 992 1765 Sed
1040 1710 1084 1764 si
1114 1724 1328 1779 parcus,
1363 1706 1564 1762 etiamh
1593 1707 1805 1776 genitor
1835 1706 2158 1769 animarum,

2263 510 2551 565 scarabeos
2575 553 2590 576 ,
2623 521 2677 565 et
2705 510 2924 566 cimices
2944 552 2958 574 ,
2988 511 3282 576 nitedulas,
3313 510 3681 572 curculiones,
3707 519 3763 564 et
3789 509 3864 564 ti-

2265 617 2396 657 neas
2443 604 2828 673 omnipotentis
2862 619 2985 659 esse
3014 618 3150 674 apus
3177 603 3319 674 regis
3362 620 3376 657 :
3407 602 3711 673 sequaciter
3763 616 3864 671 po-

2264 696 2573 751 stulandum
2604 711 2633 750 a
2668 697 2823 752 nobis
2849 707 2933 751 est
2962 706 3019 750 ut
3046 697 3166 767 quis
3195 711 3260 750 ea
3291 694 3497 755 fecerit,
3537 692 3865 748 instituerit-

2264 806 2368 862 que
2389 791 2652 856 dicamus,
2679 791 2947 859 possimus
2962 791 3106 846 enim
3123 791 3266 845 nulla
3294 804 3416 845 cum
3439 787 3866 858 reprehensione

2264 886 2490 944 nescire.
2514 887 2635 956 quis
2665 895 2719 940 et
2739 885 2842 940 illis
2867 886 3128 956 originem
3153 883 3382 950 dederit,
3407 892 3462 938 et
3482 883 3732 938 obtinere
3756 898 3865 938 non

2263 991 2386 1032 esse
2412 991 2442 1031 a
2487 977 2595 1032 Deo
2646 977 2926 1047 superiore
2961 977 3164 1047 prolata
3217 985 3322 1030 tam
3369 989 3720 1045 supervacua,
3756 983 3866 1031 tam

2262 1083 2398 1122 vana
2422 1111 2437 1133 ,
2472 1077 2578 1122 tam
2608 1068 2674 1123 ad
2707 1069 2884 1122 nullas
2913 1068 3236 1139 pertinentia
3264 1068 3525 1133 rationes,
3559 1066 3867 1136 quiniuimo

2264 1161 2550 1231 aliquando
2594 1170 2650 1215 et
2680 1161 2871 1228 noxia,
2901 1170 2958 1216 et
3006 1161 3342 1216 necessarias
3393 1161 3737 1232 importantia
3772 1161 3871 1217 la:-

2265 1264 2466 1307 SIOI’ICS.

2335 1428 2566 1484 XLVIII.
2607 1428 2975 1485 Consimiliter
3005 1428 3093 1484 hic
3120 1443 3338 1500 quoque
3375 1443 3498 1484 cum
3531 1428 3742 1485 animas
3777 1443 3870 1486 re-

2265 1537 2496 1578 nnamus
2525 1522 2624 1578 Dei
2654 1536 2778 1578 esse
2810 1522 3071 1593 principis
3102 1522 3330 1592 prolem,
3363 1537 3468 1576 non
3492 1522 3751 1577 continuo
3776 1536 3872 1577 se-

2263 1616 2478 1686 quitur,
2511 1625 2566 1669 ut
2590 1616 2860 1686 explicare
2890 1614 3182 1670 debeamus
3217 1630 3455 1686 quonam
3498 1625 3722 1684 parente
3760 1614 3873 1669 sint

2263 1707 2441 1772 editae,
2473 1718 2528 1763 et
2552 1709 2730 1763 causis
2754 1708 3053 1777 cuiusmodi
3086 1717 3401 1777 procreata}.
3427 1707 3560 1777 Quis
3586 1708 3729 1762 enim
3760 1723 3865 1762 nos

560 1805 802 1876 inquitis,
839 1804 977 1858 Dens
1024 1821 1129 1858 non
1170 1814 1277 1869 est,
1334 1818 1440 1872 quo
1489 1813 1710 1856 auctore
1760 1802 2073 1870 progenitae,
2107 1812 2160 1856 et
2192 1828 2236 1888 Β
2267 1799 2536 1870 prohibet,
2563 1811 2653 1855 aut
2685 1800 2828 1855 unde
2853 1809 3026 1856 enatae
3048 1802 3176 1866 sint,
3203 1801 3612 1871 prodierintquc
3636 1802 3870 1868 nescire,

559 1912 664 1967 qua
712 1905 837 1950 sunt
880 1897 1088 1950 ratione
1113 1895 1375 1965 prolatcc?
1403 1893 1458 1948 Si
1490 1892 1722 1946 infucata
1759 1893 1917 1946 vultis
1948 1891 2156 1958 audire,

560 2003 662 2043 nec
685 1989 752 2042 ab
780 1988 957 2057 aliqua
977 1988 1121 2041 vocis
1149 1987 1515 2042 ostentatione
1537 1984 1766 2038 deducta
1791 2003 1802 2039 :
1825 1985 1953 2038 item
1983 1985 2157 2038 conli-

560 2089 738 2134 temur
762 2094 862 2134 nos
893 2079 1032 2133 istud
1066 2080 1335 2148 ignorare,
1361 2079 1594 2143 nescire,
1628 2076 2016 2146 scientiamque
2045 2085 2160 2130 tan-

559 2181 630 2226 ta:
673 2173 751 2227 rci
806 2187 910 2227 non
955 2181 1160 2226 tantum
1209 2183 1448 2226 nostram
1499 2169 1744 2226 ducimus
1792 2168 2159 2225 inﬁrmitatem

560 2263 1009 2335 fragilitatemque
1061 2265 1313 2329 transire,
1359 2279 1545 2320 verum
1592 2265 1752 2319 etiam
1811 2271 2160 2332 potestatum,

561 2370 680 2426 qua:
726 2355 779 2410 in
833 2355 1033 2410 mundo
1079 2366 1224 2421 sunt,
1272 2355 1510 2408 omnium
1545 2372 1559 2409 :
1592 2364 1648 2409 et
1692 2369 1812 2424 qua:
1855 2354 2072 2408 numina
2102 2369 2164 2409 se

559 2464 681 2506 esse
709 2449 1052 2520 Opinionibus
1075 2463 1402 2519 usurpavcre
1435 2447 1764 2502 mortalium.
1789 2446 1894 2503 Sed
1913 2462 2046 2516 quas
2069 2447 2164 2502 Dei

563 2556 848 2612 negamus,
882 2541 1036 2612 cujus
1063 2541 1189 2606 sint,
1221 2539 1480 2596 debemus
1505 2537 1829 2596 ostendere?
1848 2537 1989 2594 Nihil
2023 2537 2164 2594 istud

2265 1900 2360 1947 aut
2389 1908 2482 1948 eas
2509 1909 2615 1948 non
2647 1908 2770 1948 esse
2799 1892 2890 1946 Dei
2915 1893 3246 1962 progeniem,
3280 1892 3457 1947 scire?
3486 1892 3754 1961 Quanam,
3788 1893 3874 1948 in-

2266 1983 2452 2054 quitis,
2479 1985 2706 2046 ratione.
2741 1999 2844 2054 qua
2872 1983 2993 2037 via?
3021 1984 3157 2050 Quia
3189 1985 3336 2038 omni
3371 1998 3500 2038 vero
3530 1985 3870 2039 verissimum

2267 2087 2370 2142 est,
2419 2088 2679 2148 certoque
2721 2077 3084 2133 certissimum
3109 2119 3124 2144 ,
3173 2077 3306 2131 nihil
3335 2093 3513 2132 rerum
3543 2092 3572 2130 a
3602 2077 3866 2148 principe,

2265 2169 2407 2225 sicut
2430 2170 2629 2241 smpius
2653 2169 2855 2223 dictum
2898 2179 3001 2234 est,
3051 2169 3166 2239 agi,
3202 2167 3340 2234 ﬁeri,
3373 2168 3561 2236 Statui,
3592 2169 3695 2224 nisi
3724 2168 3869 2238 quod

2266 2269 2534 2330 Oporteat,
2566 2271 2619 2316 et
2643 2260 2930 2316 conveniat
2958 2260 3072 2315 fieri
3104 2279 3118 2316 :
3151 2261 3252 2315 nisi
3275 2261 3417 2331 quod
3445 2262 3515 2316 sit
3547 2261 3788 2330 plenum,
3817 2271 3876 2317 et

2266 2353 2554 2421 integrum,
2583 2360 2637 2407 et
2671 2353 2725 2407 in
2753 2369 2866 2407 sua:
2897 2353 3220 2422 integritatis
3246 2351 3574 2422 perfectione
3622 2353 3869 2407 linitum.

2265 2443 2434 2499 Porro
2462 2452 2641 2499 autem
2690 2445 3054 2513 conspicimus
3108 2443 3385 2511 homines,
3435 2442 3486 2499 id
3532 2454 3616 2499 est
3657 2445 3872 2500 animas

2267 2537 2412 2608 ipsas
2435 2546 2483 2603 ο,
2499 2535 2628 2606 quid
2643 2535 2786 2591 enim
2801 2545 2926 2590 sunt
2949 2535 3198 2592 homines
3217 2536 3321 2592 nisi
3342 2535 3534 2591 animm
3553 2536 3872 2607 corporibus

1787 2695 2167 2754 LECTIONES
2208 2695 2624 2754 VARIANTES.

627 2817 651 2846 ⁸
689 2815 764 2866 Ab
780 2829 869 2866 ms.

2319 2811 2347 2851 ι»
2380 2811 2443 2864 Ει
2457 2826 2568 2874 ms.,
2588 2812 2779 2864 melius.
2808 2812 2994 2864 Meurs.
3017 2815 3118 2877 jam
3140 2813 3281 2865 Fulr.

1957 2935 2516 3002 COMMENTARIUS.

563 3085 573 3091 ’
634 3085 764 3140 Rem
804 3085 1055 3156 infelicem
1085 3095 1130 3140 et
1165 3085 1420 3156 miseram.
1449 3082 1576 3156 Haec
1617 3083 1756 3137 inter
1784 3095 1968 3156 eorum
1998 3096 2163 3156 argu-

563 3168 767 3220 menta,
799 3141 890 3226 qui
917 3157 1189 3210 hominem
1217 3171 1246 3209 a
1271 3155 1382 3209 Deo
1409 3155 1687 3226 conditum
1715 3154 2000 3222 negabant.
2033 3141 2164 3208 Vide
2193 3141 2238 3203 C

562 3224 908 3283 Lactantium
932 3227 1070 3282 libro
1097 3226 1165 3280 de
1190 3226 1417 3295 Opilicio
1452 3225 1567 3280 Dei.
1601 3224 1845 3278 HERALD.

637 3300 869 3364 Quorum
897 3298 1208 3351 cruciatibus
1238 3294 1534 3369 posceretur
1561 3297 1727 3369 nescio
1757 3310 1872 3369 qua:
1899 3294 2166 3369 vis_latens

562 3379 610 3424 et
657 3370 963 3422 humanitati
1013 3366 1246 3423 adversa
1275 3368 1573 3422 crudelitas.
1624 3367 1700 3420 Ita
1748 3366 1949 3434 optime
1987 3367 2164 3420 locum

560 3440 797 3494 restituit
829 3438 918 3493 Fr.
945 3439 1172 3500 Modius.
1223 3440 1485 3504 probante
1525 3438 1833 3491 Stewechio
1862 3447 1915 3489 et
1956 3437 2167 3492 Salma-

560 3511 662 3566 sio.
699 3525 799 3564 ms.
849 3509 1046 3564 habet:
1081 3510 1268 3565 Nescio
1305 3509 1533 3579 quamvis
1575 3510 1758 3562 latens.
1801 3507 2027 3562 Vitiose.
2072 3507 2166 3562 His

565 3591 748 3636 autem
778 3581 954 3635 verbis
989 3583 1257 3636 Arnobius
1288 3581 1473 3652 procul
1503 3579 1670 3633 dubio
1697 3579 1952 3652 describit
1983 3579 2168 3632 diabo-

567 3652 702 3716 lum,
737 3668 895 3708 nuent
924 3653 1197 3706 crudeliter
1226 3650 1412 3706 sm'vum
1440 3652 1652 3706 dixerat
1680 3665 1864 3718 sttpra.
1893 3650 2096 3704 Οιιειι..

640 3722 851 3778 XLVII.
871 3723 982 3776 -Ι
993 3733 1090 3777 tem
1120 3725 1424 3789 conﬁtemur
1459 3740 1551 3775 nos
1578 3721 1714 3775 istud
1735 3723 1995 3792 ignorare.
2029 3722 2165 3775 I’uto

568 3795 853 3864 legendum
881 3812 895 3850 :
920 3797 1101 3848 iterum
1123 3802 1443 3859 confitemur.
1475 3793 1680 3848 OnELL.

643 3865 708 3919 Et
737 3881 850 3932 qua:
876 3866 1086 3920 numina
1113 3883 1167 3920 se
1188 3883 1313 3931 esse,
1337 3864 1662 3935 Opinionibus
1689 3878 2000 3935 usurpavere
2026 3879 2164 3916 mor-

566 3936 766 3990 talium.
805 3935 1068 4003 Usurpare
1115 3937 1214 3991 huc
1246 3934 1378 3992 loco
1406 3946 1593 3992 contra
1632 3935 1720 4004 jus
1752 3934 1960 4000 fasque,
2013 3935 2165 3989 nullo

565 4007 763 4062 merito
809 4008 929 4080 sibi
956 4008 1482 4080 vilttlicare,_Gr1lf(‘e
1529 4008 1936 4080 σφειζερίζεςθᾳι,
1989 4015 2160 4060 nostr.

566 4080 884 4146 usurpieren.
911 4079 985 4133 Ita
1007 4081 1227 4134 Sueton.
1252 4078 1466 4144 Claud.,
1487 4075 1607 4140 cap.
1636 4075 1708 4131 23
1746 4094 1758 4129 :
1787 4075 2051 4131 Civitatem
2082 4093 2165 4130 ro-

565 4167 776 4276 ;tanotg
807 4161 1108 4220 usurpantes
1151 4152 1316 4205 securi
1364 4150 1630 4221 percussit.
1678 4147 1779 4204 Ubi
1820 4147 1928 4202 vid.
1959 4147 2163 4202 Casau-

609 4237 693 4275 on.
776 4238 930 4276 RELL.

609 4237 693 4275 un.
727 4237 930 4277 URELL.

644 4292 750 4348 Sed
769 4310 896 4362 quos
920 4293 1014 4346 Dei
1030 4309 1293 4363 negamus.
1321 4293 1392 4347 Ita
1417 4290 1686 4349 Stewech.
1713 4299 1768 4345 et
1789 4288 1963 4363 editor
1980 4288 2160 4363 Lugd.

571 4360 691 4416 Bat.
720 4359 789 4418 es
815 4379 917 4417 ms.
941 4359 1135 4418 Czrtcri
1163 4381 1176 4416 :
1207 4363 1314 4418 Sed
1341 4365 1459 4433 quia
1501 4363 1593 4416 Dei
1625 4378 1887 4432 negamus.
1922 4359 2086 4415 Idem.

646 4433 767 4487 Non
791 4435 925 4487 enim
954 4435 996 4487 si
1029 4451 1272 4504 negamus
1303 4451 1534 4494 muscas,
1581 4433 1887 4504 scorabteos,
1928 4433 2159 4504 cimices,

571 4512 676 4596 etc:
705 4505 881 4596 lDeum
927 4501 1310 4596 uou‘p'tzeasse.
1333 4503 1846 4596 minptasﬂbestiolas
1866 4501 2156 4596 “delirium
2185 4535 2240 4596 Β

571 4575 675 4628 fuit
705 4574 1008 4640 MarciOnis,
1046 4574 1311 4630 Valentini
1344 4585 1398 4631 et
1439 4576 1663 4642 Apellis,
1698 4586 1755 4628 ut
1794 4590 1857 4627 ex
1891 4573 2157 4643 Hierony—

569 4659 683 4710 mo,
709 4654 836 4699 tom.
869 4661 941 4710 ix,
974 4661 1092 4716 pag.
1120 4645 1248 4716 2M,
1294 4649 1343 4699 in
1376 4646 1640 4715 protemio
1667 4644 1733 4716 ad
1780 4644 2156 4716 Philemonem

571 4716 838 4787 novimus.
870 4713 983 4771 Hos
1005 4713 1248 4771 confutat
1279 4713 1625 4787 Augustinus,
1674 4715 1743 4770 de
1780 4713 2008 4771 Civitate
2038 4716 2152 4784 Dei,

571 4786 665 4842 Itb.
700 4803 774 4848 XI.
802 4803 920 4856 cap.
954 4788 1054 4849 15;
1087 4787 1178 4840 lib.
1215 4804 1304 4852 xit,
1331 4786 1448 4857 cap.
1477 4789 1567 4843 25.
1604 4787 1852 4842 Ειιιειιιι.

647 4857 940 4913 Nitedulas.
968 4859 1188 4915 Servius
1215 4859 1279 4912 ad
1303 4859 1498 4923 Georg.
1529 4858 1572 4920 I,
1612 4873 1754 4912 vers.
1789 4859 1912 4914 181.
1942 4857 2160 4913 Nitedu-

571 4930 675 4982 lam
719 4929 832 4983 sive
869 4931 1073 4984 nitelam
1121 4929 1505 4998 interpretatur
1539 4946 1736 4984 murem
1775 4941 2024 5000 agrestem
2065 4947 2158 4982 ru-

571 5001 736 5055 beum.
770 5000 960 5070 Papias
992 5021 1004 5055 :
1040 5000 1290 5055 Nitedula
1328 5002 1522 5055 animal
1547 5002 1750 5072 fulgens
1791 5003 1955 5072 instar
1993 5001 2156 5071 ignis,

571 5073 786 5142 exiguus
812 5069 944 5132 nius.
973 5073 1109 5130 quod
1141 5072 1317 5127 erce
1343 5069 1588 5131 lomporis
1609 5069 1816 5124 dicitur.
1844 5069 2034 5125 Cicero
2062 5087 2160 5142 pro

569 5141 777 5204 Sestio,
810 5158 928 5212 cap.
955 5145 1045 5200 55.
1077 5153 1130 5196 ut
1157 5144 1249 5197 illo
1273 5160 1336 5198 ea:
1364 5144 1640 5209 vepreculis
1671 5150 1896 5195 extracta
1928 5141 2161 5212 nitedula

569 5211 934 5283 rempublicam
965 5227 1235 5268 conaretur
1274 5215 1534 5267 arrodere.
1568 5213 1816 5268 ELIBNH.
1841 5241 1910 5252 ——
1936 5211 2019 5266 Cf.
2048 5212 2160 5267 Pli-

509 5307 518 5318 ι
573 5284 732 5345 nius.
787 5283 922 5338 Hist.
975 5284 1118 5348 Nat.,
1169 5300 1294 5348 vni,
1354 5299 1473 5354 Cap.
1508 5285 1608 5349 57,
1661 5283 1842 5353 ibique
1897 5284 2157 5340 IIarduin.

569 5355 638 5409 Β.
671 5354 890 5426 Bentley
916 5355 981 5410 ad
1013 5355 1195 5410 Horat.
1227 5372 1264 5418 ι,
1302 5356 1470 5425 Epid.
1505 5371 1599 5418 vn,
1631 5369 1772 5426 vers.
1802 5354 1892 5410 29.
1928 5355 2028 5411 Ubi
2061 5370 2161 5425 pro

567 5425 836 5494 vulpecula
855 5425 1082 5481 restituit
1106 5428 1350 5480 nitedula.
1374 5426 1629 5491 Salmas.,
1651 5426 1716 5480 ad
1736 5425 1930 5494 Solin.,
1954 5442 2004 5496 p.
2028 5426 2158 5492 223,

571 5509 715 5565 seq,
749 5497 834 5551 ubi
857 5497 924 5550 de
943 5497 1045 5552 hoc
1069 5498 1393 5552 auimalculo
1420 5498 1618 5552 multus
1640 5507 1752 5558 est;
1779 5514 1809 5551 e
1830 5498 2006 5566 glossa
2039 5498 2163 5552 Phi-

569 5567 770 5638 loxeni,
820 5568 944 5638 quia
985 5569 1140 5623 nitela
1181 5570 1468 5637 exponitur
1512 5568 1870 5638 δενδροϐάτης,
1921 5568 2158 5637 cimjicil.

573 5637 715 5709 idem
759 5637 880 5693 esse
926 5655 1046 5694 cum
1087 5640 1266 5695 sciuro
1295 5648 1312 5709 (
1343 5642 1437 5694 das
1477 5637 1735 5694 Eicltliorn
1758 5639 1798 5708 ).
1846 5639 1950 5693 Sed
2000 5639 2161 5694 verba

575 5707 753 5764 Servii
796 5719 850 5763 et
891 5709 1066 5779 Papia:
1099 5714 1289 5766 melius
1306 5707 1609 5766 convenire
1654 5707 1903 5779 videntur
1927 5709 2156 5762 animal-

571 5781 716 5853 culo.
747 5777 1057 5853 quodGiilli
1091 5783 1253 5836 mulot
1295 5784 1585 5853 appellant,
1609 5780 1698 5853 die
1728 5777 2161 5853 Feldmaus,pvel

574 5849 754 5916 potius
776 5851 912 5904 muri
941 5852 1301 5908 avellanarnm
1330 5849 1544 5923 majori,
1577 5851 1691 5910 sive
1717 5851 1854 5908 muri
1877 5851 2159 5922 quercino,

2270 3082 2431 3138 dorso
2462 3084 2665 3149 rubeo,
2720 3084 2944 3139 arbores
2986 3084 3286 3154 saepissime
3333 3084 3646 3141 ascendenti
3681 3095 3736 3140 et
3777 3099 3874 3154 per

2273 3155 2504 3227 hiemem
2536 3155 2850 3219 dormienti,
2885 3157 2968 3210 die
3011 3172 3185 3227 grosse
3216 3156 3542 3212 llaselmaus.
3584 3156 3868 3223 Nonrrius,

2272 3241 2392 3298 pag.
2427 3225 2556 3291 560,
2593 3237 2760 3298 putat.
2793 3225 3331 3298 nturcnfsilvestrem
3361 3229 3676 3298 significari,
3707 3244 3864 3298 quem

2259 3297 2406 3374 ’Galli
2431 3298 2478 3351 le
2506 3297 2663 3351 mulot
2696 3307 2912 3352 vocant.
2938 3297 3023 3352 Cf.
3051 3308 3105 3354 et
3134 3298 3374 3364 Ernesti,
3405 3297 3554 3354 Clav.
3596 3297 3740 3365 Cic.,
3771 3298 3870 3353 hoc

2269 3369 2454 3423 verbo.
2485 3367 2687 3423 Οιιειι..

2269 3383 2454 3423 νειυο.
2485 3383 2687 3424 υιιιῑιι..

2346 3462 2413 3516 Et
2442 3463 2666 3518 obtinere
2691 3479 2793 3518 non
2823 3480 2930 3518 esse
2955 3481 2988 3518 a
3027 3463 3136 3519 Deo
3165 3465 3426 3536 superiore
3447 3466 3675 3534 prolata.
3699 3465 3869 3534 Quem

2270 3535 2357 3606 hic.
2378 3539 2717 3606 superiorem,
2749 3550 2908 3603 supra
2936 3536 3176 3603 appellat
3205 3535 3368 3589 Deum
3394 3539 3616 3606 primum
3641 3552 3659 3590 :
3689 3537 3736 3590 is
3758 3553 3871 3591 me-

2269 3605 2372 3660 lior
2403 3605 2546 3660 Deus
2571 3616 2656 3660 est
2685 3607 2939 3662 Marcioni
2981 3615 3036 3661 et
3061 3606 3263 3661 Christi
3295 3605 3463 3676 pater.
3504 3607 3634 3661 Vide
3657 3607 3872 3662 Tertul-

2269 3677 2490 3740 liauum,
2516 3677 2584 3731 de
2608 3677 2938 3746 Prmscript..
2963 3678 3086 3732 adv.
3111 3677 3334 3736 Haeret"
3358 3693 3478 3744 cap.
3500 3679 3553 3732 7.
3588 3678 3866 3745 lrenanun,

2269 3748 2652 3818 Epiphaniam,
2683 3750 2839 3804 alios.
2874 3750 3118 3804 ELIENH.
3153 3759 3208 3802 ct
3238 3749 3479 3804 Hanno.

2341 3839 2572 3895 XLVIII.
2603 3870 2674 3881 —
2712 3840 2840 3894 Cum
2877 3842 3076 3894 animos
3115 3857 3389 3896 renuomus
3418 3840 3514 3894 Dei
3545 3858 3648 3896 esse
3680 3843 3867 3911 princi-

2271 3913 2350 4037 pis
2367 3913 2585 3982 prolem.
2605 3911 2868 3995 Similiter
2886 3923 3124 3966 renutore
3147 3928 3242 3982 pro
3263 3928 3453 3983 negare
3468 3913 3605 3983 apud
3625 3913 3864 3980 Lucret.,

2295 3983 2366 4038 ib.
2400 4000 2458 4039 ιιι
2480 4026 2494 4039 .
2520 3997 2663 4038 vers.
2703 3983 2799 4038 551
2835 4001 2848 4038 :

2393 4096 2532 4156 Quod
2553 4100 2805 4160 superest,
2830 4097 2872 4146 si
2895 4096 3004 4158 quis
3025 4108 3204 4159 corpus
3225 4098 3414 4147 sentire
3439 4101 3654 4152 renutat.
3673 4098 3762 4144 etc.

3186 4180 3406 4236 Hsasw
3435 4191 3486 4236 et
3512 4178 3715 4234 Οιιειι..

2350 4293 2477 4349 Vero
2506 4294 2820 4366 verissimum
2843 4305 2911 4349 est
2941 4305 3175 4366 certoque
3200 4296 3557 4351 certissimum.
3587 4293 3867 4366 IIelIeAnis-

2269 4380 2388 4419 mus
2413 4374 2514 4420 est.
2551 4365 2779 4432 Seneca,
2816 4366 2933 4420 Nat.
2963 4364 3192 4432 Qtt:pst.,
3229 4367 3320 4421 lib.
3355 4383 3412 4429 ιι,
3444 4382 3562 4434 cap.
3592 4365 3699 4420 ὅδε
3738 4364 3869 4420 Vero

2267 4439 2435 4491 verius
2460 4437 2590 4490 nihil
2630 4447 2723 4492 est.
2759 4437 3010 4502 Μιιινιὶειι.⁸
3045 4437 3228 4508 Epigr.
3263 4455 3345 4504 vi,
3374 4438 3466 4504 50,
3515 4437 3583 4492 ad
3621 4437 3824 4494 Paetum
3853 4455 3866 4493 :

2509 4572 2598 4621 Vis
2619 4573 2776 4621 dicam
2799 4573 2886 4623 tibi
2912 4574 3106 4622 veriora
3131 4573 3298 4622 veris?

2505 4635 2606 4684 Sex
2632 4637 2891 4700 sestercia,
2910 4635 3069 4698 Paete,
3097 4636 3368 4698 perdidisti.

2259 4759 2506 4834 ξῖιιιειιιι.
2561 4759 2763 4834 Etiam;
2807 4763 3063 4834 superlat.
3136 4777 3235 4834 pro
3287 4761 3661 4830 comparativo
3718 4774 3871 4818 more

2259 4830 2587 4888 Graecorum.
2622 4833 2695 4888 Ita
2727 4832 2967 4904 Euripid.
3005 4830 3421 4905 (Andromach.)
3451 4848 3595 4888 vers.
3629 4836 3662 4889 6
3704 4853 3718 4889 :

2511 4981 2582 5018 Νῦν
2607 4976 2643 5018 δ’
2666 4978 2764 5024 αὖτις
2786 4978 2881 5030 ἄλλη
2900 4977 3177 5033 δυστυχεστάτη
3201 4985 3287 5033 γυνῆ

2513 5033 2610 5091 ἐμοῦ
2633 5045 2798 5093 «ipsum,
2821 5042 2843 5092 ἢ
2867 5047 3058 5093 γινήσιτιὶ
3080 5058 3190 5084 seu.

2261 5132 2480 5192 Homer.
2501 5176 2518 5204 ,
2548 5135 2743 5210 Odyss.
2779 5153 2864 5207 xi,
2895 5152 3039 5194 vers.
3070 5138 3197 5194 481.

3100 5289 3174 5305 ..η
3199 5269 3276 5305 asto
3298 5262 3350 5312 δ’,
3371 5255 3540 5316 Aldus,

2449 5324 2557 5372 οὔτις
2578 5326 2668 5379 ἀνὴρ
2689 5328 2910 5380 «κροτάφοισι
2927 5328 3176 5379 μακάρτατος,
3200 5326 3277 5367 οὔτ’
3300 5325 3358 5380 ἄρ’
3381 5330 3536 5368 ὀπίσσω.

2264 5423 2365 5481 Ubi
2411 5425 2520 5482 vid.
2553 5425 2751 5488 Clarke
2775 5439 2831 5485 et
2857 5429 3148 5484 Hermann.
3195 5428 3260 5483 V.
3286 5429 3366 5485 Cl.
3400 5429 3467 5484 ad
3515 5427 3702 5495 Viger.
3729 5471 3744 5495 ,
3801 5430 3872 5484 de

2267 5497 2526 5572 Idiotism.
2578 5515 2738 5572 graec.
2765 5543 2779 5565 ,
2813 5517 2930 5572 pag.
2979 5502 3104 5556 715.
3150 5499 3311 5572 βοηΐ.
3354 5511 3409 5556 et
3452 5497 3708 5572 Gataker.
3736 5541 3753 5565 ,
3798 5501 3871 5555 de

2263 5568 2405 5643 ston
2437 5568 2786 5638 Nov.’Test.,
2815 5568 2959 5643 'cap.
3013 5572 3102 5627 25.
3136 5569 3402 5643 Czctcrum
3437 5571 3576 5626 hanc
3608 5571 3868 5639 loquendi

2266 5640 2533 5711 rationem
2585 5644 2876 5699 usuvcnire
2911 5640 3291 5697 tantummodo
3336 5643 3388 5698 in
3437 5643 3865 5711 comparationi-

2265 5709 2366 5784 bus
2385 5751 2400 5776 ,
2456 5711 2708 5784 absolute
2738 5730 3026 5784 numquam
3049 5755 3064 5780 ,
3116 5715 3425 5769 rectissime
3454 5709 3868 5784 observatBre-

2265 5782 2406 5854 mins
2456 5780 2519 5834 V.
2587 5783 2646 5837 D.
2700 5786 2751 5840 in
2799 5780 3188 5854 Supplemento
3237 5797 3424 5843 nostro
3467 5785 3533 5840 ad
3581 5783 3867 5840 Nicolaum

2268 5852 2652 5910 Damascenum
2673 5897 2687 5920 ,
2722 5871 2775 5926 p.
2805 5852 2893 5920 51,
2916 5852 3028 5927 seq.
3057 5855 3259 5912 Olim.
3462 5861 3471 5870 ‘
