4258 6250
658 296 759 359 891

1829 313 2106 376 ARNOBII
2144 317 2511 379 ADVERSUS
2548 318 2820 381 GENTES

3849 322 3951 380 892

657 418 843 514 credo.
877 419 969 490 qui
995 434 1054 477 se
1084 436 1206 479 esse
1241 422 1389 484 solos
1414 426 1840 497 sapientissimos
1870 439 2171 501 autumant,
2198 446 2253 493 et
2283 439 2332 501 Α
2360 454 2482 493 nam
2512 440 2775 495 transiliat
2796 442 3091 509 notionem,
3114 452 3166 498 et
3188 443 3336 514 quod
3360 443 3431 498 sit
3459 444 3619 499 crecis
3640 443 3941 499 obscurita-

656 515 710 573 vi
739 512 899 585 hujus
947 516 1182 577 nominis
1222 521 1575 589 supercilium
1617 526 1953 582 sustulerunt
1994 546 2007 582 :
2055 544 2251 600 nempe

657 607 754 671 illi,
785 607 873 677 qui
905 622 1029 665 cum
1073 611 1189 666 suis
1215 613 1455 683 quotidie
1482 616 1868 686 cupiditatibus
1909 635 2166 692 pugnam,
2196 633 2248 679 et

654 698 881 759 allectus
914 716 983 756 ex
1010 701 1203 759 animis
1234 706 1423 762 insitos
1456 711 1796 779 proturbare,
1828 713 2050 781 pellere,
2085 716 2245 784 perti-

656 793 776 851 nscl
796 802 823 831 ³
849 794 1144 852 moliuntur
1156 798 1811 872 obluctationevirtutum,
1839 807 1930 877 qui
1957 823 2025 863 ne
2046 808 2098 863 in
2123 809 2252 863 vitia

661 885 913 960 proritari
958 888 1229 946 facultatis
1256 895 1463 962 possint
1500 895 1727 967 alicujus
1770 898 2047 962 instinctu,
2086 903 2251 970 patri-

660 976 840 1036 monia
865 990 919 1037 et
945 981 1160 1038 divitias
1187 985 1416 1056 fugiunt,
1448 995 1504 1043 ut
1527 1004 1717 1046 causas
1737 991 1837 1045 sibi
1866 990 2107 1049 auferant
2142 994 2257 1066 iap—

659 1089 755 1130 sus
788 1092 803 1131 :
831 1074 975 1147 quod
994 1091 1118 1133 cum
1142 1077 1343 1134 iaciunt
1365 1090 1419 1135 et
1444 1092 1655 1151 curant,
1680 1086 2023 1153 apertissime
2044 1088 2251 1145 animas

658 1182 782 1227 esse
806 1168 1044 1225 indicant
1069 1172 1275 1237 labiles,
1305 1183 1356 1227 et
1380 1174 1692 1230 inﬁrmitate
1720 1177 1787 1231 ad
1814 1178 1936 1232 vitia
1966 1182 2251 1249 proclives.

655 1262 851 1318 Nostra
875 1272 1053 1319 autem
1083 1266 1366 1334 sententia,
1404 1267 1545 1337 quod
1578 1267 1777 1323 bonum
1808 1281 1995 1326 natura
2029 1281 2131 1338 est,
2157 1289 2253 1329 uc-

657 1372 762 1427 qne
783 1358 1081 1426 emendari,
1101 1374 1277 1429 neque
1316 1362 1514 1431 corripi
1542 1378 1601 1418 se
1629 1365 1802 1433 poscit
1833 1382 1848 1420 :
1882 1367 2047 1421 immo
2079 1368 2253 1437 ipsum

652 1447 821 1507 debet
858 1451 985 1520 quid
1015 1452 1087 1507 sit
1127 1454 1327 1509 malum
1358 1456 1591 1524 nescire,
1623 1458 1668 1512 si
1696 1461 1911 1529 generis
1953 1460 2122 1516 forma
2154 1478 2253 1518 cu-

649 1544 848 1617 jusque
892 1546 948 1601 in
996 1561 1095 1603 sua
1139 1549 1341 1618 cogitat
1368 1552 1676 1623 integritate
1726 1564 1972 1624 perstare
2017 1572 2032 1610 :
2080 1573 2253 1629 neque

653 1639 800 1695 enim
828 1640 1158 1695 contrarium
1188 1640 1407 1698 insitum
1438 1658 1563 1700 esse
1584 1648 1858 1703 contrario
1886 1658 2067 1718 potest
2086 1650 2135 1717 δ,
2160 1660 2254 1707 aut

660 1731 714 1787 in
745 1731 938 1802 impari
969 1734 1192 1803 paritas,
1224 1743 1318 1791 aut
1342 1736 1574 1793 dulcedo
1600 1737 1653 1794 in
1685 1741 2046 1798 amaritudine
2072 1745 2248 1801 conti-

2359 532 2500 586 tibus
2533 534 2832 589 involutum
2854 536 2878 588 ἲ
2903 531 2959 593 Si
3008 537 3223 606 penitus
3261 545 3535 607 spectetur
3580 538 3659 593 rei
3687 538 3950 607 cujusque

2356 633 2571 687 natura,
2605 627 2657 680 in
2685 626 2846 680 simili
2877 641 2976 682 vos
2995 628 3149 691 estis,
3180 644 3341 697 quam
3384 629 3437 682 in
3471 628 3628 683 nobis
3657 629 3952 699 reprehen-

2356 716 2517 782 ditis,
2552 732 2732 773 causa.
2763 717 2879 773 Non
2922 718 3064 774 enim
3084 762 3098 785 ,
3131 721 3252 790 quia
3280 719 3455 774 dicitis
3482 719 3552 774 ab
3592 720 3712 791 ipso
3738 722 3950 776 animas

2357 825 2485 880 rege
2512 810 2865 879 descendere,
2909 826 2973 867 ac
3001 812 3299 868 succedere
3327 813 3382 867 in
3413 811 3694 868 hominum
3726 812 3952 881 formas,

2356 902 2692 971 exploratum
2720 902 2926 974 aliquid
2949 903 3146 970 dicitis,
3181 912 3235 959 et
3275 905 3328 958 in
3361 904 3480 959 luce
3512 906 3744 974 positum
3774 906 3951 961 mani-

2357 995 2629 1050 lestisimae
2658 996 2919 1051 veritatis.
2943 994 3223 1065 Conjicitis
3242 997 3409 1061 enim,
3431 1012 3537 1051 non
3560 997 3710 1052 scitis
3734 1015 3748 1050 :
3771 998 3955 1068 suspi-

2355 1087 2574 1153 camini,
2624 1103 2731 1143 non
2778 1088 2993 1144 tenetis.
3037 1086 3171 1142 Nam
3221 1088 3265 1142 si
3311 1088 3454 1142 scire
3500 1096 3584 1143 est
3624 1088 3779 1153 illud,
3808 1091 3956 1159 quod

2356 1182 2470 1247 ipse
2502 1191 2555 1235 tu
2586 1181 2807 1247 videris,
2842 1192 2930 1236 aut
2961 1180 3286 1250 cognoveris
3314 1180 3500 1237 animo
3526 1180 3833 1247 continere,
3865 1182 3956 1237 ni-

2355 1273 2432 1327 hil
2482 1290 2668 1328 eorum
2723 1289 2843 1343 qua:
2894 1274 3157 1339 asseritis,
3212 1274 3441 1343 potestis
3491 1288 3585 1329 vos
3625 1274 3811 1331 dicere
3854 1276 3960 1331 ali-

2352 1366 2570 1438 quando
2595 1369 2793 1423 vidisse
2823 1385 2837 1421 :
2872 1368 2924 1422 id
2949 1377 3030 1423 cst
3059 1369 3268 1423 animas
3301 1369 3431 1425 sedc
3454 1368 3523 1423 ab
3548 1384 3742 1438 supera
3771 1380 3831 1425 et
3862 1386 3958 1426 re-

2353 1461 2515 1530 gione
2566 1460 2920 1516 descendere.
2976 1460 3299 1530 Suspicione
3344 1475 3474 1531 ergo
3525 1461 3783 1527 utimini,
3847 1479 3956 1519 non

2352 1556 2678 1625 cognitionis
2708 1571 2982 1627 expressa!
3009 1557 3132 1612 llde.
3164 1555 3304 1623 Quid
3348 1566 3433 1611 est
3468 1565 3648 1612 autem
3690 1558 3952 1625 suspicio,

2353 1647 2458 1705 nisi
2483 1649 2725 1720 opinatio
2753 1664 2935 1705 rerum
2966 1650 3192 1713 incerta,
3221 1661 3276 1705 et
3301 1650 3354 1706 in
3379 1650 3453 1705 nil
3471 1653 3775 1720 expositum
3796 1651 3958 1720 jacu-

2351 1740 2482 1795 latio
2519 1741 2716 1796 mentis
2751 1741 2940 1796 illata?
2968 1742 3110 1812 Ergo
3137 1743 3226 1812 qui
3254 1742 3585 1812 suspicatur,
3619 1756 3726 1796 non
3776 1751 3953 1810 tenet,

656 1827 791 1883 neri.
819 1827 919 1897 Qui
947 1844 1077 1901 ergo
1103 1830 1339 1887 luctatur
1361 1834 1662 1890 animorum
1689 1836 1957 1906 ingenitas
1978 1840 2250 1911 corrigere
2281 1839 2327 1900 B
2356 1849 2457 1890 nec
2486 1835 2539 1889 in
2592 1835 2796 1891 lumine
2822 1835 3030 1906 ρθεὶιιιδ
3072 1836 3396 1907 ϐοεηὶιὶοηίε
3433 1835 3658 1892 incedit
3704 1834 3859 1903 Qui“!
3907 1835 3957 1890 Si

653 1923 978 1992 pravitates,
1011 1924 1058 1979 is
1098 1927 1439 1995 apertissime
1470 1939 1735 1985 monstrat
1785 1932 2157 2003 imperfectum
2188 1952 2247 1994 se

652 2030 776 2072 esse
806 2034 822 2072 :
852 2020 1097 2086 quamvis
1129 2022 1275 2075 omni
1308 2031 1502 2078 conatu
1534 2032 1588 2078 et
1608 2026 1909 2096 pervicacia
1938 2030 2245 2085 contendat.

724 2107 812 2163 LI.
847 2108 950 2165 Sed
980 2111 1112 2165 risui
1144 2112 1299 2167 vobis
1327 2123 1410 2168 est
1438 2125 1621 2169 nostra
1644 2119 1928 2187 responsio
1955 2120 2093 2189 quod
2124 2137 2245 2175 cum

651 2202 829 2273 regias
870 2202 1090 2260 soboles
1118 2220 1243 2260 esse
1269 2207 1478 2263 animas
1515 2208 1873 2279 abnegemus,
1909 2229 2013 2267 non
2046 2214 2247 2269 refera-

649 2307 772 2347 tnus
811 2303 1023 2363 contra,
1055 2310 1121 2351 ex
1155 2298 1348 2365 quibus
1380 2302 1484 2353 sint
1518 2302 1697 2356 causis
1740 2313 1903 2372 atque
1947 2305 2247 2376 originibus

649 2397 964 2457 procreatae.
994 2388 1145 2458 Quod
1169 2400 1254 2445 est
1275 2390 1417 2447 enim
1440 2393 1683 2447 criminis
1702 2409 1893 2465 genus,
1922 2407 2010 2450 aut
2030 2397 2104 2451 rei
2128 2413 2249 2455 esse

646 2478 875 2548 alicujus
907 2480 1175 2550 ignarum,
1209 2492 1302 2538 aut
1331 2484 1526 2552 ipsum,
1564 2486 1705 2554 quod
1738 2486 1970 2553 nescias,
1998 2488 2116 2543 sine
2144 2488 2246 2542 ali-

650 2584 756 2639 qua
784 2570 1023 2640 profiteri
1056 2572 1487 2629 dissimulatione
1526 2577 1774 2631 nescire?
1800 2586 1893 2631 aut
1920 2588 2038 2632 uter
2076 2579 2245 2649 magis

650 2662 866 2717 videtur
914 2664 1167 2721 irrisione
1219 2681 1341 2721 esse
1394 2667 1743 2738 dignissimus
1788 2670 1960 2734 vobis,
2002 2670 2093 2741 qui
2142 2671 2243 2726 sibi

648 2757 929 2812 scientiam
958 2759 1159 2813 nullam
1198 2761 1501 2817 tenebrosa:
1534 2764 1609 2817 rei
1640 2762 1866 2831 alicujus
1891 2762 2139 2830 assumit,
2172 2780 2238 2818 an

648 2848 738 2904 ille
768 2851 856 2921 qui
899 2860 1048 2905 retur
1074 2866 1194 2907 sese
1224 2854 1563 2922 apertissime
1599 2854 1738 2910 scire
1768 2854 1838 2919 id,
1874 2854 2015 2925 quod
2056 2854 2245 2911 huma-

2354 1944 2544 1984 verum
2593 1939 2646 1984 et
2691 1928 2853 1983 lixum
2904 1937 2989 1984 est
3035 1928 3174 1999 apud
3220 1937 3399 1984 rectos
3441 1938 3497 1985 et
3525 1929 3959 2001 sapientissimos

2352 2022 2562 2094 judices
2596 2041 2610 2078 :
2640 2032 2696 2078 et
2725 2023 2823 2078 ista
2860 2032 3061 2089 vestra,
3101 2038 3205 2094 qua
3237 2023 3422 2091 liditis,
3469 2039 3567 2095 pro
3611 2024 3958 2095 ignoratione

2355 2125 2439 2173 est
2469 2116 2711 2172 habenda
2743 2116 3001 2186 suspicio.

2428 2206 2537 2264 LII.
2588 2209 2667 2264 Ac
2697 2223 2765 2264 ne
2834 2217 3014 2262 tamen
3040 2207 3196 2263 vobis
3242 2207 3614 2262 tantummodo
3677 2207 3951 2263 censeatis

2353 2300 2677 2369 conjecturis
2702 2300 2777 2354 uti
2824 2313 2889 2354 ac
2942 2298 3551 2369 suspicionibuslicere,
3584 2309 3638 2354 et
3687 2314 3789 2355 nos
3810 2299 3957 2356 idem

2355 2408 2639 2463 possumus
2661 2407 2675 2445 :
2694 2392 2947 2462 quoniam
2970 2406 3260 2446 commune
3284 2399 3390 2458 est,
3421 2390 3561 2461 quod
3604 2390 3959 2461 interrogatis
4042 2428 4053 2439 .

2351 2498 2695 2557 expromere.
2724 2481 2895 2545 Unde,
2927 2482 3169 2551 inquitis,
3202 2481 3470 2547 homines,
3500 2491 3553 2535 et
3584 2484 3825 2552 ipsorum
3851 2483 3956 2536 ho-

2350 2577 2558 2632 minum
2590 2574 2736 2646 quid,
2770 2584 2863 2629 aut
2894 2573 3036 2629 unde
3060 2582 3184 2628 sunt
3223 2573 3444 2629 animat?
3484 2572 3638 2629 Unde
3677 2584 3807 2628 sunt
3838 2574 3955 2632 ele-

2349 2671 2557 2741 phanti,
2630 2668 2789 2733 tauri,
2854 2667 3026 2731 cervi.
3099 2668 3251 2735 muli,
3304 2668 3466 2733 asini,
3523 2666 3678 2730 Unde
3731 2668 3946 2732 leones,

2347 2764 2491 2833 equi,
2542 2776 2724 2827 canes,
2784 2760 2915 2829 lupi,
2976 2760 3271 2828 pantlterm,
3322 2774 3620 2830 eorumque
3673 2775 3792 2829 qua:
3859 2760 3951 2813 vi-

2347 2862 2496 2922 vunt,
2539 2853 2665 2923 quid
2698 2863 2789 2907 aut
2822 2851 2965 2907 unde
2994 2862 3119 2907 sunt
3149 2851 3569 2922 animaa'lneque
3596 2850 3734 2906 enim
3782 2849 3952 2905 ﬁdem

1898 3015 2185 3072 LECTION
2195 3016 2279 3073 ES
2309 3013 2731 3077 VARIAN'I‘ES.

710 3151 738 3180 ⁸
771 3149 1102 3202 Pertinacium
1123 3162 1216 3202 ms.

2412 3150 2442 3192 ιι
2476 3150 2617 3205 Potts
2640 3155 2719 3201 est
2740 3162 2832 3203 ms.

2026 3307 2590 3367 COMMENTARIUS.

717 3443 879 3498 L.—
925 3444 991 3499 Et
1045 3446 1095 3499 vi
1139 3446 1293 3514 hujus
1343 3445 1564 3499 nominis
1620 3445 1948 3513 supercilium
2013 3446 2237 3499 sustule-

644 3526 782 3570 runt.
814 3517 887 3572 Ita
917 3516 1181 3587 Heraldus
1201 3528 1254 3570 et
1275 3517 1340 3572 ed
1372 3517 1542 3587 Lugd.
1580 3515 1693 3570 Bat.
1727 3531 1825 3586 pro
1855 3534 1867 3567 :
1900 3517 1953 3570 in
1976 3518 2129 3580 huius
2157 3532 2240 3569 no-

645 3589 822 3652 minis,
878 3599 983 3642 etc.
1034 3585 1155 3643 Jan.
1196 3590 1403 3653 Dousa,
1457 3585 1521 3641 ad
1566 3585 1800 3649 Catull.,
1846 3602 2017 3642 carm.
2054 3602 2173 3642 1.va
2201 3603 2235 3650 ι.

646 3672 787 3713 vers.
832 3659 936 3725 45,
987 3674 1040 3729 p.
1073 3660 1200 3724 549,
1258 3659 1345 3713 ed.
1393 3658 1607 3721 Gratv.,
1654 3659 1984 3727 suspicatur,
2033 3658 2233 3725 aliquid

645 3730 917 3785 excidisse
945 3740 1063 3793 post
1116 3730 1338 3784 verbum
1394 3731 1632 3783 numinis.
1667 3729 1964 3791 Meursius,
2003 3744 2121 3798 pag.
2171 3729 2239 3783 ’74

644 3801 878 3869 supplet.
911 3801 974 3854 Et
995 3803 1046 3855 in
1071 3803 1222 3872 hujus
1249 3803 1469 3855 nominis
1490 3800 1736 3868 felicitate
1760 3800 2091 3871 supercilium
2121 3817 2237 3854 sus-

646 3873 888 3926 tulerunt.
920 3872 1025 3929 Sed
1056 3873 1235 3927 omnia
1268 3875 1422 3943 plana
1446 3881 1630 3937 erunt,
1666 3874 1708 3926 si
1743 3873 2024 3940 legamus:
2052 3874 2099 3925 vi

644 3943 884 3997 nominis.
919 3946 1121 4000 OnELL.

721 4012 1052 4079 Proturbare,
1082 4015 1286 4085 pellere.
1322 4013 1652 4069 Proturbare.
1677 4056 1692 4080 ,
1718 4013 1769 4068 id
1797 4022 1880 4069 est
1915 4013 2151 4081 dejicere
2174 4012 2242 4068 de

644 4085 729 4138 vel
758 4101 822 4140 ex
854 4086 974 4141 loco
993 4128 1006 4149 ,
1031 4088 1323 4153 expellere.
1363 4087 1479 4139 Vid.
1503 4085 1851 4155 Oudendorp.
1875 4127 1889 4151 ,
1915 4085 1967 4139 in
1991 4085 2202 4154 Apulei.
2222 4124 2238 4151 ,

644 4155 766 4211 Met.
795 4158 883 4211 lib.
910 4174 964 4212 ιχ
989 4200 1004 4220 ,
1039 4173 1091 4225 p.
1123 4158 1249 4214 668.
1281 4156 1485 4215 Dama.

720 4226 788 4283 Ut
816 4246 997 4283 causas
1027 4230 1123 4284 sibi
1167 4230 1409 4296 auferant
1457 4230 1651 4299 lapsus.
1702 4228 1775 4282 Ita
1804 4243 1905 4282 ms.
1938 4227 2082 4298 quod
2127 4227 2241 4293 alii,

644 4297 980 4366 ignorantes,
1008 4302 1302 4368 antiquitus
1334 4300 1494 4354 scribi
1513 4297 1821 4352 consuesse
1845 4297 2031 4368 aferre,
2076 4301 2241 4368 afore.

645 4384 743 4437 pro
769 4372 991 4440 auferre,
1023 4371 1219 4439 abfore,
1245 4380 1298 4424 et
1320 4386 1442 4424 cum
1469 4370 1790 4439 prmcedeuti
1822 4386 1883 4423 ne
1910 4374 1959 4420 in
1981 4370 2102 4422 vitiu
2126 4385 2246 4435 pro-

643 4440 793 4517 ritari
820 4443 1035 4517 possint,
1068 4452 1172 4517 etc.
1199 4444 1511 4517 jungeutes,
1555 4450 1826 4495 mutarunt
1850 4450 1897 4494 ct
1924 4456 2107 4494 causas
2148 4440 2246 4494 sibi

642 4508 861 4581 a/ferant
890 4512 1085 4581 lapsus.
1118 4512 1300 4568 STEW.

720 4544 860 4565 cusuc
890 4544 1085 4581 supino.
1118 4544 1300 4568 οιιπ.
1610 4582 1621 4593 .
1663 4582 1674 4593 .
1914 4581 1927 4593 .
2273 4544 2327 4603 D

716 4580 894 4650 Neque
944 4584 1224 4647 emendari,
1275 4600 1435 4650 neque
1486 4598 1671 4652 corrigi
1703 4598 1757 4634 se
1785 4590 1968 4650 poscrt.
2025 4579 2099 4635 lla
2153 4581 2239 4636 ed.

642 4651 814 4721 Lugd.
849 4653 965 4706 Bat.
988 4698 1003 4721 ,
1038 4671 1187 4708 mure
1220 4654 1463 4719 Aruobii,
1497 4651 1646 4721 plura
1680 4652 2050 4722 hujuscemodi
2081 4653 2247 4707 verba

643 4722 783 4794 idem
807 4722 1158 4793 signiﬁcantia
1188 4725 1581 4794 conjungentis,
1613 4739 1715 4778 ms.
1738 4724 1951 4789 corripi,
1982 4723 2124 4792 quod
2151 4724 2246 4778 de-

642 4792 812 4848 fendit
855 4792 1137 4860 Heraldus,
1193 4792 1489 4850 observans
1540 4798 1796 4863 corripere
1846 4809 1943 4863 pro
1992 4796 2247 4864 corrigere

642 4866 886 4937 usurpari
915 4866 1055 4937 apud
1098 4867 1240 4921 illius
1287 4868 1385 4921 aevi
1430 4868 1741 4937 scriptores,
1792 4865 1889 4921 sed
1940 4869 2242 4935 exemplum

641 4936 845 4990 nullum
879 4936 1131 4993 ail'erens.
1173 4939 1379 4994 Ossae.

714 5027 778 5083 Si
820 5030 1021 5102 generis
1051 5034 1217 5102 forma
1250 5031 1494 5102 cujusque
1535 5032 1713 5102 insita
1744 5030 1932 5100 cogitat
1958 5029 2248 5102 integritate

642 5098 887 5181 perstqre.
914 5098 1139 5181 Cogitat,
1174 5098 1317 5181 idem
1346 5098 1487 5181 quod
1510 5101 1645 5181 vult,
1674 5098 2042 5181 nam‘g‘eneris
2072 5098 2244 5181 forma

641 5168 1049 5242 intelligentiam
1076 5188 1181 5227 non
1210 5168 1390 5227 habet.
1424 5172 1501 5226 Ita
1532 5173 1773 5242 cogitare
1796 5172 1964 5242 etiam,
1991 5171 2056 5242 de
2084 5172 2246 5225 rebus

641 5238 992 5367 :tttfgizgemia
1012 5245 1257 5315 privatis,
1284 5244 1432 5299 verbi
1456 5238 1615 5299 causa
1639 5241 1779 5313 apud
1808 5241 1993 5311 Virgil.
2020 5240 2243 5314 Georg.,

640 5326 678 5379 ι,
713 5326 825 5367 eos
860 5330 874 5368 :

893 5484 918 5514 ._
981 5485 1027 5514 .7
1065 5486 1087 5514 ,ί
1148 5488 1159 5499 .
1228 5448 1805 5514 Quidcogitethumidus
1830 5455 2027 5509 auster,

835 5509 919 5561 Sol
946 5512 1029 5562 tibi
1052 5513 1193 5577 signa
1216 5513 1369 5563 dabit.

1852 5574 2060 5630 OasLL.

716 5717 821 5783 Qui
847 5735 971 5791 ergo
1003 5720 1228 5775 luctatur
1256 5722 1541 5776 animorum
1562 5718 1819 5789 ingenitas
1843 5719 2096 5790 corrigere
2120 5735 2245 5789 pra-

634 5797 837 5851 vitates,
893 5793 937 5844 is
984 5794 1303 5859 apertissime
1348 5801 1596 5846 monstrat
1638 5791 1992 5860 imperfectum
2020 5806 2073 5844 se
2115 5800 2241 5854 esse,

633 5862 870 5933 quamvis
897 5864 1035 5916 ontni
1065 5876 1248 5919 conatu
1273 5873 1318 5919 et
1348 5863 1632 5935 pervicacia
1658 5860 1953 5917 contendat.
1976 5860 2051 5918 Ita
2075 5860 2250 5919 edito-

2347 3460 2434 3499 res
2481 3459 2691 3507 omnes,
2753 3452 2979 3516 excepto
3025 3444 3540 3512 Lugdune-Batavo.
3576 3445 3681 3501 Pro
3708 3445 3954 3515 ἐπιμαίεο

2346 3526 2506 3580 ctum,
2558 3516 2835 3589 codams.
2892 3515 3493 3589 habetimprobabilent,
3542 3517 3684 3589 quod
3734 3519 3956 3589 miujmc

2350 3588 2665 3641 mutandum
2695 3585 2859 3642 fuisse
2888 3586 3024 3645 bene
3051 3585 3387 3642 demonstrat
3413 3586 3774 3643 Stewechins.
3819 3586 3956 3643 Tra-

2348 3668 2490 3730 ctum
2518 3658 2638 3730 scil.
2672 3675 2865 3730 numen
2887 3676 2911 3730 a
2934 3657 3312 3730 probatoribus
3342 3674 3566 3727 operum
3591 3659 3953 3730 publicorum,

2348 3727 2417 3785 de
2439 3729 2631 3798 quibus
2658 3727 3031 3797 inscriptiones
3054 3739 3267 3784 veteres
3288 3737 3341 3781 et
3367 3731 3564 3797 scripta
3588 3728 3955 3784 Romanorum

2350 3796 2548 3855 millies
2580 3796 2895 3856 meminere.
2924 3796 3045 3854 Vid.
3079 3800 3201 3857 Jan.
3234 3796 3510 3854 Guiltclm.
3541 3799 3877 3867 Verosimil.,
3913 3801 3952 3857 l.

2347 3888 2405 3931 tt.
2437 3888 2485 3926 c.
2513 3871 2576 3936 8;
2613 3871 2885 3927 Francisc.
2922 3871 3129 3927 Modius
3156 3870 3466 3939 Novantiq.,
3492 3870 3649 3940 epiSI.
3679 3870 3777 3935 59;
3817 3871 3953 3927 Lud.

2348 3940 2557 4009 Carrio,
2586 3943 2680 3998 lib.
2713 3959 2768 4000 il.
2802 3941 3089 4005 Emendti..
3116 3958 3235 4013 cap.
3263 3941 3313 3997 5.
3342 3942 3412 3996 At
3439 3943 3515 3998 sic
3538 3958 3743 4012 quoque
3768 3943 3953 4013 oratio

2349 4029 2534 4071 manca
2551 4024 2629 4069 est
2648 4023 2698 4068 et
2713 4013 2910 4082 hiulca,
2929 4030 3050 4068 nam
3064 4012 3293 4084 sequens
3305 4014 3572 4084 contendat
3587 4029 3689 4068 non
3706 4012 3867 4084 habet
3881 4014 3958 4068 ad

2350 4084 2492 4153 quod
2524 4086 2804 4140 referatur.
2836 4085 3014 4153 Quare
3043 4082 3221 4141 editur
3251 4083 3421 4153 Lugd.
3459 4082 3573 4153 Bat.
3603 4082 3819 4151 vestigia
3850 4098 3956 4138 co-

2350 4152 2486 4210 dicis
2532 4172 2632 4210 ms.
2688 4166 2904 4210 secutus
2958 4154 3136 4211 locum
3183 4154 3255 4210 ila
3310 4152 3494 4212 dedit:
3523 4152 3579 4209 Is
3628 4154 3961 4220 apertissime

2350 4237 2601 4281 monstrat
2621 4228 2995 4297 imperfectum,
3020 4225 3333 4298 probabilem
3358 4245 3409 4281 se
3430 4242 3531 4280 esse
3548 4224 3782 4298 quamvis
3811 4227 3961 4279 omni

2352 4309 2539 4372 conatu
2563 4296 3235 4372 et_persicaciacontendat.
3257 4298 3519 4372 Equidem
3545 4296 3833 4372 legendum
3854 4312 3959 4350 su-

2351 4368 2531 4438 spicor
2561 4387 2575 4424 :
2608 4368 2667 4424 Iis
2697 4370 3015 4438 apertissime
3040 4378 3290 4423 monstrat
3316 4369 3702 4439 improbabile»:
3744 4384 3800 4422 se
3826 4383 3956 4435 esse,

2351 4442 2580 4511 quamvis
2600 4442 2737 4495 omni
2755 4450 2945 4512 conatu
2963 4451 3009 4495 et
3030 4440 3313 4512 pervicacia
3330 4440 3602 4512 contendat
3618 4439 3955 4512 contrarium,

2351 4509 2492 4580 quod
2528 4512 2607 4566 vel
2642 4512 2843 4567 excidit
2872 4511 2954 4566 vel
2984 4509 3299 4580 absorptum
3327 4527 3355 4563 a
3389 4509 3713 4578 prtecedenti
3745 4520 3959 4563 conten-

2350 4586 2457 4638 dat.
2491 4582 2591 4637 Pro
2619 4584 2906 4637 animorum
2953 4581 3216 4639 Meursius
3256 4582 3460 4637 mavult
3487 4582 3801 4649 animarum,
3830 4594 3955 4635 cum

2347 4652 2463 4709 haec
2493 4655 2565 4707 sit
2596 4663 2853 4713 constans
2883 4652 3105 4708 Arnobii
3137 4652 3425 4723 scriptura.
3458 4650 3666 4709 (inata.

2423 4745 2506 4800 LI.
2538 4777 2607 4786 —
2630 4745 2696 4799 In
2724 4748 2799 4799 nil
2824 4746 3111 4815 expositam
3140 4744 3393 4816 jaculatio
3442 4745 3626 4799 mentis
3654 4744 3825 4816 illata.
3860 4741 3958 4798 Nil

2347 4819 2635 4888 expositum
2682 4818 2805 4881 scil.
2850 4815 3208 4885 c0gitatioue,
3257 4815 3307 4870 id
3339 4824 3429 4888 est
3450 4831 3538 4870 res
3574 4815 3756 4883 nihili,
3790 4830 3957 4885 quam

2348 4886 2504 4949 vobis
2532 4898 2707 4944 tamen
2742 4888 3011 4959 cogitatis.
3059 4886 3463 4959 repraesentatis
3517 4897 3788 4959 tamquam
3826 4901 3960 4959 vere

2348 4956 3133 5025 existentem,ein'Non-ens,’
3162 4959 3337 5014 etivas.
3393 4957 3487 5012 das
3542 4958 3677 5011 nicltt
3722 4956 3959 5011 wirklirh

2349 5032 2566 5093 existirt,
2594 5031 2689 5084 das
2711 5030 2820 5087 blos
2847 5029 2997 5085 Ideul
3026 5029 3108 5084 ist.
3140 5028 3342 5085 Similis
3373 5028 3724 5098 proverbialis
3758 5028 3959 5081 locutio

2349 5102 2487 5173 apud
2537 5102 2838 5159 Germanos
2896 5121 2909 5157 :
2958 5117 3115 5175 gegeu
3159 5100 3304 5155 einen
3358 5100 3681 5225 Strolnuans
3730 5098 3954 5167 fechten.

3685 5185 3849 5225 asas.

3685 5185 3849 5225 κειι..

2423 5264 2490 5320 Id
2516 5277 2590 5321 est
2620 5265 2819 5320 animos
2840 5265 2955 5320 sede
2980 5265 3040 5319 ab
3088 5281 3273 5336 supera
3302 5273 3350 5318 et
3380 5262 3587 5336 regione
3627 5262 3960 5336 descendere.

2350 5336 2518 5394 Valde
2547 5339 2706 5393 velim
2730 5332 3272 5417 verba‘luecejicere,
3296 5346 3353 5390 ut
3381 5332 3675 5417 glossema,
3706 5332 3964 5417 ni_si_pro-

2352 5421 2614 5485 pugnaret
2662 5408 2833 5483 stylus
2883 5407 3253 5464 Arnobianum
3299 5402 3488 5462 nescio
3518 5402 3646 5530 qgiid
3679 5402 3963 5461 redoleas.

3536 5508 3543 5511 ι
3614 5490 3775 5530 suas.

3536 5490 3775 5532 'MEUIRS.

2423 5570 2533 5626 LII.
2566 5601 2638 5614 -—-
2674 5571 2965 5641 Eorumque
3003 5586 3118 5637 qua:
3160 5570 3328 5641 vivunt
3373 5568 3498 5641 quid
3541 5577 3629 5621 aut
3670 5568 3806 5641 unde
3841 5577 3973 5622 sunt

2349 5642 2579 5696 animat?
2635 5644 2710 5698 Ita
2766 5642 2920 5697 Fulv.
2981 5640 3227 5697 Ursinus.
3286 5640 3420 5695 Cod.
3459 5655 3559 5694 ms.
3610 5640 3702 5709 qui
3747 5640 3970 5706 vivunt,

2348 5715 2491 5780 quod
2537 5724 2682 5769 stare
2729 5730 2835 5767 non
2869 5722 3077 5784 potest;
3129 5726 3253 5767 nam
3309 5711 3639 5784 praecedunt
3672 5711 3974 5778 pantherae.

2352 5785 2425 5840 Ea
2483 5800 2602 5855 qum
2664 5781 2881 5840 vivust'
2912 5794 3038 5839 sunt
3089 5784 3271 5854 itaque
3325 5782 3577 5838 animalia
3605 5781 3683 5906 6n
3732 5796 3977 5850 genere.

3654 5866 3812 5906 seu.

3654 5866 3812 5908 ιιειι..
