4236 6264
342 342 450 398 893

1670 328 1869 391 LIBER
1908 320 2288 389 SECUNDUS.

3535 327 3640 385 89L

344 475 431 518 res
457 458 642 524 habet,
672 466 735 513 ut
760 455 1037 513 Platonico
1062 468 1126 511 ex
1153 453 1248 510 illo
1287 460 1521 518 cratere,
1572 463 1735 520 quem
1756 446 1928 503 conli-
1970 450 2024 512 Α
2048 447 2179 514 alia,
2212 446 2315 503 alia
2347 424 2530 514 causa,
2564 447 2669 502 alia
2691 447 2851 512 ratio,
2881 455 3122 517 potestas
3150 445 3253 501 alia
3293 444 3526 517 denique
3555 447 3642 502 in-

349 554 420 610 cit
450 554 748 622 miscetque
773 550 1027 612 Timarus.
1056 556 1149 602 aut
1199 546 1392 603 horum
1416 543 1610 598 animm
1661 540 1931 604 venerint,

338 656 432 702 aut
448 646 679 711 locusta,
705 657 849 707 mus,
880 656 1061 707 sorex,
1085 640 1271 705 blatta,
1302 653 1454 701 rana,
1484 633 1790 704 centipeda,
1810 631 1932 688 ai-

339 749 485 796 mata
509 752 635 795 esse
673 736 986 800 credantur,
1019 743 1076 790 et
1113 733 1315 798 vivere,
1358 732 1483 802 quia
1532 744 1598 786 ex
1653 726 1936 785 elementis

343 832 481 903 ipsis
504 844 666 887 causa
694 837 780 885 est
808 828 932 890 illis,
960 834 1122 897 atque
1158 825 1311 894 origo
1337 821 1595 883 nascendi
1616 840 1630 877 :
1648 821 1693 877 si
1722 819 1788 875 ad
1821 817 1938 873 ani-

339 925 504 982 malia
543 922 830 995 gignenda,
858 937 980 992 qua
1006 922 1060 975 ln
1082 919 1310 989 singulis
1357 918 1441 973 his
1496 916 1718 987 degunt,
1754 914 1937 970 insunt

338 1015 538 1073 abditae
566 1026 732 1085 atque
766 1012 1165 1069 obscurissimae
1201 1010 1458 1066 rationes.
1487 1007 1643 1078 (Nam
1673 1015 1730 1063 et
1780 1004 1934 1061 vide-

343 1124 467 1165 mus
486 1108 625 1164 alios
650 1122 720 1162 ex
749 1104 1083 1177 sapientibus
1109 1104 1307 1168 dicere,
1343 1102 1589 1159 tellurem
1616 1114 1738 1155 esse
1764 1097 1936 1153 homi-

345 1222 474 1265 num
501 1215 752 1271 matrem,
781 1218 977 1274 aquam
1016 1217 1137 1256 cum
1164 1216 1228 1256 ea
1258 1200 1416 1264 alios,
1450 1198 1659 1255 aerium
1692 1196 1937 1266 spiritum

346 1297 434 1352 bis
474 1297 612 1351 alios
636 1296 882 1366 iungere,
915 1293 1085 1348 solem
1114 1308 1243 1347 vero
1274 1290 1566 1346 nonnullos
1595 1305 1716 1345 csse
1746 1291 1936 1343 horum

343 1391 615 1461 opificem,
646 1399 702 1445 et
720 1404 787 1445 ex
815 1388 1025 1458 ignibus
1040 1386 1307 1442 animatos
1326 1386 1445 1457 ejus
1473 1385 1622 1440 vitali
1648 1383 1940 1454 agitatione

343 1479 584 1555 metari.)
613 1480 751 1550 Quid
803 1480 849 1539 si
876 1488 933 1536 et
953 1478 1071 1535 huic
1100 1493 1208 1535 non
1256 1488 1401 1546 sunt,
1430 1486 1486 1537 et
1522 1488 1606 1534 est
1651 1476 1830 1547 aliqua
1853 1490 1942 1530 res

2042 541 2221 595 audita
2250 541 2406 597 nobis
2430 551 2592 613 atque
2621 541 2878 612 incogniti
2924 540 3156 595 nominis
3206 554 3375 610 genus
3402 556 3523 611 qua:
3546 540 3645 595 ho-

2043 636 2247 689 minum
2275 634 2507 699 tinxerit,
2536 646 2590 690 et
2617 651 2798 691 rerum
2825 633 3302 690 constitutionibus
3332 634 3644 704 applicarit,

2043 742 2224 783 nonne
2244 726 2360 782 lieri
2387 727 2645 796 potisest,
2680 735 2706 764 α
2733 735 2790 781 ut
2819 726 2990 781 exorti
3020 725 3355 780 hominesita
3386 725 3514 791 sint,
3545 740 3647 782 nec

2045 819 2114 874 ad
2144 820 2311 875 Deum
2352 818 2583 889 primum
2616 817 2907 875 nativitatis
2941 833 3129 873 eorum
3163 815 3431 873 referatur
3456 826 3645 874 aucto-

2046 912 2209 968 ritas?
2245 913 2380 981 Quid
2413 913 2555 967 enim
2607 921 2854 982 putamus
2895 911 3146 966 habuisse
3188 909 3415 965 rationis
3444 909 3627 966 Plato-

2042 1020 2166 1061 nem
2195 1005 2345 1060 illum
2374 1020 2647 1073 maguum,
2692 1005 2778 1073 pie
2816 1013 3108 1074 sancteque
3134 1004 3454 1072 sapientein,
3507 1019 3631 1061 cum

2044 1096 2278 1156 hominis
2311 1098 2582 1155 ﬁctionem
2614 1099 2724 1157 Dea
2746 1098 2977 1153 removit
3015 1113 3045 1151 a
3074 1096 3342 1162 maximo,
3373 1098 3515 1153 etad
3541 1099 3645 1153 nti-

2048 1205 2207 1247 nores
2237 1192 2420 1247 nescio
2446 1206 2581 1262 quos
2609 1191 2911 1247 transtulit:
2943 1205 3175 1262 cumque
3201 1190 3445 1259 ejusdem
3468 1192 3645 1247 noluit

2045 1285 2371 1342 sinceritatis
2425 1286 2823 1341 essetnixturte
2876 1284 3093 1339 humani
3133 1284 3341 1340 animas
3392 1286 3641 1356 generis,

2046 1378 2198 1445 cujus
2224 1377 2459 1433 animam
2486 1376 3065 1443 feceratuniversitatis
3094 1377 3286 1433 istius:
3311 1393 3471 1447 quam
3502 1377 3645 1447 quod

2045 1470 2280 1527 hominis
2308 1470 2564 1527 fabricam
2594 1472 2868 1543 indignam
2892 1488 3015 1529 esse
3038 1473 3258 1530 rebatur
3279 1472 3415 1543 Deo,
3448 1486 3547 1530 nec
3565 1472 3647 1533 rei

1551 1611 1945 1671 LECTIONES’
1972 1585 2386 1675 VARIANTES.

408 1712 435 1742 ⁸
472 1713 551 1765 tta
571 1725 661 1781 ms.
685 1709 813 1765 Pote
837 1716 916 1765 est
937 1703 1043 1760 alii.

1737 1818 2299 1895 COMMENTARIUS.

422 1941 493 1998 Ut
533 1940 802 1997 Platonico
827 1959 891 1998 ea:
914 1944 1007 1999 illo
1030 1953 1247 2007 cratere,
1268 1959 1418 2013 quem
1440 1942 1645 2011 conﬁcit
1673 1943 1947 2013 miscetque
1976 1931 1985 1945 ’

346 2011 590 2087 Timgus.
623 2015 772 2087 Plato
795 2015 1019 2079 Timaeo,
1050 2034 1102 2087 p.
1128 2017 1192 2085 bl
1225 2011 1382 2087 (tam.
1406 2031 1484 2077 nt.
1515 2016 1603 2087 et].
1634 2015 1696 2079 li.
1729 2011 1944 2087 Stepb.,

347 2101 431 2178 ρ..
460 2082 590 2174 39:6,
640 2084 749 2174 Vill.
802 2102 873 2154 lx,
911 2088 997 2141 ed.
1054 2082 1317 2178 Βὶροξιίὶ.
1346 2088 1503 2142 Ταῦτ’
1530 2082 1661 2142 εἷπε.
1695 2086 1951 2178 {aliter}?

346 2159 435 2212 ἐπὶ
479 2159 566 2236 τὸν
613 2157 858 2236 τξρὸτερον
901 2155 1151 2236 κρατῆρά,
1175 2160 1225 2236 ἔγ
1450 2165 1538 2236 rei":
1562 2156 1747 2217 παντὸς
1771 2155 1955 2228 ψυχὴν

318 2232 588 2305 «quamuis
612 2226 814 2305 ἷιὶᾳσνγί,
857 2226 1075 2305 τὰ’τῶν’
1118 2226 1343 2305 πρόσθεν
1376 2231 1635 2305 ὑπόλοιπα
1676 2226 1952 2305 πετάχὲὲῖο

346 2298 567 2372 μίὸκγων,
602 2298 791 2376 τρόπὸν
831 2303 920 2373 μέν
954 2298 1198 2377 facturam
1237 2304 1381 2357 αὐτὸν
1404 2341 1417 2363 ,
1452 2304 1683 2377 ἀκήραςᾳ
1712 2298 1954 2377 ᾇίριξκέτι

345 2370 479 2448 ὀαριτᾶ
488 2370 653 2427 ταῦτά
665 2370 938 2438 sensim,
955 2374 1077 2448 ἀλλὰ
1089 2372 1406 2448 δεύτερακαὶ
1416 2370 1585 2448 τρίτά.
1601 2370 1910 2448 Chalcidius
1937 2387 1950 2422 :

350 2442 552 2496 Rursus
580 2454 779 2519 cratera
811 2444 1066 2513 proponit,
1098 2454 1143 2519 et
1174 2442 1459 2519 murmur
1479 2443 1950 2519 concretionentgue

349 2529 528 2566 earum
552 2514 914 2584 potentiorum,
943 2531 1005 2570 ex
1023 2514 1201 2584 quibus
1217 2514 1392 2569 mundi
1418 2515 1588 2567 anima
1610 2514 1952 2584 concrevera‘t,

350 2600 513 2653 exque
542 2583 948 2654 reliquisearum
978 2583 1178 2640 nostras
1221 2586 1567 2648 machinatur,
1613 2583 1844 2638 videlicet
1891 2600 1955 2638 ea;

346 2655 442 2727 illa
456 2654 651 2723 duplici
674 2664 875 2709 natura.
925 2655 1169 2727 Ejusdem
1193 2667 1237 2711 et
1263 2658 1379 2709 item
1401 2655 1613 2711 diversa:
1641 2655 1956 2727 dividttteque

350 2726 651 2799 substantiis
684 2743 702 2780 :
730 2743 844 2799 qua:
864 2725 986 2793 non,
1010 2738 1242 2794 utantea,
1270 2728 1496 2799 sinceras
1522 2725 1759 2799 puritatis
1788 2734 1952 2792 erant,

350 2813 511 2866 neque
551 2798 683 2850 enim
729 2797 921 2865 animo,
975 2815 1090 2867 qua:
1126 2815 1189 2853 ea:
1213 2798 1568 2851 sincerissimis
1598 2797 1952 2859 excuderetur,

346 2868 401 2921 in
426 2877 583 2921 tanta:
611 2866 753 2922 silvai
779 2870 899 2923 vitia
939 2866 1098 2939 possit
1125 2870 1368 2933 incidere,
1424 2883 1514 2922 nec
1539 2882 1818 2938 congruere
1842 2883 1957 2921 cunt

348 2939 586 3012 mortalis
629 2943 857 3012 corporis
886 2938 1181 3012 fragilitate.
1233 2938 1478 2994 Miscebat
1525 2951 1715 3004 autem,
1768 2939 1952 3006 inquit,

348 3010 531 3064 eodem
554 3010 917 3083 prapemodunt
947 3010 1148 3083 genere,
1179 3027 1269 3066 nec
1297 3022 1465 3065 tamen
1492 3014 1667 3066 eadem
1691 3011 1955 3083 exorieba-

350 3092 440 3133 tur
490 3081 705 3151 puritas,
734 3081 1070 3153 serenitasque
1096 3093 1449 3153 proventuum.
1484 3081 1954 3137 linteam—Ele-

346 3161 550 3223 ganter
568 3165 743 3208 autem
771 3155 975 3222 con/icit
1006 3152 1275 3223 miscetque
1302 3152 1526 3209 Tinttetts
1556 3170 1651 3222 pro
1681 3153 1883 3220 conﬁci.
1908 3162 1957 3206 et

351 3222 558 3300 misceri
582 3224 789 3300 a_it._Sic
811 3227 948 3300 apud
982 3222 1325 3300 Aristotelem
1355 3227 1399 3300 oi
1423 3234 1685 3300 γεννῶντες
1705 3226 1788 3282 τὸν
1808 3227 1957 3300 οὐρα-

349 3296 430 3373 ῖάδ
452 3307 548 3373 BE?
572 3296 616 3348 οε
640 3297 722 3373 τεὸν
745 3298 942 3373 circa”
966 3303 1193 3373 γεγγῃτρῖ
1214 3294 1333 3373 εἶνοει
1358 3294 1597 3373 λέυίφςτες-
1630 3294 1875 3373 ηειξλειρί
1888 3324 1957 3335 -·

350 3364 431 3419 lta
456 3362 722 3437 Minucius
754 3362 921 3434 F'clix,
954 3362 1002 3423 (Ξ.
1030 3367 1120 3421 ‘22.
1149 3362 1749 3437 Sauciabitlllomcrus)
1794 3362 1957 3437 Vene-

350 3451 478 3510 rem,
516 3433 932 3510 Martemuinxit,
969 3438 1265 3510 v_ultLertttgit,
1301 3433 1515 3510 fugavit,
1546 3450 1685 3503 etc.;
1718 3433 1951 3510 ubiAvid.

353 3505 626 3578 Gronov”
656 3522 710 3575 ρ.
741 3508 868 3569 226,
901 3505 952 3564 et
979 3507 1027 3566 J.
1063 3508 1150 3566 Fr.
1181 3505 1444 3578 Granum,
1481 3510 1703 3566 Diatrib.
1736 3509 1787 3565 in
1812 3507 1948 3565 Stat.

354 3576 516 3639 Silv.,
545 3592 595 3632 c.
625 3578 718 3632 22.
749 3581 951 3635 UntzLL.

429 3647 617 3703 Sorex.
672 3651 1067 3706 Anitnalculum
1103 3668 1322 3721 parvum
1350 3668 1415 3708 ex
1464 3651 1695 3707 murium
1726 3667 1948 3721 genere.

355 3720 763 3807 mintts‘tal‘nen,
785 3731 839 3807 ct
866 3724 1062 3776 clarius
1093 3720 1436 3807 SlPitlell:,_UI
1460 3722 1629 3807 inquit
1660 3720 1849 3778 Donat.
1881 3723 1948 3807 ad

355 3790 576 3846 Terent.
612 3791 881 3856 Eunuch.,
913 3805 1018 3848 act.
1044 3810 1095 3861 ν,
1131 3808 1271 3849 vers.
1306 3794 1396 3849 ‘25.
1453 3790 1554 3848 Alii
1600 3810 1803 3847 murem
1855 3792 1947 3847 sil-

351 3872 589 3935 ycstretn
617 3862 1036 3935 interpretantur
1053 3865 1135 3919 vel
1161 3865 1335 3935 petitis
1362 3865 1506 3919 illam
1539 3866 1797 3935 speciem,
1829 3879 1948 3932 quac

353 3932 578 3986 Lilian
628 3933 824 3988 dicitur
866 3950 1016 3990 sorex
1064 3932 1301 3998 araneus,
1335 3935 1488 3989 nobis
1517 3932 1599 3989 die
1628 3933 1944 3997 Spitzntuus.

354 4004 490 4057 Cum
526 4019 678 4057 mure
709 4007 1005 4061 domestico
1050 4007 1327 4061 confundit
1359 4007 1585 4070 Plinius,
1634 4006 1768 4059 llist.
1798 4006 1945 4072 Nat.,

355 4089 434 4137 ιι,
467 4075 561 4134 57.
610 4085 663 4129 et
693 4076 804 4142 alii,
855 4079 996 4148 unde
1026 4078 1495 4148 Francogallorutn
1547 4077 1599 4132 la
1641 4078 1806 4131 souris
1852 4092 1948 4145 pro

355 4160 514 4219 mure
564 4148 855 4219 communi.
893 4146 1178 4219 llis-tinguit
1212 4146 1388 4203 tamen
1420 4164 1541 4202 cum
1570 4157 1757 4203 nostro
1787 4148 1950 4202 Culu-

355 4215 541 4279 mella,
590 4214 707 4290 lib,
737 4234 831 4290 xit,
865 4220 930 4273 15
963 4238 974 4272 :
1006 4214 1298 4285 Si'serpens
1328 4230 1416 4274 aut
1460 4236 1571 4273 mus
1614 4235 1858 4290 sorexque
1899 4219 1954 4273 in

352 4297 580 4340 mustum
609 4289 861 4351 ceciderit,
887 4301 941 4345 et
972 4291 1116 4345 alibi.
1145 4290 1347 4345 OBELL.

428 4356 728 4427 Centipeda.
767 4362 1025 4416 Describit
1070 4362 1288 4426 Plinius,
1325 4360 1460 4415 Hist.
1495 4359 1640 4425 ΝΜ..
1673 4360 1765 4414 lib.
1799 4376 1952 4427 XXIX,

352 4442 404 4482 c.
429 4427 463 4483 6
495 4446 509 4482 :
544 4427 845 4501 Hillepeda,
874 4433 936 4485 ab
958 4433 1074 4485 aliis
1092 4432 1355 4501 centipcda
1380 4442 1467 4486 aut
1492 4430 1773 4499 ntultipeda
1799 4433 1951 4494 dicta,

353 4499 554 4574 animal
576 4510 651 4553 est
682 4518 710 4554 e
736 4504 1024 4556 vermiculis
1052 4499 1234 4566 terra,
1255 4505 1493 4572 pilosum,
1526 4504 1699 4574 multis
1748 4503 1956 4574 pedibus

355 4571 607 4624 arcuatim
623 4589 824 4645 repens,
856 4582 1090 4645 tactuque
1114 4571 1415 4630 contra/iens
1435 4592 1504 4630 se.
1540 4571 1763 4629 Oniscon
1793 4573 1961 4629 (ἔνωσὶ

354 4642 682 4716 uocant,_al_i_i
706 4646 867 4716 tylon.
893 4642 1170 4716 Efﬁcacem
1192 4656 1405 4699 narrant
1426 4647 1495 4699 ad
1510 4648 1712 4699 aurium
1740 4646 1961 4700 dolores.

360 4711 458 4768 Ubi
491 4713 602 4768 vid.
631 4711 916 4783 Hat‘duin.,
940 4711 1056 4770 'vol.
1090 4733 1148 4777 tt,
1183 4732 1234 4787 p.
1272 4718 1398 4772 516.
1429 4716 1631 4772 Onam"

433 4803 500 4859 Et
545 4806 727 4872 vivere,
775 4808 894 4876 quia
941 4807 1117 4863 eadem
1144 4824 1209 4863 ea:
1255 4809 1513 4863 elementis
1544 4809 1667 4878 ipsis
1696 4824 1851 4861 causa
1893 4816 1966 4861 est

357 4877 482 4949 illis,
537 4887 688 4947 atque
734 4881 875 4949 origo
920 4879 1179 4933 nascendi.
1230 4880 1290 4935 Si
1332 4880 1400 4931 ad
1426 4877 1669 4932 animalia
1698 4879 1961 4948 gignendi.

360 4947 437 5001 Ita
485 4950 725 5003 correxit
756 4947 843 5004 ed.
878 4949 1047 5019 Lugd.
1100 4951 1239 5014 Bat.,
1296 4952 1544 5004 vitiosam
1580 4947 1815 5017 priorum
1849 4950 1964 5005 edi-

358 5020 565 5072 tionum
600 5020 884 5092 lectionem
919 5038 931 5072 :
971 5020 1034 5074 Et
1056 5023 1217 5075 vivere
1235 5021 1435 5092 quidem
1467 5037 1529 5075 ea:
1556 5022 1812 5075 elementis
1840 5020 1965 5092 ipsis

358 5105 517 5163 causa
556 5100 630 5163 est
658 5089 765 5144 illis
815 5099 965 5162 atque
1012 5093 1154 5163 origo
1201 5089 1442 5146 nascendi
1468 5109 1486 5145 :
1518 5092 1562 5145 si
1608 5093 1676 5144 ad
1719 5089 1963 5163 animalia

357 5162 635 5232 gignenda,
685 5173 817 5224 etc..
870 5161 1010 5232 Quod
1043 5161 1308 5219 Heraldus
1337 5172 1547 5218 mutare
1593 5163 1759 5216 voluit
1799 5179 1813 5216 :
1848 5161 1964 5217 Etsi

358 5249 473 5286 vere
492 5233 696 5299 quidem
724 5250 788 5288 ea:
812 5235 1225 5303 elementis-ipsis
1247 5244 1402 5288 causa
1422 5244 1494 5288 est
1521 5233 1625 5289 illis
1648 5246 1800 5304 atque
1818 5235 1963 5303 origo

357 5304 627 5369 nascendi,
680 5305 725 5359 si
774 5306 842 5359 ad
890 5306 1138 5360 animalia
1186 5307 1462 5375 gignenda,
1511 5315 1617 5360 etc.
1667 5305 1772 5362 Sed
1804 5305 1963 5374 lcttge

358 5375 598 5443 praefero
626 5376 1061 5431 emendationem
1094 5374 1322 5431 editoris
1350 5374 1648 5432 Leidensis.
1684 5376 1812 5431 Scil.
1846 5374 1961 5430 haec

357 5444 529 5499 verba
589 5461 710 5499 cum
746 5447 1213 5517 antecedentibus
1268 5458 1395 5502 sunt
1442 5447 1851 5517 conjungenda,
1905 5455 1963 5501 ut

358 5530 558 5571 sensus
585 5518 654 5588 sit
684 5535 697 5572 :
729 5516 911 5588 Neque
935 5520 1068 5572 enim
1095 5536 1173 5573 res
1202 5519 1355 5587 ﬁdem
1387 5519 1533 5572 habet
1552 5516 1627 5573 ea:
1652 5516 1825 5573 eodem
1871 5517 1962 5572 illo

358 5597 558 5642 cratere
586 5584 875 5643 Platonico.
911 5628 924 5643 .
962 5630 975 5643 .
1014 5633 1027 5645 .
1065 5629 1078 5643 .
1103 5584 1274 5643 omnia
1302 5590 1410 5644 htec
1437 5590 1683 5643 animalia
1710 5607 1827 5644 cunt
1867 5589 1962 5643 ho-

359 5657 500 5711 mine
523 5657 995 5733 vitunthanimqsque
1019 5661 1247 5724 duxisse,
1280 5672 1548 5730 prapterea
1574 5662 1709 5729 quod
1734 5661 1967 5715 omnibus

358 5745 424 5783 ea:
450 5729 578 5799 ipsis
622 5729 727 5782 illis
774 5729 956 5800 quibus
983 5734 1154 5787 vivunt
1204 5729 1457 5787 elementis
1503 5734 1680 5787 cadent
1726 5733 1965 5787 nascendi

359 5816 519 5855 causa
546 5808 590 5852 ct
620 5803 763 5877 origo
791 5812 885 5877 est,
935 5803 985 5877 id
1012 5814 1116 5877 est,
1159 5806 1278 5877 quia
1306 5804 1463 5859 simili
1494 5806 1643 5858 modo
1670 5805 1969 5877 _contposita

362 5880 507 5933 sunt,
552 5886 615 5925 ex
643 5872 903 5930 elementis
926 5873 1075 5945 ipsis,
1104 5872 1259 5945 terra,
1286 5891 1440 5947 aqua,
1487 5892 1623 5931 aere.
1669 5872 1972 5932 Tum'nova

2055 1941 2310 2012 periodus
2337 1940 2522 2012 incipit
2551 1941 2736 2015 verbis
2762 1955 2791 2015 :7
2810 1942 2871 1997 Si
2897 1942 3222 1998 ad‘animalia
3246 1943 3519 2015 gignenda,
3544 1950 3649 2000 etc.

2058 2016 2328 2069 Castorum
2374 2014 2729 2086 v.ganimalia
2783 2014 2886 2073 hoc
2923 2016 3042 2073 Ιοοη
3084 2014 3457 2086 accipiendum
3490 2031 3651 2071 sensu

2063 2086 2351 2161 prtiprioet
2380 2084 2655 2161 primario,
2682 2086 2765 2140 die
2782 2087 3016 2161 phelebten
3041 2084 3246 2161 Wesen,
3272 2104 3390 2161 qua:
3413 2086 3653 2161 habitant

2060 2154 2261 2227 scilicet
2291 2154 2631 2227 in‘soricnm,’
2653 2157 3018 2226 centipedum,
3054 2168 3184 2227 etc.,
3216 2154 3401 2213 formis
3429 2158 3511 2213 vel
3539 2174 3655 2213 cor-

2060 2226 2299 2298 poribus.
2327 2225 2528 2283 0am.

2138 2298 2273 2351 Nam
2298 2308 2344 2371 et
2370 2300 2598 2355 uidemus
2622 2299 2753 2356 alios
2780 2315 2843 2354 ex
2867 2301 3182 2371 sapientibus
3205 2300 3393 2366 dicere,
3422 2301 3652 2356 tellurem

2060 2386 2167 2423 esse
2207 2370 2465 2423 hominum
2504 2381 2746 2432 malrent.
2799 2370 2983 2440 aquam
3025 2389 3138 2426 cum
3180 2389 3240 2425 ea
3279 2372 3429 2436 alios,
3457 2373 3653 2427 aerium

2062 2440 2296 2523 spiritum
2324 2441 2456 2523 alios
2481 2442 2560 2523 his
2584 2443 2819 2523 fungere.
2853 2442 3033 2523 Et_bic
3064 2454 3430 2523 s_ec_ttttts_sum
3463 2458 3652 2523 emen-

2061 2506 2331 2583 dationem
2373 2506 2596 2567 etlitoris
2619 2506 3118 2583 Lugdune-Batavi.
3152 2514 3208 2567 In
3240 2512 3653 2583 editionegprin-

2061 2582 2181 2648 cipe
2222 2583 2383 2636 verba
2428 2583 2541 2637 ha:c
2569 2578 2978 2652 corruptissime
3019 2585 3265 2654 leguntur
3305 2584 3408 2639 ita:
3443 2578 3579 2638 Nam
3608 2593 3653 2640 et

2061 2654 2289 2707 videmus
2335 2670 2398 2707 ea:
2439 2655 2751 2722 sapientibus
2778 2657 2907 2709 alios
2936 2656 3130 2721 dicere,
3163 2654 3394 2710 tellurem
3421 2672 3529 2709 esse
3554 2658 3651 2709 Ito-

2062 2723 2249 2797 ntinetn
2264 2766 2278 2789 ,
2308 2735 2519 2797 matrem
2530 2742 2765 2797 aquam:
2795 2734 2903 2779 lunt
2931 2728 3060 2781 alios
3085 2744 3282 2793 aerem,
3312 2727 3547 2797 spiritum
3575 2728 3654 2782 his

2063 2797 2193 2849 alios
2224 2796 2459 2866 jungere.
2500 2794 2652 2851 Unde
2696 2798 3031 2853 Stcwechius
3072 2797 3300 2854 fecerat:
3341 2794 3481 2851 'Tttnt
3525 2799 3654 2853 alios

2063 2881 2232 2941 aerem
2273 2868 2510 2941 spiritum
2540 2868 2617 2922 Itis
2660 2867 2975 2941 adjungere,
3020 2869 3192 2941 citans
3234 2868 3449 2923 Pacuvii
3493 2870 3653 2941 verba

2064 2953 2097 2992 e
2133 2938 2374 3011 Chryse:
2405 2937 2673 3011 Matergest
2703 2937 2868 3002 terra,
2897 2954 2956 3011 ea
2994 2940 3127 3010 parit
3169 2954 3386 3011 corpus,
3429 2940 3654 2993 animant

2064 3009 2224 3063 aether
2265 3011 2535 3080 adiungat.
2578 3009 2684 3065 Sed
2737 3012 2788 3065 in
2829 3010 2951 3065 cod.
2998 3009 3099 3065 nis.
3145 3025 3242 3080 pro
3260 3009 3432 3065 aerem
3463 3011 3656 3081 legitur

2063 3081 2277 3143 aerium,
2313 3082 2454 3135 unde
2496 3081 2757 3136 lleraldus
2787 3084 3094 3152 suspicatur
3121 3083 3437 3153 legendum:
3473 3080 3654 3137 Tellu-

2063 3168 2168 3204 rem
2205 3165 2312 3205 esse
2352 3152 2618 3207 hominum
2657 3163 2889 3217 Matrem,
2920 3169 3105 3224 aquam
3132 3152 3235 3207 tum
3266 3154 3431 3216 alios;
3461 3155 3655 3207 aerium

2062 3223 2298 3291 spiritum
2324 3226 2404 3277 his
2427 3224 2554 3278 alios
2574 3226 2807 3295 iungere.
2842 3223 3012 3291 Quetn
3054 3228 3224 3282 secuti
3264 3226 3445 3280 caueri
3483 3226 3657 3279 edito-

2065 3309 2183 3359 res,
2230 3305 2457 3362 excepto
2482 3295 2732 3350 Lt-idensi
2753 3338 2766 3359 ,
2798 3310 2983 3365 aquam
3013 3305 3118 3349 tum
3151 3298 3281 3350 alios
3320 3304 3561 3350 mutante
3603 3297 3656 3351 in

2064 3381 2248 3434 aquam
2277 3382 2390 3418 cutn
2423 3383 2482 3421 ea
2512 3366 2643 3420 alios
2664 3410 2677 3428 ,
2713 3376 2817 3420 ctc.
2852 3366 3072 3421 Scilicet
3100 3367 3203 3423 bne
3236 3366 3353 3422 loco
3386 3367 3658 3423 Arnobius

2063 3436 2307 3491 diversas
2325 3446 2564 3493 veterum
2587 3438 3029 3508 philosophorum
3049 3440 3116 3493 de
3133 3442 3311 3493 causis
3331 3452 3514 3493 rerum
3538 3455 3661 3493 scn-

2066 3511 2295 3579 tentias,
2340 3509 2407 3564 de
2449 3511 2646 3579 quibus
2689 3523 2849 3579 supra
2892 3525 3011 3575 cap.
3042 3510 3110 3568 9.
3154 3510 3396 3579 pluribus
3439 3520 3652 3579 egerat,

2061 3577 2277 3651 brevius
2308 3577 2536 3651 repetit:
2567 3595 2735 3650 quare
2760 3577 2929 3635 totum
2959 3581 3098 3635 hunc
3127 3577 3335 3635 locum:
3367 3577 3491 3633 nant'
3511 3589 3559 3633 et
3587 3581 3659 3633 vi-

2060 3649 2258 3713 demus,
2284 3649 2389 3705 etc.
2417 3649 2670 3723 usquead
2694 3651 2855 3706 verba
2874 3693 2887 3704 .
2909 3693 2922 3705 .
2944 3692 2956 3704 .
2975 3653 3120 3705 vitali
3147 3654 3425 3723 agitatione
3451 3651 3657 3715 moturi,

2060 3729 2329 3791 tamquam
2358 3722 2701 3791 parenthesin
2726 3725 2943 3777 uncinis
2971 3722 3193 3777 inclusi.
3212 3723 3415 3777 Οιιειῐ..

2132 3791 2386 3847 Tellurem
2414 3809 2520 3847 esse
2544 3793 2804 3848 hominunt
2833 3805 3062 3849 matrem.
3095 3794 3374 3865 Orpheus:

2210 3921 2319 3956 ΓΑΙΑ
2342 3919 2417 3957 Θιὰ
2442 3920 2559 3968 μήτηρ
2586 3920 2755 3970 [adreptis
2775 3920 2910 3968 θνητῶν
2933 3921 2968 3958 τ’
2991 3920 3199 3970 ἀνθρώπων.

2057 4006 2398 4077 Lactantius,
2437 4008 2532 4065 lib.
2565 4025 2632 4074 tt,
2662 4025 2779 4077 cap.
2811 4010 2898 4065 10.
2935 4009 3181 4067 Errantes
3227 4009 3443 4078 quidant
3490 4007 3660 4077 philo-

2061 4078 2209 4148 sophi
2235 4080 2376 4134 aiunt
2420 4080 2649 4134 homines
2675 4093 2957 4148 cwteraque
2987 4082 3233 4135 animalia
3260 4081 3369 4135 sine
3396 4081 3502 4135 ulla
3533 4079 3661 4133 arti-

2063 4146 2158 4217 ﬁce
2187 4161 2300 4205 orta
2328 4168 2436 4206 esse
2466 4151 2528 4204 de
2559 4146 2726 4216 terra;
2754 4146 2887 4206 unde
2917 4152 3047 4206 illud
3086 4150 3427 4223 Virgilianum
3458 4162 3563 4208 est:

2123 4264 2314 4321 Tcrrca
2340 4265 2613 4331 progenies
2627 4264 2763 4315 duris
2786 4270 2931 4327 caput
2957 4262 3137 4315 extulit
3138 4268 3308 4384 lgarris.

3190 4342 3308 4383 tum

3190 4342 3389 4383 LMENK.

2136 4446 2334 4518 Aquam
2362 4460 2477 4518 cum
2499 4459 2557 4497 ea
2582 4442 2733 4498 alios.
2762 4441 2959 4518 supra,
2985 4456 3105 4518 cap.
3137 4439 3407 4518 lt):AVid_it
3425 4441 3559 4518 enim
3583 4456 3665 4497 res

2069 4517 2178 4586 ﬁeri
2193 4512 2514 4571 concretione
2528 4530 2786 4586 aquarum
2798 4513 3022 4568 Thales?
3039 4515 3300 4569 Gensurin
3311 4556 3323 4578 ,
3347 4512 3416 4568 tle
3434 4514 3524 4568 dic
3548 4518 3661 4567 nat.

1990 4601 2043 4662 Ι)
2067 4585 2187 4657 Cap.
2218 4604 2289 4643 tv.
2322 4586 2707 4662 Anaximander
2737 4585 2973 4662 Milesius
2997 4586 3155 4662 videri
3185 4586 3278 4639 sibi
3306 4601 3370 4662 ex
3398 4602 3531 4662 aqua
3562 4594 3668 4662 ter-

2074 4655 2228 4728 raque
2266 4658 2530 4727 calefactis
2560 4670 2760 4712 exortus
2785 4673 2891 4711 esse
2922 4658 3025 4711 sive
3062 4657 3271 4728 pisces,
3298 4659 3401 4709 sive
3441 4655 3667 4727 piscibus

2074 4727 2261 4784 similia
2293 4730 2572 4783 animalia:
2600 4734 2654 4782 in
2683 4728 2761 4781 Itis
2790 4731 3017 4784 homines
3049 4727 3359 4782 concreuisse
3380 4767 3393 4789 ,
3423 4731 3669 4795 [tutusque

2074 4805 2141 4855 ad
2171 4801 2479 4869 pubertatem
2510 4800 2643 4852 intus
2669 4809 2915 4852 retentos:
2947 4809 3049 4853 tum
3080 4802 3283 4852 demum
3325 4799 3489 4865 ruptis
3525 4797 3664 4869 illis,

2074 4867 2206 4927 viros
2231 4871 2584 4939 mulieresque,
2615 4871 2699 4939 qtti
2720 4887 2772 4921 se
2783 4871 2896 4938 jam
2918 4872 3054 4923 alere
3080 4879 3311 4937 possent,
3341 4867 3661 4939 processisse.

2074 4944 2161 4998 ubi
2184 4942 2291 4996 vid.
2315 4938 2699 5008 Lindenbrog,
2724 4955 2841 5009 pag.
2865 4940 2954 5004 19,
2973 4940 3060 4995 ed.
3088 4941 3438 5008 llavercantp.
3458 4938 3661 4992 Οιιειι..

2150 5013 2324 5067 Solent
2366 5028 2481 5066 vero
2524 5011 2797 5065 nonnullos
2843 5028 2949 5064 esse
2991 5010 3169 5063 hatunt
3212 5010 3476 5079 Opiﬁcem,
3522 5018 3565 5061 et
3594 5023 3668 5079 ea:

2073 5085 2272 5157 ignibus
2316 5084 2573 5157 animatos
2607 5082 2715 5152 ejus
2755 5081 2896 5157 vitali
2924 5082 3202 5157 agitatione
3230 5077 3433 5157 matari.
3464 5077 3669 5157 (iunior

2072 5149 2318 5211 c'utndt-tn
2348 5149 2657 5217 Censorini,
2689 5168 2808 5224 cap.
2842 5154 2895 5224 8,
2932 5149 3050 5221 pag.
3080 5151 3181 5224 ὅδε
3216 5151 3305 5224 qui
3340 5151 3441 5224 hoc
3472 5149 3667 5224 dogma

2069 5225 2334 5285 Chaldaeis
2360 5223 2623 5293 attribuit,
2658 5237 2709 5283 ct
2738 5220 2957 5281 Diodor.
2992 5225 3130 5291 Sic.,
3164 5220 3447 5289 Bibliotb.,
3482 5222 3578 5277 lib.
3614 5237 3666 5291 ι,

2072 5315 2190 5369 cap.
2226 5298 2278 5353 7.
2312 5300 2515 5352 ORELL.

2143 5364 2369 5438 Cumque
2398 5364 2623 5439 ejusdem
2652 5366 2814 5439 noluit
2841 5365 3152 5422 sinceritatis
3174 5382 3283 5439 esse
3309 5364 3547 5439 mixtura:
3572 5364 3669 5417 ltu-

2071 5442 2210 5495 mani
2231 5436 2429 5493 animas
2450 5438 2667 5509 generis.
2696 5438 2767 5493 Ita
2794 5438 3077 5493 lectionem
3103 5438 3339 5509 priorum
3363 5436 3666 5509 editionum

2072 5506 2601 5583 depravatissititant:
2647 5525 2859 5583 euntque
2897 5506 3321 5583 ejusdenivoluit
3359 5506 3668 5583 sinceritatis

2073 5578 2180 5639 esse
2216 5582 2465 5652 mixturas
2505 5578 2715 5652 humani
2745 5578 2945 5650 animos
2974 5580 3204 5652 generis,
3238 5578 3451 5652 egregie
3481 5591 3668 5641 cmen-

2073 5654 2219 5709 davit
2248 5651 2514 5707 lict-aldus
2564 5650 2616 5704 in
2658 5648 2812 5705 Curis
2850 5648 3127 5707 secundis.
3167 5648 3422 5711 Gelenius
3451 5657 3664 5714 autem,

2075 5724 2442 5781 Elmenhorst.
2486 5730 2543 5778 et
2580 5721 2755 5776 editor
2793 5720 2965 5791 Lugd.
3008 5722 3126 5776 Bat.
3171 5722 3346 5775 locum
3391 5722 3461 5773 ita
3502 5718 3669 5774 dedc-

2078 5809 2235 5852 runt;
2269 5796 2496 5865 Cumque
2534 5795 2759 5863 ejusdem
2793 5790 2958 5865 noluit
2998 5792 3305 5865 sinceritatis
3336 5806 3442 5847 esse
3475 5790 3669 5845 mixtu-

2077 5885 2163 5923 ras
2194 5862 2722 5924 ltuntaui’anituaruut
2753 5864 2971 5935 generis.
3005 5862 3207 5921 υιιειι..
