  <div class='ocr_page' id='page_1' title='image "/cluster/home/n/w/nwhite01/storage/ocr_20150623/5/hvd.32044073505224/462.png"; bbox 0 0 4236 6264; ppageno 0'>
   <div class='ocr_carea' id='block_1_1' title="bbox 356 331 465 389">
    <p class='ocr_par' dir='ltr' id='par_1_1' title="bbox 356 331 465 389">
     <span class='ocr_line' id='line_1_1' title="bbox 356 331 465 389; baseline -0.009 0"><span class='ocrx_word' id='word_1_1' title='bbox 356 331 465 389; x_wconf 78' lang='grc'><strong>915</strong></span> 
     </span>
    </p>
   </div>
   <div class='ocr_carea' id='block_1_2' title="bbox 1686 322 2307 398">
    <p class='ocr_par' dir='ltr' id='par_1_2' title="bbox 1686 322 2307 398">
     <span class='ocr_line' id='line_1_2' title="bbox 1686 322 2307 398; baseline 0.008 -6"><span class='ocrx_word' id='word_1_2' title='bbox 1686 337 1887 393; x_wconf 84' lang='lat' dir='ltr'><strong>LIBER</strong></span> <span class='ocrx_word' id='word_1_3' title='bbox 1923 322 2307 398; x_wconf 81' lang='lat' dir='ltr'><strong>SECUNDUS.</strong></span> 
     </span>
    </p>
   </div>
   <div class='ocr_carea' id='block_1_3' title="bbox 3548 351 3656 409">
    <p class='ocr_par' dir='ltr' id='par_1_3' title="bbox 3548 351 3656 409">
     <span class='ocr_line' id='line_1_3' title="bbox 3548 351 3656 409; baseline -0.019 0"><span class='ocrx_word' id='word_1_4' title='bbox 3548 351 3656 409; x_wconf 76' lang='lat' dir='ltr'><strong>9M</strong></span> 
     </span>
    </p>
   </div>
   <div class='ocr_carea' id='block_1_4' title="bbox 425 440 3660 540">
    <p class='ocr_par' dir='ltr' id='par_1_4' title="bbox 425 440 3660 540">
     <span class='ocr_line' id='line_1_4' title="bbox 425 440 3660 540; baseline 0.006 -36"><span class='ocrx_word' id='word_1_5' title='bbox 425 440 805 504; x_wconf 48' lang='lat' dir='ltr'><strong>LXVI.&#39;Licet</strong></span> <span class='ocrx_word' id='word_1_6' title='bbox 850 464 980 520; x_wconf 84' lang='lat' dir='ltr'><strong>ergo</strong></span> <span class='ocrx_word' id='word_1_7' title='bbox 1029 458 1083 506; x_wconf 90' lang='lat' dir='ltr'><strong>tu</strong></span> <span class='ocrx_word' id='word_1_8' title='bbox 1127 466 1313 522; x_wconf 90' lang='lat' dir='ltr'><strong>purus,</strong></span> <span class='ocrx_word' id='word_1_9' title='bbox 1361 461 1416 509; x_wconf 88' lang='lat' dir='ltr'><strong>et</strong></span> <span class='ocrx_word' id='word_1_10' title='bbox 1465 453 1534 510; x_wconf 91' lang='lat' dir='ltr'><strong>ab</strong></span> <span class='ocrx_word' id='word_1_11' title='bbox 1582 454 1729 509; x_wconf 88' lang='lat' dir='ltr'><strong>omni</strong></span> <span class='ocrx_word' id='word_1_12' title='bbox 1783 454 1951 511; x_wconf 81' lang='lat' dir='ltr'><strong>lueris</strong></span> <span class='ocrx_word' id='word_1_13' title='bbox 1979 463 2110 524; x_wconf 69' lang='lat' dir='ltr'><strong>Aet</strong></span> <span class='ocrx_word' id='word_1_14' title='bbox 2162 458 2481 515; x_wconf 78' lang='lat' dir='ltr'><strong>lautioribus</strong></span> <span class='ocrx_word' id='word_1_15' title='bbox 2535 463 2875 519; x_wconf 81' lang='lat' dir='ltr'><strong>successibus</strong></span> <span class='ocrx_word' id='word_1_16' title='bbox 2927 465 3201 532; x_wconf 80' lang='lat' dir='ltr'><strong>inStitutis,</strong></span> <span class='ocrx_word' id='word_1_17' title='bbox 3252 481 3357 522; x_wconf 91' lang='lat' dir='ltr'><strong>non</strong></span> <span class='ocrx_word' id='word_1_18' title='bbox 3409 469 3660 540; x_wconf 83' lang='lat' dir='ltr'><strong>antiquas</strong></span> 
     </span>
    </p>
   </div>
   <div class='ocr_carea' id='block_1_5' title="bbox 354 543 1951 616">
    <p class='ocr_par' dir='ltr' id='par_1_5' title="bbox 354 543 1951 616">
     <span class='ocr_line' id='line_1_5' title="bbox 354 543 1951 616; baseline 0.003 -18"><span class='ocrx_word' id='word_1_19' title='bbox 354 543 604 598; x_wconf 85' lang='lat' dir='ltr'><strong>vitiorum</strong></span> <span class='ocrx_word' id='word_1_20' title='bbox 636 543 1092 600; x_wconf 88' lang='lat' dir='ltr'><strong>contaminatione</strong></span> <span class='ocrx_word' id='word_1_21' title='bbox 1120 557 1396 616; x_wconf 87' lang='lat' dir='ltr'><strong>purgatus.</strong></span> <span class='ocrx_word' id='word_1_22' title='bbox 1430 548 1805 603; x_wconf 83' lang='lat' dir='ltr'><strong>couciliaveris</strong></span> <span class='ocrx_word' id='word_1_23' title='bbox 1833 550 1951 603; x_wconf 86' lang='lat' dir='ltr'><strong>illas</strong></span> 
     </span>
    </p>
   </div>
   <div class='ocr_carea' id='block_1_6' title="bbox 353 637 1955 707">
    <p class='ocr_par' dir='ltr' id='par_1_6' title="bbox 353 637 1955 707">
     <span class='ocr_line' id='line_1_6' title="bbox 353 637 1955 707; baseline 0.006 -17"><span class='ocrx_word' id='word_1_24' title='bbox 353 645 517 706; x_wconf 88' lang='lat' dir='ltr'><strong>atque</strong></span> <span class='ocrx_word' id='word_1_25' title='bbox 564 637 834 692; x_wconf 81' lang='lat' dir='ltr'><strong>iullexeris</strong></span> <span class='ocrx_word' id='word_1_26' title='bbox 876 648 1186 707; x_wconf 62' lang='lat' dir='ltr'><strong>potestates,</strong></span> <span class='ocrx_word' id='word_1_27' title='bbox 1231 640 1298 695; x_wconf 91' lang='lat' dir='ltr'><strong>ad</strong></span> <span class='ocrx_word' id='word_1_28' title='bbox 1349 642 1543 697; x_wconf 74' lang='lat' dir='ltr'><strong>cmlum</strong></span> <span class='ocrx_word' id='word_1_29' title='bbox 1589 643 1833 698; x_wconf 73' lang='lat' dir='ltr'><strong>redeunti</strong></span> <span class='ocrx_word' id='word_1_30' title='bbox 1888 659 1955 700; x_wconf 88' lang='lat' dir='ltr'><strong>ne</strong></span> 
     </span>
    </p>
   </div>
   <div class='ocr_carea' id='block_1_7' title="bbox 353 727 1954 807">
    <p class='ocr_par' dir='ltr' id='par_1_7' title="bbox 353 727 1954 807">
     <span class='ocr_line' id='line_1_7' title="bbox 353 727 1954 807; baseline 0.005 -24"><span class='ocrx_word' id='word_1_31' title='bbox 353 727 471 783; x_wconf 90' lang='lat' dir='ltr'><strong>vias</strong></span> <span class='ocrx_word' id='word_1_32' title='bbox 496 729 716 807; x_wconf 81' lang='lat' dir='ltr'><strong>cludant</strong></span> <span class='ocrx_word' id='word_1_33' title='bbox 740 739 900 799; x_wconf 89' lang='lat' dir='ltr'><strong>atque</strong></span> <span class='ocrx_word' id='word_1_34' title='bbox 926 731 1210 801; x_wconf 89' lang='lat' dir='ltr'><strong>obsepiant</strong></span> <span class='ocrx_word' id='word_1_35' title='bbox 1235 735 1540 795; x_wconf 89' lang='lat' dir='ltr'><strong>transitum,</strong></span> <span class='ocrx_word' id='word_1_36' title='bbox 1578 737 1641 790; x_wconf 90' lang='lat' dir='ltr'><strong>ad</strong></span> <span class='ocrx_word' id='word_1_37' title='bbox 1676 738 1954 791; x_wconf 84' lang='lat' dir='ltr'><strong>immorta-</strong></span> 
     </span>
    </p>
   </div>
   <div class='ocr_carea' id='block_1_8' title="bbox 354 820 1954 898">
    <p class='ocr_par' dir='ltr' id='par_1_8' title="bbox 354 820 1954 898">
     <span class='ocr_line' id='line_1_8' title="bbox 354 820 1954 898; baseline 0.006 -23"><span class='ocrx_word' id='word_1_38' title='bbox 354 820 523 876; x_wconf 90' lang='lat' dir='ltr'><strong>litatis</strong></span> <span class='ocrx_word' id='word_1_39' title='bbox 570 821 829 877; x_wconf 85' lang='lat' dir='ltr'><strong>accedere</strong></span> <span class='ocrx_word' id='word_1_40' title='bbox 879 822 1040 878; x_wconf 88' lang='lat' dir='ltr'><strong>nullis</strong></span> <span class='ocrx_word' id='word_1_41' title='bbox 1087 826 1287 893; x_wconf 89' lang='lat' dir='ltr'><strong>poteris</strong></span> <span class='ocrx_word' id='word_1_42' title='bbox 1331 827 1769 883; x_wconf 87' lang='lat' dir='ltr'><strong>contentionibus</strong></span> <span class='ocrx_word' id='word_1_43' title='bbox 1818 843 1954 898; x_wconf 69' lang='lat' dir='ltr'><strong>prte-</strong></span> 
     </span>
    </p>
   </div>
   <div class='ocr_carea' id='block_1_9' title="bbox 352 913 1953 984">
    <p class='ocr_par' dir='ltr' id='par_1_9' title="bbox 352 913 1953 984">
     <span class='ocr_line' id='line_1_9' title="bbox 352 913 1953 984; baseline 0.004 -15"><span class='ocrx_word' id='word_1_44' title='bbox 352 914 541 981; x_wconf 90' lang='lat' dir='ltr'><strong>mium,</strong></span> <span class='ocrx_word' id='word_1_45' title='bbox 571 913 691 981; x_wconf 91' lang='lat' dir='ltr'><strong>nisi,</strong></span> <span class='ocrx_word' id='word_1_46' title='bbox 716 913 860 984; x_wconf 85' lang='lat' dir='ltr'><strong>quod</strong></span> <span class='ocrx_word' id='word_1_47' title='bbox 890 915 1058 984; x_wconf 87' lang='lat' dir='ltr'><strong>ipsam</strong></span> <span class='ocrx_word' id='word_1_48' title='bbox 1090 916 1543 973; x_wconf 86' lang='lat' dir='ltr'><strong>immertalitatem</strong></span> <span class='ocrx_word' id='word_1_49' title='bbox 1567 920 1711 984; x_wconf 81' lang='lat' dir='ltr'><strong>facit,</strong></span> <span class='ocrx_word' id='word_1_50' title='bbox 1734 919 1953 976; x_wconf 76' lang='lat' dir='ltr'><strong>Christo</strong></span> 
     </span>
    </p>
   </div>
   <div class='ocr_carea' id='block_1_10' title="bbox 349 1008 1952 1077">
    <p class='ocr_par' dir='ltr' id='par_1_10' title="bbox 349 1008 1952 1077">
     <span class='ocr_line' id='line_1_10' title="bbox 349 1008 1952 1077; baseline 0.002 -12"><span class='ocrx_word' id='word_1_51' title='bbox 349 1008 681 1065; x_wconf 79' lang='lat' dir='ltr'><strong>attribuente</strong></span> <span class='ocrx_word' id='word_1_52' title='bbox 719 1008 1049 1077; x_wconf 80' lang='lat' dir='ltr'><strong>perceperis,</strong></span> <span class='ocrx_word' id='word_1_53' title='bbox 1077 1018 1131 1064; x_wconf 93' lang='lat' dir='ltr'><strong>et</strong></span> <span class='ocrx_word' id='word_1_54' title='bbox 1162 1025 1343 1066; x_wconf 85' lang='lat' dir='ltr'><strong>veram</strong></span> <span class='ocrx_word' id='word_1_55' title='bbox 1385 1010 1552 1068; x_wconf 79' lang='lat' dir='ltr'><strong>lueris</strong></span> <span class='ocrx_word' id='word_1_56' title='bbox 1579 1013 1845 1068; x_wconf 88' lang='lat' dir='ltr'><strong>admissus</strong></span> <span class='ocrx_word' id='word_1_57' title='bbox 1885 1014 1952 1069; x_wconf 92' lang='lat' dir='ltr'><strong>ad</strong></span> 
     </span>
    </p>
   </div>
   <div class='ocr_carea' id='block_1_11' title="bbox 351 1096 1953 1175">
    <p class='ocr_par' dir='ltr' id='par_1_11' title="bbox 351 1096 1953 1175">
     <span class='ocr_line' id='line_1_11' title="bbox 351 1096 1953 1175; baseline 0.002 -18"><span class='ocrx_word' id='word_1_58' title='bbox 351 1102 538 1157; x_wconf 83' lang='lat' dir='ltr'><strong>vitam.</strong></span> <span class='ocrx_word' id='word_1_59' title='bbox 572 1100 707 1156; x_wconf 82' lang='lat' dir='ltr'><strong>Nam</strong></span> <span class='ocrx_word' id='word_1_60' title='bbox 739 1102 881 1170; x_wconf 84' lang='lat' dir='ltr'><strong>quod</strong></span> <span class='ocrx_word' id='word_1_61' title='bbox 910 1102 1067 1157; x_wconf 88' lang='lat' dir='ltr'><strong>nobis</strong></span> <span class='ocrx_word' id='word_1_62' title='bbox 1096 1103 1369 1175; x_wconf 89' lang='lat' dir='ltr'><strong>objectare</strong></span> <span class='ocrx_word' id='word_1_63' title='bbox 1396 1096 1721 1173; x_wconf 65' lang='lat' dir='ltr'><strong>consuestis,</strong></span> <span class='ocrx_word' id='word_1_64' title='bbox 1765 1107 1953 1161; x_wconf 89' lang='lat' dir='ltr'><strong>novel-</strong></span> 
     </span>
    </p>
   </div>
   <div class='ocr_carea' id='block_1_12' title="bbox 351 1197 1952 1268">
    <p class='ocr_par' dir='ltr' id='par_1_12' title="bbox 351 1197 1952 1268">
     <span class='ocr_line' id='line_1_12' title="bbox 351 1197 1952 1268; baseline 0.002 -16"><span class='ocrx_word' id='word_1_65' title='bbox 351 1197 458 1253; x_wconf 94' lang='lat' dir='ltr'><strong>lam</strong></span> <span class='ocrx_word' id='word_1_66' title='bbox 502 1212 622 1252; x_wconf 87' lang='lat' dir='ltr'><strong>esse</strong></span> <span class='ocrx_word' id='word_1_67' title='bbox 666 1198 983 1267; x_wconf 84' lang='lat' dir='ltr'><strong>religionem</strong></span> <span class='ocrx_word' id='word_1_68' title='bbox 1027 1211 1291 1268; x_wconf 87' lang='lat' dir='ltr'><strong>nostram,</strong></span> <span class='ocrx_word' id='word_1_69' title='bbox 1341 1211 1395 1257; x_wconf 90' lang='lat' dir='ltr'><strong>et</strong></span> <span class='ocrx_word' id='word_1_70' title='bbox 1439 1213 1564 1257; x_wconf 89' lang='lat' dir='ltr'><strong>ante</strong></span> <span class='ocrx_word' id='word_1_71' title='bbox 1608 1202 1726 1259; x_wconf 87' lang='lat' dir='ltr'><strong>dies</strong></span> <span class='ocrx_word' id='word_1_72' title='bbox 1775 1212 1952 1257; x_wconf 89' lang='lat' dir='ltr'><strong>natam</strong></span> 
     </span>
    </p>
   </div>
   <div class='ocr_carea' id='block_1_13' title="bbox 352 1288 1952 1363">
    <p class='ocr_par' dir='ltr' id='par_1_13' title="bbox 352 1288 1952 1363">
     <span class='ocr_line' id='line_1_13' title="bbox 352 1288 1952 1363; baseline 0.003 -20"><span class='ocrx_word' id='word_1_73' title='bbox 352 1288 741 1359; x_wconf 86' lang='lat' dir='ltr'><strong>prOpemodum</strong></span> <span class='ocrx_word' id='word_1_74' title='bbox 791 1303 1013 1358; x_wconf 83' lang='lat' dir='ltr'><strong>paucos,</strong></span> <span class='ocrx_word' id='word_1_75' title='bbox 1046 1306 1221 1361; x_wconf 85' lang='lat' dir='ltr'><strong>neque</strong></span> <span class='ocrx_word' id='word_1_76' title='bbox 1260 1308 1356 1349; x_wconf 85' lang='lat' dir='ltr'><strong>vos</strong></span> <span class='ocrx_word' id='word_1_77' title='bbox 1398 1293 1639 1363; x_wconf 88' lang='lat' dir='ltr'><strong>potuisse</strong></span> <span class='ocrx_word' id='word_1_78' title='bbox 1678 1295 1952 1358; x_wconf 86' lang='lat' dir='ltr'><strong>antiquam</strong></span> 
     </span>
    </p>
   </div>
   <div class='ocr_carea' id='block_1_14' title="bbox 349 1380 1951 1456">
    <p class='ocr_par' dir='ltr' id='par_1_14' title="bbox 349 1380 1951 1456">
     <span class='ocr_line' id='line_1_14' title="bbox 349 1380 1951 1456; baseline 0.001 -19"><span class='ocrx_word' id='word_1_79' title='bbox 349 1391 403 1437; x_wconf 89' lang='lat' dir='ltr'><strong>et</strong></span> <span class='ocrx_word' id='word_1_80' title='bbox 436 1380 664 1452; x_wconf 88' lang='lat' dir='ltr'><strong>patriam</strong></span> <span class='ocrx_word' id='word_1_81' title='bbox 708 1381 976 1452; x_wconf 88' lang='lat' dir='ltr'><strong>linquere,</strong></span> <span class='ocrx_word' id='word_1_82' title='bbox 1023 1391 1078 1436; x_wconf 91' lang='lat' dir='ltr'><strong>et</strong></span> <span class='ocrx_word' id='word_1_83' title='bbox 1121 1383 1175 1438; x_wconf 93' lang='lat' dir='ltr'><strong>in</strong></span> <span class='ocrx_word' id='word_1_84' title='bbox 1218 1384 1480 1441; x_wconf 89' lang='lat' dir='ltr'><strong>barbaros</strong></span> <span class='ocrx_word' id='word_1_85' title='bbox 1528 1385 1664 1439; x_wconf 89' lang='lat' dir='ltr'><strong>ritus</strong></span> <span class='ocrx_word' id='word_1_86' title='bbox 1709 1386 1951 1456; x_wconf 85' lang='lat' dir='ltr'><strong>peregri-</strong></span> 
     </span>
    </p>
   </div>
   <div class='ocr_carea' id='block_1_15' title="bbox 347 1470 1952 1544">
    <p class='ocr_par' dir='ltr' id='par_1_15' title="bbox 347 1470 1952 1544">
     <span class='ocr_line' id='line_1_15' title="bbox 347 1470 1952 1544; baseline 0.002 -15"><span class='ocrx_word' id='word_1_87' title='bbox 347 1488 554 1543; x_wconf 89' lang='lat' dir='ltr'><strong>nosque</strong></span> <span class='ocrx_word' id='word_1_88' title='bbox 594 1470 825 1539; x_wconf 81' lang='lat' dir='ltr'><strong>traduci,</strong></span> <span class='ocrx_word' id='word_1_89' title='bbox 871 1473 1081 1531; x_wconf 89' lang='lat' dir='ltr'><strong>ratione</strong></span> <span class='ocrx_word' id='word_1_90' title='bbox 1113 1476 1252 1530; x_wconf 55' lang='lat' dir='ltr'><strong>istud</strong></span> <span class='ocrx_word' id='word_1_91' title='bbox 1284 1477 1580 1532; x_wconf 82' lang='lat' dir='ltr'><strong>intenditur</strong></span> <span class='ocrx_word' id='word_1_92' title='bbox 1608 1478 1772 1531; x_wconf 88' lang='lat' dir='ltr'><strong>nulla.</strong></span> <span class='ocrx_word' id='word_1_93' title='bbox 1814 1477 1952 1544; x_wconf 86' lang='lat' dir='ltr'><strong>Quid</strong></span> 
     </span>
    </p>
   </div>
   <div class='ocr_carea' id='block_1_16' title="bbox 344 1554 1951 1643">
    <p class='ocr_par' dir='ltr' id='par_1_16' title="bbox 344 1554 1951 1643">
     <span class='ocr_line' id='line_1_16' title="bbox 344 1554 1951 1643; baseline 0.002 -20"><span class='ocrx_word' id='word_1_94' title='bbox 344 1568 490 1623; x_wconf 89' lang='lat' dir='ltr'><strong>enim</strong></span> <span class='ocrx_word' id='word_1_95' title='bbox 518 1567 562 1621; x_wconf 89' lang='lat' dir='ltr'><strong>si</strong></span> <span class='ocrx_word' id='word_1_96' title='bbox 594 1566 696 1622; x_wconf 87' lang='lat' dir='ltr'><strong>hoc</strong></span> <span class='ocrx_word' id='word_1_97' title='bbox 723 1566 883 1622; x_wconf 88' lang='lat' dir='ltr'><strong>modo</strong></span> <span class='ocrx_word' id='word_1_98' title='bbox 909 1554 1120 1637; x_wconf 69' lang='lat' dir='ltr'><strong>culpam</strong></span> <span class='ocrx_word' id='word_1_99' title='bbox 1152 1569 1379 1626; x_wconf 83' lang='lat' dir='ltr'><strong>velimus</strong></span> <span class='ocrx_word' id='word_1_100' title='bbox 1409 1570 1652 1643; x_wconf 84' lang='lat' dir='ltr'><strong>inﬂigere</strong></span> <span class='ocrx_word' id='word_1_101' title='bbox 1682 1570 1951 1641; x_wconf 79' lang='lat' dir='ltr'><strong>prioribus</strong></span> 
     </span>
    </p>
   </div>
   <div class='ocr_carea' id='block_1_17' title="bbox 346 1658 1951 1733">
    <p class='ocr_par' dir='ltr' id='par_1_17' title="bbox 346 1658 1951 1733">
     <span class='ocr_line' id='line_1_17' title="bbox 346 1658 1951 1733; baseline 0.003 -21"><span class='ocrx_word' id='word_1_102' title='bbox 346 1658 453 1713; x_wconf 87' lang='lat' dir='ltr'><strong>illis</strong></span> <span class='ocrx_word' id='word_1_103' title='bbox 481 1668 645 1728; x_wconf 88' lang='lat' dir='ltr'><strong>atque</strong></span> <span class='ocrx_word' id='word_1_104' title='bbox 671 1660 1063 1730; x_wconf 88' lang='lat' dir='ltr'><strong>antiquissimis</strong></span> <span class='ocrx_word' id='word_1_105' title='bbox 1102 1663 1337 1730; x_wconf 67' lang='lat' dir='ltr'><strong>steculis,</strong></span> <span class='ocrx_word' id='word_1_106' title='bbox 1385 1663 1526 1733; x_wconf 90' lang='lat' dir='ltr'><strong>quod</strong></span> <span class='ocrx_word' id='word_1_107' title='bbox 1570 1663 1801 1717; x_wconf 87' lang='lat' dir='ltr'><strong>inventis</strong></span> <span class='ocrx_word' id='word_1_108' title='bbox 1839 1661 1951 1717; x_wconf 82' lang='lat' dir='ltr'><strong>fru-</strong></span> 
     </span>
    </p>
   </div>
   <div class='ocr_carea' id='block_1_18' title="bbox 342 1752 1948 1825">
    <p class='ocr_par' dir='ltr' id='par_1_18' title="bbox 342 1752 1948 1825">
     <span class='ocr_line' id='line_1_18' title="bbox 342 1752 1948 1825; baseline 0.004 -22"><span class='ocrx_word' id='word_1_109' title='bbox 342 1752 502 1825; x_wconf 75' lang='lat' dir='ltr'><strong>gibus</strong></span> <span class='ocrx_word' id='word_1_110' title='bbox 528 1752 753 1822; x_wconf 81' lang='lat' dir='ltr'><strong>glandes</strong></span> <span class='ocrx_word' id='word_1_111' title='bbox 792 1755 1099 1822; x_wconf 88' lang='lat' dir='ltr'><strong>spreverint</strong></span> <span class='ocrx_word' id='word_1_112' title='bbox 1138 1764 1194 1810; x_wconf 91' lang='lat' dir='ltr'><strong>et</strong></span> <span class='ocrx_word' id='word_1_113' title='bbox 1234 1756 1633 1825; x_wconf 88' lang='lat' dir='ltr'><strong>repndiaverint</strong></span> <span class='ocrx_word' id='word_1_114' title='bbox 1675 1756 1860 1811; x_wconf 89' lang='lat' dir='ltr'><strong>arbuta</strong></span> <span class='ocrx_word' id='word_1_115' title='bbox 1886 1756 1948 1810; x_wconf 73' lang='grc' dir='ltr'><strong>αἳ</strong></span> 
     </span>
    </p>
   </div>
   <div class='ocr_carea' id='block_1_19' title="bbox 345 1844 1953 1921">
    <p class='ocr_par' dir='ltr' id='par_1_19' title="bbox 345 1844 1953 1921">
     <span class='ocr_line' id='line_1_19' title="bbox 345 1844 1953 1921; baseline 0.003 -22"><span class='ocrx_word' id='word_1_116' title='bbox 345 1845 491 1917; x_wconf 89' lang='lat' dir='ltr'><strong>quod</strong></span> <span class='ocrx_word' id='word_1_117' title='bbox 537 1844 830 1901; x_wconf 85' lang='lat' dir='ltr'><strong>corticibus</strong></span> <span class='ocrx_word' id='word_1_118' title='bbox 880 1848 1090 1919; x_wconf 82' lang='lat' dir='ltr'><strong>contegi</strong></span> <span class='ocrx_word' id='word_1_119' title='bbox 1132 1858 1186 1904; x_wconf 91' lang='lat' dir='ltr'><strong>et</strong></span> <span class='ocrx_word' id='word_1_120' title='bbox 1234 1850 1441 1905; x_wconf 92' lang='lat' dir='ltr'><strong>amiciri</strong></span> <span class='ocrx_word' id='word_1_121' title='bbox 1487 1849 1748 1906; x_wconf 84' lang='lat' dir='ltr'><strong>desierint</strong></span> <span class='ocrx_word' id='word_1_122' title='bbox 1799 1848 1953 1921; x_wconf 87' lang='lat' dir='ltr'><strong>pelli-</strong></span> 
     </span>
    </p>
   </div>
   <div class='ocr_carea' id='block_1_20' title="bbox 341 1939 1954 2012">
    <p class='ocr_par' dir='ltr' id='par_1_20' title="bbox 341 1939 1954 2012">
     <span class='ocr_line' id='line_1_20' title="bbox 341 1939 1954 2012; baseline 0.005 -22"><span class='ocrx_word' id='word_1_123' title='bbox 341 1939 474 1999; x_wconf 89' lang='lat' dir='ltr'><strong>bus,</strong></span> <span class='ocrx_word' id='word_1_124' title='bbox 511 1948 794 2009; x_wconf 87' lang='lat' dir='ltr'><strong>postquam</strong></span> <span class='ocrx_word' id='word_1_125' title='bbox 839 1941 1005 1995; x_wconf 85' lang='lat' dir='ltr'><strong>vestis</strong></span> <span class='ocrx_word' id='word_1_126' title='bbox 1043 1942 1340 2012; x_wconf 79' lang='lat' dir='ltr'><strong>excogitata</strong></span> <span class='ocrx_word' id='word_1_127' title='bbox 1382 1954 1459 1998; x_wconf 92' lang='lat' dir='ltr'><strong>est</strong></span> <span class='ocrx_word' id='word_1_128' title='bbox 1506 1945 1722 2009; x_wconf 81' lang='lat' dir='ltr'><strong>textilis,</strong></span> <span class='ocrx_word' id='word_1_129' title='bbox 1758 1959 1853 1999; x_wconf 89' lang='lat' dir='ltr'><strong>uso</strong></span> <span class='ocrx_word' id='word_1_130' title='bbox 1898 1953 1954 2000; x_wconf 86' lang='lat' dir='ltr'><strong>et</strong></span> 
     </span>
    </p>
   </div>
   <div class='ocr_carea' id='block_1_21' title="bbox 2036 549 3665 628">
    <p class='ocr_par' dir='ltr' id='par_1_21' title="bbox 2036 549 3665 628">
     <span class='ocr_line' id='line_1_21' title="bbox 2036 549 3665 628; baseline 0.01 -26"><span class='ocrx_word' id='word_1_131' title='bbox 2036 549 2429 605; x_wconf 76' lang='lat' dir='ltr'><strong>adamaverint</strong></span> <span class='ocrx_word' id='word_1_132' title='bbox 2475 554 2703 621; x_wconf 85' lang='lat' dir='ltr'><strong>casulas,</strong></span> <span class='ocrx_word' id='word_1_133' title='bbox 2754 571 2853 611; x_wconf 86' lang='lat' dir='ltr'><strong>nec</strong></span> <span class='ocrx_word' id='word_1_134' title='bbox 2899 557 2999 611; x_wconf 90' lang='lat' dir='ltr'><strong>sub</strong></span> <span class='ocrx_word' id='word_1_135' title='bbox 3045 558 3267 628; x_wconf 85' lang='lat' dir='ltr'><strong>rupibus</strong></span> <span class='ocrx_word' id='word_1_136' title='bbox 3311 569 3365 614; x_wconf 91' lang='lat' dir='ltr'><strong>et</strong></span> <span class='ocrx_word' id='word_1_137' title='bbox 3415 564 3665 618; x_wconf 89' lang='lat' dir='ltr'><strong>cavernis</strong></span> 
     </span>
    </p>
   </div>
   <div class='ocr_carea' id='block_1_22' title="bbox 2066 645 3663 718">
    <p class='ocr_par' dir='ltr' id='par_1_22' title="bbox 2066 645 3663 718">
     <span class='ocr_line' id='line_1_22' title="bbox 2066 645 3663 718; baseline 0.009 -21"><span class='ocrx_word' id='word_1_138' title='bbox 2066 645 2478 713; x_wconf 71' lang='lat' dir='ltr'><strong>przeoptaverint</strong></span> <span class='ocrx_word' id='word_1_139' title='bbox 2524 655 2580 700; x_wconf 93' lang='lat' dir='ltr'><strong>ut</strong></span> <span class='ocrx_word' id='word_1_140' title='bbox 2624 647 2818 701; x_wconf 67' lang='lat' dir='ltr'><strong>bellum</strong></span> <span class='ocrx_word' id='word_1_141' title='bbox 2860 651 3213 718; x_wconf 81' lang='lat' dir='ltr'><strong>permanere?</strong></span> <span class='ocrx_word' id='word_1_142' title='bbox 3248 649 3547 709; x_wconf 82' lang='lat' dir='ltr'><strong>Commune</strong></span> <span class='ocrx_word' id='word_1_143' title='bbox 3578 662 3663 711; x_wconf 86' lang='lat' dir='ltr'><strong>est</strong></span> 
     </span>
    </p>
   </div>
   <div class='ocr_carea' id='block_1_23' title="bbox 2062 737 3653 813">
    <p class='ocr_par' dir='ltr' id='par_1_23' title="bbox 2062 737 3653 813">
     <span class='ocr_line' id='line_1_23' title="bbox 2062 737 3653 813; baseline 0.008 -23"><span class='ocrx_word' id='word_1_144' title='bbox 2062 737 2330 803; x_wconf 90' lang='lat' dir='ltr'><strong>omnibus,</strong></span> <span class='ocrx_word' id='word_1_145' title='bbox 2357 747 2410 793; x_wconf 90' lang='lat' dir='ltr'><strong>et</strong></span> <span class='ocrx_word' id='word_1_146' title='bbox 2430 740 2496 795; x_wconf 89' lang='lat' dir='ltr'><strong>ab</strong></span> <span class='ocrx_word' id='word_1_147' title='bbox 2518 740 2646 809; x_wconf 90' lang='lat' dir='ltr'><strong>ipsis</strong></span> <span class='ocrx_word' id='word_1_148' title='bbox 2674 756 2808 807; x_wconf 84' lang='lat' dir='ltr'><strong>pene.</strong></span> <span class='ocrx_word' id='word_1_149' title='bbox 2835 741 3175 798; x_wconf 91' lang='lat' dir='ltr'><strong>incunabulis</strong></span> <span class='ocrx_word' id='word_1_150' title='bbox 3206 746 3482 813; x_wconf 87' lang='lat' dir='ltr'><strong>traditum,</strong></span> <span class='ocrx_word' id='word_1_151' title='bbox 3508 747 3653 803; x_wconf 84' lang='lat' dir='ltr'><strong>bona</strong></span> 
     </span>
    </p>
   </div>
   <div class='ocr_carea' id='block_1_24' title="bbox 2063 830 3661 911">
    <p class='ocr_par' dir='ltr' id='par_1_24' title="bbox 2063 830 3661 911">
     <span class='ocr_line' id='line_1_24' title="bbox 2063 830 3661 911; baseline 0.008 -28"><span class='ocrx_word' id='word_1_152' title='bbox 2063 830 2218 884; x_wconf 86' lang='lat' dir='ltr'><strong>malis</strong></span> <span class='ocrx_word' id='word_1_153' title='bbox 2246 832 2535 899; x_wconf 78' lang='lat' dir='ltr'><strong>anteferre,</strong></span> <span class='ocrx_word' id='word_1_154' title='bbox 2566 834 2843 889; x_wconf 87' lang='lat' dir='ltr'><strong>inutilibus</strong></span> <span class='ocrx_word' id='word_1_155' title='bbox 2870 836 3017 889; x_wconf 86' lang='lat' dir='ltr'><strong>utilia</strong></span> <span class='ocrx_word' id='word_1_156' title='bbox 3060 851 3392 907; x_wconf 73' lang='lat' dir='ltr'><strong>praeponere,</strong></span> <span class='ocrx_word' id='word_1_157' title='bbox 3425 850 3474 894; x_wconf 90' lang='lat' dir='ltr'><strong>et</strong></span> <span class='ocrx_word' id='word_1_158' title='bbox 3517 840 3661 911; x_wconf 88' lang='lat' dir='ltr'><strong>quod</strong></span> 
     </span>
    </p>
   </div>
   <div class='ocr_carea' id='block_1_25' title="bbox 2061 926 3659 996">
    <p class='ocr_par' dir='ltr' id='par_1_25' title="bbox 2061 926 3659 996">
     <span class='ocr_line' id='line_1_25' title="bbox 2061 926 3659 996; baseline 0.007 -18"><span class='ocrx_word' id='word_1_159' title='bbox 2061 937 2182 979; x_wconf 92' lang='lat' dir='ltr'><strong>esse</strong></span> <span class='ocrx_word' id='word_1_160' title='bbox 2225 926 2528 981; x_wconf 85' lang='lat' dir='ltr'><strong>constiterit</strong></span> <span class='ocrx_word' id='word_1_161' title='bbox 2571 930 2877 996; x_wconf 72' lang='lat' dir='ltr'><strong>pretiosius,</strong></span> <span class='ocrx_word' id='word_1_162' title='bbox 2926 928 3122 993; x_wconf 70' lang='lat' dir='ltr'><strong>laetius.</strong></span> <span class='ocrx_word' id='word_1_163' title='bbox 3163 931 3214 985; x_wconf 90' lang='lat' dir='ltr'><strong>id</strong></span> <span class='ocrx_word' id='word_1_164' title='bbox 3254 935 3557 987; x_wconf 87' lang='lat' dir='ltr'><strong>consectari</strong></span> <span class='ocrx_word' id='word_1_165' title='bbox 3604 944 3659 989; x_wconf 87' lang='lat' dir='ltr'><strong>et</strong></span> 
     </span>
    </p>
   </div>
   <div class='ocr_carea' id='block_1_26' title="bbox 2060 1018 3649 1091">
    <p class='ocr_par' dir='ltr' id='par_1_26' title="bbox 2060 1018 3649 1091">
     <span class='ocr_line' id='line_1_26' title="bbox 2060 1018 3649 1091; baseline 0.008 -20"><span class='ocrx_word' id='word_1_166' title='bbox 2060 1028 2245 1088; x_wconf 85' lang='lat' dir='ltr'><strong>petere</strong></span> <span class='ocrx_word' id='word_1_167' title='bbox 2268 1036 2280 1070; x_wconf 88' lang='lat'><strong>:</strong></span> <span class='ocrx_word' id='word_1_168' title='bbox 2308 1018 2360 1072; x_wconf 88' lang='lat' dir='ltr'><strong>in</strong></span> <span class='ocrx_word' id='word_1_169' title='bbox 2386 1035 2556 1090; x_wconf 87' lang='lat' dir='ltr'><strong>eoque</strong></span> <span class='ocrx_word' id='word_1_170' title='bbox 2576 1020 2810 1091; x_wconf 83' lang='lat' dir='ltr'><strong>deﬁgere</strong></span> <span class='ocrx_word' id='word_1_171' title='bbox 2830 1037 2979 1091; x_wconf 91' lang='lat' dir='ltr'><strong>spem</strong></span> <span class='ocrx_word' id='word_1_172' title='bbox 3006 1023 3217 1087; x_wconf 87' lang='lat' dir='ltr'><strong>salutis,</strong></span> <span class='ocrx_word' id='word_1_173' title='bbox 3244 1033 3301 1079; x_wconf 87' lang='lat' dir='ltr'><strong>et</strong></span> <span class='ocrx_word' id='word_1_174' title='bbox 3329 1025 3649 1083; x_wconf 86' lang='lat' dir='ltr'><strong>salutarium</strong></span> 
     </span>
    </p>
   </div>
   <div class='ocr_carea' id='block_1_27' title="bbox 2060 1114 2487 1168">
    <p class='ocr_par' dir='ltr' id='par_1_27' title="bbox 2060 1114 2487 1168">
     <span class='ocr_line' id='line_1_27' title="bbox 2060 1114 2487 1168; baseline 0.002 -2"><span class='ocrx_word' id='word_1_175' title='bbox 2060 1114 2487 1168; x_wconf 83' lang='lat' dir='ltr'><strong>commodorum.</strong></span> 
     </span>
    </p>
   </div>
   <div class='ocr_carea' id='block_1_28' title="bbox 2132 1205 3663 1279">
    <p class='ocr_par' dir='ltr' id='par_1_28' title="bbox 2132 1205 3663 1279">
     <span class='ocr_line' id='line_1_28' title="bbox 2132 1205 3663 1279; baseline 0.005 -19"><span class='ocrx_word' id='word_1_176' title='bbox 2132 1205 2343 1262; x_wconf 80' lang='lat' dir='ltr'><strong>LXVII.</strong></span> <span class='ocrx_word' id='word_1_177' title='bbox 2384 1206 2569 1279; x_wconf 91' lang='lat' dir='ltr'><strong>Itaque</strong></span> <span class='ocrx_word' id='word_1_178' title='bbox 2616 1223 2739 1264; x_wconf 92' lang='lat' dir='ltr'><strong>cum</strong></span> <span class='ocrx_word' id='word_1_179' title='bbox 2789 1211 2944 1267; x_wconf 88' lang='lat' dir='ltr'><strong>nobis</strong></span> <span class='ocrx_word' id='word_1_180' title='bbox 2994 1210 3274 1267; x_wconf 88' lang='lat' dir='ltr'><strong>intenditis</strong></span> <span class='ocrx_word' id='word_1_181' title='bbox 3320 1212 3663 1268; x_wconf 82' lang='lat' dir='ltr'><strong>aversioncm</strong></span> 
     </span>
    </p>
   </div>
   <div class='ocr_carea' id='block_1_29' title="bbox 2061 1299 3665 1377">
    <p class='ocr_par' dir='ltr' id='par_1_29' title="bbox 2061 1299 3665 1377">
     <span class='ocr_line' id='line_1_29' title="bbox 2061 1299 3665 1377; baseline 0.004 -23"><span class='ocrx_word' id='word_1_182' title='bbox 2061 1313 2127 1354; x_wconf 84' lang='lat' dir='ltr'><strong>ex</strong></span> <span class='ocrx_word' id='word_1_183' title='bbox 2154 1299 2415 1369; x_wconf 81' lang='lat' dir='ltr'><strong>religione</strong></span> <span class='ocrx_word' id='word_1_184' title='bbox 2445 1302 2703 1371; x_wconf 88' lang='lat' dir='ltr'><strong>priorum,</strong></span> <span class='ocrx_word' id='word_1_185' title='bbox 2728 1319 2944 1359; x_wconf 88' lang='lat' dir='ltr'><strong>causam</strong></span> <span class='ocrx_word' id='word_1_186' title='bbox 2976 1306 3228 1361; x_wconf 84' lang='lat' dir='ltr'><strong>convenit</strong></span> <span class='ocrx_word' id='word_1_187' title='bbox 3256 1316 3313 1360; x_wconf 89' lang='lat' dir='ltr'><strong>Ill.</strong></span> <span class='ocrx_word' id='word_1_188' title='bbox 3343 1306 3665 1377; x_wconf 81' lang='lat' dir='ltr'><strong>inspiciatis,</strong></span> 
     </span>
    </p>
   </div>
   <div class='ocr_carea' id='block_1_30' title="bbox 2071 1395 3663 1469">
    <p class='ocr_par' dir='ltr' id='par_1_30' title="bbox 2071 1395 3663 1469">
     <span class='ocr_line' id='line_1_30' title="bbox 2071 1395 3663 1469; baseline 0.004 -22"><span class='ocrx_word' id='word_1_189' title='bbox 2071 1407 2177 1447; x_wconf 94' lang='lat' dir='ltr'><strong>non</strong></span> <span class='ocrx_word' id='word_1_190' title='bbox 2225 1395 2460 1447; x_wconf 83' lang='lat' dir='ltr'><strong>factum:</strong></span> <span class='ocrx_word' id='word_1_191' title='bbox 2496 1410 2596 1449; x_wconf 89' lang='lat' dir='ltr'><strong>nec</strong></span> <span class='ocrx_word' id='word_1_192' title='bbox 2632 1397 2756 1466; x_wconf 91' lang='lat' dir='ltr'><strong>quid</strong></span> <span class='ocrx_word' id='word_1_193' title='bbox 2802 1398 3199 1468; x_wconf 83' lang='lat' dir='ltr'><strong>reliquerimus,</strong></span> <span class='ocrx_word' id='word_1_194' title='bbox 3244 1415 3537 1469; x_wconf 80' lang='lat' dir='ltr'><strong>apponere,</strong></span> <span class='ocrx_word' id='word_1_195' title='bbox 3567 1399 3663 1455; x_wconf 88' lang='lat' dir='ltr'><strong>sed</strong></span> 
     </span>
    </p>
   </div>
   <div class='ocr_carea' id='block_1_31' title="bbox 2067 1485 3660 1556">
    <p class='ocr_par' dir='ltr' id='par_1_31' title="bbox 2067 1485 3660 1556">
     <span class='ocr_line' id='line_1_31' title="bbox 2067 1485 3660 1556; baseline 0.006 -18"><span class='ocrx_word' id='word_1_196' title='bbox 2067 1486 2233 1538; x_wconf 90' lang='lat' dir='ltr'><strong>secuti</strong></span> <span class='ocrx_word' id='word_1_197' title='bbox 2265 1485 2390 1554; x_wconf 92' lang='lat' dir='ltr'><strong>quid</strong></span> <span class='ocrx_word' id='word_1_198' title='bbox 2421 1486 2612 1552; x_wconf 80' lang='lat' dir='ltr'><strong>simus,</strong></span> <span class='ocrx_word' id='word_1_199' title='bbox 2641 1488 2972 1556; x_wconf 82' lang='lat' dir='ltr'><strong>potissimum</strong></span> <span class='ocrx_word' id='word_1_200' title='bbox 3006 1491 3269 1545; x_wconf 76' lang='lat' dir='ltr'><strong>contueri.</strong></span> <span class='ocrx_word' id='word_1_201' title='bbox 3305 1491 3435 1545; x_wconf 83' lang='lat' dir='ltr'><strong>Nam</strong></span> <span class='ocrx_word' id='word_1_202' title='bbox 3464 1493 3507 1546; x_wconf 88' lang='lat' dir='ltr'><strong>si</strong></span> <span class='ocrx_word' id='word_1_203' title='bbox 3538 1509 3660 1547; x_wconf 91' lang='lat' dir='ltr'><strong>mu-</strong></span> 
     </span>
    </p>
   </div>
   <div class='ocr_carea' id='block_1_32' title="bbox 2065 1569 3667 1649">
    <p class='ocr_par' dir='ltr' id='par_1_32' title="bbox 2065 1569 3667 1649">
     <span class='ocr_line' id='line_1_32' title="bbox 2065 1569 3667 1649; baseline 0.006 -20"><span class='ocrx_word' id='word_1_204' title='bbox 2065 1584 2179 1630; x_wconf 89' lang='lat' dir='ltr'><strong>tare</strong></span> <span class='ocrx_word' id='word_1_205' title='bbox 2210 1577 2527 1633; x_wconf 89' lang='lat' dir='ltr'><strong>sententiam</strong></span> <span class='ocrx_word' id='word_1_206' title='bbox 2559 1580 2713 1647; x_wconf 89' lang='lat' dir='ltr'><strong>culpa</strong></span> <span class='ocrx_word' id='word_1_207' title='bbox 2741 1590 2824 1635; x_wconf 89' lang='lat' dir='ltr'><strong>est</strong></span> <span class='ocrx_word' id='word_1_208' title='bbox 2855 1581 2979 1645; x_wconf 89' lang='lat' dir='ltr'><strong>ulla,</strong></span> <span class='ocrx_word' id='word_1_209' title='bbox 3011 1583 3092 1636; x_wconf 93' lang='lat' dir='ltr'><strong>vel</strong></span> <span class='ocrx_word' id='word_1_210' title='bbox 3121 1582 3350 1646; x_wconf 85' lang='lat' dir='ltr'><strong>crimen,</strong></span> <span class='ocrx_word' id='word_1_211' title='bbox 3382 1593 3437 1638; x_wconf 92' lang='lat' dir='ltr'><strong>et</strong></span> <span class='ocrx_word' id='word_1_212' title='bbox 3457 1598 3487 1649; x_wconf 81' lang='lat' dir='ltr'><strong>a</strong></span> <span class='ocrx_word' id='word_1_213' title='bbox 3517 1569 3667 1649; x_wconf 80' lang='lat' dir='ltr'><strong>vetc-</strong></span> 
     </span>
    </p>
   </div>
   <div class='ocr_carea' id='block_1_33' title="bbox 2064 1668 3664 1744">
    <p class='ocr_par' dir='ltr' id='par_1_33' title="bbox 2064 1668 3664 1744">
     <span class='ocr_line' id='line_1_33' title="bbox 2064 1668 3664 1744; baseline 0.005 -23"><span class='ocrx_word' id='word_1_214' title='bbox 2064 1668 2214 1723; x_wconf 90' lang='lat' dir='ltr'><strong>ribus</strong></span> <span class='ocrx_word' id='word_1_215' title='bbox 2245 1670 2504 1724; x_wconf 88' lang='lat' dir='ltr'><strong>institutis</strong></span> <span class='ocrx_word' id='word_1_216' title='bbox 2534 1671 2584 1724; x_wconf 93' lang='lat' dir='ltr'><strong>in</strong></span> <span class='ocrx_word' id='word_1_217' title='bbox 2622 1672 2755 1725; x_wconf 82' lang='lat' dir='ltr'><strong>alias</strong></span> <span class='ocrx_word' id='word_1_218' title='bbox 2794 1686 2882 1726; x_wconf 94' lang='lat' dir='ltr'><strong>res</strong></span> <span class='ocrx_word' id='word_1_219' title='bbox 2919 1688 3084 1727; x_wconf 87' lang='lat' dir='ltr'><strong>novas</strong></span> <span class='ocrx_word' id='word_1_220' title='bbox 3114 1673 3529 1744; x_wconf 81' lang='lat' dir='ltr'><strong>voluntatesque</strong></span> <span class='ocrx_word' id='word_1_221' title='bbox 3560 1677 3664 1729; x_wconf 84' lang='lat' dir='ltr'><strong>mi-</strong></span> 
     </span>
    </p>
   </div>
   <div class='ocr_carea' id='block_1_34' title="bbox 2065 1761 3660 1835">
    <p class='ocr_par' dir='ltr' id='par_1_34' title="bbox 2065 1761 3660 1835">
     <span class='ocr_line' id='line_1_34' title="bbox 2065 1761 3660 1835; baseline 0.004 -21"><span class='ocrx_word' id='word_1_222' title='bbox 2065 1775 2255 1831; x_wconf 86' lang='lat' dir='ltr'><strong>grare;</strong></span> <span class='ocrx_word' id='word_1_223' title='bbox 2283 1761 2587 1817; x_wconf 86' lang='lat' dir='ltr'><strong>criminatio</strong></span> <span class='ocrx_word' id='word_1_224' title='bbox 2610 1764 2705 1817; x_wconf 88' lang='lat' dir='ltr'><strong>ista</strong></span> <span class='ocrx_word' id='word_1_225' title='bbox 2733 1774 2785 1818; x_wconf 89' lang='lat' dir='ltr'><strong>et</strong></span> <span class='ocrx_word' id='word_1_226' title='bbox 2815 1779 2912 1818; x_wconf 91' lang='lat' dir='ltr'><strong>vos</strong></span> <span class='ocrx_word' id='word_1_227' title='bbox 2937 1772 3163 1834; x_wconf 86' lang='lat' dir='ltr'><strong>spectat,</strong></span> <span class='ocrx_word' id='word_1_228' title='bbox 3192 1767 3280 1835; x_wconf 91' lang='lat' dir='ltr'><strong>qui</strong></span> <span class='ocrx_word' id='word_1_229' title='bbox 3307 1767 3467 1820; x_wconf 90' lang='lat' dir='ltr'><strong>toties</strong></span> <span class='ocrx_word' id='word_1_230' title='bbox 3493 1768 3660 1821; x_wconf 88' lang='lat' dir='ltr'><strong>vitam</strong></span> 
     </span>
    </p>
   </div>
   <div class='ocr_carea' id='block_1_35' title="bbox 2062 1853 3663 1924">
    <p class='ocr_par' dir='ltr' id='par_1_35' title="bbox 2062 1853 3663 1924">
     <span class='ocr_line' id='line_1_35' title="bbox 2062 1853 3663 1924; baseline 0.002 -18"><span class='ocrx_word' id='word_1_231' title='bbox 2062 1853 2617 1923; x_wconf 74' lang='lat' dir='ltr'><strong>consuetudinemque</strong></span> <span class='ocrx_word' id='word_1_232' title='bbox 2657 1857 2906 1911; x_wconf 89' lang='lat' dir='ltr'><strong>mutastis</strong></span> <span class='ocrx_word' id='word_1_233' title='bbox 2937 1874 2949 1909; x_wconf 90' lang='lat'><strong>:</strong></span> <span class='ocrx_word' id='word_1_234' title='bbox 2981 1856 3071 1922; x_wconf 87' lang='lat' dir='ltr'><strong>qui</strong></span> <span class='ocrx_word' id='word_1_235' title='bbox 3102 1860 3151 1909; x_wconf 83' lang='lat' dir='ltr'><strong>in</strong></span> <span class='ocrx_word' id='word_1_236' title='bbox 3186 1871 3364 1911; x_wconf 83' lang='lat' dir='ltr'><strong>mores</strong></span> <span class='ocrx_word' id='word_1_237' title='bbox 3392 1859 3550 1924; x_wconf 87' lang='lat' dir='ltr'><strong>alios,</strong></span> <span class='ocrx_word' id='word_1_238' title='bbox 3581 1868 3663 1911; x_wconf 77' lang='lat' dir='ltr'><strong>at-</strong></span> 
     </span>
    </p>
   </div>
   <div class='ocr_carea' id='block_1_36' title="bbox 2060 1945 3661 2016">
    <p class='ocr_par' dir='ltr' id='par_1_36' title="bbox 2060 1945 3661 2016">
     <span class='ocr_line' id='line_1_36' title="bbox 2060 1945 3661 2016; baseline 0.004 -19"><span class='ocrx_word' id='word_1_239' title='bbox 2060 1959 2168 2014; x_wconf 88' lang='lat' dir='ltr'><strong>que</strong></span> <span class='ocrx_word' id='word_1_240' title='bbox 2216 1945 2352 1999; x_wconf 89' lang='lat' dir='ltr'><strong>alios</strong></span> <span class='ocrx_word' id='word_1_241' title='bbox 2405 1946 2540 2001; x_wconf 89' lang='lat' dir='ltr'><strong>ritus</strong></span> <span class='ocrx_word' id='word_1_242' title='bbox 2592 1948 2827 2016; x_wconf 88' lang='lat' dir='ltr'><strong>priorum</strong></span> <span class='ocrx_word' id='word_1_243' title='bbox 2874 1948 3322 2004; x_wconf 91' lang='lat' dir='ltr'><strong>condemnatione</strong></span> <span class='ocrx_word' id='word_1_244' title='bbox 3372 1950 3661 2004; x_wconf 88' lang='lat' dir='ltr'><strong>transistis.</strong></span> 
     </span>
    </p>
   </div>
   <div class='ocr_carea' id='block_1_37' title="bbox 346 2007 3660 2114">
    <p class='ocr_par' dir='ltr' id='par_1_37' title="bbox 346 2007 3660 2114">
     <span class='ocr_line' id='line_1_37' title="bbox 346 2007 3660 2114; baseline 0.004 -28"><span class='ocrx_word' id='word_1_245' title='bbox 346 2032 736 2087; x_wconf 89' lang='lat' dir='ltr'><strong>commoditate</strong></span> <span class='ocrx_word' id='word_1_246' title='bbox 766 2033 1130 2090; x_wconf 87' lang='lat' dir='ltr'><strong>succinctior?</strong></span> <span class='ocrx_word' id='word_1_247' title='bbox 1152 2045 1245 2090; x_wconf 91' lang='lat' dir='ltr'><strong>aut</strong></span> <span class='ocrx_word' id='word_1_248' title='bbox 1274 2036 1416 2107; x_wconf 86' lang='lat' dir='ltr'><strong>quod</strong></span> <span class='ocrx_word' id='word_1_249' title='bbox 1438 2039 1656 2092; x_wconf 88' lang='lat' dir='ltr'><strong>structis</strong></span> <span class='ocrx_word' id='word_1_250' title='bbox 1683 2036 1952 2104; x_wconf 89' lang='lat' dir='ltr'><strong>domibus,</strong></span> <span class='ocrx_word' id='word_1_251' title='bbox 1984 2007 2032 2066; x_wconf 79' lang='grc' dir='ltr'><strong>Β</strong></span> <span class='ocrx_word' id='word_1_252' title='bbox 2060 2036 2331 2110; x_wconf 87' lang='lat' dir='ltr'><strong>Numquid</strong></span> <span class='ocrx_word' id='word_1_253' title='bbox 2372 2040 2516 2094; x_wconf 91' lang='lat' dir='ltr'><strong>enim</strong></span> <span class='ocrx_word' id='word_1_254' title='bbox 2572 2041 2806 2112; x_wconf 89' lang='lat' dir='ltr'><strong>quinque</strong></span> <span class='ocrx_word' id='word_1_255' title='bbox 2848 2042 2900 2096; x_wconf 92' lang='lat' dir='ltr'><strong>in</strong></span> <span class='ocrx_word' id='word_1_256' title='bbox 2934 2042 3138 2097; x_wconf 89' lang='lat' dir='ltr'><strong>classes</strong></span> <span class='ocrx_word' id='word_1_257' title='bbox 3171 2040 3379 2098; x_wconf 90' lang='lat' dir='ltr'><strong>habetis</strong></span> <span class='ocrx_word' id='word_1_258' title='bbox 3405 2042 3660 2114; x_wconf 88' lang='lat' dir='ltr'><strong>populum</strong></span> 
     </span>
    </p>
   </div>
   <div class='ocr_carea' id='block_1_38' title="bbox 1586 2152 2429 2213">
    <p class='ocr_par' dir='ltr' id='par_1_38' title="bbox 1586 2152 2429 2213">
     <span class='ocr_line' id='line_1_38' title="bbox 1586 2152 2429 2213; baseline 0 -3"><span class='ocrx_word' id='word_1_259' title='bbox 1586 2152 1972 2213; x_wconf 84' lang='lat' dir='ltr'><strong>LECTIONES</strong></span> <span class='ocrx_word' id='word_1_260' title='bbox 2008 2153 2097 2210; x_wconf 84' lang='lat' dir='ltr'><strong>VA</strong></span> <span class='ocrx_word' id='word_1_261' title='bbox 2110 2153 2429 2213; x_wconf 75' lang='lat' dir='ltr'><strong>RIAN&#39;I‘ES.</strong></span> 
     </span>
    </p>
   </div>
   <div class='ocr_carea' id='block_1_39' title="bbox 400 2274 966 2331">
    <p class='ocr_par' dir='ltr' id='par_1_39' title="bbox 400 2274 966 2331">
     <span class='ocr_line' id='line_1_39' title="bbox 400 2274 966 2331; baseline -0.002 -6"><span class='ocrx_word' id='word_1_262' title='bbox 400 2274 431 2305; x_wconf 77' lang='grc'><strong>⁸</strong></span> <span class='ocrx_word' id='word_1_263' title='bbox 467 2274 684 2328; x_wconf 81' lang='lat' dir='ltr'><strong>Arbusta</strong></span> <span class='ocrx_word' id='word_1_264' title='bbox 706 2287 800 2331; x_wconf 86' lang='lat' dir='ltr'><strong>ms.</strong></span> <span class='ocrx_word' id='word_1_265' title='bbox 821 2274 966 2327; x_wconf 84' lang='lat' dir='ltr'><strong>male.</strong></span> 
     </span>
    </p>
   </div>
   <div class='ocr_carea' id='block_1_40' title="bbox 1773 2373 2344 2434">
    <p class='ocr_par' dir='ltr' id='par_1_40' title="bbox 1773 2373 2344 2434">
     <span class='ocr_line' id='line_1_40' title="bbox 1773 2373 2344 2434; baseline -0.004 0"><span class='ocrx_word' id='word_1_266' title='bbox 1773 2373 2344 2434; x_wconf 78' lang='lat' dir='ltr'><strong>COMMENTARIUS.</strong></span> 
     </span>
    </p>
   </div>
   <div class='ocr_carea' id='block_1_41' title="bbox 415 2475 1941 2534">
    <p class='ocr_par' dir='ltr' id='par_1_41' title="bbox 415 2475 1941 2534">
     <span class='ocr_line' id='line_1_41' title="bbox 415 2475 1941 2534; baseline -0.006 0"><span class='ocrx_word' id='word_1_267' title='bbox 415 2476 603 2534; x_wconf 78' lang='lat' dir='ltr'><strong>LXVI.</strong></span> <span class='ocrx_word' id='word_1_268' title='bbox 659 2508 732 2521; x_wconf 93' lang='lat'><strong>-—</strong></span> <span class='ocrx_word' id='word_1_269' title='bbox 778 2478 860 2534; x_wconf 85' lang='lat' dir='ltr'><strong>Ad</strong></span> <span class='ocrx_word' id='word_1_270' title='bbox 911 2478 1093 2533; x_wconf 69' lang='lat' dir='ltr'><strong>caelum</strong></span> <span class='ocrx_word' id='word_1_271' title='bbox 1150 2475 1235 2532; x_wconf 57' lang='lat' dir='ltr'><strong>ne”</strong></span> <span class='ocrx_word' id='word_1_272' title='bbox 1266 2476 1499 2532; x_wconf 80' lang='lat' dir='ltr'><strong>redeunti</strong></span> <span class='ocrx_word' id='word_1_273' title='bbox 1550 2478 1658 2532; x_wconf 82' lang='lat' dir='ltr'><strong>vias</strong></span> <span class='ocrx_word' id='word_1_274' title='bbox 1710 2475 1941 2531; x_wconf 88' lang='lat' dir='ltr'><strong>cludant.</strong></span> 
     </span>
    </p>
   </div>
   <div class='ocr_carea' id='block_1_42' title="bbox 342 2547 1941 2620">
    <p class='ocr_par' dir='ltr' id='par_1_42' title="bbox 342 2547 1941 2620">
     <span class='ocr_line' id='line_1_42' title="bbox 342 2547 1941 2620; baseline -0.002 -16"><span class='ocrx_word' id='word_1_275' title='bbox 342 2547 448 2610; x_wconf 86' lang='lat' dir='ltr'><strong>Ne.</strong></span> <span class='ocrx_word' id='word_1_276' title='bbox 477 2550 618 2620; x_wconf 84' lang='lat' dir='ltr'><strong>quod</strong></span> <span class='ocrx_word' id='word_1_277' title='bbox 649 2551 803 2606; x_wconf 83' lang='lat' dir='ltr'><strong>deest</strong></span> <span class='ocrx_word' id='word_1_278' title='bbox 833 2552 886 2606; x_wconf 89' lang='lat' dir='ltr'><strong>in</strong></span> <span class='ocrx_word' id='word_1_279' title='bbox 929 2550 1047 2605; x_wconf 85' lang='lat' dir='ltr'><strong>cod.</strong></span> <span class='ocrx_word' id='word_1_280' title='bbox 1087 2563 1185 2603; x_wconf 89' lang='lat' dir='ltr'><strong>ms.</strong></span> <span class='ocrx_word' id='word_1_281' title='bbox 1217 2548 1623 2620; x_wconf 2' lang='lat' dir='ltr'><strong>etpeditionibus</strong></span> <span class='ocrx_word' id='word_1_282' title='bbox 1654 2549 1941 2618; x_wconf 85' lang='lat' dir='ltr'><strong>prioribus,</strong></span> 
     </span>
    </p>
   </div>
   <div class='ocr_carea' id='block_1_43' title="bbox 339 2619 1939 2694">
    <p class='ocr_par' dir='ltr' id='par_1_43' title="bbox 339 2619 1939 2694">
     <span class='ocr_line' id='line_1_43' title="bbox 339 2619 1939 2694; baseline -0.001 -18"><span class='ocrx_word' id='word_1_283' title='bbox 339 2619 507 2677; x_wconf 82' lang='lat' dir='ltr'><strong>sensu</strong></span> <span class='ocrx_word' id='word_1_284' title='bbox 534 2621 808 2694; x_wconf 81' lang='lat' dir='ltr'><strong>ﬂagitante</strong></span> <span class='ocrx_word' id='word_1_285' title='bbox 836 2621 1103 2676; x_wconf 83' lang='lat' dir='ltr'><strong>revocavit</strong></span> <span class='ocrx_word' id='word_1_286' title='bbox 1135 2619 1682 2694; x_wconf 47' lang='lat' dir='ltr'><strong>lleraldtis.,Ctudant</strong></span> <span class='ocrx_word' id='word_1_287' title='bbox 1717 2620 1939 2694; x_wconf 68' lang='lat' dir='ltr'><strong>terbutn</strong></span> 
     </span>
    </p>
   </div>
   <div class='ocr_carea' id='block_1_44' title="bbox 340 2691 1931 2765">
    <p class='ocr_par' dir='ltr' id='par_1_44' title="bbox 340 2691 1931 2765">
     <span class='ocr_line' id='line_1_44' title="bbox 340 2691 1931 2765; baseline 0.001 -20"><span class='ocrx_word' id='word_1_288' title='bbox 340 2691 628 2765; x_wconf 76' lang='lat' dir='ltr'><strong>antiquum</strong></span> <span class='ocrx_word' id='word_1_289' title='bbox 648 2710 745 2762; x_wconf 89' lang='lat' dir='ltr'><strong>pro</strong></span> <span class='ocrx_word' id='word_1_290' title='bbox 774 2694 1057 2765; x_wconf 66' lang='lat' dir='ltr'><strong>claudant1</strong></span> <span class='ocrx_word' id='word_1_291' title='bbox 1097 2692 1236 2765; x_wconf 78' lang='lat' dir='ltr'><strong>quod</strong></span> <span class='ocrx_word' id='word_1_292' title='bbox 1280 2691 1576 2765; x_wconf 83' lang='lat' dir='ltr'><strong>legebatur,</strong></span> <span class='ocrx_word' id='word_1_293' title='bbox 1604 2709 1641 2765; x_wconf 21' lang='lat' dir='ltr'><strong>Ae</strong></span> <span class='ocrx_word' id='word_1_294' title='bbox 1672 2692 1792 2747; x_wconf 87' lang='lat' dir='ltr'><strong>cod.</strong></span> <span class='ocrx_word' id='word_1_295' title='bbox 1830 2709 1931 2747; x_wconf 77' lang='lat' dir='ltr'><strong>ms.</strong></span> 
     </span>
    </p>
   </div>
   <div class='ocr_carea' id='block_1_45' title="bbox 338 2762 1935 2826">
    <p class='ocr_par' dir='ltr' id='par_1_45' title="bbox 338 2762 1935 2826">
     <span class='ocr_line' id='line_1_45' title="bbox 338 2762 1935 2826; baseline 0 -7"><span class='ocrx_word' id='word_1_296' title='bbox 338 2762 572 2819; x_wconf 79' lang='lat' dir='ltr'><strong>restiiuit</strong></span> <span class='ocrx_word' id='word_1_297' title='bbox 603 2765 706 2820; x_wconf 84' lang='lat' dir='ltr'><strong>&#39;l‘b.</strong></span> <span class='ocrx_word' id='word_1_298' title='bbox 728 2765 1008 2820; x_wconf 84' lang='lat' dir='ltr'><strong>Can&#39;erns.</strong></span> <span class='ocrx_word' id='word_1_299' title='bbox 1028 2763 1117 2817; x_wconf 87' lang='lat' dir='ltr'><strong>Sic</strong></span> <span class='ocrx_word' id='word_1_300' title='bbox 1148 2762 1306 2826; x_wconf 82' lang='lat' dir='ltr'><strong>infra,</strong></span> <span class='ocrx_word' id='word_1_301' title='bbox 1343 2764 1434 2817; x_wconf 92' lang='lat' dir='ltr'><strong>lib.</strong></span> <span class='ocrx_word' id='word_1_302' title='bbox 1462 2779 1553 2817; x_wconf 85' lang='lat' dir='ltr'><strong>vn.</strong></span> <span class='ocrx_word' id='word_1_303' title='bbox 1590 2763 1707 2817; x_wconf 84' lang='lat' dir='ltr'><strong>Non</strong></span> <span class='ocrx_word' id='word_1_304' title='bbox 1728 2766 1774 2817; x_wconf 80' lang='lat' dir='ltr'><strong>si</strong></span> <span class='ocrx_word' id='word_1_305' title='bbox 1795 2765 1935 2819; x_wconf 86' lang='lat' dir='ltr'><strong>mille</strong></span> 
     </span>
    </p>
   </div>
   <div class='ocr_carea' id='block_1_46' title="bbox 339 2834 1934 2905">
    <p class='ocr_par' dir='ltr' id='par_1_46' title="bbox 339 2834 1934 2905">
     <span class='ocr_line' id='line_1_46' title="bbox 339 2834 1934 2905; baseline 0.001 -17"><span class='ocrx_word' id='word_1_306' title='bbox 339 2844 396 2889; x_wconf 86' lang='lat' dir='ltr'><strong>tu</strong></span> <span class='ocrx_word' id='word_1_307' title='bbox 444 2836 673 2905; x_wconf 85' lang='lat' dir='ltr'><strong>pondera</strong></span> <span class='ocrx_word' id='word_1_308' title='bbox 726 2837 942 2892; x_wconf 86' lang='lat' dir='ltr'><strong>masculi</strong></span> <span class='ocrx_word' id='word_1_309' title='bbox 988 2836 1151 2888; x_wconf 78' lang='lat' dir='ltr'><strong>thuris</strong></span> <span class='ocrx_word' id='word_1_310' title='bbox 1195 2834 1457 2893; x_wconf 80' lang='lat' dir='ltr'><strong>incendas,</strong></span> <span class='ocrx_word' id='word_1_311' title='bbox 1507 2836 1788 2902; x_wconf 79' lang='lat' dir='ltr'><strong>cwlumque</strong></span> <span class='ocrx_word' id='word_1_312' title='bbox 1839 2836 1934 2889; x_wconf 84' lang='lat' dir='ltr'><strong>hoc</strong></span> 
     </span>
    </p>
   </div>
   <div class='ocr_carea' id='block_1_47' title="bbox 339 2906 1934 2976">
    <p class='ocr_par' dir='ltr' id='par_1_47' title="bbox 339 2906 1934 2976">
     <span class='ocr_line' id='line_1_47' title="bbox 339 2906 1934 2976; baseline 0.001 -15"><span class='ocrx_word' id='word_1_313' title='bbox 339 2916 500 2961; x_wconf 86' lang='lat' dir='ltr'><strong>totum</strong></span> <span class='ocrx_word' id='word_1_314' title='bbox 532 2909 926 2962; x_wconf 85' lang='lat' dir='ltr'><strong>redundantiam</strong></span> <span class='ocrx_word' id='word_1_315' title='bbox 956 2923 1200 2976; x_wconf 84' lang='lat' dir='ltr'><strong>raporum</strong></span> <span class='ocrx_word' id='word_1_316' title='bbox 1228 2906 1558 2959; x_wconf 83' lang='lat' dir='ltr'><strong>nebulositate</strong></span> <span class='ocrx_word' id='word_1_317' title='bbox 1578 2907 1815 2960; x_wconf 87' lang='lat' dir='ltr'><strong>cludatur</strong></span> <span class='ocrx_word' id='word_1_318' title='bbox 1838 2924 1853 2969; x_wconf 87' lang='lat'><strong>;</strong></span> <span class='ocrx_word' id='word_1_319' title='bbox 1881 2918 1934 2962; x_wconf 89' lang='lat' dir='ltr'><strong>et</strong></span> 
     </span>
    </p>
   </div>
   <div class='ocr_carea' id='block_1_48' title="bbox 340 2976 1930 3047">
    <p class='ocr_par' dir='ltr' id='par_1_48' title="bbox 340 2976 1930 3047">
     <span class='ocr_line' id='line_1_48' title="bbox 340 2976 1930 3047; baseline 0 -15"><span class='ocrx_word' id='word_1_320' title='bbox 340 2976 708 3032; x_wconf 83' lang='lat' dir='ltr'><strong>Tertulliauus</strong></span> <span class='ocrx_word' id='word_1_321' title='bbox 742 2997 754 3031; x_wconf 89' lang='lat'>:</span> <span class='ocrx_word' id='word_1_322' title='bbox 784 2979 1068 3046; x_wconf 80' lang='lat' dir='ltr'><strong>Apologet.</strong></span> <span class='ocrx_word' id='word_1_323' title='bbox 1102 2992 1201 3043; x_wconf 85' lang='lat' dir='ltr'><strong>cap</strong></span> <span class='ocrx_word' id='word_1_324' title='bbox 1252 2978 1338 3040; x_wconf 86' lang='lat' dir='ltr'><strong>ll,</strong></span> <span class='ocrx_word' id='word_1_325' title='bbox 1376 2979 1685 3047; x_wconf 86' lang='lat' dir='ltr'><strong>properavit,</strong></span> <span class='ocrx_word' id='word_1_326' title='bbox 1725 2980 1930 3047; x_wconf 89' lang='lat' dir='ltr'><strong>opinor,</strong></span> 
     </span>
    </p>
   </div>
   <div class='ocr_carea' id='block_1_49' title="bbox 336 3048 1929 3122">
    <p class='ocr_par' dir='ltr' id='par_1_49' title="bbox 336 3048 1929 3122">
     <span class='ocr_line' id='line_1_49' title="bbox 336 3048 1929 3122; baseline 0.001 -18"><span class='ocrx_word' id='word_1_327' title='bbox 336 3050 597 3122; x_wconf 29' lang='lat' dir='ltr'><strong>gt‘cmlum</strong></span> <span class='ocrx_word' id='word_1_328' title='bbox 621 3051 770 3122; x_wconf 77' lang='lat' dir='ltr'><strong>semel</strong></span> <span class='ocrx_word' id='word_1_329' title='bbox 791 3051 942 3104; x_wconf 82' lang='lat' dir='ltr'><strong>clusit</strong></span> <span class='ocrx_word' id='word_1_330' title='bbox 964 3067 982 3101; x_wconf 89' lang='lat'><strong><em>:</em></strong></span> <span class='ocrx_word' id='word_1_331' title='bbox 1007 3049 1092 3122; x_wconf 73' lang='lat' dir='ltr'><strong>ubi</strong></span> <span class='ocrx_word' id='word_1_332' title='bbox 1125 3048 1614 3122; x_wconf 29' lang='lat' dir='ltr'><strong>edsllavercanq)&quot;</strong></span> <span class='ocrx_word' id='word_1_333' title='bbox 1652 3068 1769 3122; x_wconf 84' lang='lat' dir='ltr'><strong>pag.</strong></span> <span class='ocrx_word' id='word_1_334' title='bbox 1803 3051 1929 3107; x_wconf 71' lang='grc'><strong>122.</strong></span> 
     </span>
    </p>
   </div>
   <div class='ocr_carea' id='block_1_50' title="bbox 335 3117 1551 3190">
    <p class='ocr_par' dir='ltr' id='par_1_50' title="bbox 335 3117 1551 3190">
     <span class='ocr_line' id='line_1_50' title="bbox 335 3117 1551 3190; baseline 0 -15"><span class='ocrx_word' id='word_1_335' title='bbox 335 3117 505 3175; x_wconf 89' lang='lat' dir='ltr'><strong>Plura</strong></span> <span class='ocrx_word' id='word_1_336' title='bbox 534 3121 771 3185; x_wconf 81' lang='lat' dir='ltr'><strong>exempla</strong></span> <span class='ocrx_word' id='word_1_337' title='bbox 803 3122 1019 3190; x_wconf 78' lang='lat' dir='ltr'><strong>collegit</strong></span> <span class='ocrx_word' id='word_1_338' title='bbox 1043 3120 1321 3186; x_wconf 77' lang='lat' dir='ltr'><strong>Meursius,</strong></span> <span class='ocrx_word' id='word_1_339' title='bbox 1349 3117 1551 3175; x_wconf 60' lang='lat' dir='ltr'><strong>OaELLL</strong></span> 
     </span>
    </p>
   </div>
   <div class='ocr_carea' id='block_1_51' title="bbox 415 3190 1930 3261">
    <p class='ocr_par' dir='ltr' id='par_1_51' title="bbox 415 3190 1930 3261">
     <span class='ocr_line' id='line_1_51' title="bbox 415 3190 1930 3261; baseline 0.003 -17"><span class='ocrx_word' id='word_1_340' title='bbox 415 3190 502 3244; x_wconf 83' lang='lat' dir='ltr'><strong>Ne</strong></span> <span class='ocrx_word' id='word_1_341' title='bbox 522 3194 630 3245; x_wconf 79' lang='lat' dir='ltr'><strong>vias</strong></span> <span class='ocrx_word' id='word_1_342' title='bbox 650 3194 876 3247; x_wconf 84' lang='lat' dir='ltr'><strong>cludant.</strong></span> <span class='ocrx_word' id='word_1_343' title='bbox 910 3194 982 3246; x_wconf 88' lang='lat' dir='ltr'><strong>Ita</strong></span> <span class='ocrx_word' id='word_1_344' title='bbox 1016 3191 1298 3261; x_wconf 77' lang='lat' dir='ltr'><strong>legendum</strong></span> <span class='ocrx_word' id='word_1_345' title='bbox 1323 3208 1388 3245; x_wconf 84' lang='lat' dir='ltr'><strong>ex</strong></span> <span class='ocrx_word' id='word_1_346' title='bbox 1417 3207 1636 3246; x_wconf 87' lang='lat' dir='ltr'><strong>romana</strong></span> <span class='ocrx_word' id='word_1_347' title='bbox 1672 3193 1930 3257; x_wconf 85' lang='lat' dir='ltr'><strong>editione,</strong></span> 
     </span>
    </p>
   </div>
   <div class='ocr_carea' id='block_1_52' title="bbox 338 3262 1930 3332">
    <p class='ocr_par' dir='ltr' id='par_1_52' title="bbox 338 3262 1930 3332">
     <span class='ocr_line' id='line_1_52' title="bbox 338 3262 1930 3332; baseline 0 -14"><span class='ocrx_word' id='word_1_348' title='bbox 338 3277 447 3318; x_wconf 87' lang='lat' dir='ltr'><strong>non</strong></span> <span class='ocrx_word' id='word_1_349' title='bbox 496 3263 763 3323; x_wconf 85' lang='lat' dir='ltr'><strong>claudant.</strong></span> <span class='ocrx_word' id='word_1_350' title='bbox 809 3264 949 3332; x_wconf 87' lang='lat' dir='ltr'><strong>quod</strong></span> <span class='ocrx_word' id='word_1_351' title='bbox 991 3262 1248 3319; x_wconf 83' lang='lat' dir='ltr'><strong>Gelenius</strong></span> <span class='ocrx_word' id='word_1_352' title='bbox 1291 3263 1633 3331; x_wconf 72' lang='lat' dir='ltr'><strong>interpolavit</strong></span> <span class='ocrx_word' id='word_1_353' title='bbox 1713 3266 1930 3332; x_wconf 87' lang='lat' dir='ltr'><strong>Antiqui</strong></span> 
     </span>
    </p>
   </div>
   <div class='ocr_carea' id='block_1_53' title="bbox 338 3332 1932 3403">
    <p class='ocr_par' dir='ltr' id='par_1_53' title="bbox 338 3332 1932 3403">
     <span class='ocr_line' id='line_1_53' title="bbox 338 3332 1932 3403; baseline 0.002 -15"><span class='ocrx_word' id='word_1_354' title='bbox 338 3335 481 3388; x_wconf 81' lang='lat' dir='ltr'><strong>enim</strong></span> <span class='ocrx_word' id='word_1_355' title='bbox 515 3349 610 3403; x_wconf 89' lang='lat' dir='ltr'><strong>pro</strong></span> <span class='ocrx_word' id='word_1_356' title='bbox 641 3335 881 3389; x_wconf 80' lang='lat' dir='ltr'><strong>claudere</strong></span> <span class='ocrx_word' id='word_1_357' title='bbox 917 3336 1164 3389; x_wconf 74' lang='lat' dir='ltr'><strong>dicebant</strong></span> <span class='ocrx_word' id='word_1_358' title='bbox 1202 3332 1425 3387; x_wconf 60' lang='lat' dir='ltr'><strong>cludere.</strong></span> <span class='ocrx_word' id='word_1_359' title='bbox 1459 3334 1589 3389; x_wconf 86' lang='lat' dir='ltr'><strong>Vide</strong></span> <span class='ocrx_word' id='word_1_360' title='bbox 1617 3335 1837 3403; x_wconf 88' lang='lat' dir='ltr'><strong>Meurs.,</strong></span> <span class='ocrx_word' id='word_1_361' title='bbox 1867 3337 1932 3390; x_wconf 92' lang='lat' dir='ltr'><strong>ad</strong></span> 
     </span>
    </p>
   </div>
   <div class='ocr_carea' id='block_1_54' title="bbox 338 3403 1934 3476">
    <p class='ocr_par' dir='ltr' id='par_1_54' title="bbox 338 3403 1934 3476">
     <span class='ocr_line' id='line_1_54' title="bbox 338 3403 1934 3476; baseline 0.001 -17"><span class='ocrx_word' id='word_1_362' title='bbox 338 3403 484 3459; x_wconf 83' lang='lat' dir='ltr'><strong>hunc</strong></span> <span class='ocrx_word' id='word_1_363' title='bbox 515 3407 689 3461; x_wconf 89' lang='lat' dir='ltr'><strong>locum</strong></span> <span class='ocrx_word' id='word_1_364' title='bbox 718 3408 980 3474; x_wconf 79' lang='lat' dir='ltr'><strong>imprimis</strong></span> <span class='ocrx_word' id='word_1_365' title='bbox 1004 3406 1089 3460; x_wconf 88' lang='lat' dir='ltr'><strong>.lo.</strong></span> <span class='ocrx_word' id='word_1_366' title='bbox 1120 3404 1406 3467; x_wconf 75' lang='lat' dir='ltr'><strong>Rhodium,</strong></span> <span class='ocrx_word' id='word_1_367' title='bbox 1433 3406 1736 3476; x_wconf 88' lang='lat' dir='ltr'><strong>quinnbem</strong></span> <span class='ocrx_word' id='word_1_368' title='bbox 1752 3422 1934 3462; x_wconf 82' lang='lat' dir='ltr'><strong>exem-</strong></span> 
     </span>
    </p>
   </div>
   <div class='ocr_carea' id='block_1_55' title="bbox 339 3476 1931 3602">
    <p class='ocr_par' dir='ltr' id='par_1_55' title="bbox 339 3476 1931 3602">
     <span class='ocr_line' id='line_1_55' title="bbox 339 3476 1931 3602; baseline 0.001 -73"><span class='ocrx_word' id='word_1_369' title='bbox 339 3476 551 3602; x_wconf 70' lang='lat' dir='ltr'><strong>plorum</strong></span> <span class='ocrx_word' id='word_1_370' title='bbox 595 3479 724 3532; x_wconf 88' lang='lat' dir='ltr'><strong>citat</strong></span> <span class='ocrx_word' id='word_1_371' title='bbox 755 3478 806 3531; x_wconf 92' lang='lat' dir='ltr'><strong>in</strong></span> <span class='ocrx_word' id='word_1_372' title='bbox 854 3478 1055 3533; x_wconf 85' lang='lat' dir='ltr'><strong>chieo</strong></span> <span class='ocrx_word' id='word_1_373' title='bbox 1086 3476 1462 3532; x_wconf 80' lang='lat' dir='ltr'><strong>Scriboniano.</strong></span> <span class='ocrx_word' id='word_1_374' title='bbox 1494 3479 1584 3531; x_wconf 81' lang='lat' dir='ltr'><strong>Sic</strong></span> <span class='ocrx_word' id='word_1_375' title='bbox 1609 3477 1723 3546; x_wconf 87' lang='lat' dir='ltr'><strong>ipse</strong></span> <span class='ocrx_word' id='word_1_376' title='bbox 1753 3477 1931 3533; x_wconf 80' lang='lat' dir='ltr'><strong>Arno-</strong></span> 
     </span>
     <span class='ocr_line' id='line_1_56' title="bbox 358 3548 1931 3602; baseline 0 0"><span class='ocrx_word' id='word_1_377' title='bbox 358 3548 462 3602; x_wconf 74' lang='lat' dir='ltr'><strong>)ius</strong></span> <span class='ocrx_word' id='word_1_378' title='bbox 496 3549 653 3602; x_wconf 73' lang='lat' dir='ltr'><strong>intra.</strong></span> <span class='ocrx_word' id='word_1_379' title='bbox 682 3550 774 3602; x_wconf 86' lang='lat' dir='ltr'><strong>lib.</strong></span> <span class='ocrx_word' id='word_1_380' title='bbox 811 3565 918 3602; x_wconf 84' lang='lat' dir='ltr'><strong>vlt:</strong></span> <span class='ocrx_word' id='word_1_381' title='bbox 954 3549 1074 3602; x_wconf 74' lang='lat' dir='ltr'><strong>Non</strong></span> <span class='ocrx_word' id='word_1_382' title='bbox 1104 3549 1147 3602; x_wconf 89' lang='lat' dir='ltr'><strong>si</strong></span> <span class='ocrx_word' id='word_1_383' title='bbox 1184 3548 1323 3601; x_wconf 83' lang='lat' dir='ltr'><strong>mille</strong></span> <span class='ocrx_word' id='word_1_384' title='bbox 1362 3558 1414 3601; x_wconf 88' lang='lat' dir='ltr'><strong>tu</strong></span> <span class='ocrx_word' id='word_1_385' title='bbox 1453 3549 1678 3602; x_wconf 78' lang='lat' dir='ltr'><strong>pondera</strong></span> <span class='ocrx_word' id='word_1_386' title='bbox 1722 3551 1931 3602; x_wconf 77' lang='lat' dir='ltr'><strong>masculi</strong></span> 
     </span>
    </p>
   </div>
   <div class='ocr_carea' id='block_1_56' title="bbox 358 3548 1935 3618">
    <p class='ocr_par' dir='ltr' id='par_1_56' title="bbox 358 3548 1935 3618">
     <span class='ocr_line' id='line_1_57' title="bbox 358 3548 1935 3618; baseline 0.001 -16"><span class='ocrx_word' id='word_1_387' title='bbox 358 3548 462 3602; x_wconf 68' lang='lat' dir='ltr'><strong>lius</strong></span> <span class='ocrx_word' id='word_1_388' title='bbox 496 3549 653 3613; x_wconf 73' lang='lat' dir='ltr'><strong>intra,</strong></span> <span class='ocrx_word' id='word_1_389' title='bbox 682 3550 774 3603; x_wconf 87' lang='lat' dir='ltr'><strong>lib.</strong></span> <span class='ocrx_word' id='word_1_390' title='bbox 811 3565 918 3603; x_wconf 85' lang='lat' dir='ltr'><strong>vlt:</strong></span> <span class='ocrx_word' id='word_1_391' title='bbox 954 3549 1074 3602; x_wconf 74' lang='lat' dir='ltr'><strong>Non</strong></span> <span class='ocrx_word' id='word_1_392' title='bbox 1104 3549 1147 3602; x_wconf 89' lang='lat' dir='ltr'><strong>si</strong></span> <span class='ocrx_word' id='word_1_393' title='bbox 1184 3548 1323 3601; x_wconf 81' lang='lat' dir='ltr'><strong>nullo</strong></span> <span class='ocrx_word' id='word_1_394' title='bbox 1362 3558 1414 3601; x_wconf 88' lang='lat' dir='ltr'><strong>tu</strong></span> <span class='ocrx_word' id='word_1_395' title='bbox 1453 3549 1678 3618; x_wconf 85' lang='lat' dir='ltr'><strong>pondera</strong></span> <span class='ocrx_word' id='word_1_396' title='bbox 1722 3551 1935 3604; x_wconf 78' lang='lat' dir='ltr'><strong>masculi</strong></span> 
     </span>
    </p>
   </div>
   <div class='ocr_carea' id='block_1_57' title="bbox 340 3618 1933 3690">
    <p class='ocr_par' dir='ltr' id='par_1_57' title="bbox 340 3618 1933 3690">
     <span class='ocr_line' id='line_1_58' title="bbox 340 3618 1933 3690; baseline 0.003 -19"><span class='ocrx_word' id='word_1_397' title='bbox 340 3618 506 3672; x_wconf 79' lang='lat' dir='ltr'><strong>thuris</strong></span> <span class='ocrx_word' id='word_1_398' title='bbox 536 3620 779 3688; x_wconf 74' lang='lat' dir='ltr'><strong>incenqu</strong></span> <span class='ocrx_word' id='word_1_399' title='bbox 815 3621 1094 3690; x_wconf 73' lang='lat' dir='ltr'><strong>cretamque</strong></span> <span class='ocrx_word' id='word_1_400' title='bbox 1122 3620 1226 3690; x_wconf 15' lang='lat' dir='ltr'><strong>hoc,</strong></span> <span class='ocrx_word' id='word_1_401' title='bbox 1245 3629 1401 3673; x_wconf 88' lang='lat' dir='ltr'><strong>totum</strong></span> <span class='ocrx_word' id='word_1_402' title='bbox 1429 3621 1823 3675; x_wconf 79' lang='lat' dir='ltr'><strong>redundantiam</strong></span> <span class='ocrx_word' id='word_1_403' title='bbox 1841 3638 1933 3676; x_wconf 84' lang='lat' dir='ltr'><strong>ua-</strong></span> 
     </span>
    </p>
   </div>
   <div class='ocr_carea' id='block_1_58' title="bbox 341 3689 1406 3759">
    <p class='ocr_par' dir='ltr' id='par_1_58' title="bbox 341 3689 1406 3759">
     <span class='ocr_line' id='line_1_59' title="bbox 341 3689 1406 3759; baseline 0.001 -16"><span class='ocrx_word' id='word_1_404' title='bbox 341 3704 524 3759; x_wconf 82' lang='lat' dir='ltr'><strong>pOrnm</strong></span> <span class='ocrx_word' id='word_1_405' title='bbox 552 3691 882 3745; x_wconf 83' lang='lat' dir='ltr'><strong>nebulositate</strong></span> <span class='ocrx_word' id='word_1_406' title='bbox 907 3689 1175 3744; x_wconf 83' lang='lat' dir='ltr'><strong>condatur.</strong></span> <span class='ocrx_word' id='word_1_407' title='bbox 1203 3689 1406 3744; x_wconf 77' lang='lat' dir='ltr'><strong>ORELL.</strong></span> 
     </span>
    </p>
   </div>
   <div class='ocr_carea' id='block_1_59' title="bbox 415 3759 1934 3833">
    <p class='ocr_par' dir='ltr' id='par_1_59' title="bbox 415 3759 1934 3833">
     <span class='ocr_line' id='line_1_60' title="bbox 415 3759 1934 3833; baseline 0.001 -18"><span class='ocrx_word' id='word_1_408' title='bbox 415 3759 594 3831; x_wconf 84' lang='lat' dir='ltr'><strong>Neque</strong></span> <span class='ocrx_word' id='word_1_409' title='bbox 622 3779 708 3815; x_wconf 85' lang='lat' dir='ltr'><strong>vos</strong></span> <span class='ocrx_word' id='word_1_410' title='bbox 740 3778 885 3830; x_wconf 83' lang='lat' dir='ltr'><strong>posse</strong></span> <span class='ocrx_word' id='word_1_411' title='bbox 912 3763 1188 3833; x_wconf 81' lang='lat' dir='ltr'><strong>antiquam</strong></span> <span class='ocrx_word' id='word_1_412' title='bbox 1211 3772 1256 3815; x_wconf 88' lang='lat' dir='ltr'><strong>et</strong></span> <span class='ocrx_word' id='word_1_413' title='bbox 1280 3763 1497 3828; x_wconf 83' lang='lat' dir='ltr'><strong>patrium</strong></span> <span class='ocrx_word' id='word_1_414' title='bbox 1537 3763 1778 3826; x_wconf 78' lang='lat' dir='ltr'><strong>linquere.</strong></span> <span class='ocrx_word' id='word_1_415' title='bbox 1810 3770 1854 3817; x_wconf 81' lang='lat' dir='ltr'><strong>et</strong></span> <span class='ocrx_word' id='word_1_416' title='bbox 1883 3765 1934 3818; x_wconf 88' lang='lat' dir='ltr'><strong>in</strong></span> 
     </span>
    </p>
   </div>
   <div class='ocr_carea' id='block_1_60' title="bbox 340 3833 1936 3905">
    <p class='ocr_par' dir='ltr' id='par_1_60' title="bbox 340 3833 1936 3905">
     <span class='ocr_line' id='line_1_61' title="bbox 340 3833 1936 3905; baseline 0.001 -18"><span class='ocrx_word' id='word_1_417' title='bbox 340 3833 584 3887; x_wconf 82' lang='lat' dir='ltr'><strong>barbaros</strong></span> <span class='ocrx_word' id='word_1_418' title='bbox 613 3834 739 3887; x_wconf 88' lang='lat' dir='ltr'><strong>ritus</strong></span> <span class='ocrx_word' id='word_1_419' title='bbox 770 3836 1162 3905; x_wconf 77' lang='lat' dir='ltr'><strong>peregrinosque</strong></span> <span class='ocrx_word' id='word_1_420' title='bbox 1182 3834 1395 3905; x_wconf 80' lang='lat' dir='ltr'><strong>traduci</strong></span> <span class='ocrx_word' id='word_1_421' title='bbox 1443 3833 1697 3887; x_wconf 82' lang='lat' dir='ltr'><strong>Nationes</strong></span> <span class='ocrx_word' id='word_1_422' title='bbox 1721 3834 1936 3905; x_wconf 84' lang='lat' dir='ltr'><strong>religio-</strong></span> 
     </span>
    </p>
   </div>
   <div class='ocr_carea' id='block_1_61' title="bbox 341 3904 1933 3975">
    <p class='ocr_par' dir='ltr' id='par_1_61' title="bbox 341 3904 1933 3975">
     <span class='ocr_line' id='line_1_62' title="bbox 341 3904 1933 3975; baseline 0.001 -17"><span class='ocrx_word' id='word_1_423' title='bbox 341 3920 467 3958; x_wconf 86' lang='lat' dir='ltr'><strong>nem</strong></span> <span class='ocrx_word' id='word_1_424' title='bbox 497 3905 596 3959; x_wconf 86' lang='lat' dir='ltr'><strong>sibi</strong></span> <span class='ocrx_word' id='word_1_425' title='bbox 648 3904 954 3959; x_wconf 85' lang='lat' dir='ltr'><strong>traditama</strong></span> <span class='ocrx_word' id='word_1_426' title='bbox 1001 3904 1295 3975; x_wconf 86' lang='lat' dir='ltr'><strong>majoribus</strong></span> <span class='ocrx_word' id='word_1_427' title='bbox 1344 3905 1770 3971; x_wconf 80' lang='lat' dir='ltr'><strong>pertinacissime</strong></span> <span class='ocrx_word' id='word_1_428' title='bbox 1816 3904 1933 3960; x_wconf 75' lang='lat' dir='ltr'><strong>tue~</strong></span> 
     </span>
    </p>
   </div>
   <div class='ocr_carea' id='block_1_62' title="bbox 340 3975 1937 4042">
    <p class='ocr_par' dir='ltr' id='par_1_62' title="bbox 340 3975 1937 4042">
     <span class='ocr_line' id='line_1_63' title="bbox 340 3975 1937 4042; baseline 0 -12"><span class='ocrx_word' id='word_1_429' title='bbox 340 3975 537 4030; x_wconf 78' lang='lat' dir='ltr'><strong>bantur</strong></span> <span class='ocrx_word' id='word_1_430' title='bbox 564 3986 617 4029; x_wconf 86' lang='lat' dir='ltr'><strong>et</strong></span> <span class='ocrx_word' id='word_1_431' title='bbox 643 3977 1034 4041; x_wconf 75' lang='lat' dir='ltr'><strong>defendebant;</strong></span> <span class='ocrx_word' id='word_1_432' title='bbox 1078 3991 1176 4030; x_wconf 86' lang='lat' dir='ltr'><strong>nec</strong></span> <span class='ocrx_word' id='word_1_433' title='bbox 1206 3976 1327 4028; x_wconf 92' lang='lat' dir='ltr'><strong>ullis</strong></span> <span class='ocrx_word' id='word_1_434' title='bbox 1366 3976 1661 4029; x_wconf 71' lang='lat' dir='ltr'><strong>rationibus</strong></span> <span class='ocrx_word' id='word_1_435' title='bbox 1693 3985 1937 4042; x_wconf 86' lang='lat' dir='ltr'><strong>poterant</strong></span> 
     </span>
    </p>
   </div>
   <div class='ocr_carea' id='block_1_63' title="bbox 339 4046 1938 4116">
    <p class='ocr_par' dir='ltr' id='par_1_63' title="bbox 339 4046 1938 4116">
     <span class='ocr_line' id='line_1_64' title="bbox 339 4046 1938 4116; baseline -0.003 -14"><span class='ocrx_word' id='word_1_436' title='bbox 339 4062 408 4102; x_wconf 88' lang='lat' dir='ltr'><strong>eo</strong></span> <span class='ocrx_word' id='word_1_437' title='bbox 432 4046 650 4113; x_wconf 75' lang='lat' dir='ltr'><strong>deduci,</strong></span> <span class='ocrx_word' id='word_1_438' title='bbox 684 4060 739 4101; x_wconf 88' lang='grc' dir='ltr'><strong>ιιι</strong></span> <span class='ocrx_word' id='word_1_439' title='bbox 777 4048 1126 4101; x_wconf 87' lang='lat' dir='ltr'><strong>inveteratam</strong></span> <span class='ocrx_word' id='word_1_440' title='bbox 1162 4047 1495 4116; x_wconf 70' lang='lat' dir='ltr'><strong>patriamque</strong></span> <span class='ocrx_word' id='word_1_441' title='bbox 1530 4047 1849 4114; x_wconf 84' lang='lat' dir='ltr'><strong>linquerent,</strong></span> <span class='ocrx_word' id='word_1_442' title='bbox 1883 4057 1938 4103; x_wconf 88' lang='lat' dir='ltr'><strong>et</strong></span> 
     </span>
    </p>
   </div>
   <div class='ocr_carea' id='block_1_64' title="bbox 339 4117 1932 4187">
    <p class='ocr_par' dir='ltr' id='par_1_64' title="bbox 339 4117 1932 4187">
     <span class='ocr_line' id='line_1_65' title="bbox 339 4117 1932 4187; baseline 0 -15"><span class='ocrx_word' id='word_1_443' title='bbox 339 4132 513 4172; x_wconf 87' lang='lat' dir='ltr'><strong>novos</strong></span> <span class='ocrx_word' id='word_1_444' title='bbox 540 4120 717 4172; x_wconf 90' lang='lat' dir='ltr'><strong>cultus</strong></span> <span class='ocrx_word' id='word_1_445' title='bbox 744 4122 1217 4187; x_wconf 74' lang='lat' dir='ltr'><strong>amplecterentur.</strong></span> <span class='ocrx_word' id='word_1_446' title='bbox 1250 4117 1428 4179; x_wconf 87' lang='lat' dir='ltr'><strong>Cotta,</strong></span> <span class='ocrx_word' id='word_1_447' title='bbox 1463 4133 1550 4187; x_wconf 87' lang='lat' dir='ltr'><strong>ap.</strong></span> <span class='ocrx_word' id='word_1_448' title='bbox 1581 4119 1693 4171; x_wconf 85' lang='lat' dir='ltr'><strong>Cic.</strong></span> <span class='ocrx_word' id='word_1_449' title='bbox 1720 4119 1787 4172; x_wconf 90' lang='lat' dir='ltr'><strong>de</strong></span> <span class='ocrx_word' id='word_1_450' title='bbox 1816 4118 1932 4172; x_wconf 85' lang='lat' dir='ltr'><strong>Nat.</strong></span> 
     </span>
    </p>
   </div>
   <div class='ocr_carea' id='block_1_65' title="bbox 342 4188 1943 4256">
    <p class='ocr_par' dir='ltr' id='par_1_65' title="bbox 342 4188 1943 4256">
     <span class='ocr_line' id='line_1_66' title="bbox 342 4188 1943 4256; baseline 0.001 -13"><span class='ocrx_word' id='word_1_451' title='bbox 342 4188 519 4249; x_wconf 83' lang='lat' dir='ltr'><strong>tleor.,</strong></span> <span class='ocrx_word' id='word_1_452' title='bbox 557 4206 591 4243; x_wconf 86' lang='lat' dir='ltr'><strong>ll</strong></span> <span class='ocrx_word' id='word_1_453' title='bbox 630 4207 642 4242; x_wconf 89' lang='lat'><strong>:</strong></span> <span class='ocrx_word' id='word_1_454' title='bbox 679 4188 800 4242; x_wconf 86' lang='lat' dir='ltr'><strong>Non</strong></span> <span class='ocrx_word' id='word_1_455' title='bbox 828 4207 907 4243; x_wconf 90' lang='lat' dir='ltr'><strong>me</strong></span> <span class='ocrx_word' id='word_1_456' title='bbox 938 4206 1001 4243; x_wconf 79' lang='lat' dir='ltr'><strong>ea:</strong></span> <span class='ocrx_word' id='word_1_457' title='bbox 1031 4206 1089 4242; x_wconf 87' lang='lat' dir='ltr'><strong>ea</strong></span> <span class='ocrx_word' id='word_1_458' title='bbox 1134 4188 1393 4254; x_wconf 77' lang='lat' dir='ltr'><strong>Opinione.</strong></span> <span class='ocrx_word' id='word_1_459' title='bbox 1423 4205 1574 4256; x_wconf 88' lang='lat' dir='ltr'><strong>quam</strong></span> <span class='ocrx_word' id='word_1_460' title='bbox 1606 4206 1634 4239; x_wconf 82' lang='grc' dir='ltr'><strong>(ι</strong></span> <span class='ocrx_word' id='word_1_461' title='bbox 1661 4189 1943 4255; x_wconf 86' lang='lat' dir='ltr'><strong>majoribus</strong></span> 
     </span>
    </p>
   </div>
   <div class='ocr_carea' id='block_1_66' title="bbox 341 4260 1937 4330">
    <p class='ocr_par' dir='ltr' id='par_1_66' title="bbox 341 4260 1937 4330">
     <span class='ocr_line' id='line_1_67' title="bbox 341 4260 1937 4330; baseline 0 -17"><span class='ocrx_word' id='word_1_462' title='bbox 341 4263 519 4330; x_wconf 83' lang='lat' dir='ltr'><strong>accepi</strong></span> <span class='ocrx_word' id='word_1_463' title='bbox 556 4261 618 4313; x_wconf 88' lang='lat' dir='ltr'><strong>de</strong></span> <span class='ocrx_word' id='word_1_464' title='bbox 657 4261 795 4314; x_wconf 87' lang='lat' dir='ltr'><strong>cultu</strong></span> <span class='ocrx_word' id='word_1_465' title='bbox 839 4263 1049 4315; x_wconf 85' lang='lat' dir='ltr'><strong>deorum</strong></span> <span class='ocrx_word' id='word_1_466' title='bbox 1095 4260 1668 4322; x_wconf 80' lang='lat' dir='ltr'><strong>immortalium,ullius</strong></span> <span class='ocrx_word' id='word_1_467' title='bbox 1699 4277 1937 4330; x_wconf 86' lang='lat' dir='ltr'><strong>umquam</strong></span> 
     </span>
    </p>
   </div>
   <div class='ocr_carea' id='block_1_67' title="bbox 340 4330 1934 4399">
    <p class='ocr_par' dir='ltr' id='par_1_67' title="bbox 340 4330 1934 4399">
     <span class='ocr_line' id='line_1_68' title="bbox 340 4330 1934 4399; baseline 0 -14"><span class='ocrx_word' id='word_1_468' title='bbox 340 4334 509 4385; x_wconf 84' lang='lat' dir='ltr'><strong>oratio</strong></span> <span class='ocrx_word' id='word_1_469' title='bbox 519 4342 606 4384; x_wconf 88' lang='lat' dir='ltr'><strong>aut</strong></span> <span class='ocrx_word' id='word_1_470' title='bbox 620 4334 853 4385; x_wconf 86' lang='lat' dir='ltr'><strong>doctiaut</strong></span> <span class='ocrx_word' id='word_1_471' title='bbox 871 4333 1062 4386; x_wconf 83' lang='lat' dir='ltr'><strong>indocti</strong></span> <span class='ocrx_word' id='word_1_472' title='bbox 1077 4333 1306 4384; x_wconf 78' lang='lat' dir='ltr'><strong>movebit.</strong></span> <span class='ocrx_word' id='word_1_473' title='bbox 1328 4330 1388 4384; x_wconf 85' lang='grc' dir='ltr'><strong>Ι).</strong></span> <span class='ocrx_word' id='word_1_474' title='bbox 1406 4331 1654 4385; x_wconf 80' lang='lat' dir='ltr'><strong>Clemens</strong></span> <span class='ocrx_word' id='word_1_475' title='bbox 1674 4331 1934 4399; x_wconf 74' lang='lat' dir='ltr'><strong>Recogn.,</strong></span> 
     </span>
    </p>
   </div>
   <div class='ocr_carea' id='block_1_68' title="bbox 340 4401 1939 4469">
    <p class='ocr_par' dir='ltr' id='par_1_68' title="bbox 340 4401 1939 4469">
     <span class='ocr_line' id='line_1_69' title="bbox 340 4401 1939 4469; baseline -0.001 -11"><span class='ocrx_word' id='word_1_476' title='bbox 340 4402 436 4458; x_wconf 88' lang='lat' dir='ltr'><strong>lib.</strong></span> <span class='ocrx_word' id='word_1_477' title='bbox 462 4419 495 4457; x_wconf 90' lang='lat' dir='ltr'><strong>v</strong></span> <span class='ocrx_word' id='word_1_478' title='bbox 523 4421 535 4455; x_wconf 88' lang='lat'><strong>:</strong></span> <span class='ocrx_word' id='word_1_479' title='bbox 566 4401 788 4469; x_wconf 86' lang='lat' dir='ltr'><strong>lmpmm</strong></span> <span class='ocrx_word' id='word_1_480' title='bbox 813 4414 884 4457; x_wconf 87' lang='lat' dir='ltr'><strong>est</strong></span> <span class='ocrx_word' id='word_1_481' title='bbox 936 4404 981 4457; x_wconf 82' lang='lat' dir='ltr'><strong>si</strong></span> <span class='ocrx_word' id='word_1_482' title='bbox 1020 4420 1117 4457; x_wconf 88' lang='lat' dir='ltr'><strong>non</strong></span> <span class='ocrx_word' id='word_1_483' title='bbox 1153 4404 1403 4469; x_wconf 86' lang='lat' dir='ltr'><strong>colamus,</strong></span> <span class='ocrx_word' id='word_1_484' title='bbox 1431 4420 1545 4469; x_wconf 73' lang='lat' dir='ltr'><strong>qum</strong></span> <span class='ocrx_word' id='word_1_485' title='bbox 1576 4402 1719 4456; x_wconf 83' lang='lat' dir='ltr'><strong>nobis</strong></span> <span class='ocrx_word' id='word_1_486' title='bbox 1750 4406 1939 4457; x_wconf 82' lang='lat' dir='ltr'><strong>tradita</strong></span> 
     </span>
    </p>
   </div>
   <div class='ocr_carea' id='block_1_69' title="bbox 342 4474 1940 4544">
    <p class='ocr_par' dir='ltr' id='par_1_69' title="bbox 342 4474 1940 4544">
     <span class='ocr_line' id='line_1_70' title="bbox 342 4474 1940 4544; baseline 0 -15"><span class='ocrx_word' id='word_1_487' title='bbox 342 4485 461 4529; x_wconf 81' lang='lat' dir='ltr'><strong>sunt</strong></span> <span class='ocrx_word' id='word_1_488' title='bbox 488 4491 519 4525; x_wconf 78' lang='grc' dir='ltr'><em>α</em></span> <span class='ocrx_word' id='word_1_489' title='bbox 549 4476 776 4544; x_wconf 81' lang='lat' dir='ltr'><strong>patribus</strong></span> <span class='ocrx_word' id='word_1_490' title='bbox 808 4476 992 4528; x_wconf 81' lang='lat' dir='ltr'><strong>nostris</strong></span> <span class='ocrx_word' id='word_1_491' title='bbox 1011 4517 1024 4538; x_wconf 91' lang='lat'><strong>,</strong></span> <span class='ocrx_word' id='word_1_492' title='bbox 1063 4486 1107 4528; x_wconf 88' lang='lat' dir='ltr'><strong>et</strong></span> <span class='ocrx_word' id='word_1_493' title='bbox 1149 4474 1442 4543; x_wconf 81' lang='lat' dir='ltr'><strong>religionem</strong></span> <span class='ocrx_word' id='word_1_494' title='bbox 1484 4477 1879 4542; x_wconf 62' lang='lat' dir='ltr'><strong>prtevaricumur</strong></span> <span class='ocrx_word' id='word_1_495' title='bbox 1908 4493 1940 4529; x_wconf 90' lang='lat' dir='ltr'><strong>a</strong></span> 
     </span>
    </p>
   </div>
   <div class='ocr_carea' id='block_1_70' title="bbox 340 4545 1932 4635">
    <p class='ocr_par' dir='ltr' id='par_1_70' title="bbox 340 4545 1932 4635">
     <span class='ocr_line' id='line_1_71' title="bbox 340 4545 1932 4635; baseline 0.002 -37"><span class='ocrx_word' id='word_1_496' title='bbox 340 4545 626 4635; x_wconf 53' lang='lat' dir='ltr'><strong>majorib&#39;us</strong></span> <span class='ocrx_word' id='word_1_497' title='bbox 652 4545 981 4635; x_wconf 48' lang='lat' dir='ltr'><strong>datam.‘V&#39;id.</strong></span> <span class='ocrx_word' id='word_1_498' title='bbox 1006 4545 1269 4635; x_wconf 42' lang='lat' dir='ltr'><strong>Porphyt&#39;:</strong></span> <span class='ocrx_word' id='word_1_499' title='bbox 1293 4548 1413 4635; x_wconf 60' lang='lat' dir='ltr'><strong>aspi</strong></span> <span class='ocrx_word' id='word_1_500' title='bbox 1433 4548 1641 4618; x_wconf 82' lang='grc' dir='ltr'><strong>ἀποχῆς</strong></span> <span class='ocrx_word' id='word_1_501' title='bbox 1659 4545 1932 4635; x_wconf 40' lang='grc' dir='ltr'><strong>ξιξὶψύλςωη</strong></span> 
     </span>
    </p>
   </div>
   <div class='ocr_carea' id='block_1_71' title="bbox 342 4616 1930 4686">
    <p class='ocr_par' dir='ltr' id='par_1_71' title="bbox 342 4616 1930 4686">
     <span class='ocr_line' id='line_1_72' title="bbox 342 4616 1930 4686; baseline -0.001 -14"><span class='ocrx_word' id='word_1_502' title='bbox 342 4616 437 4672; x_wconf 90' lang='lat' dir='ltr'><strong>lib.</strong></span> <span class='ocrx_word' id='word_1_503' title='bbox 472 4633 530 4683; x_wconf 88' lang='lat' dir='ltr'><strong>ll;</strong></span> <span class='ocrx_word' id='word_1_504' title='bbox 559 4616 823 4671; x_wconf 86' lang='lat' dir='ltr'><strong>Lactant..</strong></span> <span class='ocrx_word' id='word_1_505' title='bbox 858 4618 949 4671; x_wconf 90' lang='lat' dir='ltr'><strong>lib.</strong></span> <span class='ocrx_word' id='word_1_506' title='bbox 986 4633 1042 4681; x_wconf 83' lang='grc' dir='ltr'><strong>ιι,</strong></span> <span class='ocrx_word' id='word_1_507' title='bbox 1073 4616 1199 4686; x_wconf 70' lang='grc' dir='ltr'><strong>οειρξ</strong></span> <span class='ocrx_word' id='word_1_508' title='bbox 1225 4619 1276 4679; x_wconf 82' lang='grc'><strong>6;</strong></span> <span class='ocrx_word' id='word_1_509' title='bbox 1312 4616 1401 4669; x_wconf 79' lang='lat' dir='ltr'><strong>lib.</strong></span> <span class='ocrx_word' id='word_1_510' title='bbox 1428 4633 1478 4677; x_wconf 85' lang='lat' dir='ltr'><strong>v,</strong></span> <span class='ocrx_word' id='word_1_511' title='bbox 1510 4616 1631 4684; x_wconf 74' lang='lat' dir='ltr'><strong>cap.</strong></span> <span class='ocrx_word' id='word_1_512' title='bbox 1662 4616 1760 4680; x_wconf 38' lang='lat'><strong>1‘9&#39;;</strong></span> <span class='ocrx_word' id='word_1_513' title='bbox 1793 4616 1930 4671; x_wconf 81' lang='lat' dir='ltr'><strong>Ter-</strong></span> 
     </span>
    </p>
   </div>
   <div class='ocr_carea' id='block_1_72' title="bbox 344 4687 1938 4758">
    <p class='ocr_par' dir='ltr' id='par_1_72' title="bbox 344 4687 1938 4758">
     <span class='ocr_line' id='line_1_73' title="bbox 344 4687 1938 4758; baseline 0.001 -17"><span class='ocrx_word' id='word_1_514' title='bbox 344 4688 577 4749; x_wconf 82' lang='lat' dir='ltr'><strong>tulliatt.,</strong></span> <span class='ocrx_word' id='word_1_515' title='bbox 610 4690 913 4758; x_wconf 79' lang='lat' dir='ltr'><strong>Apologet.,</strong></span> <span class='ocrx_word' id='word_1_516' title='bbox 948 4704 1067 4758; x_wconf 82' lang='lat' dir='ltr'><strong>cap.</strong></span> <span class='ocrx_word' id='word_1_517' title='bbox 1112 4687 1173 4752; x_wconf 85' lang='lat'><strong>6;</strong></span> <span class='ocrx_word' id='word_1_518' title='bbox 1202 4687 1448 4752; x_wconf 75' lang='lat' dir='ltr'><strong>[Socrat.,</strong></span> <span class='ocrx_word' id='word_1_519' title='bbox 1497 4688 1648 4743; x_wconf 82' lang='lat' dir='ltr'><strong>Orat.</strong></span> <span class='ocrx_word' id='word_1_520' title='bbox 1690 4688 1755 4742; x_wconf 86' lang='lat' dir='ltr'><strong>ad</strong></span> <span class='ocrx_word' id='word_1_521' title='bbox 1781 4688 1938 4742; x_wconf 69' lang='lat' dir='ltr'><strong>Nica-</strong></span> 
     </span>
    </p>
   </div>
   <div class='ocr_carea' id='block_1_73' title="bbox 343 4758 1937 4836">
    <p class='ocr_par' dir='ltr' id='par_1_73' title="bbox 343 4758 1937 4836">
     <span class='ocr_line' id='line_1_74' title="bbox 343 4758 1937 4836; baseline 0.002 -24"><span class='ocrx_word' id='word_1_522' title='bbox 343 4758 507 4836; x_wconf 62' lang='lat' dir='ltr'><strong>elcm,</strong></span> <span class='ocrx_word' id='word_1_523' title='bbox 563 4763 702 4836; x_wconf 64' lang='lat' dir='ltr'><strong>arpi</strong></span> <span class='ocrx_word' id='word_1_524' title='bbox 723 4760 1016 4831; x_wconf 77' lang='grc' dir='ltr'><strong>βασιλείαςς</strong></span> <span class='ocrx_word' id='word_1_525' title='bbox 1044 4766 1047 4769; x_wconf 86' lang='grc'><em>’</em></span> <span class='ocrx_word' id='word_1_526' title='bbox 1079 4758 1646 4836; x_wconf 68' lang='lat' dir='ltr'><strong>Euseb.__I’t&#39;:ep:trat.__</strong></span> <span class='ocrx_word' id='word_1_527' title='bbox 1670 4762 1937 4827; x_wconf 76' lang='lat' dir='ltr'><strong>ev:mgel.,</strong></span> 
     </span>
    </p>
   </div>
   <div class='ocr_carea' id='block_1_74' title="bbox 344 4829 1855 4897">
    <p class='ocr_par' dir='ltr' id='par_1_74' title="bbox 344 4829 1855 4897">
     <span class='ocr_line' id='line_1_75' title="bbox 344 4829 1855 4897; baseline -0.001 -13"><span class='ocrx_word' id='word_1_528' title='bbox 344 4829 440 4888; x_wconf 77' lang='lat' dir='ltr'><strong>lib.</strong></span> <span class='ocrx_word' id='word_1_529' title='bbox 471 4846 509 4892; x_wconf 84' lang='grc' dir='ltr'><strong>ι,</strong></span> <span class='ocrx_word' id='word_1_530' title='bbox 535 4829 653 4897; x_wconf 66' lang='lat' dir='ltr'><strong>Cap.</strong></span> <span class='ocrx_word' id='word_1_531' title='bbox 687 4829 738 4895; x_wconf 52' lang='lat' dir='ltr'><strong>Ii</strong></span> <span class='ocrx_word' id='word_1_532' title='bbox 770 4841 977 4885; x_wconf 71' lang='lat' dir='ltr'><strong>nostras</strong></span> <span class='ocrx_word' id='word_1_533' title='bbox 1002 4839 1153 4884; x_wconf 83' lang='lat' dir='ltr'><strong>notas</strong></span> <span class='ocrx_word' id='word_1_534' title='bbox 1184 4829 1249 4883; x_wconf 91' lang='lat' dir='ltr'><strong>ad</strong></span> <span class='ocrx_word' id='word_1_535' title='bbox 1279 4829 1575 4883; x_wconf 81' lang='lat' dir='ltr'><strong>Mittutium.</strong></span> <span class='ocrx_word' id='word_1_536' title='bbox 1614 4832 1855 4884; x_wconf 73' lang='lat' dir='ltr'><strong>Eun-2N&quot;.</strong></span> 
     </span>
    </p>
   </div>
   <div class='ocr_carea' id='block_1_75' title="bbox 423 4901 1912 4974">
    <p class='ocr_par' dir='ltr' id='par_1_75' title="bbox 423 4901 1912 4974">
     <span class='ocr_line' id='line_1_76' title="bbox 423 4901 1912 4974; baseline -0.001 -19"><span class='ocrx_word' id='word_1_537' title='bbox 423 4902 574 4965; x_wconf 78' lang='lat' dir='ltr'><strong>Quod</strong></span> <span class='ocrx_word' id='word_1_538' title='bbox 603 4902 816 4955; x_wconf 82' lang='lat' dir='ltr'><strong>inventis</strong></span> <span class='ocrx_word' id='word_1_539' title='bbox 833 4903 1073 4974; x_wconf 72' lang='lat' dir='ltr'><strong>frugibus</strong></span> <span class='ocrx_word' id='word_1_540' title='bbox 1091 4901 1305 4974; x_wconf 71' lang='lat' dir='ltr'><strong>glandes</strong></span> <span class='ocrx_word' id='word_1_541' title='bbox 1320 4902 1668 4974; x_wconf 79' lang='lat' dir='ltr'><strong>spreverintet</strong></span> <span class='ocrx_word' id='word_1_542' title='bbox 1700 4902 1912 4974; x_wconf 87' lang='lat' dir='ltr'><strong>repudia</strong></span> 
     </span>
    </p>
   </div>
   <div class='ocr_carea' id='block_1_76' title="bbox 345 4971 1946 5027">
    <p class='ocr_par' dir='ltr' id='par_1_76' title="bbox 345 4971 1946 5027">
     <span class='ocr_line' id='line_1_77' title="bbox 345 4971 1946 5027; baseline 0.001 0"><span class='ocrx_word' id='word_1_543' title='bbox 345 4975 509 5027; x_wconf 80' lang='lat' dir='ltr'><strong>verint</strong></span> <span class='ocrx_word' id='word_1_544' title='bbox 556 4976 752 5026; x_wconf 87' lang='lat' dir='ltr'><strong>arbuta.</strong></span> <span class='ocrx_word' id='word_1_545' title='bbox 806 4971 971 5027; x_wconf 82' lang='lat' dir='ltr'><strong>llabet</strong></span> <span class='ocrx_word' id='word_1_546' title='bbox 1020 4971 1135 5027; x_wconf 57' lang='lat' dir='ltr'><strong>huic</strong></span> <span class='ocrx_word' id='word_1_547' title='bbox 1183 4987 1210 5024; x_wconf 90' lang='lat' dir='ltr'><strong>a</strong></span> <span class='ocrx_word' id='word_1_548' title='bbox 1254 4971 1522 5026; x_wconf 88' lang='lat' dir='ltr'><strong>Lucretio.</strong></span> <span class='ocrx_word' id='word_1_549' title='bbox 1568 4971 1659 5027; x_wconf 89' lang='lat' dir='ltr'><strong>Sic</strong></span> <span class='ocrx_word' id='word_1_550' title='bbox 1683 4971 1824 5025; x_wconf 89' lang='lat' dir='ltr'><strong>enim</strong></span> <span class='ocrx_word' id='word_1_551' title='bbox 1854 4973 1946 5027; x_wconf 91' lang='lat' dir='ltr'><strong>ille</strong></span> 
     </span>
    </p>
   </div>
   <div class='ocr_carea' id='block_1_77' title="bbox 347 5043 1945 5113">
    <p class='ocr_par' dir='ltr' id='par_1_77' title="bbox 347 5043 1945 5113">
     <span class='ocr_line' id='line_1_78' title="bbox 347 5043 1945 5113; baseline 0 -14"><span class='ocrx_word' id='word_1_552' title='bbox 347 5045 443 5099; x_wconf 88' lang='lat' dir='ltr'><strong>lib.</strong></span> <span class='ocrx_word' id='word_1_553' title='bbox 472 5060 527 5109; x_wconf 92' lang='lat' dir='ltr'><strong>v,</strong></span> <span class='ocrx_word' id='word_1_554' title='bbox 556 5060 696 5101; x_wconf 56' lang='grc' dir='ltr'><strong>ναι-μ.</strong></span> <span class='ocrx_word' id='word_1_555' title='bbox 735 5044 839 5099; x_wconf 79' lang='grc'><strong>937</strong></span> <span class='ocrx_word' id='word_1_556' title='bbox 869 5060 986 5113; x_wconf 84' lang='lat' dir='ltr'><strong>sqq.</strong></span> <span class='ocrx_word' id='word_1_557' title='bbox 1037 5044 1124 5099; x_wconf 89' lang='lat' dir='ltr'><strong>ubi</strong></span> <span class='ocrx_word' id='word_1_558' title='bbox 1175 5044 1466 5113; x_wconf 87' lang='lat' dir='ltr'><strong>primorutn</strong></span> <span class='ocrx_word' id='word_1_559' title='bbox 1519 5043 1793 5097; x_wconf 76' lang='lat' dir='ltr'><strong>hominum</strong></span> <span class='ocrx_word' id='word_1_560' title='bbox 1824 5044 1945 5099; x_wconf 77' lang='lat' dir='ltr'><strong>vita:</strong></span> 
     </span>
    </p>
   </div>
   <div class='ocr_carea' id='block_1_78' title="bbox 346 5115 943 5171">
    <p class='ocr_par' dir='ltr' id='par_1_78' title="bbox 346 5115 943 5171">
     <span class='ocr_line' id='line_1_79' title="bbox 346 5115 943 5171; baseline -0.002 0"><span class='ocrx_word' id='word_1_561' title='bbox 346 5118 614 5171; x_wconf 87' lang='lat' dir='ltr'><strong>rationem</strong></span> <span class='ocrx_word' id='word_1_562' title='bbox 640 5115 896 5170; x_wconf 80' lang='lat' dir='ltr'><strong>describit</strong></span> <span class='ocrx_word' id='word_1_563' title='bbox 930 5133 943 5170; x_wconf 90' lang='lat'><strong>:</strong></span> 
     </span>
    </p>
   </div>
   <div class='ocr_carea' id='block_1_79' title="bbox 475 5208 1665 5271">
    <p class='ocr_par' dir='ltr' id='par_1_79' title="bbox 475 5208 1665 5271">
     <span class='ocr_line' id='line_1_80' title="bbox 475 5208 1665 5271; baseline -0.004 -11"><span class='ocrx_word' id='word_1_564' title='bbox 475 5208 784 5260; x_wconf 81' lang='lat' dir='ltr'><strong>Glandiferas</strong></span> <span class='ocrx_word' id='word_1_565' title='bbox 803 5210 935 5259; x_wconf 88' lang='lat' dir='ltr'><strong>inter</strong></span> <span class='ocrx_word' id='word_1_566' title='bbox 958 5209 1195 5258; x_wconf 85' lang='lat' dir='ltr'><strong>curabant</strong></span> <span class='ocrx_word' id='word_1_567' title='bbox 1214 5220 1421 5270; x_wconf 85' lang='lat' dir='ltr'><strong>corpora</strong></span> <span class='ocrx_word' id='word_1_568' title='bbox 1446 5219 1665 5271; x_wconf 90' lang='lat' dir='ltr'><strong>quercus</strong></span> 
     </span>
    </p>
   </div>
   <div class='ocr_carea' id='block_1_80' title="bbox 475 5269 1826 5335">
    <p class='ocr_par' dir='ltr' id='par_1_80' title="bbox 475 5269 1826 5335">
     <span class='ocr_line' id='line_1_81' title="bbox 475 5269 1826 5335; baseline -0.001 -14"><span class='ocrx_word' id='word_1_569' title='bbox 475 5272 799 5334; x_wconf 81' lang='lat' dir='ltr'><strong>Plerumque,</strong></span> <span class='ocrx_word' id='word_1_570' title='bbox 827 5280 1008 5335; x_wconf 74' lang='lat' dir='ltr'><strong>etquae</strong></span> <span class='ocrx_word' id='word_1_571' title='bbox 1028 5284 1158 5321; x_wconf 90' lang='lat' dir='ltr'><strong>nunc</strong></span> <span class='ocrx_word' id='word_1_572' title='bbox 1183 5269 1391 5335; x_wconf 85' lang='lat' dir='ltr'><strong>hiberno</strong></span> <span class='ocrx_word' id='word_1_573' title='bbox 1416 5269 1641 5333; x_wconf 77' lang='lat' dir='ltr'><strong>tempore</strong></span> <span class='ocrx_word' id='word_1_574' title='bbox 1661 5269 1826 5320; x_wconf 87' lang='lat' dir='ltr'><strong>cernis</strong></span> 
     </span>
    </p>
   </div>
   <div class='ocr_carea' id='block_1_81' title="bbox 476 5334 1486 5395">
    <p class='ocr_par' dir='ltr' id='par_1_81' title="bbox 476 5334 1486 5395">
     <span class='ocr_line' id='line_1_82' title="bbox 476 5334 1486 5395; baseline -0.002 -11"><span class='ocrx_word' id='word_1_575' title='bbox 476 5336 669 5385; x_wconf 78' lang='lat' dir='ltr'><strong>Arbuta</strong></span> <span class='ocrx_word' id='word_1_576' title='bbox 691 5334 925 5395; x_wconf 17' lang='lat' dir='ltr'><strong>taceniceo’</strong></span> <span class='ocrx_word' id='word_1_577' title='bbox 941 5334 1045 5383; x_wconf 83' lang='lat' dir='ltr'><strong>ﬁeri</strong></span> <span class='ocrx_word' id='word_1_578' title='bbox 1067 5342 1256 5383; x_wconf 86' lang='lat' dir='ltr'><strong>matura</strong></span> <span class='ocrx_word' id='word_1_579' title='bbox 1280 5334 1448 5395; x_wconf 84' lang='lat' dir='ltr'><strong>colore</strong></span> <span class='ocrx_word' id='word_1_580' title='bbox 1474 5347 1486 5382; x_wconf 91' lang='lat'>:</span> 
     </span>
    </p>
   </div>
   <div class='ocr_carea' id='block_1_82' title="bbox 476 5394 1580 5457">
    <p class='ocr_par' dir='ltr' id='par_1_82' title="bbox 476 5394 1580 5457">
     <span class='ocr_line' id='line_1_83' title="bbox 476 5394 1580 5457; baseline -0.002 -11"><span class='ocrx_word' id='word_1_581' title='bbox 476 5394 699 5448; x_wconf 86' lang='lat' dir='ltr'><strong>Plurima</strong></span> <span class='ocrx_word' id='word_1_582' title='bbox 717 5405 816 5448; x_wconf 88' lang='lat' dir='ltr'><strong>tum</strong></span> <span class='ocrx_word' id='word_1_583' title='bbox 835 5396 984 5447; x_wconf 89' lang='lat' dir='ltr'><strong>tellus</strong></span> <span class='ocrx_word' id='word_1_584' title='bbox 1001 5397 1147 5447; x_wconf 88' lang='lat' dir='ltr'><strong>etiam</strong></span> <span class='ocrx_word' id='word_1_585' title='bbox 1163 5395 1345 5457; x_wconf 82' lang='lat' dir='ltr'><strong>majora</strong></span> <span class='ocrx_word' id='word_1_586' title='bbox 1368 5394 1580 5445; x_wconf 82' lang='lat' dir='ltr'><strong>ferebat.</strong></span> 
     </span>
    </p>
   </div>
   <div class='ocr_carea' id='block_1_83' title="bbox 1601 5456 1840 5513">
    <p class='ocr_par' dir='ltr' id='par_1_83' title="bbox 1601 5456 1840 5513">
     <span class='ocr_line' id='line_1_84' title="bbox 1601 5456 1840 5513; baseline -0.008 -1"><span class='ocrx_word' id='word_1_587' title='bbox 1601 5456 1840 5513; x_wconf 57' lang='lat' dir='ltr'><strong>&quot;anno.</strong></span> 
     </span>
    </p>
   </div>
   <div class='ocr_carea' id='block_1_84' title="bbox 426 5550 1951 5624">
    <p class='ocr_par' dir='ltr' id='par_1_84' title="bbox 426 5550 1951 5624">
     <span class='ocr_line' id='line_1_85' title="bbox 426 5550 1951 5624; baseline -0.001 -16"><span class='ocrx_word' id='word_1_588' title='bbox 426 5553 667 5610; x_wconf 90' lang='lat' dir='ltr'><strong>Inventis</strong></span> <span class='ocrx_word' id='word_1_589' title='bbox 717 5553 955 5620; x_wconf 80' lang='lat' dir='ltr'><strong>frugibus</strong></span> <span class='ocrx_word' id='word_1_590' title='bbox 996 5552 1408 5624; x_wconf 36' lang='lat' dir='ltr'><strong>glaudeAvesci,</strong></span> <span class='ocrx_word' id='word_1_591' title='bbox 1459 5550 1801 5621; x_wconf 85' lang='lat' dir='ltr'><strong>proverbium</strong></span> <span class='ocrx_word' id='word_1_592' title='bbox 1830 5564 1951 5606; x_wconf 88' lang='lat' dir='ltr'><strong>esse</strong></span> 
     </span>
    </p>
   </div>
   <div class='ocr_carea' id='block_1_85' title="bbox 356 5622 1892 5693">
    <p class='ocr_par' dir='ltr' id='par_1_85' title="bbox 356 5622 1892 5693">
     <span class='ocr_line' id='line_1_86' title="bbox 356 5622 1892 5693; baseline -0.004 -12"><span class='ocrx_word' id='word_1_593' title='bbox 356 5626 574 5681; x_wconf 85' lang='lat' dir='ltr'><strong>videtur</strong></span> <span class='ocrx_word' id='word_1_594' title='bbox 601 5628 738 5693; x_wconf 82' lang='lat' dir='ltr'><strong>apud</strong></span> <span class='ocrx_word' id='word_1_595' title='bbox 772 5622 1087 5681; x_wconf 80' lang='lat' dir='ltr'><strong>Ciceronem</strong></span> <span class='ocrx_word' id='word_1_596' title='bbox 1121 5625 1170 5678; x_wconf 89' lang='lat' dir='ltr'><strong>in</strong></span> <span class='ocrx_word' id='word_1_597' title='bbox 1199 5622 1425 5678; x_wconf 87' lang='lat' dir='ltr'><strong>Oratore</strong></span> <span class='ocrx_word' id='word_1_598' title='bbox 1454 5638 1503 5677; x_wconf 91' lang='lat' dir='ltr'><strong>c.</strong></span> <span class='ocrx_word' id='word_1_599' title='bbox 1535 5624 1590 5678; x_wconf 91' lang='lat'><strong>9.</strong></span> <span class='ocrx_word' id='word_1_600' title='bbox 1622 5624 1892 5678; x_wconf 73' lang='lat' dir='ltr'><strong>Ocasusa.</strong></span> 
     </span>
    </p>
   </div>
   <div class='ocr_carea' id='block_1_86' title="bbox 433 5694 1944 5767">
    <p class='ocr_par' dir='ltr' id='par_1_86' title="bbox 433 5694 1944 5767">
     <span class='ocr_line' id='line_1_87' title="bbox 433 5694 1944 5767; baseline -0.003 -18"><span class='ocrx_word' id='word_1_601' title='bbox 433 5697 586 5765; x_wconf 83' lang='lat' dir='ltr'><strong>Quod</strong></span> <span class='ocrx_word' id='word_1_602' title='bbox 605 5698 877 5751; x_wconf 86' lang='lat' dir='ltr'><strong>corticibus</strong></span> <span class='ocrx_word' id='word_1_603' title='bbox 907 5698 1128 5767; x_wconf 83' lang='lat' dir='ltr'><strong>contegi,</strong></span> <span class='ocrx_word' id='word_1_604' title='bbox 1157 5705 1202 5749; x_wconf 89' lang='lat' dir='ltr'><strong>ct</strong></span> <span class='ocrx_word' id='word_1_605' title='bbox 1223 5694 1423 5767; x_wconf 83' lang='lat' dir='ltr'><strong>amiciri</strong></span> <span class='ocrx_word' id='word_1_606' title='bbox 1454 5694 1944 5767; x_wconf 75' lang='lat' dir='ltr'><strong>desierintpellibns,</strong></span> 
     </span>
    </p>
   </div>
   <div class='ocr_carea' id='block_1_87' title="bbox 356 5765 1950 5839">
    <p class='ocr_par' dir='ltr' id='par_1_87' title="bbox 356 5765 1950 5839">
     <span class='ocr_line' id='line_1_88' title="bbox 356 5765 1950 5839; baseline -0.003 -15"><span class='ocrx_word' id='word_1_607' title='bbox 356 5781 625 5839; x_wconf 82' lang='lat' dir='ltr'><strong>postquam</strong></span> <span class='ocrx_word' id='word_1_608' title='bbox 649 5770 797 5822; x_wconf 81' lang='lat' dir='ltr'><strong>vestis</strong></span> <span class='ocrx_word' id='word_1_609' title='bbox 828 5765 1115 5839; x_wconf 73' lang='lat' dir='ltr'><strong>excogitata</strong></span> <span class='ocrx_word' id='word_1_610' title='bbox 1141 5777 1212 5821; x_wconf 85' lang='lat' dir='ltr'><strong>est</strong></span> <span class='ocrx_word' id='word_1_611' title='bbox 1234 5765 1442 5820; x_wconf 74' lang='lat' dir='ltr'><strong>textilis.</strong></span> <span class='ocrx_word' id='word_1_612' title='bbox 1473 5766 1817 5839; x_wconf 86' lang='lat' dir='ltr'><strong>Prima_enim</strong></span> <span class='ocrx_word' id='word_1_613' title='bbox 1844 5765 1950 5835; x_wconf 86' lang='lat' dir='ltr'><strong>pri-</strong></span> 
     </span>
    </p>
   </div>
   <div class='ocr_carea' id='block_1_88' title="bbox 355 5836 1951 5909">
    <p class='ocr_par' dir='ltr' id='par_1_88' title="bbox 355 5836 1951 5909">
     <span class='ocr_line' id='line_1_89' title="bbox 355 5836 1951 5909; baseline -0.003 -13"><span class='ocrx_word' id='word_1_614' title='bbox 355 5836 571 5896; x_wconf 80' lang='lat' dir='ltr'><strong>morum</strong></span> <span class='ocrx_word' id='word_1_615' title='bbox 603 5840 876 5894; x_wconf 90' lang='lat' dir='ltr'><strong>hominum</strong></span> <span class='ocrx_word' id='word_1_616' title='bbox 908 5836 1213 5909; x_wconf 75' lang='lat' dir='ltr'><strong>tegumenta</strong></span> <span class='ocrx_word' id='word_1_617' title='bbox 1256 5852 1286 5891; x_wconf 91' lang='lat' dir='ltr'><strong>e</strong></span> <span class='ocrx_word' id='word_1_618' title='bbox 1330 5838 1618 5893; x_wconf 89' lang='lat' dir='ltr'><strong>corticibus</strong></span> <span class='ocrx_word' id='word_1_619' title='bbox 1647 5836 1813 5893; x_wconf 82' lang='lat' dir='ltr'><strong>fuisse</strong></span> <span class='ocrx_word' id='word_1_620' title='bbox 1844 5848 1951 5891; x_wconf 86' lang='lat' dir='ltr'><strong>tra-</strong></span> 
     </span>
    </p>
   </div>
   <div class='ocr_carea' id='block_1_89' title="bbox 2054 2468 3656 2545">
    <p class='ocr_par' dir='ltr' id='par_1_89' title="bbox 2054 2468 3656 2545">
     <span class='ocr_line' id='line_1_90' title="bbox 2054 2468 3656 2545; baseline 0.006 -21"><span class='ocrx_word' id='word_1_621' title='bbox 2054 2468 2277 2545; x_wconf 83' lang='lat' dir='ltr'><strong>debant,</strong></span> <span class='ocrx_word' id='word_1_622' title='bbox 2307 2473 2551 2545; x_wconf 83' lang='lat' dir='ltr'><strong>proxima</strong></span> <span class='ocrx_word' id='word_1_623' title='bbox 2583 2489 2614 2529; x_wconf 91' lang='lat' dir='ltr'><strong>e</strong></span> <span class='ocrx_word' id='word_1_624' title='bbox 2644 2474 2876 2545; x_wconf 88' lang='lat' dir='ltr'><strong>pellibus</strong></span> <span class='ocrx_word' id='word_1_625' title='bbox 2909 2492 2922 2530; x_wconf 91' lang='lat'>:</span> <span class='ocrx_word' id='word_1_626' title='bbox 2954 2475 3038 2530; x_wconf 91' lang='lat' dir='ltr'><strong>his</strong></span> <span class='ocrx_word' id='word_1_627' title='bbox 3067 2475 3395 2532; x_wconf 89' lang='lat' dir='ltr'><strong>successisse</strong></span> <span class='ocrx_word' id='word_1_628' title='bbox 3447 2484 3656 2533; x_wconf 84' lang='lat' dir='ltr'><strong>vestem</strong></span> 
     </span>
    </p>
   </div>
   <div class='ocr_carea' id='block_1_90' title="bbox 2056 2543 3113 2616">
    <p class='ocr_par' dir='ltr' id='par_1_90' title="bbox 2056 2543 3113 2616">
     <span class='ocr_line' id='line_1_91' title="bbox 2056 2543 3113 2616; baseline 0.004 -21"><span class='ocrx_word' id='word_1_629' title='bbox 2056 2543 2320 2597; x_wconf 79' lang='lat' dir='ltr'><strong>textilem.</strong></span> <span class='ocrx_word' id='word_1_630' title='bbox 2354 2543 2720 2612; x_wconf 49' lang='lat' dir='ltr'><strong>anretius&#39;v,</strong></span> <span class='ocrx_word' id='word_1_631' title='bbox 2750 2547 2879 2610; x_wconf 81' lang='grc'><strong>951,</strong></span> <span class='ocrx_word' id='word_1_632' title='bbox 2912 2562 3065 2616; x_wconf 87' lang='lat' dir='ltr'><strong>seqq.</strong></span> <span class='ocrx_word' id='word_1_633' title='bbox 3101 2566 3113 2599; x_wconf 90' lang='lat'><strong>:</strong></span> 
     </span>
    </p>
   </div>
   <div class='ocr_carea' id='block_1_91' title="bbox 2174 2635 3310 2699">
    <p class='ocr_par' dir='ltr' id='par_1_91' title="bbox 2174 2635 3310 2699">
     <span class='ocr_line' id='line_1_92' title="bbox 2174 2635 3310 2699; baseline 0.004 -15"><span class='ocrx_word' id='word_1_634' title='bbox 2174 2635 2394 2699; x_wconf 61' lang='lat' dir='ltr'><strong>ifiecdum</strong></span> <span class='ocrx_word' id='word_1_635' title='bbox 2418 2650 2505 2686; x_wconf 87' lang='lat' dir='ltr'><strong>res</strong></span> <span class='ocrx_word' id='word_1_636' title='bbox 2527 2639 2625 2699; x_wconf 84' lang='lat' dir='ltr'><strong>igni</strong></span> <span class='ocrx_word' id='word_1_637' title='bbox 2651 2639 2837 2688; x_wconf 87' lang='lat' dir='ltr'><strong>scibant</strong></span> <span class='ocrx_word' id='word_1_638' title='bbox 2867 2647 3096 2696; x_wconf 86' lang='lat' dir='ltr'><strong>tractare,</strong></span> <span class='ocrx_word' id='word_1_639' title='bbox 3118 2652 3213 2687; x_wconf 84' lang='lat' dir='ltr'><strong>nec</strong></span> <span class='ocrx_word' id='word_1_640' title='bbox 3239 2641 3310 2690; x_wconf 89' lang='lat' dir='ltr'><strong>uti</strong></span> 
     </span>
    </p>
   </div>
   <div class='ocr_carea' id='block_1_92' title="bbox 2173 2697 3340 2763">
    <p class='ocr_par' dir='ltr' id='par_1_92' title="bbox 2173 2697 3340 2763">
     <span class='ocr_line' id='line_1_93' title="bbox 2173 2697 3340 2763; baseline 0.004 -18"><span class='ocrx_word' id='word_1_641' title='bbox 2173 2697 2398 2763; x_wconf 73' lang='lat' dir='ltr'><strong>Pellibus</strong></span> <span class='ocrx_word' id='word_1_642' title='bbox 2416 2708 2468 2749; x_wconf 87' lang='lat' dir='ltr'><strong>et</strong></span> <span class='ocrx_word' id='word_1_643' title='bbox 2488 2697 2660 2762; x_wconf 77' lang='lat' dir='ltr'><strong>spoliis</strong></span> <span class='ocrx_word' id='word_1_644' title='bbox 2683 2714 2860 2763; x_wconf 89' lang='lat' dir='ltr'><strong>corpus</strong></span> <span class='ocrx_word' id='word_1_645' title='bbox 2880 2702 3067 2751; x_wconf 87' lang='lat' dir='ltr'><strong>vestire</strong></span> <span class='ocrx_word' id='word_1_646' title='bbox 3093 2700 3340 2763; x_wconf 83' lang='lat' dir='ltr'><strong>ferarum:</strong></span> 
     </span>
    </p>
   </div>
   <div class='ocr_carea' id='block_1_93' title="bbox 2167 2762 3634 2826">
    <p class='ocr_par' dir='ltr' id='par_1_93' title="bbox 2167 2762 3634 2826">
     <span class='ocr_line' id='line_1_94' title="bbox 2167 2762 3634 2826; baseline 0.002 -15"><span class='ocrx_word' id='word_1_647' title='bbox 2167 2762 2266 2826; x_wconf 86' lang='lat' dir='ltr'><strong>Sed</strong></span> <span class='ocrx_word' id='word_1_648' title='bbox 2294 2775 2514 2812; x_wconf 85' lang='lat' dir='ltr'><strong>nemora.</strong></span> <span class='ocrx_word' id='word_1_649' title='bbox 2542 2772 2695 2824; x_wconf 88' lang='lat' dir='ltr'><strong>atque</strong></span> <span class='ocrx_word' id='word_1_650' title='bbox 2715 2776 2858 2826; x_wconf 81' lang='lat' dir='ltr'><strong>cavos</strong></span> <span class='ocrx_word' id='word_1_651' title='bbox 2876 2771 3088 2826; x_wconf 81' lang='lat' dir='ltr'><strong>montes.</strong></span> <span class='ocrx_word' id='word_1_652' title='bbox 3116 2762 3367 2826; x_wconf 78' lang='lat' dir='ltr'><strong>silvasque</strong></span> <span class='ocrx_word' id='word_1_653' title='bbox 3385 2763 3634 2825; x_wconf 82' lang='lat' dir='ltr'><strong>colebant,</strong></span> 
     </span>
    </p>
   </div>
   <div class='ocr_carea' id='block_1_94' title="bbox 2165 2824 3396 2887">
    <p class='ocr_par' dir='ltr' id='par_1_94' title="bbox 2165 2824 3396 2887">
     <span class='ocr_line' id='line_1_95' title="bbox 2165 2824 3396 2887; baseline 0.001 -14"><span class='ocrx_word' id='word_1_654' title='bbox 2165 2825 2227 2887; x_wconf 70' lang='lat' dir='ltr'><strong>Iit</strong></span> <span class='ocrx_word' id='word_1_655' title='bbox 2252 2826 2600 2873; x_wconf 84' lang='lat' dir='ltr'><strong>.rutieesinter</strong></span> <span class='ocrx_word' id='word_1_656' title='bbox 2622 2825 2901 2874; x_wconf 80' lang='lat' dir='ltr'><strong>condebant</strong></span> <span class='ocrx_word' id='word_1_657' title='bbox 2918 2824 3136 2887; x_wconf 75' lang='lat' dir='ltr'><strong>squalida</strong></span> <span class='ocrx_word' id='word_1_658' title='bbox 3158 2824 3396 2886; x_wconf 85' lang='lat' dir='ltr'><strong>membra,</strong></span> 
     </span>
    </p>
   </div>
   <div class='ocr_carea' id='block_1_95' title="bbox 2169 2885 3378 2949">
    <p class='ocr_par' dir='ltr' id='par_1_95' title="bbox 2169 2885 3378 2949">
     <span class='ocr_line' id='line_1_96' title="bbox 2169 2885 3378 2949; baseline 0 -12"><span class='ocrx_word' id='word_1_659' title='bbox 2169 2885 2392 2937; x_wconf 84' lang='lat' dir='ltr'><strong>Verbera</strong></span> <span class='ocrx_word' id='word_1_660' title='bbox 2414 2892 2672 2936; x_wconf 82' lang='lat' dir='ltr'><strong>ventorum</strong></span> <span class='ocrx_word' id='word_1_661' title='bbox 2690 2889 2865 2949; x_wconf 79' lang='lat' dir='ltr'><strong>vitare,</strong></span> <span class='ocrx_word' id='word_1_662' title='bbox 2890 2885 3174 2949; x_wconf 82' lang='lat' dir='ltr'><strong>imbresque</strong></span> <span class='ocrx_word' id='word_1_663' title='bbox 3206 2888 3378 2937; x_wconf 85' lang='lat' dir='ltr'><strong>coacti.</strong></span> 
     </span>
    </p>
   </div>
   <div class='ocr_carea' id='block_1_96' title="bbox 3303 2951 3544 3006">
    <p class='ocr_par' dir='ltr' id='par_1_96' title="bbox 3303 2951 3544 3006">
     <span class='ocr_line' id='line_1_97' title="bbox 3303 2951 3544 3006; baseline -0.004 -1"><span class='ocrx_word' id='word_1_664' title='bbox 3303 2951 3544 3006; x_wconf 66' lang='lat' dir='ltr'><strong>Henna.</strong></span> 
     </span>
    </p>
   </div>
   <div class='ocr_carea' id='block_1_97' title="bbox 2113 3040 3649 3112">
    <p class='ocr_par' dir='ltr' id='par_1_97' title="bbox 2113 3040 3649 3112">
     <span class='ocr_line' id='line_1_98' title="bbox 2113 3040 3649 3112; baseline -0.001 -14"><span class='ocrx_word' id='word_1_665' title='bbox 2113 3042 2462 3098; x_wconf 78' lang='lat' dir='ltr'><strong>Sucressibus.</strong></span> <span class='ocrx_word' id='word_1_666' title='bbox 2494 3041 2548 3094; x_wconf 86' lang='lat' dir='ltr'><strong>Id</strong></span> <span class='ocrx_word' id='word_1_667' title='bbox 2572 3041 2946 3112; x_wconf 80' lang='lat' dir='ltr'><strong>estdomibus,</strong></span> <span class='ocrx_word' id='word_1_668' title='bbox 2981 3040 3292 3095; x_wconf 90' lang='lat' dir='ltr'><strong>domiciliis.</strong></span> <span class='ocrx_word' id='word_1_669' title='bbox 3324 3041 3460 3096; x_wconf 86' lang='lat' dir='ltr'><strong>Vide</strong></span> <span class='ocrx_word' id='word_1_670' title='bbox 3488 3056 3649 3112; x_wconf 87' lang='lat' dir='ltr'><strong>supra</strong></span> 
     </span>
    </p>
   </div>
   <div class='ocr_carea' id='block_1_98' title="bbox 2039 3111 3651 3183">
    <p class='ocr_par' dir='ltr' id='par_1_98' title="bbox 2039 3111 3651 3183">
     <span class='ocr_line' id='line_1_99' title="bbox 2039 3111 3651 3183; baseline -0.001 -15"><span class='ocrx_word' id='word_1_671' title='bbox 2039 3114 2106 3168; x_wconf 85' lang='lat' dir='ltr'><strong>ad</strong></span> <span class='ocrx_word' id='word_1_672' title='bbox 2141 3114 2234 3167; x_wconf 91' lang='lat' dir='ltr'><strong>lib.</strong></span> <span class='ocrx_word' id='word_1_673' title='bbox 2270 3129 2306 3175; x_wconf 84' lang='grc' dir='ltr'><strong>ι,</strong></span> <span class='ocrx_word' id='word_1_674' title='bbox 2331 3128 2449 3183; x_wconf 84' lang='lat' dir='ltr'><strong>eap.</strong></span> <span class='ocrx_word' id='word_1_675' title='bbox 2480 3114 2570 3173; x_wconf 80' lang='lat'><strong>50.</strong></span> <span class='ocrx_word' id='word_1_676' title='bbox 2597 3122 2651 3167; x_wconf 89' lang='lat' dir='ltr'><strong>et</strong></span> <span class='ocrx_word' id='word_1_677' title='bbox 2683 3111 2908 3178; x_wconf 68' lang='lat' dir='ltr'><strong>Meurs,</strong></span> <span class='ocrx_word' id='word_1_678' title='bbox 2943 3113 2994 3167; x_wconf 91' lang='lat' dir='ltr'><strong>in</strong></span> <span class='ocrx_word' id='word_1_679' title='bbox 3025 3112 3155 3165; x_wconf 80' lang='lat' dir='ltr'><strong>Crit.</strong></span> <span class='ocrx_word' id='word_1_680' title='bbox 3185 3128 3302 3181; x_wconf 88' lang='lat' dir='ltr'><strong>pag.</strong></span> <span class='ocrx_word' id='word_1_681' title='bbox 3334 3112 3424 3170; x_wconf 88' lang='lat'><strong>80.</strong></span> <span class='ocrx_word' id='word_1_682' title='bbox 3446 3111 3651 3168; x_wconf 25' lang='lat' dir='ltr'><strong>OnE’LL.</strong></span> 
     </span>
    </p>
   </div>
   <div class='ocr_carea' id='block_1_99' title="bbox 1965 3165 3658 3252">
    <p class='ocr_par' dir='ltr' id='par_1_99' title="bbox 1965 3165 3658 3252">
     <span class='ocr_line' id='line_1_100' title="bbox 1965 3165 3658 3252; baseline 0.001 -14"><span class='ocrx_word' id='word_1_683' title='bbox 1965 3165 2009 3227; x_wconf 82' lang='lat' dir='ltr'><strong>C</strong></span> <span class='ocrx_word' id='word_1_684' title='bbox 2042 3165 2052 3167; x_wconf 14' lang='grc' dir='ltr'>ἡ</span> <span class='ocrx_word' id='word_1_685' title='bbox 2081 3165 2229 3238; x_wconf 50' lang='lat' dir='ltr'><strong>&quot;Nic</strong></span> <span class='ocrx_word' id='word_1_686' title='bbox 2257 3165 2347 3237; x_wconf 77' lang='lat' dir='ltr'><strong>sub</strong></span> <span class='ocrx_word' id='word_1_687' title='bbox 2383 3165 2665 3252; x_wconf 43' lang='lat' dir='ltr'><strong>rtupibuset</strong></span> <span class='ocrx_word' id='word_1_688' title='bbox 2686 3165 2925 3237; x_wconf 81' lang='lat' dir='ltr'><strong>cavernis</strong></span> <span class='ocrx_word' id='word_1_689' title='bbox 2943 3165 3360 3252; x_wconf 19' lang='lat' dir='ltr'><strong>ipra’Optdre‘i-int</strong></span> <span class='ocrx_word' id='word_1_690' title='bbox 3379 3165 3658 3240; x_wconf 30' lang='lat' dir='ltr'><strong>vutvbcll—u—ttt</strong></span> 
     </span>
    </p>
   </div>
   <div class='ocr_carea' id='block_1_100' title="bbox 2043 3254 3117 3327">
    <p class='ocr_par' dir='ltr' id='par_1_100' title="bbox 2043 3254 3117 3327">
     <span class='ocr_line' id='line_1_101' title="bbox 2043 3254 3117 3327; baseline -0.003 -17"><span class='ocrx_word' id='word_1_691' title='bbox 2043 3272 2359 3327; x_wconf 84' lang='lat' dir='ltr'><strong>permanere.</strong></span> <span class='ocrx_word' id='word_1_692' title='bbox 2388 3254 2633 3319; x_wconf 81' lang='lat' dir='ltr'><strong>Juvenal,</strong></span> <span class='ocrx_word' id='word_1_693' title='bbox 2666 3264 2767 3308; x_wconf 89' lang='lat' dir='ltr'><strong>sat.</strong></span> <span class='ocrx_word' id='word_1_694' title='bbox 2798 3270 2870 3320; x_wconf 85' lang='lat' dir='ltr'><strong>vt,</strong></span> <span class='ocrx_word' id='word_1_695' title='bbox 2902 3257 2936 3307; x_wconf 71' lang='grc' dir='ltr'><strong>’ὲ</strong></span> <span class='ocrx_word' id='word_1_696' title='bbox 2966 3269 3117 3323; x_wconf 84' lang='lat' dir='ltr'><strong>seqq.</strong></span> 
     </span>
    </p>
   </div>
   <div class='ocr_carea' id='block_1_101' title="bbox 2233 3343 3295 3408">
    <p class='ocr_par' dir='ltr' id='par_1_101' title="bbox 2233 3343 3295 3408">
     <span class='ocr_line' id='line_1_102' title="bbox 2233 3343 3295 3408; baseline 0.001 -14"><span class='ocrx_word' id='word_1_697' title='bbox 2233 3384 2243 3394; x_wconf 95' lang='lat'><strong>.</strong></span> <span class='ocrx_word' id='word_1_698' title='bbox 2284 3382 2297 3395; x_wconf 92' lang='lat'><strong>.</strong></span> <span class='ocrx_word' id='word_1_699' title='bbox 2338 3384 2348 3393; x_wconf 93' lang='lat'><strong>.</strong></span> <span class='ocrx_word' id='word_1_700' title='bbox 2388 3381 2401 3392; x_wconf 95' lang='lat'><strong>.</strong></span> <span class='ocrx_word' id='word_1_701' title='bbox 2441 3384 2452 3396; x_wconf 92' lang='lat'><strong>.</strong></span> <span class='ocrx_word' id='word_1_702' title='bbox 2494 3381 2506 3393; x_wconf 94' lang='lat'><strong>.</strong></span> <span class='ocrx_word' id='word_1_703' title='bbox 2550 3383 2559 3393; x_wconf 96' lang='lat'><strong>.</strong></span> <span class='ocrx_word' id='word_1_704' title='bbox 2603 3385 2614 3408; x_wconf 55' lang='grc' dir='ltr'><strong>τ</strong></span> <span class='ocrx_word' id='word_1_705' title='bbox 2653 3380 2666 3394; x_wconf 91' lang='grc'><strong>.</strong></span> <span class='ocrx_word' id='word_1_706' title='bbox 2726 3344 2884 3404; x_wconf 88' lang='lat' dir='ltr'><strong>Quum</strong></span> <span class='ocrx_word' id='word_1_707' title='bbox 2909 3343 3091 3403; x_wconf 72' lang='lat' dir='ltr'><strong>frigida</strong></span> <span class='ocrx_word' id='word_1_708' title='bbox 3116 3359 3295 3408; x_wconf 79' lang='lat' dir='ltr'><strong>parvas</strong></span> 
     </span>
    </p>
   </div>
   <div class='ocr_carea' id='block_1_102' title="bbox 2227 3407 3556 3473">
    <p class='ocr_par' dir='ltr' id='par_1_102' title="bbox 2227 3407 3556 3473">
     <span class='ocr_line' id='line_1_103' title="bbox 2227 3407 3556 3473; baseline 0.003 -17"><span class='ocrx_word' id='word_1_709' title='bbox 2227 3408 2489 3473; x_wconf 55' lang='lat' dir='ltr'><strong>ljrwberet</strong></span> <span class='ocrx_word' id='word_1_710' title='bbox 2510 3407 2743 3473; x_wconf 81' lang='lat' dir='ltr'><strong>Spelunca</strong></span> <span class='ocrx_word' id='word_1_711' title='bbox 2760 3408 2951 3468; x_wconf 91' lang='lat' dir='ltr'><strong>domos,</strong></span> <span class='ocrx_word' id='word_1_712' title='bbox 2974 3407 3268 3473; x_wconf 81' lang='lat' dir='ltr'><strong>ignemque,</strong></span> <span class='ocrx_word' id='word_1_713' title='bbox 3298 3408 3556 3473; x_wconf 81' lang='lat' dir='ltr'><strong>laremque</strong></span> 
     </span>
    </p>
   </div>
   <div class='ocr_carea' id='block_1_103' title="bbox 2226 3471 3556 3533">
    <p class='ocr_par' dir='ltr' id='par_1_103' title="bbox 2226 3471 3556 3533">
     <span class='ocr_line' id='line_1_104' title="bbox 2226 3471 3556 3533; baseline 0.002 -13"><span class='ocrx_word' id='word_1_714' title='bbox 2226 3471 2290 3521; x_wconf 89' lang='lat' dir='ltr'><strong>Et</strong></span> <span class='ocrx_word' id='word_1_715' title='bbox 2315 3484 2486 3533; x_wconf 88' lang='lat' dir='ltr'><strong>pecus,</strong></span> <span class='ocrx_word' id='word_1_716' title='bbox 2509 3476 2561 3520; x_wconf 87' lang='lat' dir='ltr'><strong>et</strong></span> <span class='ocrx_word' id='word_1_717' title='bbox 2577 3471 2803 3520; x_wconf 91' lang='lat' dir='ltr'><strong>dominos</strong></span> <span class='ocrx_word' id='word_1_718' title='bbox 2821 3472 3066 3520; x_wconf 90' lang='lat' dir='ltr'><strong>communi</strong></span> <span class='ocrx_word' id='word_1_719' title='bbox 3091 3472 3348 3521; x_wconf 81' lang='lat' dir='ltr'><strong>clauderet</strong></span> <span class='ocrx_word' id='word_1_720' title='bbox 3367 3471 3556 3522; x_wconf 85' lang='lat' dir='ltr'><strong>umbra.</strong></span> 
     </span>
    </p>
   </div>
   <div class='ocr_carea' id='block_1_104' title="bbox 3254 3533 3503 3589">
    <p class='ocr_par' dir='ltr' id='par_1_104' title="bbox 3254 3533 3503 3589">
     <span class='ocr_line' id='line_1_105' title="bbox 3254 3533 3503 3589; baseline 0.004 -3"><span class='ocrx_word' id='word_1_721' title='bbox 3254 3533 3503 3589; x_wconf 75' lang='lat' dir='ltr'><strong>Eutmvu.</strong></span> 
     </span>
    </p>
   </div>
   <div class='ocr_carea' id='block_1_105' title="bbox 2117 3623 3645 3682">
    <p class='ocr_par' dir='ltr' id='par_1_105' title="bbox 2117 3623 3645 3682">
     <span class='ocr_line' id='line_1_106' title="bbox 2117 3623 3645 3682; baseline 0.003 -3"><span class='ocrx_word' id='word_1_722' title='bbox 2117 3625 2427 3679; x_wconf 82' lang='lat' dir='ltr'><strong>Constiterit.</strong></span> <span class='ocrx_word' id='word_1_723' title='bbox 2449 3625 2521 3679; x_wconf 87' lang='lat' dir='ltr'><strong>Ita</strong></span> <span class='ocrx_word' id='word_1_724' title='bbox 2550 3624 2703 3678; x_wconf 85' lang='lat' dir='ltr'><strong>Fnlv.</strong></span> <span class='ocrx_word' id='word_1_725' title='bbox 2729 3623 2909 3678; x_wconf 88' lang='lat' dir='ltr'><strong>Ursin.</strong></span> <span class='ocrx_word' id='word_1_726' title='bbox 2936 3624 3037 3679; x_wconf 80' lang='lat' dir='ltr'><strong>Alii</strong></span> <span class='ocrx_word' id='word_1_727' title='bbox 3058 3624 3645 3682; x_wconf 70' lang='lat' dir='ltr'><strong>constituerinlﬂneu.</strong></span> 
     </span>
    </p>
   </div>
   <div class='ocr_carea' id='block_1_106' title="bbox 2116 3695 3650 3764">
    <p class='ocr_par' dir='ltr' id='par_1_106' title="bbox 2116 3695 3650 3764">
     <span class='ocr_line' id='line_1_107' title="bbox 2116 3695 3650 3764; baseline 0.001 -14"><span class='ocrx_word' id='word_1_728' title='bbox 2116 3695 2325 3750; x_wconf 81' lang='lat' dir='ltr'><strong>LXVII.</strong></span> <span class='ocrx_word' id='word_1_729' title='bbox 2368 3727 2435 3736; x_wconf 92' lang='lat'><strong>—-</strong></span> <span class='ocrx_word' id='word_1_730' title='bbox 2483 3696 2583 3762; x_wconf 80' lang='lat' dir='ltr'><strong>Qui</strong></span> <span class='ocrx_word' id='word_1_731' title='bbox 2626 3697 2679 3748; x_wconf 91' lang='lat' dir='ltr'><strong>iu</strong></span> <span class='ocrx_word' id='word_1_732' title='bbox 2731 3712 2897 3749; x_wconf 88' lang='lat' dir='ltr'><strong>mores</strong></span> <span class='ocrx_word' id='word_1_733' title='bbox 2953 3697 3084 3749; x_wconf 85' lang='lat' dir='ltr'><strong>alios</strong></span> <span class='ocrx_word' id='word_1_734' title='bbox 3139 3707 3291 3764; x_wconf 86' lang='lat' dir='ltr'><strong>atque</strong></span> <span class='ocrx_word' id='word_1_735' title='bbox 3341 3695 3471 3751; x_wconf 86' lang='lat' dir='ltr'><strong>alios</strong></span> <span class='ocrx_word' id='word_1_736' title='bbox 3518 3699 3650 3752; x_wconf 82' lang='lat' dir='ltr'><strong>ritus</strong></span> 
     </span>
    </p>
   </div>
   <div class='ocr_carea' id='block_1_107' title="bbox 2045 3766 3647 3835">
    <p class='ocr_par' dir='ltr' id='par_1_107' title="bbox 2045 3766 3647 3835">
     <span class='ocr_line' id='line_1_108' title="bbox 2045 3766 3647 3835; baseline 0.002 -16"><span class='ocrx_word' id='word_1_737' title='bbox 2045 3769 2272 3835; x_wconf 78' lang='lat' dir='ltr'><strong>priorum</strong></span> <span class='ocrx_word' id='word_1_738' title='bbox 2316 3767 2737 3821; x_wconf 86' lang='lat' dir='ltr'><strong>condemnatione</strong></span> <span class='ocrx_word' id='word_1_739' title='bbox 2782 3768 3053 3820; x_wconf 85' lang='lat' dir='ltr'><strong>transistis.</strong></span> <span class='ocrx_word' id='word_1_740' title='bbox 3096 3766 3421 3821; x_wconf 86' lang='lat' dir='ltr'><strong>Prudentius</strong></span> <span class='ocrx_word' id='word_1_741' title='bbox 3453 3779 3647 3824; x_wconf 82' lang='lat' dir='ltr'><strong>contra</strong></span> 
     </span>
    </p>
   </div>
   <div class='ocr_carea' id='block_1_108' title="bbox 2044 3837 3077 3909">
    <p class='ocr_par' dir='ltr' id='par_1_108' title="bbox 2044 3837 3077 3909">
     <span class='ocr_line' id='line_1_109' title="bbox 2044 3837 3077 3909; baseline 0 -17"><span class='ocrx_word' id='word_1_742' title='bbox 2044 3838 2382 3909; x_wconf 86' lang='lat' dir='ltr'><strong>Symmacb.,</strong></span> <span class='ocrx_word' id='word_1_743' title='bbox 2412 3838 2506 3892; x_wconf 90' lang='lat' dir='ltr'><strong>lib.</strong></span> <span class='ocrx_word' id='word_1_744' title='bbox 2538 3854 2596 3900; x_wconf 86' lang='grc' dir='ltr'><strong>ιι,</strong></span> <span class='ocrx_word' id='word_1_745' title='bbox 2627 3853 2766 3891; x_wconf 85' lang='lat' dir='ltr'><strong>vers.</strong></span> <span class='ocrx_word' id='word_1_746' title='bbox 2800 3837 2927 3901; x_wconf 76' lang='grc'><strong>505,</strong></span> <span class='ocrx_word' id='word_1_747' title='bbox 2958 3852 3077 3905; x_wconf 84' lang='lat' dir='ltr'><strong>seq.</strong></span> 
     </span>
    </p>
   </div>
   <div class='ocr_carea' id='block_1_109' title="bbox 2170 3927 3461 3991">
    <p class='ocr_par' dir='ltr' id='par_1_109' title="bbox 2170 3927 3461 3991">
     <span class='ocr_line' id='line_1_110' title="bbox 2170 3927 3461 3991; baseline 0 -14"><span class='ocrx_word' id='word_1_748' title='bbox 2170 3927 2321 3991; x_wconf 67' lang='lat' dir='ltr'><strong>Boma</strong></span> <span class='ocrx_word' id='word_1_749' title='bbox 2343 3929 2538 3991; x_wconf 87' lang='lat' dir='ltr'><strong>antiqua</strong></span> <span class='ocrx_word' id='word_1_750' title='bbox 2562 3929 2657 3977; x_wconf 85' lang='lat' dir='ltr'><strong>sibi</strong></span> <span class='ocrx_word' id='word_1_751' title='bbox 2682 3941 2777 3976; x_wconf 90' lang='lat' dir='ltr'><strong>non</strong></span> <span class='ocrx_word' id='word_1_752' title='bbox 2799 3934 2991 3991; x_wconf 79' lang='lat' dir='ltr'><strong>constat</strong></span> <span class='ocrx_word' id='word_1_753' title='bbox 3012 3940 3155 3976; x_wconf 85' lang='lat' dir='ltr'><strong>versa</strong></span> <span class='ocrx_word' id='word_1_754' title='bbox 3188 3941 3279 3990; x_wconf 89' lang='lat' dir='ltr'><strong>per</strong></span> <span class='ocrx_word' id='word_1_755' title='bbox 3303 3940 3461 3977; x_wconf 61' lang='lat' dir='ltr'><strong>alvum</strong></span> 
     </span>
    </p>
   </div>
   <div class='ocr_carea' id='block_1_110' title="bbox 2170 3988 3305 4052">
    <p class='ocr_par' dir='ltr' id='par_1_110' title="bbox 2170 3988 3305 4052">
     <span class='ocr_line' id='line_1_111' title="bbox 2170 3988 3305 4052; baseline -0.002 -13"><span class='ocrx_word' id='word_1_756' title='bbox 2170 3989 2230 4052; x_wconf 81' lang='lat' dir='ltr'><strong>Et</strong></span> <span class='ocrx_word' id='word_1_757' title='bbox 2258 3997 2440 4052; x_wconf 71' lang='lat' dir='ltr'><strong>tnutata</strong></span> <span class='ocrx_word' id='word_1_758' title='bbox 2461 3988 2631 4047; x_wconf 68' lang='lat' dir='ltr'><strong>Sacris,</strong></span> <span class='ocrx_word' id='word_1_759' title='bbox 2650 3996 2841 4052; x_wconf 83' lang='lat' dir='ltr'><strong>ornatu,</strong></span> <span class='ocrx_word' id='word_1_760' title='bbox 2870 3988 3085 4052; x_wconf 87' lang='lat' dir='ltr'><strong>legibus,</strong></span> <span class='ocrx_word' id='word_1_761' title='bbox 3115 3988 3265 4052; x_wconf 76' lang='lat' dir='ltr'><strong>armis</strong></span> <span class='ocrx_word' id='word_1_762' title='bbox 3293 4002 3305 4037; x_wconf 90' lang='lat'><strong>:</strong></span> 
     </span>
    </p>
   </div>
   <div class='ocr_carea' id='block_1_111' title="bbox 2173 4049 3403 4113">
    <p class='ocr_par' dir='ltr' id='par_1_111' title="bbox 2173 4049 3403 4113">
     <span class='ocr_line' id='line_1_112' title="bbox 2173 4049 3403 4113; baseline 0.003 -16"><span class='ocrx_word' id='word_1_763' title='bbox 2173 4049 2322 4113; x_wconf 73' lang='lat' dir='ltr'><strong>Multa</strong></span> <span class='ocrx_word' id='word_1_764' title='bbox 2345 4051 2478 4107; x_wconf 87' lang='lat' dir='ltr'><strong>colit,</strong></span> <span class='ocrx_word' id='word_1_765' title='bbox 2497 4065 2608 4113; x_wconf 73' lang='lat' dir='ltr'><strong>quae</strong></span> <span class='ocrx_word' id='word_1_766' title='bbox 2629 4064 2721 4100; x_wconf 85' lang='lat' dir='ltr'><strong>non</strong></span> <span class='ocrx_word' id='word_1_767' title='bbox 2736 4050 2891 4113; x_wconf 72' lang='lat' dir='ltr'><strong>coluit</strong></span> <span class='ocrx_word' id='word_1_768' title='bbox 2914 4049 3008 4100; x_wconf 73' lang='lat' dir='ltr'><strong>sub</strong></span> <span class='ocrx_word' id='word_1_769' title='bbox 3031 4064 3155 4113; x_wconf 81' lang='lat' dir='ltr'><strong>rege</strong></span> <span class='ocrx_word' id='word_1_770' title='bbox 3176 4049 3403 4109; x_wconf 87' lang='lat' dir='ltr'><strong>Quirino.</strong></span> 
     </span>
    </p>
   </div>
   <div class='ocr_carea' id='block_1_112' title="bbox 2174 4111 3338 4176">
    <p class='ocr_par' dir='ltr' id='par_1_112' title="bbox 2174 4111 3338 4176">
     <span class='ocr_line' id='line_1_113' title="bbox 2174 4111 3338 4176; baseline 0.001 -16"><span class='ocrx_word' id='word_1_771' title='bbox 2174 4112 2388 4176; x_wconf 70' lang='lat' dir='ltr'><strong>Instituit</strong></span> <span class='ocrx_word' id='word_1_772' title='bbox 2413 4111 2632 4176; x_wconf 70' lang='lat' dir='ltr'><strong>quaedam</strong></span> <span class='ocrx_word' id='word_1_773' title='bbox 2651 4111 2845 4171; x_wconf 88' lang='lat' dir='ltr'><strong>melius,</strong></span> <span class='ocrx_word' id='word_1_774' title='bbox 2875 4111 3111 4161; x_wconf 77' lang='lat' dir='ltr'><strong>nonnulla</strong></span> <span class='ocrx_word' id='word_1_775' title='bbox 3128 4116 3338 4176; x_wconf 74' lang='lat' dir='ltr'><strong>refugit.</strong></span> 
     </span>
    </p>
   </div>
   <div class='ocr_carea' id='block_1_113' title="bbox 2172 4174 3400 4237">
    <p class='ocr_par' dir='ltr' id='par_1_113' title="bbox 2172 4174 3400 4237">
     <span class='ocr_line' id='line_1_114' title="bbox 2172 4174 3400 4237; baseline 0 -13"><span class='ocrx_word' id='word_1_776' title='bbox 2172 4175 2233 4224; x_wconf 85' lang='lat' dir='ltr'><strong>Et</strong></span> <span class='ocrx_word' id='word_1_777' title='bbox 2255 4174 2443 4223; x_wconf 84' lang='lat' dir='ltr'><strong>morem</strong></span> <span class='ocrx_word' id='word_1_778' title='bbox 2468 4177 2655 4223; x_wconf 87' lang='lat' dir='ltr'><strong>variare</strong></span> <span class='ocrx_word' id='word_1_779' title='bbox 2682 4187 2824 4222; x_wconf 90' lang='lat' dir='ltr'><strong>suum</strong></span> <span class='ocrx_word' id='word_1_780' title='bbox 2850 4188 2944 4223; x_wconf 91' lang='lat' dir='ltr'><strong>non</strong></span> <span class='ocrx_word' id='word_1_781' title='bbox 2969 4176 3083 4223; x_wconf 83' lang='lat' dir='ltr'><strong>dest</strong></span> <span class='ocrx_word' id='word_1_782' title='bbox 3104 4174 3181 4233; x_wconf 90' lang='lat' dir='ltr'><strong>tit,</strong></span> <span class='ocrx_word' id='word_1_783' title='bbox 3210 4174 3267 4223; x_wconf 84' lang='lat' dir='ltr'><strong>et</strong></span> <span class='ocrx_word' id='word_1_784' title='bbox 3288 4188 3400 4237; x_wconf 64' lang='lat' dir='ltr'><strong>quae</strong></span> 
     </span>
    </p>
   </div>
   <div class='ocr_carea' id='block_1_114' title="bbox 2173 4237 3338 4299">
    <p class='ocr_par' dir='ltr' id='par_1_114' title="bbox 2173 4237 3338 4299">
     <span class='ocr_line' id='line_1_115' title="bbox 2173 4237 3338 4299; baseline -0.001 -13"><span class='ocrx_word' id='word_1_785' title='bbox 2173 4238 2369 4286; x_wconf 85' lang='lat' dir='ltr'><strong>Pridem</strong></span> <span class='ocrx_word' id='word_1_786' title='bbox 2391 4237 2677 4286; x_wconf 79' lang='lat' dir='ltr'><strong>condidth</strong></span> <span class='ocrx_word' id='word_1_787' title='bbox 2687 4238 2814 4299; x_wconf 85' lang='lat' dir='ltr'><strong>jura,</strong></span> <span class='ocrx_word' id='word_1_788' title='bbox 2844 4238 2890 4284; x_wconf 90' lang='lat' dir='ltr'><strong>in</strong></span> <span class='ocrx_word' id='word_1_789' title='bbox 2902 4237 3147 4299; x_wconf 70' lang='lat' dir='ltr'><strong>contraria</strong></span> <span class='ocrx_word' id='word_1_790' title='bbox 3172 4238 3338 4287; x_wconf 88' lang='lat' dir='ltr'><strong>vertit.</strong></span> 
     </span>
    </p>
   </div>
   <div class='ocr_carea' id='block_1_115' title="bbox 2176 4297 3554 4358">
    <p class='ocr_par' dir='ltr' id='par_1_115' title="bbox 2176 4297 3554 4358">
     <span class='ocr_line' id='line_1_116' title="bbox 2176 4297 3554 4358; baseline 0.004 -11"><span class='ocrx_word' id='word_1_791' title='bbox 2176 4300 2299 4358; x_wconf 85' lang='lat' dir='ltr'><strong>Quid</strong></span> <span class='ocrx_word' id='word_1_792' title='bbox 2317 4300 2434 4349; x_wconf 85' lang='lat' dir='ltr'><strong>mihi</strong></span> <span class='ocrx_word' id='word_1_793' title='bbox 2460 4308 2510 4348; x_wconf 89' lang='lat' dir='ltr'><strong>tu</strong></span> <span class='ocrx_word' id='word_1_794' title='bbox 2530 4299 2654 4348; x_wconf 87' lang='lat' dir='ltr'><strong>ritus</strong></span> <span class='ocrx_word' id='word_1_795' title='bbox 2671 4297 2860 4357; x_wconf 64' lang='lat' dir='ltr'><strong>Solitos,</strong></span> <span class='ocrx_word' id='word_1_796' title='bbox 2897 4297 3112 4347; x_wconf 78' lang='lat' dir='ltr'><strong>Romane</strong></span> <span class='ocrx_word' id='word_1_797' title='bbox 3138 4306 3354 4358; x_wconf 82' lang='lat' dir='ltr'><strong>senator,</strong></span> <span class='ocrx_word' id='word_1_798' title='bbox 3374 4348 3381 4353; x_wconf 80' lang='grc'>,</span> <span class='ocrx_word' id='word_1_799' title='bbox 3551 4348 3554 4352; x_wconf 91' lang='lat'><strong>.</strong></span> 
     </span>
    </p>
   </div>
   <div class='ocr_carea' id='block_1_116' title="bbox 2171 4360 3617 4424">
    <p class='ocr_par' dir='ltr' id='par_1_116' title="bbox 2171 4360 3617 4424">
     <span class='ocr_line' id='line_1_117' title="bbox 2171 4360 3617 4424; baseline 0.002 -14"><span class='ocrx_word' id='word_1_800' title='bbox 2171 4360 2441 4424; x_wconf 82' lang='lat' dir='ltr'><strong>Objectas?</strong></span> <span class='ocrx_word' id='word_1_801' title='bbox 2475 4376 2624 4424; x_wconf 81' lang='lat' dir='ltr'><strong>qtunn</strong></span> <span class='ocrx_word' id='word_1_802' title='bbox 2649 4362 2767 4410; x_wconf 85' lang='lat' dir='ltr'><strong>scita</strong></span> <span class='ocrx_word' id='word_1_803' title='bbox 2796 4366 3002 4424; x_wconf 86' lang='lat' dir='ltr'><strong>patrum,</strong></span> <span class='ocrx_word' id='word_1_804' title='bbox 3031 4360 3295 4424; x_wconf 83' lang='lat' dir='ltr'><strong>populique</strong></span> <span class='ocrx_word' id='word_1_805' title='bbox 3317 4361 3617 4424; x_wconf 82' lang='lat' dir='ltr'><strong>frequentes</strong></span> 
     </span>
    </p>
   </div>
   <div class='ocr_carea' id='block_1_117' title="bbox 2174 4423 3276 4487">
    <p class='ocr_par' dir='ltr' id='par_1_117' title="bbox 2174 4423 3276 4487">
     <span class='ocr_line' id='line_1_118' title="bbox 2174 4423 3276 4487; baseline 0 -15"><span class='ocrx_word' id='word_1_806' title='bbox 2174 4423 2425 4487; x_wconf 68' lang='lat' dir='ltr'><strong>litatabilis</strong></span> <span class='ocrx_word' id='word_1_807' title='bbox 2443 4423 2603 4487; x_wconf 86' lang='lat' dir='ltr'><strong>placiti</strong></span> <span class='ocrx_word' id='word_1_808' title='bbox 2626 4424 2874 4487; x_wconf 83' lang='lat' dir='ltr'><strong>sententia</strong></span> <span class='ocrx_word' id='word_1_809' title='bbox 2899 4423 3239 4487; x_wconf 15' lang='lat' dir='ltr'><strong>llexaitmvarit</strong></span> <span class='ocrx_word' id='word_1_810' title='bbox 3252 4424 3276 4461; x_wconf 75' lang='grc'>9</span> 
     </span>
    </p>
   </div>
   <div class='ocr_carea' id='block_1_118' title="bbox 2171 4485 3369 4548">
    <p class='ocr_par' dir='ltr' id='par_1_118' title="bbox 2171 4485 3369 4548">
     <span class='ocr_line' id='line_1_119' title="bbox 2171 4485 3369 4548; baseline -0.001 -12"><span class='ocrx_word' id='word_1_811' title='bbox 2171 4486 2315 4536; x_wconf 88' lang='lat' dir='ltr'><strong>Nuuc</strong></span> <span class='ocrx_word' id='word_1_812' title='bbox 2334 4485 2480 4535; x_wconf 85' lang='lat' dir='ltr'><strong>etiam</strong></span> <span class='ocrx_word' id='word_1_813' title='bbox 2505 4487 2702 4548; x_wconf 87' lang='lat' dir='ltr'><strong>quoties</strong></span> <span class='ocrx_word' id='word_1_814' title='bbox 2718 4485 2877 4548; x_wconf 83' lang='lat' dir='ltr'><strong>solitis</strong></span> <span class='ocrx_word' id='word_1_815' title='bbox 2891 4485 3142 4535; x_wconf 85' lang='lat' dir='ltr'><strong>decedere</strong></span> <span class='ocrx_word' id='word_1_816' title='bbox 3168 4487 3369 4548; x_wconf 85' lang='lat' dir='ltr'><strong>prodest</strong></span> 
     </span>
    </p>
   </div>
   <div class='ocr_carea' id='block_1_119' title="bbox 2168 4547 3433 4610">
    <p class='ocr_par' dir='ltr' id='par_1_119' title="bbox 2168 4547 3433 4610">
     <span class='ocr_line' id='line_1_120' title="bbox 2168 4547 3433 4610; baseline -0.001 -12"><span class='ocrx_word' id='word_1_817' title='bbox 2168 4547 2558 4610; x_wconf 70' lang='lat' dir='ltr'><strong>Praeteritosque</strong></span> <span class='ocrx_word' id='word_1_818' title='bbox 2583 4548 2781 4598; x_wconf 88' lang='lat' dir='ltr'><strong>habitus</strong></span> <span class='ocrx_word' id='word_1_819' title='bbox 2800 4547 2934 4598; x_wconf 87' lang='lat' dir='ltr'><strong>cultu</strong></span> <span class='ocrx_word' id='word_1_820' title='bbox 2960 4547 3192 4598; x_wconf 85' lang='lat' dir='ltr'><strong>damnare</strong></span> <span class='ocrx_word' id='word_1_821' title='bbox 3220 4550 3433 4598; x_wconf 87' lang='lat' dir='ltr'><strong>recenti.</strong></span> 
     </span>
    </p>
   </div>
   <div class='ocr_carea' id='block_1_120' title="bbox 3245 4612 3526 4666">
    <p class='ocr_par' dir='ltr' id='par_1_120' title="bbox 3245 4612 3526 4666">
     <span class='ocr_line' id='line_1_121' title="bbox 3245 4612 3526 4666; baseline 0 -2"><span class='ocrx_word' id='word_1_822' title='bbox 3245 4612 3526 4666; x_wconf 69' lang='lat' dir='ltr'><strong>llsuusna.</strong></span> 
     </span>
    </p>
   </div>
   <div class='ocr_carea' id='block_1_121' title="bbox 2120 4702 3652 4774">
    <p class='ocr_par' dir='ltr' id='par_1_121' title="bbox 2120 4702 3652 4774">
     <span class='ocr_line' id='line_1_122' title="bbox 2120 4702 3652 4774; baseline 0.001 -19"><span class='ocrx_word' id='word_1_823' title='bbox 2120 4702 2388 4770; x_wconf 84' lang='lat' dir='ltr'><strong>Numquid</strong></span> <span class='ocrx_word' id='word_1_824' title='bbox 2431 4703 2563 4757; x_wconf 87' lang='lat' dir='ltr'><strong>enim</strong></span> <span class='ocrx_word' id='word_1_825' title='bbox 2606 4703 2828 4774; x_wconf 79' lang='lat' dir='ltr'><strong>quinque</strong></span> <span class='ocrx_word' id='word_1_826' title='bbox 2870 4703 2922 4755; x_wconf 91' lang='lat' dir='ltr'><strong>in</strong></span> <span class='ocrx_word' id='word_1_827' title='bbox 2964 4703 3153 4756; x_wconf 84' lang='lat' dir='ltr'><strong>classes</strong></span> <span class='ocrx_word' id='word_1_828' title='bbox 3183 4702 3376 4756; x_wconf 63' lang='lat' dir='ltr'><strong>habetis</strong></span> <span class='ocrx_word' id='word_1_829' title='bbox 3402 4702 3652 4771; x_wconf 85' lang='lat' dir='ltr'><strong>populum</strong></span> 
     </span>
    </p>
   </div>
   <div class='ocr_carea' id='block_1_122' title="bbox 2048 4774 3652 4842">
    <p class='ocr_par' dir='ltr' id='par_1_122' title="bbox 2048 4774 3652 4842">
     <span class='ocr_line' id='line_1_123' title="bbox 2048 4774 3652 4842; baseline -0.001 -16"><span class='ocrx_word' id='word_1_830' title='bbox 2048 4774 2389 4829; x_wconf 79' lang='lat' dir='ltr'><strong>distributum.</strong></span> <span class='ocrx_word' id='word_1_831' title='bbox 2424 4774 2600 4840; x_wconf 85' lang='lat' dir='ltr'><strong>Quare</strong></span> <span class='ocrx_word' id='word_1_832' title='bbox 2637 4776 2874 4842; x_wconf 86' lang='lat' dir='ltr'><strong>quinque</strong></span> <span class='ocrx_word' id='word_1_833' title='bbox 2906 4784 3111 4827; x_wconf 90' lang='lat' dir='ltr'><strong>tantum</strong></span> <span class='ocrx_word' id='word_1_834' title='bbox 3158 4774 3360 4828; x_wconf 67' lang='lat' dir='ltr'><strong>ClllSseS</strong></span> <span class='ocrx_word' id='word_1_835' title='bbox 3405 4783 3652 4828; x_wconf 88' lang='lat' dir='ltr'><strong>numeret</strong></span> 
     </span>
    </p>
   </div>
   <div class='ocr_carea' id='block_1_123' title="bbox 2050 4842 3654 4909">
    <p class='ocr_par' dir='ltr' id='par_1_123' title="bbox 2050 4842 3654 4909">
     <span class='ocr_line' id='line_1_124' title="bbox 2050 4842 3654 4909; baseline -0.002 -9"><span class='ocrx_word' id='word_1_836' title='bbox 2050 4844 2341 4909; x_wconf 85' lang='lat' dir='ltr'><strong>Arnobius,</strong></span> <span class='ocrx_word' id='word_1_837' title='bbox 2372 4860 2490 4897; x_wconf 89' lang='lat' dir='ltr'><strong>cum</strong></span> <span class='ocrx_word' id='word_1_838' title='bbox 2530 4857 2623 4897; x_wconf 76' lang='lat' dir='ltr'><strong>sex</strong></span> <span class='ocrx_word' id='word_1_839' title='bbox 2650 4842 2817 4898; x_wconf 79' lang='lat' dir='ltr'><strong>fuisse</strong></span> <span class='ocrx_word' id='word_1_840' title='bbox 2843 4854 3056 4898; x_wconf 70' lang='lat' dir='ltr'><strong>consuet</strong></span> <span class='ocrx_word' id='word_1_841' title='bbox 3100 4859 3165 4898; x_wconf 83' lang='lat' dir='ltr'><strong>ex</strong></span> <span class='ocrx_word' id='word_1_842' title='bbox 3197 4844 3367 4907; x_wconf 87' lang='lat' dir='ltr'><strong>Livio,</strong></span> <span class='ocrx_word' id='word_1_843' title='bbox 3401 4844 3494 4898; x_wconf 86' lang='lat' dir='ltr'><strong>lib.</strong></span> <span class='ocrx_word' id='word_1_844' title='bbox 3529 4859 3563 4908; x_wconf 82' lang='grc' dir='ltr'><strong>ι,</strong></span> <span class='ocrx_word' id='word_1_845' title='bbox 3597 4851 3654 4897; x_wconf 88' lang='lat' dir='ltr'><strong>et</strong></span> 
     </span>
    </p>
   </div>
   <div class='ocr_carea' id='block_1_124' title="bbox 2054 4914 3651 4981">
    <p class='ocr_par' dir='ltr' id='par_1_124' title="bbox 2054 4914 3651 4981">
     <span class='ocr_line' id='line_1_125' title="bbox 2054 4914 3651 4981; baseline -0.001 -12"><span class='ocrx_word' id='word_1_846' title='bbox 2054 4919 2120 4969; x_wconf 78' lang='grc' dir='ltr'><strong>Α.</strong></span> <span class='ocrx_word' id='word_1_847' title='bbox 2164 4914 2357 4973; x_wconf 85' lang='lat' dir='ltr'><strong>Gellio.</strong></span> <span class='ocrx_word' id='word_1_848' title='bbox 2393 4915 2485 4967; x_wconf 89' lang='lat' dir='ltr'><strong>lib.</strong></span> <span class='ocrx_word' id='word_1_849' title='bbox 2525 4930 2580 4976; x_wconf 76' lang='grc' dir='ltr'><strong>χ,</strong></span> <span class='ocrx_word' id='word_1_850' title='bbox 2614 4930 2734 4981; x_wconf 89' lang='lat' dir='ltr'><strong>cap.</strong></span> <span class='ocrx_word' id='word_1_851' title='bbox 2767 4914 2859 4979; x_wconf 78' lang='lat'><strong>28,</strong></span> <span class='ocrx_word' id='word_1_852' title='bbox 2889 4929 3048 4968; x_wconf 88' lang='lat' dir='ltr'><strong>causa</strong></span> <span class='ocrx_word' id='word_1_853' title='bbox 3086 4924 3169 4968; x_wconf 86' lang='lat' dir='ltr'><strong>est</strong></span> <span class='ocrx_word' id='word_1_854' title='bbox 3217 4914 3357 4980; x_wconf 88' lang='lat' dir='ltr'><strong>quod</strong></span> <span class='ocrx_word' id='word_1_855' title='bbox 3388 4923 3536 4967; x_wconf 70' lang='lat' dir='ltr'><strong>sexta</strong></span> <span class='ocrx_word' id='word_1_856' title='bbox 3566 4914 3651 4968; x_wconf 91' lang='lat' dir='ltr'><strong>vel</strong></span> 
     </span>
    </p>
   </div>
   <div class='ocr_carea' id='block_1_125' title="bbox 2053 4984 3651 5054">
    <p class='ocr_par' dir='ltr' id='par_1_125' title="bbox 2053 4984 3651 5054">
     <span class='ocr_line' id='line_1_126' title="bbox 2053 4984 3651 5054; baseline -0.001 -14"><span class='ocrx_word' id='word_1_857' title='bbox 2053 4985 2237 5040; x_wconf 84' lang='lat' dir='ltr'><strong>intima</strong></span> <span class='ocrx_word' id='word_1_858' title='bbox 2277 4986 2500 5047; x_wconf 78' lang='lat' dir='ltr'><strong>classis,</strong></span> <span class='ocrx_word' id='word_1_859' title='bbox 2532 4985 2583 5038; x_wconf 92' lang='lat' dir='ltr'><strong>in</strong></span> <span class='ocrx_word' id='word_1_860' title='bbox 2613 5000 2770 5053; x_wconf 91' lang='lat' dir='ltr'><strong>quam</strong></span> <span class='ocrx_word' id='word_1_861' title='bbox 2799 4986 2945 5039; x_wconf 86' lang='lat' dir='ltr'><strong>cives</strong></span> <span class='ocrx_word' id='word_1_862' title='bbox 2980 4987 3302 5054; x_wconf 87' lang='lat' dir='ltr'><strong>panperrimi</strong></span> <span class='ocrx_word' id='word_1_863' title='bbox 3326 5025 3340 5046; x_wconf 86' lang='lat'><strong>,</strong></span> <span class='ocrx_word' id='word_1_864' title='bbox 3373 4984 3651 5053; x_wconf 87' lang='lat' dir='ltr'><strong>proletarii</strong></span> 
     </span>
    </p>
   </div>
   <div class='ocr_carea' id='block_1_126' title="bbox 2054 5055 3649 5125">
    <p class='ocr_par' dir='ltr' id='par_1_126' title="bbox 2054 5055 3649 5125">
     <span class='ocr_line' id='line_1_127' title="bbox 2054 5055 3649 5125; baseline -0.003 -12"><span class='ocrx_word' id='word_1_865' title='bbox 2054 5066 2109 5113; x_wconf 87' lang='lat' dir='ltr'><strong>et</strong></span> <span class='ocrx_word' id='word_1_866' title='bbox 2153 5057 2328 5125; x_wconf 89' lang='lat' dir='ltr'><strong>capite</strong></span> <span class='ocrx_word' id='word_1_867' title='bbox 2366 5059 2510 5111; x_wconf 87' lang='lat' dir='ltr'><strong>censi</strong></span> <span class='ocrx_word' id='word_1_868' title='bbox 2541 5055 2986 5120; x_wconf 86' lang='lat' dir='ltr'><strong>detrudebantur,</strong></span> <span class='ocrx_word' id='word_1_869' title='bbox 3018 5071 3114 5124; x_wconf 90' lang='lat' dir='ltr'><strong>pro</strong></span> <span class='ocrx_word' id='word_1_870' title='bbox 3141 5055 3280 5109; x_wconf 87' lang='lat' dir='ltr'><strong>nulla</strong></span> <span class='ocrx_word' id='word_1_871' title='bbox 3312 5055 3649 5121; x_wconf 82' lang='lat' dir='ltr'><strong>habebatur;</strong></span> 
     </span>
    </p>
   </div>
   <div class='ocr_carea' id='block_1_127' title="bbox 2055 5126 3649 5199">
    <p class='ocr_par' dir='ltr' id='par_1_127' title="bbox 2055 5126 3649 5199">
     <span class='ocr_line' id='line_1_128' title="bbox 2055 5126 3649 5199; baseline 0.001 -21"><span class='ocrx_word' id='word_1_872' title='bbox 2055 5142 2224 5199; x_wconf 82' lang='lat' dir='ltr'><strong>quare</strong></span> <span class='ocrx_word' id='word_1_873' title='bbox 2249 5127 2471 5196; x_wconf 85' lang='lat' dir='ltr'><strong>quinque</strong></span> <span class='ocrx_word' id='word_1_874' title='bbox 2499 5135 2701 5199; x_wconf 81' lang='lat' dir='ltr'><strong>tantum</strong></span> <span class='ocrx_word' id='word_1_875' title='bbox 2735 5128 2935 5179; x_wconf 83' lang='lat' dir='ltr'><strong>classes</strong></span> <span class='ocrx_word' id='word_1_876' title='bbox 2964 5137 3260 5199; x_wconf 76' lang='lat' dir='ltr'><strong>memorant</strong></span> <span class='ocrx_word' id='word_1_877' title='bbox 3296 5126 3511 5199; x_wconf 65' lang='lat' dir='ltr'><strong>Livius,</strong></span> <span class='ocrx_word' id='word_1_878' title='bbox 3543 5126 3578 5199; x_wconf 81' lang='lat' dir='ltr'><strong>l.</strong></span> <span class='ocrx_word' id='word_1_879' title='bbox 3610 5142 3649 5193; x_wconf 82' lang='grc' dir='ltr'><strong>ι,</strong></span> 
     </span>
    </p>
   </div>
   <div class='ocr_carea' id='block_1_128' title="bbox 2055 5195 3647 5269">
    <p class='ocr_par' dir='ltr' id='par_1_128' title="bbox 2055 5195 3647 5269">
     <span class='ocr_line' id='line_1_129' title="bbox 2055 5195 3647 5269; baseline -0.003 -14"><span class='ocrx_word' id='word_1_880' title='bbox 2055 5195 2108 5255; x_wconf 81' lang='lat' dir='ltr'><strong>ét</strong></span> <span class='ocrx_word' id='word_1_881' title='bbox 2138 5195 2433 5265; x_wconf 85' lang='lat' dir='ltr'><strong>Charisius,</strong></span> <span class='ocrx_word' id='word_1_882' title='bbox 2467 5197 2607 5269; x_wconf 92' lang='lat' dir='ltr'><strong>quod</strong></span> <span class='ocrx_word' id='word_1_883' title='bbox 2644 5198 2784 5269; x_wconf 81' lang='lat' dir='ltr'><strong>bene</strong></span> <span class='ocrx_word' id='word_1_884' title='bbox 2813 5205 2997 5269; x_wconf 70' lang='lat' dir='ltr'><strong>monet</strong></span> <span class='ocrx_word' id='word_1_885' title='bbox 3024 5196 3287 5269; x_wconf 75' lang='lat' dir='ltr'><strong>Meursius</strong></span> <span class='ocrx_word' id='word_1_886' title='bbox 3328 5196 3382 5250; x_wconf 92' lang='lat' dir='ltr'><strong>in</strong></span> <span class='ocrx_word' id='word_1_887' title='bbox 3422 5195 3647 5262; x_wconf 82' lang='lat' dir='ltr'><strong>Critico,</strong></span> 
     </span>
    </p>
   </div>
   <div class='ocr_carea' id='block_1_129' title="bbox 2058 5266 3651 5337">
    <p class='ocr_par' dir='ltr' id='par_1_129' title="bbox 2058 5266 3651 5337">
     <span class='ocr_line' id='line_1_130' title="bbox 2058 5266 3651 5337; baseline -0.003 -13"><span class='ocrx_word' id='word_1_888' title='bbox 2058 5271 2153 5324; x_wconf 93' lang='lat' dir='ltr'><strong>lib.</strong></span> <span class='ocrx_word' id='word_1_889' title='bbox 2184 5287 2242 5335; x_wconf 84' lang='grc' dir='ltr'><strong>ιι,</strong></span> <span class='ocrx_word' id='word_1_890' title='bbox 2273 5285 2393 5337; x_wconf 87' lang='lat' dir='ltr'><strong>cap.</strong></span> <span class='ocrx_word' id='word_1_891' title='bbox 2430 5266 2516 5334; x_wconf 77' lang='lat' dir='ltr'><strong>l6,</strong></span> <span class='ocrx_word' id='word_1_892' title='bbox 2549 5284 2601 5337; x_wconf 93' lang='lat' dir='ltr'><strong>p.</strong></span> <span class='ocrx_word' id='word_1_893' title='bbox 2634 5267 2724 5332; x_wconf 83' lang='lat' dir='ltr'><strong>8t,</strong></span> <span class='ocrx_word' id='word_1_894' title='bbox 2755 5276 2943 5322; x_wconf 89' lang='lat' dir='ltr'><strong>contra</strong></span> <span class='ocrx_word' id='word_1_895' title='bbox 2973 5267 3181 5322; x_wconf 84' lang='lat' dir='ltr'><strong>Jusmm</strong></span> <span class='ocrx_word' id='word_1_896' title='bbox 3210 5266 3447 5336; x_wconf 90' lang='lat' dir='ltr'><strong>Lipsium</strong></span> <span class='ocrx_word' id='word_1_897' title='bbox 3478 5282 3651 5321; x_wconf 81' lang='lat' dir='ltr'><strong>corri-</strong></span> 
     </span>
    </p>
   </div>
   <div class='ocr_carea' id='block_1_130' title="bbox 2056 5339 3653 5411">
    <p class='ocr_par' dir='ltr' id='par_1_130' title="bbox 2056 5339 3653 5411">
     <span class='ocr_line' id='line_1_131' title="bbox 2056 5339 3653 5411; baseline -0.001 -17"><span class='ocrx_word' id='word_1_898' title='bbox 2056 5356 2184 5411; x_wconf 87' lang='lat' dir='ltr'><strong>gere</strong></span> <span class='ocrx_word' id='word_1_899' title='bbox 2226 5343 2495 5395; x_wconf 88' lang='lat' dir='ltr'><strong>volentem</strong></span> <span class='ocrx_word' id='word_1_900' title='bbox 2537 5339 2589 5392; x_wconf 89' lang='lat' dir='ltr'><strong>in</strong></span> <span class='ocrx_word' id='word_1_901' title='bbox 2622 5354 2721 5411; x_wconf 78' lang='lat' dir='ltr'><strong>sea:</strong></span> <span class='ocrx_word' id='word_1_902' title='bbox 2747 5339 2953 5411; x_wconf 74' lang='lat' dir='ltr'><strong>classes.</strong></span> <span class='ocrx_word' id='word_1_903' title='bbox 2988 5341 3254 5411; x_wconf 74' lang='lat' dir='ltr'><strong>Cteterum</strong></span> <span class='ocrx_word' id='word_1_904' title='bbox 3289 5340 3474 5411; x_wconf 83' lang='lat' dir='ltr'><strong>locum</strong></span> <span class='ocrx_word' id='word_1_905' title='bbox 3509 5341 3653 5411; x_wconf 78' lang='lat' dir='ltr'><strong>hunc</strong></span> 
     </span>
    </p>
   </div>
   <div class='ocr_carea' id='block_1_131' title="bbox 2058 5408 3653 5481">
    <p class='ocr_par' dir='ltr' id='par_1_131' title="bbox 2058 5408 3653 5481">
     <span class='ocr_line' id='line_1_132' title="bbox 2058 5408 3653 5481; baseline -0.002 -16"><span class='ocrx_word' id='word_1_906' title='bbox 2058 5408 2268 5481; x_wconf 80' lang='lat' dir='ltr'><strong>egregie</strong></span> <span class='ocrx_word' id='word_1_907' title='bbox 2295 5411 2584 5464; x_wconf 70' lang='lat' dir='ltr'><strong>illustravit</strong></span> <span class='ocrx_word' id='word_1_908' title='bbox 2614 5410 2779 5464; x_wconf 89' lang='lat' dir='ltr'><strong>llenr.</strong></span> <span class='ocrx_word' id='word_1_909' title='bbox 2815 5409 3080 5474; x_wconf 83' lang='lat' dir='ltr'><strong>Valesius,</strong></span> <span class='ocrx_word' id='word_1_910' title='bbox 3111 5409 3177 5481; x_wconf 80' lang='lat' dir='ltr'><strong>ad</strong></span> <span class='ocrx_word' id='word_1_911' title='bbox 3207 5408 3477 5463; x_wconf 85' lang='lat' dir='ltr'><strong>Ammiani</strong></span> <span class='ocrx_word' id='word_1_912' title='bbox 3510 5409 3653 5481; x_wconf 81' lang='lat' dir='ltr'><strong>Mar-</strong></span> 
     </span>
    </p>
   </div>
   <div class='ocr_carea' id='block_1_132' title="bbox 2059 5478 3653 5550">
    <p class='ocr_par' dir='ltr' id='par_1_132' title="bbox 2059 5478 3653 5550">
     <span class='ocr_line' id='line_1_133' title="bbox 2059 5478 3653 5550; baseline 0 -15"><span class='ocrx_word' id='word_1_913' title='bbox 2059 5478 2237 5536; x_wconf 76' lang='lat' dir='ltr'><strong>cellini</strong></span> <span class='ocrx_word' id='word_1_914' title='bbox 2259 5482 2416 5546; x_wconf 89' lang='lat' dir='ltr'><strong>llist.,</strong></span> <span class='ocrx_word' id='word_1_915' title='bbox 2444 5481 2533 5535; x_wconf 91' lang='lat' dir='ltr'><strong>lib.</strong></span> <span class='ocrx_word' id='word_1_916' title='bbox 2564 5496 2669 5548; x_wconf 82' lang='lat' dir='ltr'><strong>xtv,</strong></span> <span class='ocrx_word' id='word_1_917' title='bbox 2696 5496 2748 5550; x_wconf 91' lang='lat' dir='ltr'><strong>p.</strong></span> <span class='ocrx_word' id='word_1_918' title='bbox 2773 5481 2860 5546; x_wconf 88' lang='lat' dir='ltr'><strong>ll,</strong></span> <span class='ocrx_word' id='word_1_919' title='bbox 2884 5483 3081 5535; x_wconf 85' lang='lat' dir='ltr'><strong>verba:</strong></span> <span class='ocrx_word' id='word_1_920' title='bbox 3112 5478 3179 5532; x_wconf 83' lang='lat' dir='ltr'><strong>Et</strong></span> <span class='ocrx_word' id='word_1_921' title='bbox 3199 5480 3320 5535; x_wconf 87' lang='lat' dir='ltr'><strong>olim</strong></span> <span class='ocrx_word' id='word_1_922' title='bbox 3343 5480 3456 5533; x_wconf 87' lang='lat' dir='ltr'><strong>licet</strong></span> <span class='ocrx_word' id='word_1_923' title='bbox 3474 5480 3653 5535; x_wconf 64' lang='lat' dir='ltr'><strong>otiosae</strong></span> 
     </span>
    </p>
   </div>
   <div class='ocr_carea' id='block_1_133' title="bbox 2058 5550 3653 5622">
    <p class='ocr_par' dir='ltr' id='par_1_133' title="bbox 2058 5550 3653 5622">
     <span class='ocr_line' id='line_1_134' title="bbox 2058 5550 3653 5622; baseline -0.002 -15"><span class='ocrx_word' id='word_1_924' title='bbox 2058 5553 2157 5607; x_wconf 86' lang='lat' dir='ltr'><strong>sint</strong></span> <span class='ocrx_word' id='word_1_925' title='bbox 2198 5552 2355 5605; x_wconf 85' lang='lat' dir='ltr'><strong>tribus</strong></span> <span class='ocrx_word' id='word_1_926' title='bbox 2384 5561 2678 5622; x_wconf 63' lang='lat' dir='ltr'><strong>pacataeque</strong></span> <span class='ocrx_word' id='word_1_927' title='bbox 2723 5552 2995 5617; x_wconf 66' lang='lat' dir='ltr'><strong>centuriae;</strong></span> <span class='ocrx_word' id='word_1_928' title='bbox 3037 5550 3190 5619; x_wconf 84' lang='lat' dir='ltr'><strong>cujus</strong></span> <span class='ocrx_word' id='word_1_929' title='bbox 3236 5551 3653 5622; x_wconf 76' lang='lat' dir='ltr'><strong>integra__verba</strong></span> 
     </span>
    </p>
   </div>
   <div class='ocr_carea' id='block_1_134' title="bbox 2059 5620 3658 5683">
    <p class='ocr_par' dir='ltr' id='par_1_134' title="bbox 2059 5620 3658 5683">
     <span class='ocr_line' id='line_1_135' title="bbox 2059 5620 3658 5683; baseline -0.002 -7"><span class='ocrx_word' id='word_1_930' title='bbox 2059 5623 2148 5680; x_wconf 90' lang='lat' dir='ltr'><strong>hic</strong></span> <span class='ocrx_word' id='word_1_931' title='bbox 2173 5620 2478 5678; x_wconf 77' lang='lat' dir='ltr'><strong>exseribere</strong></span> <span class='ocrx_word' id='word_1_932' title='bbox 2522 5622 2702 5676; x_wconf 90' lang='lat' dir='ltr'><strong>liceat.</strong></span> <span class='ocrx_word' id='word_1_933' title='bbox 2735 5622 2937 5675; x_wconf 83' lang='lat' dir='ltr'><strong>Otiosas</strong></span> <span class='ocrx_word' id='word_1_934' title='bbox 2977 5622 3234 5683; x_wconf 79' lang='lat' dir='ltr'><strong>centurias</strong></span> <span class='ocrx_word' id='word_1_935' title='bbox 3261 5624 3385 5675; x_wconf 79' lang='lat' dir='ltr'><strong>dictt</strong></span> <span class='ocrx_word' id='word_1_936' title='bbox 3429 5620 3658 5675; x_wconf 73' lang='lat' dir='ltr'><strong>Marcet.</strong></span> 
     </span>
    </p>
   </div>
   <div class='ocr_carea' id='block_1_135' title="bbox 2059 5693 3657 5766">
    <p class='ocr_par' dir='ltr' id='par_1_135' title="bbox 2059 5693 3657 5766">
     <span class='ocr_line' id='line_1_136' title="bbox 2059 5693 3657 5766; baseline -0.003 -17"><span class='ocrx_word' id='word_1_937' title='bbox 2059 5695 2212 5760; x_wconf 87' lang='lat' dir='ltr'><strong>linus,</strong></span> <span class='ocrx_word' id='word_1_938' title='bbox 2243 5698 2363 5766; x_wconf 83' lang='lat' dir='ltr'><strong>quia</strong></span> <span class='ocrx_word' id='word_1_939' title='bbox 2391 5695 2581 5748; x_wconf 83' lang='lat' dir='ltr'><strong>scilicet</strong></span> <span class='ocrx_word' id='word_1_940' title='bbox 2614 5704 2719 5746; x_wconf 89' lang='lat' dir='ltr'><strong>tum</strong></span> <span class='ocrx_word' id='word_1_941' title='bbox 2751 5695 2907 5766; x_wconf 77' lang='lat' dir='ltr'><strong>nulla:</strong></span> <span class='ocrx_word' id='word_1_942' title='bbox 2932 5704 3074 5766; x_wconf 79' lang='lat' dir='ltr'><strong>erant</strong></span> <span class='ocrx_word' id='word_1_943' title='bbox 3107 5694 3266 5766; x_wconf 69' lang='lat' dir='ltr'><strong>tribus</strong></span> <span class='ocrx_word' id='word_1_944' title='bbox 3286 5735 3300 5758; x_wconf 92' lang='lat'><strong>,</strong></span> <span class='ocrx_word' id='word_1_945' title='bbox 3339 5693 3496 5766; x_wconf 78' lang='lat' dir='ltr'><strong>nulla:</strong></span> <span class='ocrx_word' id='word_1_946' title='bbox 3537 5708 3657 5746; x_wconf 81' lang='lat' dir='ltr'><strong>cen-</strong></span> 
     </span>
    </p>
   </div>
   <div class='ocr_carea' id='block_1_136' title="bbox 2059 5763 3660 5833">
    <p class='ocr_par' dir='ltr' id='par_1_136' title="bbox 2059 5763 3660 5833">
     <span class='ocr_line' id='line_1_137' title="bbox 2059 5763 3660 5833; baseline -0.001 -14"><span class='ocrx_word' id='word_1_947' title='bbox 2059 5768 2223 5820; x_wconf 66' lang='lat' dir='ltr'><strong>turiae.</strong></span> <span class='ocrx_word' id='word_1_948' title='bbox 2257 5763 2399 5820; x_wconf 83' lang='lat' dir='ltr'><strong>Nam</strong></span> <span class='ocrx_word' id='word_1_949' title='bbox 2437 5767 2678 5820; x_wconf 78' lang='lat' dir='ltr'><strong>centuriw</strong></span> <span class='ocrx_word' id='word_1_950' title='bbox 2707 5763 2909 5833; x_wconf 86' lang='lat' dir='ltr'><strong>quidem</strong></span> <span class='ocrx_word' id='word_1_951' title='bbox 2938 5763 3027 5816; x_wconf 85' lang='lat' dir='ltr'><strong>diu</strong></span> <span class='ocrx_word' id='word_1_952' title='bbox 3056 5773 3173 5816; x_wconf 89' lang='lat' dir='ltr'><strong>ante</strong></span> <span class='ocrx_word' id='word_1_953' title='bbox 3213 5763 3504 5818; x_wconf 75' lang='lat' dir='ltr'><strong>Marcellini</strong></span> <span class='ocrx_word' id='word_1_954' title='bbox 3533 5776 3660 5833; x_wconf 77' lang='lat' dir='ltr'><strong>teta-</strong></span> 
     </span>
    </p>
   </div>
   <div class='ocr_carea' id='block_1_137' title="bbox 2060 5831 3669 5907">
    <p class='ocr_par' dir='ltr' id='par_1_137' title="bbox 2060 5831 3669 5907">
     <span class='ocr_line' id='line_1_138' title="bbox 2060 5831 3669 5907; baseline 0 -16"><span class='ocrx_word' id='word_1_955' title='bbox 2060 5847 2159 5891; x_wconf 85' lang='lat' dir='ltr'><strong>tem</strong></span> <span class='ocrx_word' id='word_1_956' title='bbox 2212 5838 2491 5904; x_wconf 83' lang='lat' dir='ltr'><strong>desierunt,</strong></span> <span class='ocrx_word' id='word_1_957' title='bbox 2542 5845 2596 5890; x_wconf 89' lang='lat' dir='ltr'><strong>ut</strong></span> <span class='ocrx_word' id='word_1_958' title='bbox 2645 5831 2786 5889; x_wconf 81' lang='lat' dir='ltr'><strong>testis</strong></span> <span class='ocrx_word' id='word_1_959' title='bbox 2829 5843 2901 5889; x_wconf 85' lang='lat' dir='ltr'><strong>est</strong></span> <span class='ocrx_word' id='word_1_960' title='bbox 2947 5833 3201 5890; x_wconf 84' lang='lat' dir='ltr'><strong>Arnobius</strong></span> <span class='ocrx_word' id='word_1_961' title='bbox 3255 5835 3453 5906; x_wconf 85' lang='lat' dir='ltr'><strong>(nostra</strong></span> <span class='ocrx_word' id='word_1_962' title='bbox 3502 5831 3669 5907; x_wconf 87' lang='lat' dir='ltr'><strong>loco),</strong></span> 
     </span>
    </p>
   </div>
  </div>
