4258 6250
572 346 679 404 9ἳ7

1716 354 1999 411 ARNOBII
2030 354 2398 415 ADVERSUS
2436 357 2709 414 GENTES

3780 360 3891 420 928

574 459 825 516 Latinttm
852 462 1050 533 gradus
1071 504 1085 527 ,
1116 463 1239 518 trini
1273 480 1286 518 :
1316 472 1374 519 ut
1404 464 1604 522 indicat
1624 468 1811 524 series.
1847 470 2014 524 Vultis
2045 469 2185 525 Fau-
2212 480 2265 537 Α
2289 473 2701 543 quamplurimis
2722 473 2948 541 anteire,
2968 489 3087 529 cum
3112 490 3139 527 a
3159 483 3309 530 certo
3330 475 3597 532 cm‘crint
3620 479 3895 548 tempore?

576 568 709 616 nus.
742 554 964 609 Latinus
984 597 999 621 ,
1031 564 1085 611 et
1112 556 1290 622 Picus,
1324 559 1481 612 anuis
1508 558 1740 615 vixi-rint
1768 561 1971 617 vicenis
2019 572 2181 633 atque

577 648 865 702 centenis?
912 648 1048 703 ultra
1096 651 1238 705 enim
1297 663 1524 722 negatur
1580 669 1741 724 posse
1791 656 2026 709 hominis
2076 658 2181 709 vita

577 738 822 809 produci.
854 738 1164 796 IEstimatio
1183 743 1327 813 justa
1351 755 1405 798 ct
1426 745 1626 816 liqttida
1649 756 1751 802 est.
1774 747 2025 803 Trecenti
2054 764 2183 818 ergo

578 843 704 889 sunt
748 834 892 904 pleni
942 851 993 890 et
1016 838 1291 908 sexaginta
1322 851 1439 908 post
1470 840 1572 896 hos
1599 842 1727 895 anni
1756 859 1769 894 ε
1800 858 1888 896 res
1917 843 1987 895 ita
2018 854 2097 897 est
2129 853 2185 898 ut

580 930 780 985 indicat
806 936 1136 1003 supputatio.
1168 934 1336 1002 Cujus
1365 951 1521 991 socer
1554 938 1775 993 Latinus
1801 941 1930 994 fuit?
1969 941 2178 999 {Enen}.

580 1020 805 1077 Genitor
833 1024 881 1078 is
926 1026 1127 1094 cujus?
1179 1028 1373 1083 Albani
1424 1031 1604 1099 oppidi
1654 1032 1969 1086 conditoris.
2039 1034 2182 1100 Quot

581 1118 722 1186 apud
750 1119 937 1173 Albam
974 1130 1252 1190 regnatum
1286 1133 1368 1177 est
1420 1126 1615 1178 annis?
1646 1126 2071 1196 quadringentis,
2131 1137 2185 1182 et

583 1223 750 1279 prope
802 1211 886 1265 bis
915 1210 1087 1266 denis.
1140 1211 1336 1266 ZEtatis
1388 1215 1515 1270 urbs
1553 1214 1723 1269 Roma
1775 1218 1928 1287 cujus
1971 1214 2091 1272 esse
2128 1218 2181 1272 iu

581 1301 861 1355 annalibus
916 1302 1212 1357 indicitur?
1265 1320 1433 1359 annos
1485 1306 1631 1361 ducit
1698 1310 2080 1379 quinquaginta
2131 1321 2187 1366 et

582 1397 751 1463 mille,
778 1406 871 1451 aut
902 1415 1005 1453 non
1040 1401 1265 1455 multum
1294 1402 1361 1457 ab
1387 1402 1467 1455 bis
1520 1405 1716 1458 minus.
1750 1405 1889 1474 Ergo
1918 1406 1984 1459 ab
2011 1406 2142 1461 Jove
2167 1448 2182 1473 ,

582 1490 670 1559 qui
704 1488 871 1544 frater
916 1501 1000 1545 est
1053 1491 1186 1560 Pici,
1230 1495 1427 1564 quique
1480 1509 1631 1565 pater
1658 1506 1741 1552 est
1792 1500 2083 1566 minorum,
2133 1509 2185 1554 et

583 1582 915 1654 reliquorum
936 1585 1182 1653 deorum,
1207 1589 1331 1641 attni
1352 1588 1415 1641 ad
1442 1588 1554 1643 haec
1578 1599 1815 1658 tempora
1838 1607 2006 1660 prope
2025 1592 2185 1646 millia

583 1674 692 1730 duo
737 1688 881 1742 sunt,
913 1689 1006 1732 aut
1032 1679 1196 1747 pleni,
1231 1691 1287 1734 ut
1332 1681 1622 1749 largiamur
1651 1684 1818 1737 aetati.
1864 1684 2015 1749 Quod
2064 1700 2183 1739 cum

584 1768 830 1839 redargui
882 1787 987 1825 non
1019 1774 1209 1841 pOSsit.
1240 1789 1347 1827 non
1378 1785 1581 1828 tantum
1613 1791 1803 1830 recens
1846 1786 1963 1830 nata
1997 1778 2186 1847 religio

2288 577 2380 622 aut
2410 569 2566 637 spatii
2598 568 2750 637 cujus
2776 577 2902 624 sunt
2929 570 3094 624 millia
3127 585 3390 625 annorum
3412 570 3543 636 dtto,
3570 572 3896 629 saeculorum

2288 663 2449 715 tantis
2481 671 2791 729 comparata
2823 678 2943 715 cum
2976 662 3236 717 tnillibtts?
3256 663 3334 719 Ac
3360 673 3537 719 tamen
3571 680 3639 720 ne
3668 680 3888 721 causam

2286 764 2390 807 tant
2419 754 2573 823 longa
2603 754 2827 821 prodere
2853 753 3281 809 dissimulatione
3308 754 3609 820 videamur,
3640 758 3744 811 nisi
3775 773 3892 813 mo-

2285 847 2480 900 lesmm
2535 856 2638 912 est,
2670 846 2853 909 dicite,
2884 846 3247 915 omnipotens,
3280 856 3335 901 et
3364 849 3568 916 primus
3599 847 3741 902 Deus
3789 864 3891 903 no-

2284 941 2418 993 vella
2446 940 2596 993 Vobis
2628 940 2835 993 videtur
2881 955 2967 994 res
3010 955 3151 1004 esse,
3182 949 3235 992 et
3260 942 3348 1009 qui
3390 956 3512 994 eum
3564 952 3892 997 venerantes

2286 1034 2491 1098 colunt,
2528 1034 2815 1096 inauditas,
2835 1035 3154 1103 incognitas,
3175 1034 3482 1103 repentinas
3503 1036 3707 1106 agitare
3728 1047 3895 1098 atque

2289 1126 2552 1179 inducere
2600 1127 2921 1196 religiones?
2947 1128 3113 1183 Estne
3160 1128 3249 1181 illo
3280 1130 3549 1198 antiquius
3576 1131 3893 1199 quidquam,

2286 1228 2376 1270 aut
2420 1220 2559 1287 quod
2589 1235 2709 1271 etim
2746 1218 3015 1285 prareedat
3042 1234 3122 1284 re,
3148 1229 3414 1289 tempore,
3444 1221 3677 1283 nomine,
3714 1230 3902 1287 potest

2286 1310 2484 1380 aliquid
2517 1310 2793 1364 inveniri?
2836 1311 3025 1366 Nonne
3053 1314 3199 1366 solus
3231 1313 3497 1382 ingenitus
3518 1356 3532 1377 ,
3566 1313 3897 1370 immortalis

2287 1411 2334 1458 et
2369 1414 2657 1473 perpetuus
2686 1408 2834 1459 solus
2860 1406 2987 1460 est?
3033 1405 3166 1471 Quis
3187 1416 3367 1474 caput,
3395 1421 3481 1460 aut
3535 1407 3653 1461 fons
3706 1424 3895 1463 rerum

2288 1498 2411 1552 est?
2443 1512 2547 1551 non
2578 1499 2730 1565 ipse?
2758 1500 2840 1552 cui
2869 1499 3028 1553 debet
3078 1500 3351 1554 arternitas
3379 1499 3482 1554 hoc
3525 1500 3724 1570 ipsum,
3745 1501 3894 1569 quod

2290 1600 2628 1658 nuneupatur
2656 1590 2970 1644 mternitas?
2994 1607 3099 1646 non
3130 1590 3267 1660 ipsi?
3290 1591 3496 1646 inﬁnita
3528 1603 3586 1647 ut
3628 1594 3897 1661 prodeant

2288 1684 2502 1747 Saecula,
2538 1701 2641 1739 non
2671 1700 2738 1740 ex
2767 1685 2881 1754 ejus
2909 1685 3266 1755 perpetuitate
3301 1686 3620 1756 perficitur?
3660 1687 3878 1742 indubi-

2290 1777 2453 1831 tabile
2478 1779 2615 1831 istud
2648 1788 2701 1831 et
2732 1793 2949 1831 verum:
2982 1793 3087 1831 non
3120 1793 3249 1848 ergo
3288 1777 3432 1847 quod
3478 1782 3747 1847 sequimur
3785 1796 3885 1853 ιιιιτ

586 1862 928 1930 ostenditur,
979 1879 1137 1933 quam
1177 1866 1341 1921 obitis
1369 1886 1381 1921 ;
1408 1867 1505 1922 sed
1557 1868 1788 1923 infantes
1834 1880 1887 1923 et
1934 1870 2183 1932 parvulos
2215 1862 2262 1920 B
2291 1886 2410 1923 vum
2443 1878 2543 1935 est,
2591 1870 2684 1925 sed
2723 1885 2820 1924 nos
2868 1885 2992 1925 sero
3034 1870 3411 1934 addidicimus,
3443 1871 3696 1941 quidnam
3740 1873 3899 1942 Sequi

587 1968 708 2009 csse
735 1956 881 2025 ipsos
909 1956 1085 2011 adhuc
1113 1958 1263 2022 deos,
1289 1962 1483 2030 quibus
1513 1971 1694 2016 tauros
1723 1973 1881 2030 atque
1902 1965 2034 2018 alias
2058 1965 2179 2019 bos-

586 2047 688 2101 tias
715 2063 835 2103 cum
877 2048 1117 2118 periculo
1140 2053 1503 2121 corruptionis
1524 2056 1847 2125 suggeritisl|
1865 2072 2000 2125 quos
2025 2072 2185 2127 Opor-

586 2139 735 2195 tebat
761 2141 938 2197 adhuc
964 2145 1211 2199 mammis
1233 2155 1392 2216 atque
1413 2147 1613 2201 stillato
1638 2149 1770 2202 lacte
1800 2149 2007 2204 nutriri.

659 2231 869 2289 LXXII.
915 2236 985 2290 At
1014 2236 1301 2307 religiones
1329 2250 1524 2293 vestrm
1546 2241 1727 2295 multis
1775 2242 1930 2295 annis
1982 2256 2184 2311 prtece-

585 2322 719 2378 dunt
750 2335 1011 2391 nostram,
1035 2338 1089 2382 et
1118 2343 1185 2384 eo
1216 2338 1340 2386 sunt
1394 2331 1656 2399 veriores,
1711 2334 1853 2403 quod
1905 2336 2184 2389 vetustatis

583 2419 901 2475 auctoritate
945 2420 1167 2477 munitae
1214 2432 1358 2478 sunt.
1396 2422 1606 2496 thuid
1628 2441 1721 2481 eas
1771 2427 1990 2497 prodest
2032 2429 2190 2482 annis

2291 1972 2534 2031 Oporteat
2566 1972 2614 2015 et
2667 1963 2845 2017 colere
2878 1980 2891 2016 :
2921 1971 3011 2015 aut
3041 1962 3256 2016 ubinam
3293 1963 3598 2029 conveniat,
3646 1972 3701 2017 et
3742 1979 3897 2032 spent

2291 2056 2479 2110 salutis
2504 2056 2725 2124 afﬁgere
2746 2101 2759 2124 ,
2794 2065 2851 2111 et
2879 2056 3133 2111 salutaria
3163 2054 3398 2112 subsidia
3427 2057 3715 2111 collocare.
3747 2056 3900 2111 Non-

2291 2147 2416 2202 dum
2446 2148 2588 2202 enim
2617 2147 2910 2214 aliulserat,
2940 2148 3029 2216 qui
3052 2148 3190 2200 viam
3215 2158 3543 2202 monsuaret
3562 2148 3895 2214 errantibus,

2292 2247 2346 2293 et
2370 2238 2595 2307 caligine
2636 2240 2687 2292 in
2718 2238 2977 2294 altissima
3006 2238 3313 2294 constitutis
3339 2239 3659 2308 cognitionis
3709 2240 3895 2296 lumen

2290 2336 2620 2400 immitteret,
2647 2344 2702 2390 et
2728 2334 3076 2405 ignorationis
3101 2333 3393 2391 discuteret
3416 2334 3736 2391 caecitatem.
3772 2392 3781 2405 4

1865 2542 2155 2599 LECTION
2163 2544 2244 2599 ES
2281 2540 2695 2598 VARIANTES.

651 2656 679 2686 ⁸
711 2653 973 2718 Oggerltis
990 2655 1131 2709 Fulv.

1963 2746 2532 2803 COMMENTARIUS.

587 2849 929 2913 turnus,etc.
983 2842 1057 2896 De
1107 2842 1319 2898 Saturni
1370 2858 1534 2913 regno
1583 2844 1787 2913 profugi
1834 2845 2070 2899 adventu
2119 2848 2171 2900 in

586 2910 789 2985 italiam
808 2954 822 2974 ,
851 2912 999 2973 Pico,
1032 2913 1249 2985 Fauno,
1276 2924 1383 2969 etc.
1408 2910 1594 2973 .‘videv
1620 2918 1864 2985 inprimis
1896 2918 2172 2971 Aurelium

584 2982 858 3056 Victorem
880 3026 895 3048 ,
921 2985 986 3036 de
1014 2984 1232 3055 Origine
1260 2985 1448 3040 Gentis
1478 2982 1746 3054 romanae,
1777 3005 1895 3056 cap.
1928 3005 1981 3043 ιιι
2016 2999 2069 3043 et
2099 3005 2172 3052 tv,

585 3054 765 3122 ibith
795 3054 1133 3121 interpretes.
1165 3059 1367 3112 υκαι..

672 3115 839 3180 Vultis
875 3115 1087 3180 Faunus
1119 3128 1329 3181 Latinus
1355 3138 1399 3181 et
1430 3129 1580 3183 Picus
1610 3130 1758 3183 annis
1784 3132 2006 3185 vixerint
2048 3133 2181 3185 vice-
2213 3115 2258 3175 Ο

587 3198 669 3271 nis
698 3209 848 3271 atque
873 3200 1134 3271 centenis?
1160 3201 1297 3253 ultra
1343 3201 1478 3253 enim
1529 3213 1743 3271 negatur
1776 3219 1919 3267 posse
1965 3203 2186 3256 hominis

587 3270 691 3323 vita
720 3269 949 3337 produci.
1004 3270 1137 3324 Nota
1192 3271 1411 3323 historia
1443 3269 1618 3337 magni
1673 3273 1833 3338 Panis
1881 3274 2080 3326 tnortui
2133 3285 2186 3326 et

588 3340 819 3414 aliorum
847 3340 1149 3414 ⁸ιζιξιιίιιιηιιιι
1202 3343 1446 3414 interitus
1492 3345 1633 3414 apud
1688 3343 2067 3399 Plutarchum.
2119 3345 2186 3398 de

589 3410 803 3465 defectu
837 3410 1210 3466 Oraculnrttm.
1267 3410 1545 3469 Manifesta
1590 3416 1791 3470 Statius
1839 3416 2009 3469 Τιιιιιι.
2038 3457 2053 3481 ,
2087 3433 2136 3469 vr
2170 3459 2183 3480 ,

590 3483 693 3540 96.
730 3482 1053 3537 deteriorem
1097 3483 1355 3555 Nymphis
1383 3484 1683 3539 Faunorum
1713 3486 2076 3540 conditionem
2112 3486 2188 3540 la-

591 3555 701 3615 cit,
758 3569 878 3606 cttttt
923 3571 1095 3608 eorum
1134 3573 1308 3625 greges
1353 3557 1605 3610 interiisse
1649 3559 1784 3611 dicat
1839 3559 2057 3611 durante
2084 3560 2190 3619 [iac

592 3626 743 3699 silva.
780 3626 999 3681 Servius
1028 3625 1093 3679 ad
1137 3626 1264 3680 ιΕιι.
1290 3669 1302 3687 .
1336 3644 1383 3692 ι,
1421 3628 1559 3686 379:
1601 3628 1855 3699 Nympha:
1881 3648 1978 3682 non
2017 3632 2189 3683 omnia

591 3698 798 3759 sciunt;
837 3714 957 3750 nam
1003 3706 1049 3750 et
1094 3698 1382 3751 ntoriuntur
1426 3701 1702 3753 secundum
1750 3702 2102 3766 Aristotelem,
2138 3714 2191 3756 ut

595 3767 770 3895 gigni
818 3769 1100 3837 Panesque.
1131 3769 1413 3824 Claudian.
1438 3814 1451 3836 ,
1486 3771 1553 3825 dc
1601 3772 1756 3840 Rapt.
1812 3772 2062 3842 Proserp.
2097 3789 2188 3839 ιιι,

720 3985 734 3999 .
776 3988 786 3999 .
828 3988 840 3998 .
879 3986 891 3999 .
931 3988 966 4000 ..
1005 3987 1019 4001 .
1056 3989 1068 4001 .
1123 3952 1319 4003 Pariter
1339 3960 1544 4005 traxere
1561 3956 1781 4013 ruinam,

718 4013 780 4080 Et
802 4014 988 4074 pariter
1012 4027 1223 4080 ipsuere
1245 4029 1450 4073 cautam,
1480 4032 1751 4080 campoque
1771 4018 2069 4069 recumbunt

721 4076 1007 4141 Faunorum
1029 4076 1375 4141 Dryadumque
1410 4080 1569 4129 dolor.

993 4140 1223 4203 8mm,
1253 4140 1321 4195 ad
1345 4141 1504 4209 Stat,
1528 4144 1627 4197 vol.
1659 4160 1735 4207 ιιι,
1772 4160 1889 4213 pag.
1925 4143 2050 4197 582.

670 4252 874 4326 Errare.
920 4251 1130 4307 Genitor
1170 4255 1213 4326 is
1245 4255 1437 4325 cujus?
1467 4253 1649 4307 Albani
1679 4256 1857 4326 oppidi
1893 4256 2188 4311 conditoris.

598 4323 673 4379 Ita
721 4325 863 4377 edidi
896 4341 959 4380 ex
1012 4323 1392 4379 emendatione.
1440 4323 1792 4380 Freinshemii
1839 4328 1891 4379 in
1925 4328 2099 4381 Indice
2131 4330 2196 4381 ad

601 4394 822 4449 Florum
852 4397 1019 4449 verbo
1053 4397 1219 4450 Iulus.
1249 4397 1381 4449 (10d.
1431 4414 1528 4450 ms.
1565 4407 1621 4452 et
1650 4398 1916 4452 editiones
1947 4415 2068 4451 eum
2105 4415 2195 4452 sc-

599 4475 735 4521 entze.
766 4465 961 4520 habent
994 4486 1005 4520 :
1036 4465 1252 4531 Eueni,
1286 4470 1527 4537 genitoris
1566 4470 1714 4522 latini
1741 4471 1968 4536 :cujus?
2011 4470 2195 4523 Albani

601 4538 778 4608 oppidi
810 4539 1105 4602 conditoris,
1153 4539 1518 4606 vitiosissime,
1548 4552 1601 4594 et
1647 4552 1834 4594 contra
1868 4557 2083 4594 onmem
2140 4548 2197 4593 ti-

602 4609 723 4661 dem
781 4609 1113 4662 Itistoricam.
1168 4609 1268 4663 0b.
1318 4610 1563 4665 Gifattins
1620 4612 1743 4675 legit
1780 4629 1791 4663 :
1824 4610 2011 4664 .‘Enerc
2056 4614 2197 4679 geni-

604 4680 755 4734 toris?
784 4682 952 4735 cuius.
979 4689 1063 4733 etc
1092 4721 1107 4745 ,
1158 4683 1417 4740 probante
1469 4682 1568 4735 Th.
1613 4682 1866 4735 Cztlllt't‘n.
1913 4684 2064 4735 l"ulv.
2101 4683 2199 4739 Ur-

603 4750 755 4822 sinus
775 4769 788 4805 :
811 4750 998 4805 ΑΞηρίΡ
1018 4754 1258 4820 genitoris
1275 4752 1690 4820 Ascanii,Albani
1707 4754 1885 4822 oppidi
1902 4754 2196 4808 conditoris.

606 4820 921 4884 Salma~ius,
956 4823 1005 4876 in
1037 4824 1101 4876 ed
1133 4824 1300 4889 Lugd.
1351 4824 1489 4879 Btt..
1524 4825 1693 4878 edidit
1722 4820 1774 4877 et
1816 4827 2151 4889 interpuuxit
2184 4832 2201 4879 εΔ

606 4891 813 4967 (Ειιιιω.
848 4892 1058 4948 Genitor
1101 4897 1144 4949 is
1176 4896 1399 4949 Ascanii.
1434 4896 1624 4967 Cujus?
1655 4896 1839 4949 Albani
1866 4898 2043 4959 Oppidi
2076 4915 2201 4951 con-

606 4966 787 5018 ditoris
817 4983 836 5020 :
870 4967 940 5020 ita
974 4976 1030 5019 ttt
1070 4968 1328 5021 Ascanius
1373 4966 1519 5021 Alba:
1558 4970 1810 5021 conditur
1840 4969 2204 5033 distinguatur

606 5037 834 5111 abaliis
864 5039 1323 5111 Ascaniis,rverbi
1367 5054 1527 5094 causa
1547 5039 1793 5111 _ductore
1843 5040 2201 5111 Phryuutniu

606 5106 751 5163 bello
794 5109 1051 5175 Trojano,
1081 5110 1233 5174 cuius
1255 5112 1499 5163 meminit
1544 5109 1827 5164 Homerus.
1866 5106 2036 5172 11..”ιι,
2078 5110 2201 5173 86‘2,

607 5189 661 5233 et
692 5196 806 5238 xm.
840 5181 964 5234 792.
999 5181 1102 5234 Sed
1152 5182 1576 5250 quotusquisque
1628 5192 1742 5233 erat
1796 5181 2055 5234 lectorum
2107 5185 2206 5234 Ar-

608 5251 774 5305 nobti.
808 5253 895 5319 qui
946 5252 1109 5305 aliunt
1145 5252 1430 5305 Ascanium
1465 5253 1772 5319 cogitasset.
1817 5269 1974 5321 quain
2017 5251 2205 5307 Aineae

608 5321 799 5383 lilium,
858 5324 1195 5377 conditorem
1231 5323 1413 5375 Albae?
1443 5324 1705 5377 Meursius
1738 5324 1954 5378 tandem
2001 5340 2077 5378 SIC
2123 5342 2203 5379 re-

610 5392 761 5461 lingit
791 5413 804 5446 :
837 5391 1043 5448 ιΕιιεα».
1080 5392 1289 5450 Generis
1324 5393 1511 5447 Latini.
1546 5392 1748 5449 OBELL.

681 5484 856 5540 Annos
902 5486 1041 5538 durit
1093 5487 1460 5556 quinquaginta
1507 5496 1553 5540 et
1609 5488 1767 5541 mille.
1815 5487 1996 5549 Ducit,
2033 5488 2091 5539 id
2136 5498 2209 5541 est

610 5566 889 5619 cainputat,
922 5567 1172 5621 numerat,
1211 5566 1268 5611 ιιι
1298 5558 1432 5611 bene
1466 5559 1844 5626 interpretatur
1872 5558 1920 5612 .l.
1953 5558 2038 5611 Fr.
2068 5558 2206 5613 Gro-

612 5632 824 5691 novius,
856 5629 1038 5693 tlbss.,
1071 5629 1187 5695 lib.,
1217 5646 1275 5693 ιι,
1307 5645 1426 5699 cap.
1456 5632 1541 5692 lt),
1576 5646 1692 5699 pag.
1733 5632 1848 5684 £30.
1883 5645 2021 5695 seq..
2046 5640 2093 5682 et
2128 5645 2209 5683 re-

613 5700 747 5754 futat
794 5701 967 5752 virum
1010 5700 1310 5761 eruditum,
1349 5704 1530 5754 nescio
1578 5716 1771 5765 quem,
1800 5702 2155 5765 evplieautem
2193 5718 2206 5752 :

613 5771 797 5824 Durat.
836 5769 1028 5825 Ducere
1058 5773 1277 5826 verbum
1310 5771 1675 5825 arithmeticos
1705 5784 1754 5825 et
1788 5772 2051 5824 ratiocinii
2086 5786 2212 5839 pro-

617 5842 814 5910 prium,
843 5858 947 5896 non
996 5852 1198 5897 tantum
1226 5843 1294 5898 de
1320 5843 1612 5907 additione.
1645 5854 1704 5899 ut
1742 5843 1853 5899 vult
1888 5842 2122 5907 Ernesti,
2157 5844 2210 5897 in

2283 2846 2416 2900 clavi
2450 2845 2582 2910 Cic.,
2604 2844 2704 2898 hoc
2735 2844 2918 2902 verbo.
2941 2843 3035 2897 sed
3067 2841 3133 2897 de
3149 2844 3295 2897 omni
3326 2843 3687 2909 eomputo.lta
3718 2843 3895 2910 Gell.,

2287 2918 2380 2972 lib.
2413 2934 2427 2971 ι
2453 2959 2467 2981 ,
2499 2932 2617 2986 cap.
2653 2918 2722 2969 ‘20
2756 2936 2767 2970 :
2804 2915 2867 2969 In
2898 2916 3119 2969 numeris
3140 2917 3291 2968 etiam
3316 2916 3550 2968 similiter
3572 2916 3720 2976 r360;
3748 2917 3899 2969 duri-

2287 2999 2370 3042 tur
2399 3005 2513 3041 cum
2543 3006 2690 3041 omne
2718 2988 2852 3041 latus
2878 2986 3107 3053 ejusdem
3156 2988 3352 3040 numeri
3383 2987 3649 3053 a’quulitrr
3686 2992 3741 3040 in
3789 3004 3902 3043 sese

2288 3062 2521 3116 solt-itur.
2558 3061 2686 3112 sicut
2718 3060 2793 3121 lit,
2822 3075 2935 3112 cum
2963 3068 3036 3111 ter
3058 3058 3188 3111 dena
3216 3059 3496 3111 ducuntur.
3520 3056 3723 3113 ORELL.

2362 3133 2462 3184 Aut
2491 3132 2646 3200 pleni.
2695 3133 2765 3184 Ita
2809 3130 3093 3190 legendum
3123 3144 3243 3185 esse,
3278 3145 3399 3183 cum
3451 3129 3641 3183 Fulvio
3676 3128 3898 3197 Ursino,

2290 3202 2478 3256 docent
2518 3204 2795 3269 sequentia
2831 3202 2989 3255 verba
3023 3210 3076 3254 ut
3105 3201 3391 3271 largiamur
3428 3202 3589 3255 (etuti.
3626 3200 3760 3256 Cod.
3795 3218 3899 3256 ms.

2292 3274 2430 3326 haud
2466 3274 2620 3339 pleni.
2652 3275 2859 3328 Οιιιῖιλ..

2370 3345 2657 3415 Religion“
2688 3363 2839 3415 quam
2867 3345 3034 3399 abitis.
3068 3344 3123 3398 ld
3154 3353 3420 3413 estquam
3463 3343 3660 3397 colitis.
3694 3344 3785 3399 Sic
3814 3346 3901 3397 in-

2294 3418 2372 3470 lra
2416 3419 2504 3470 lib.
2557 3434 2641 3481 ιιι,
2688 3434 2804 3481 cap.
2856 3416 2889 3469 5
2939 3434 2950 3468 :
2990 3415 3316 3484 Reliquorum
3346 3416 3558 3467 deorum
3590 3417 3754 3486 ofﬁcia
3800 3434 3904 3468 non

2296 3488 2462 3550 abitis,
2501 3506 2595 3549 pro
2629 3510 2637 3540 :
2675 3488 2793 3541 Non
2828 3490 3082 3554 priestatis
3110 3486 3318 3549 reliquis
3355 3487 3454 3540 diis
3476 3487 3658 3611 rigida.
3696 3488 3900 3542 (inut.

2366 3560 2489 3611 Cum
2522 3561 2744 3611 uaricula
2772 3560 3117 3611 corruptionis
3160 3559 3452 3611 suaaeritis.
3534 3561 3768 3611 orrnntio
3800 3578 3900 3611 sat--

2366 3560 2489 3614 (Jum
2521 3561 2744 3627 periculo
2772 3560 3117 3627 corruptionis
3160 3559 3452 3627 suggeritis.
3491 3559 3768 3626 Corruptio
3800 3578 3904 3612 sat--

2298 3631 2513 3697 pi-si-ne
2544 3631 2611 3684 de,
2642 3632 2850 3690 morbo,
2882 3631 3022 3699 quod
3056 3644 3250 3697 corpus
3280 3629 3503 3682 invadit.
3535 3628 3623 3683 Sic
3649 3640 3763 3682 ater
3785 3647 3903 3682 cor-

2293 3706 2431 3769 rupti
2458 3703 2683 3767 carparis
2710 3705 2893 3753 humor
2919 3717 3004 3768 ap.
3040 3700 3280 3757 Ltteret..
3311 3717 3389 3757 ιιι,
3420 3699 3551 3755 509..
3585 3700 3689 3754 Pro
3719 3718 3905 3771 sugge-

2294 3776 2428 3836 ritis,
2467 3773 2616 3827 Fulv.
2650 3772 2831 3828 Ursin.
2867 3773 3070 3825 mavult
3116 3772 3375 3841 oggeritis,
3410 3772 3555 3841 quod
3601 3772 3901 3840 antiquius.

2296 3844 2400 3896 Sed
2434 3846 2507 3898 n'l
2537 3844 2866 3896 mutandum.
2904 3841 3052 3896 Cibus
3079 3859 3349 3911 suggerere
3377 3842 3535 3897 alicui
3566 3843 3695 3897 dicit
3737 3844 3903 3898 etiam

2298 3915 2520 3973 Statius.
2551 3915 2748 3976 Theb.
2784 3931 2857 3975 ιι,
2889 3914 3013 3969 740.
3045 3914 3249 3968 Οιιειι..

2370 3986 2582 4041 LXXII.
2612 4014 2677 4027 --
2709 3989 2782 4038 Ac
2832 3999 2997 4038 tamen
3046 4003 3108 4038 ne
3161 4003 3369 4039 causam
3421 3998 3524 4039 tant
3573 3986 3724 4055 longa
3774 4002 3901 4052 pro-

2297 4060 2475 4112 cedere
2506 4058 2912 4111 dissimulatione
2940 4058 3225 4112 videantur.
3265 4057 3336 4110 Ita
3371 4057 3510 4111 edidi
3545 4074 3609 4111 ex
3639 4058 3900 4110 emcnda-

2299 4131 2443 4184 tione
2472 4130 2574 4184 Tlt.
2607 4130 2841 4189 (lauti-ri,
2878 4146 3037 4197 quant
3075 4130 3265 4197 probat
3291 4129 3466 4182 editor
3493 4127 3653 4197 Lugd.
3681 4126 3802 4180 Bal.
3843 4139 3900 4182 et

2298 4201 2707 4256 Freinshemius
2764 4202 2814 4253 in
2858 4201 3036 4254 Iudice
3090 4200 3153 4254 ad
3214 4200 3433 4254 Florum
3478 4204 3636 4253 verbo
3681 4209 3900 4253 reteres.

2297 4271 2429 4326 Cod.
2465 4288 2563 4327 ms.
2598 4284 2649 4323 et
2678 4272 2761 4328 ed.
2801 4273 3048 4341 princeps
3077 4272 3234 4325 Rom.
3270 4272 3468 4325 habent
3495 4290 3508 4325 :
3539 4271 3608 4323 Ac
3638 4281 3807 4322 tamen
3840 4288 3906 4324 nc

2299 4360 2508 4397 causam
2560 4354 2662 4396 tam
2710 4344 2935 4411 longam,
2966 4355 3096 4406 etc.,
3146 4344 3290 4410 quod
3338 4342 3630 4397 defendere
3674 4351 3906 4396 eottatur

2303 4415 2565 4469 ileraldtts
2596 4426 2789 4483 putans
2815 4429 3081 4469 excusare
3107 4430 3164 4468 se
3195 4414 3516 4477 Arnnbium,
3546 4414 3685 4482 quod
3716 4414 3768 4465 in
3803 4413 3906 4466 bac

2222 4499 2277 4559 D
2301 4486 2885 4559 disputationediutius
2917 4487 3252 4559 llllltlttl‘t'llll‘,
3279 4486 3460 4559 dicere
3482 4486 3683 4554 itaque,
3716 4483 3817 4537 ltoc
3847 4499 3908 4559 se

2301 4559 2548 4613 consulto
2593 4558 2801 4620 fecisse,
2858 4573 2923 4611 tte
2974 4557 3188 4610 brevius
3214 4557 3444 4619 agendo,
3479 4566 3533 4611 et
3574 4574 3633 4611 ea
3678 4572 3797 4626 qua:
3841 4555 3907 4608 ad

2304 4645 2417 4683 rem
2471 4630 2806 4697 pertinebant
2837 4628 3132 4691 reticendo,
3165 4628 3435 4681 videretur
3470 4644 3710 4686 eauSam.
3742 4642 3908 4696 quant

2303 4700 2694 4754 defendendam
2749 4707 3082 4765 susceperat,
3112 4699 3340 4769 prodere
3388 4699 3645 4753 voluisse.
3674 4697 3781 4751 Sed
3821 4713 3907 4759 ea,

2304 4789 2423 4842 qua!
2454 4784 2605 4825 an'ea
2639 4772 2690 4823 in
2724 4772 2822 4823 hoc.
2857 4771 2992 4823 libro
3021 4772 3389 4837 disputavcrat
3421 4771 3720 4833 Arnobius,
3748 4770 3911 4842 verbi

2306 4840 2488 4909 causa,
2527 4843 2591 4894 (ie
2634 4852 2753 4894 ortu
2796 4846 3117 4903 animaruut,
3162 4843 3226 4894 ad
3274 4857 3488 4895 causam
3522 4842 3661 4894 illaut
3688 4840 3914 4894 minime

2307 4914 2597 4981 pertinent.
2633 4925 2683 4966 et
2714 4916 2780 4965 ab
2802 4914 2981 4980 operis
3014 4914 3243 4967 consilio
3276 4928 3497 4981 prorsus
3525 4923 3649 4966 sunt
3678 4912 3856 4965 aliena
3894 4930 3907 4964 :

2306 4984 2435 5039 dicit
2467 4989 2533 5037 ita
2561 5001 2644 5045 tue
2693 4986 2850 5050 plane
2887 4986 3236 5047 contrarium,
3272 4985 3544 5046 nimirum,
3592 4999 3650 5038 se
3694 4982 3808 5051 jam
3843 4981 3912 5036 ad

2307 5060 2488 5125 operis
2521 5057 2851 5123 propositum
2883 5058 3177 5115 rellcctere.
3213 5073 3278 5109 ne
3308 5056 3550 5109 videatur
3597 5057 3760 5108 rebus
3805 5056 3912 5107 mi-

2309 5143 2410 5181 nus
2466 5127 2784 5181 neci-Ssariis
2833 5128 3031 5180 diutius
3085 5126 3423 5180 immorando
3472 5141 3690 5179 causam
3748 5140 3903 5178 suam

2309 5200 2537 5268 prodere
2568 5200 2800 5251 voluisse.
2841 5218 2853 5250 :
2891 5200 3148 5252 hactenus
3173 5204 3314 5251 enim
3356 5198 3630 5252 distulerat
3667 5198 3911 5268 verLar-

2308 5265 2545 5338 guntenli
2595 5271 2758 5322 robttr
2803 5286 3068 5335 promere.
3125 5269 3427 5339 Legendum
3477 5271 3653 5335 itaque
3713 5286 3726 5320 :
3779 5265 3914 5339 Tutu

2309 5336 2553 5410 ianum...
2605 5341 3026 5395 dissimulatione.
3063 5336 3436 5402 Dissimulutio,
3468 5340 3813 5400 dissimulare,
3843 5336 3915 5391 dc

2310 5414 2375 5467 iis
2402 5414 2491 5480 qui
2532 5414 2777 5465 consulto
2807 5414 3033 5466 reticent
3066 5412 3368 5467 veritatem.
3398 5413 3652 5464 omittunt
3680 5425 3741 5463 ea
3763 5423 3913 5480 gqtla!

2310 5487 2376 5538 ad
2407 5478 2619 5536 causam
2675 5485 2963 5549 pertittcttl.
2994 5483 3124 5537 Vide
3153 5498 3313 5551 supra
3362 5482 3426 5535 ad
3473 5497 3592 5549 cap.
3626 5481 3715 5535 44.
3747 5478 3913 5535 Grie-

2310 5559 2433 5609 nitts
2457 5557 2621 5607 edidit
2653 5576 2663 5606 :
2706 5556 2785 5608 Ne
2814 5573 3019 5608 causam
3045 5565 3145 5607 tum
3164 5556 3347 5608 bonum
3372 5554 3587 5623 prodere
3615 5551 3913 5605 dissimula-

2312 5628 2447 5680 ti0ne
2473 5627 2754 5680 rideamur.
2783 5628 2938 5681 Male.
2971 5629 3173 5681 UBELL.

2388 5697 2537 5762 Quod
2563 5710 2888 5764 nuncupatur
2911 5709 3189 5753 aeternitas.
3221 5698 3295 5751 Ita
3343 5695 3608 5751 Meursius
3638 5702 3694 5746 et
3734 5692 3913 5746 editor

2312 5769 2482 5840 Lugd.
2514 5768 2627 5821 Bal.
2659 5770 2758 5821 Alii
2786 5788 2798 5822 :
2829 5773 2943 5835 Quo
2979 5780 3302 5840 nuncupatur
3322 5768 3595 5840 a‘teraitas.
3625 5767 3828 5840 Quen.

2392 5837 2612 5893 Ubinam
2641 5843 2930 5907 conveniat,
2956 5851 3065 5896 etc.
3087 5835 3162 5895 Ita
3193 5840 3342 5896 Fttlv.
3371 5838 3616 5895 Ursinus.
3638 5835 3772 5891 Cod.
3798 5849 3906 5889 ms.
