4258 6250
1668 246 1873 317 LIBER
1914 248 2231 307 TERTIUS.

3529 252 3635 309 958

332 391 3615 429 ww

1276 632 1297 647 η
1349 505 1827 615 LIBER
1892 505 2607 616 TERTIUS.

1643 892 1898 956 INDEX
1936 891 2314 957 CAPITUM.
2444 892 2460 981 ι

325 1067 617 1127 Christiana
644 1067 825 1141 religio
850 1066 914 1122 ab
939 1065 1138 1123 eximiis
1177 1065 1301 1121 viris
1336 1064 1650 1137 jamdudum
1678 1062 1804 1117 satis
1829 1078 1920 1116 suo
1950 1062 2004 1123 A
2029 1061 2193 1118 Suam
2230 1065 2531 1121 sententiam
2569 1068 2841 1138 confirmat
2866 1078 3065 1140 auctor,
3107 1074 3291 1130 horum
3320 1076 3625 1147 o/ficiorutn,

394 1177 580 1232 perque
606 1160 846 1228 adserta;
876 1176 990 1232 qua:
1016 1169 1183 1216 tamen
1210 1158 1353 1215 nullo
1384 1174 1592 1230 prorsus
1622 1155 1822 1211 vindice
1843 1155 1924 1210 in-

1689 1250 1819 1322 Cap.
1866 1252 1921 1305 1.

319 1345 666 1418 Interceptam
709 1347 1052 1418 defensionem
1098 1363 1354 1402 resumens
1395 1344 1669 1411 Arnobius,
1709 1343 1924 1398 ethnicis

395 1438 701 1507 respondet,
731 1454 823 1492 cur
849 1437 1119 1494 christiani
1144 1438 1265 1493 deos
1294 1454 1386 1493 nec
1411 1438 1633 1493 colerent
1660 1452 1750 1491 nec
1786 1435 1921 1489 ado-

394 1256 529 1327 diget
558 1272 647 1327 per
667 1255 888 1328 seipsam
914 1255 1067 1328 plane
1095 1256 1417 1310 inconcussa.

392 1542 581 1586 rarent.
615 1530 684 1585 In
714 1529 826 1585 Deo
852 1547 1022 1586 rerum
1047 1532 1276 1586 omnium
1306 1541 1536 1587 creatore
1565 1530 1812 1603 quidquid
1832 1547 1918 1584 co-

396 1624 602 1680 lendum
633 1634 681 1680 et
707 1624 1028 1680 adorandum
1065 1634 1159 1693 est,
1198 1642 1231 1680 a
1270 1626 1565 1680 christianis
1595 1627 1694 1680 coli
1722 1634 1767 1679 et
1792 1624 1917 1679 ado-

391 1716 519 1771 rari.
553 1716 614 1773 Si
641 1718 727 1788 qui
751 1733 872 1790 ergo
902 1717 975 1771 dii
1001 1717 1125 1784 sint,
1172 1718 1346 1772 abillo
1374 1718 1625 1789 originem
1646 1734 1793 1771 suam
1810 1714 1920 1771 'du-

392 1821 511 1865 cunt
540 1820 689 1882 atque
713 1811 768 1865 in
799 1827 856 1866 eo
881 1811 1142 1866 coluntur.
1592 1811 1729 1891 .Cap.
1758 1811 1813 1876 2,
1858 1810 1911 1865 5.

321 1902 388 1959 At
430 1904 548 1959 illos
591 1920 764 1959 revera
803 1920 907 1959 esse
946 1905 1064 1960 deos
1100 1904 1305 1977 probari
1341 1920 1615 1975 numquam
1655 1905 1818 1975 potuit
1849 1904 1913 1956 ab

394 1998 608 2052 ethnicis
635 1997 819 2067 quibus
848 1997 1213 2067 incompertum
1252 2014 1450 2069 semper
1473 1998 1574 2069 fuit
1596 2038 1611 2064 ,
1663 2006 1754 2050 aut
1780 1995 1917 2050 unde

400 2089 609 2155 nomina
632 2105 727 2143 sua
767 2089 1072 2159 acceperint,
1115 2098 1204 2145 aut
1232 2100 1422 2160 quanta
1449 2090 1513 2162 sit
1543 2105 1715 2144 eorum
1742 2088 1917 2142 multi-

400 2182 545 2237 tudo.
1604 2179 1735 2252 Cap.
1764 2182 1817 2245 4,
1858 2180 1913 2237 5.

328 2272 559 2330 Ulterius
589 2275 913 2347 progreditur
938 2284 1116 2330 auctor
1149 2284 1297 2346 atque
1319 2290 1383 2329 ex
1410 2274 1489 2328 his
1511 2289 1625 2345 quae
1649 2272 1836 2327 etlntici
1856 2272 1919 2327 de

394 2368 494 2423 diis
536 2370 645 2424 suis
680 2369 1056 2442 praedicabant,
1100 2370 1271 2424 nullos
1315 2384 1420 2423 esse
1458 2366 1778 2438 apertissime
1824 2366 1915 2420 de-

398 2470 664 2516 monstrat.
715 2460 893 2517 Primo
922 2465 1054 2517 enim
1085 2463 1205 2516 deos
1237 2477 1402 2515 mares
1431 2469 1478 2514 et
1509 2458 1728 2529 feminas
1758 2474 1910 2512 vene-

396 2554 742 2622 rabantur,ut
772 2556 995 2611 divinam
1018 2566 1251 2611 naturam
1277 2555 1470 2610 nullius
1499 2570 1606 2609 esse
1633 2570 1786 2609 sexus
1827 2569 1918 2607 ca-

401 2663 578 2718 pacem
602 2649 982 2719 comprobatur.
1017 2647 1273 2703 Praeterea
1301 2649 1346 2702 si
1388 2647 1461 2701 dii
1489 2646 1715 2718 gentium
1757 2661 1914 2716 gene~

390 2755 506 2795 rare
533 2757 593 2794 ac
609 2740 843 2809 generari
860 2748 1085 2809 possent,
1108 2755 1265 2805 quum
1284 2739 1551 2809 fingantur
1576 2737 1911 2805 immortales,

382 2833 499 2903 jam
528 2832 760 2900 inﬁnitus
788 2840 918 2886 esset
947 2847 1122 2886 eorum
1151 2847 1408 2885 nunterus.
1457 2830 1586 2901 Cap.
1613 2831 1667 2895 6,
1693 2831 1745 2895 7,
1771 2831 1825 2898 8,
1853 2830 1909 2886 9.

314 2923 399 2978 Ad
429 2924 539 2978 haec
569 2924 717 2996 [tedis
738 2922 1104 2992 cupiditatibus
1134 2938 1194 2976 ac
1220 2921 1566 2991 voluptatibus
1587 2923 1906 2976 contamina-

387 3024 563 3070 rentur
587 3014 679 3069 dii.
715 3014 836 3070 Non
876 3024 951 3070 est
990 3031 1132 3087 ergo,
1185 3030 1277 3069 cur
1301 3014 1490 3068 ethnici
1533 3029 1668 3086 (egre
1718 3016 1906 3086 ferant,

386 3107 511 3161 deos
555 3106 808 3175 ejusmodi
863 3115 1160 3177 generantes
1212 3122 1272 3159 ac
1319 3104 1519 3176 genitos
1568 3104 1831 3175 reprobari
1878 3122 1912 3159 a

386 3198 695 3254 christianis.
956 3189 961 3193 ’
1379 3194 1508 3268 Cap.
1552 3197 1641 3263 10,
1685 3199 1772 3264 11,
1820 3196 1907 3251 12.

324 3290 525 3346 Deinde
555 3290 847 3362 perstringit
875 3290 1084 3362 gentiles
1109 3290 1363 3345 Arnobius
1382 3331 1398 3358 ,
1443 3291 1577 3361 quod
1607 3306 1907 3360 persuasum

383 3384 653 3450 habebant,
678 3384 1104 3455 quemadmodum
1124 3386 1370 3453 saducazi,
1391 3385 1512 3441 deos
1527 3402 1773 3456 corporea
1796 3386 1898 3440 Itu-

382 3494 634 3550 manaque
648 3477 816 3548 forma
844 3478 1062 3549 figurari
1076 3487 1227 3549 atque
1255 3478 1512 3549 componi.
1543 3478 1672 3549 Cap.
1698 3478 1788 3544 12,
1814 3478 1904 3534 15.

313 3568 428 3626 Hoc
457 3580 626 3626 autem
648 3572 803 3625 semel
840 3570 1087 3639 admisso,
1121 3572 1195 3625 dii
1224 3570 1320 3626 sibi
1345 3570 1560 3625 invicem
1588 3579 1675 3624 aut
1713 3570 1905 3625 similes

379 3671 469 3717 aut
514 3662 786 3718 dissimiles
813 3662 917 3718 dici
957 3663 1209 3719 deberent.
1264 3661 1545 3734 Utrumque
1587 3679 1704 3718 vero
1750 3665 1902 3718 abso-

380 3772 526 3810 nttm.

306 3845 497 3920 Neque
523 3864 609 3904 eos
640 3865 749 3905 esse
775 3838 1059 3906 audiendos
1078 3891 1093 3917 ,
1141 3850 1227 3922 qui
1254 3850 1354 3906 diis
1384 3852 1660 3906 huntanam
1685 3854 1907 3922 formam

375 3945 770 4014 accommodari,
819 3947 1028 4002 honoris
1058 3956 1257 4002 tantum
1286 3964 1461 4015 causa,
1507 3949 1901 4021 respondebant,

384 4038 565 4093 evincit
595 4038 864 4095 Arnobius.
1488 4054 1491 4055 '
1647 4038 1777 4110 Cap.
1812 4042 1899 4096 16.

309 4126 478 4187 Nulla
505 4130 663 4202 igitur
701 4129 832 4199 Dei,
881 4132 1078 4187 tametsi
1124 4132 1334 4198 audiat,
1382 4131 1579 4201 videat,
1627 4132 1896 4204 intelligat,

372 4224 565 4295 species
601 4233 690 4278 aut
721 4223 892 4296 figura
928 4240 1035 4280 esse
1072 4234 1255 4295 potest.
1308 4223 1478 4280 Unum
1522 4224 1731 4290 scimus,
1763 4225 1894 4278 nihil

372 4317 601 4386 corporei
616 4325 708 4370 aut
734 4316 1074 4371 humanorum
1095 4315 1371 4383 affectuum
1387 4333 1494 4372 esse
1510 4316 1562 4370 in
1585 4316 1714 4384 Deo,
1744 4318 1893 4389 cujus

371 4418 561 4464 natura
587 4409 729 4465 nullo
758 4419 923 4480 potest
949 4410 1198 4481 explicari
1228 4410 1439 4465 mortali
1468 4426 1717 4465 sermone.

670 4570 679 4581 ‘
1373 4500 1502 4573 Cap.
1536 4504 1622 4569 17,
1665 4503 1753 4567 18,
1798 4503 1887 4560 19.

294 4593 493 4655 Irridet
524 4598 778 4656 Arnobius
807 4600 1054 4665 ethnicos,
1072 4599 1207 4672 quod
1228 4599 1348 4655 deos
1378 4598 1625 4653 inducant
1654 4600 1893 4654 humanis

365 4695 564 4765 ofﬁciis,
598 4691 837 4767 negoliis,
864 4694 1112 4765 rebusque
1138 4694 1257 4749 aliis
1296 4692 1400 4749 sive
1427 4691 1573 4747 bonis
1610 4691 1713 4745 sive
1742 4691 1893 4745 malis

366 4786 716 4855 prcesidentes.

1983 3072 1995 3089 ‘
2018 3063 2099 3119 De
2129 3064 2431 3124 Penatibus.

2103 1158 2286 1228 quibus
2309 1160 2384 1215 dii
2410 1171 2657 1232 praesunt,
2691 1168 3069 1224 enumeratione
3090 1179 3318 1241 peracta.

3013 1261 3143 1334 cap.
3175 1263 3265 1331 22,
3294 1265 3386 1334 23,
3418 1267 3508 1334 24,
3537 1267 3629 1324 25.

2032 1363 2182 1422 Idem
2222 1371 2540 1441 persequitur
2584 1384 2976 1446 argumentum,
3022 1380 3378 1450 concluditque
3432 1382 3627 1452 placita

2104 1461 2359 1530 ejusmodi
2379 1465 2633 1520 neminem
2655 1484 2893 1539 umquam
2916 1487 3278 1541 persuasurum
3299 1470 3629 1542 Christianis,

2098 1558 2464 1624 quantumlibet
2479 1560 2626 1628 impii
2645 1564 2845 1617 etathei
2869 1565 3127 1620 dicantur.
3151 1566 3281 1638 Cap.
3306 1568 3401 1635 ‘26,
3424 1569 3517 1633 9.7,
3536 1570 3627 1626 28.

2025 1643 2265 1702 Fictitios
2308 1660 2553 1719 praetcrea
2594 1656 2800 1710 omnino
2841 1672 2947 1712 esse
2991 1659 3258 1727 gentilium
3290 1659 3425 1715 Deos
3467 1662 3621 1716 lucu-

2098 1740 2256 1796 lenter
2282 1742 2598 1800 demonstrut
2624 1746 2883 1803 Arnobius
2909 1766 2973 1804 ea:
3008 1752 3164 1805 variis
3194 1751 3400 1806 illorum
3427 1755 3627 1823 Opinio-

2096 1833 2265 1900 nibus,
2298 1851 2412 1905 qua:
2440 1836 2504 1890 tle
2541 1838 2721 1892 iisdem
2749 1841 3040 1895 numinibus
3072 1827 3524 1915 circumferuntur,
3581 1855 3627 1900 et

2098 1924 2320 1993 primum
2344 1928 2408 1981 de
2434 1932 2594 1997 Juno,
2628 1929 2875 2001 Saturno,
2910 1932 3037 1988 Jove
3064 1944 3113 1989 et
3141 1934 3174 1989 J
3183 1953 3369 1994 unone.

3236 2032 3364 2101 Cap.
3396 2035 3491 2101 ‘29,
3533 2035 3623 2092 50.

3236 2051 3364 2103 Lup.
3397 2051 3491 2101 zu,
3533 2051 3618 2092 ou.

2025 2130 2222 2188 Deinde
2241 2134 2304 2190 de
2330 2134 2581 2205 Minerva,
2610 2137 2869 2212 Neptuno,
2901 2141 3176 2212 Mercurio,
3206 2145 3399 2218 Magna
3427 2148 3618 2218 Matre,

2098 2227 2280 2283 Libero
2327 2240 2477 2301 atque
2515 2232 2770 2302 Apolline.
2819 2236 2902 2289 Ad
2944 2238 3051 2292 lttec
3090 2240 3153 2294 de
3187 2240 3357 2296 Diana
3385 2285 3397 2304 ,
3443 2243 3627 2301 Cerere

2097 2319 2327 2391 aliisque,
2376 2339 2468 2376 nec
2507 2341 2607 2378 non
2638 2326 2702 2380 de
2733 2325 2953 2392 Mundo,
2988 2347 3136 2397 quem
3165 2336 3360 2403 frustra
3389 2335 3633 2390 nonnulli

1955 2395 2003 2454 B
2102 2411 2270 2467 Deum
2296 2426 2542 2470 aeternum
2572 2435 2679 2473 esse
2717 2431 2980 2489 putarunt.
3016 2422 3101 2478 Ea:
3135 2441 3235 2491 qua
3275 2427 3476 2497 quidem
3515 2429 3629 2498 opi-

2099 2506 2309 2560 nionum
2352 2509 2505 2578 plane
2532 2510 2866 2566 ridiculorum
2896 2515 3138 2570 varietate
3163 2528 3465 2573 cteterorunt
3498 2520 3625 2575 deo-

2022 2636 2029 2643 .
2097 2615 2214 2652 rum
2240 2601 2444 2670 falsitas
2474 2602 2842 2659 evidentissitne
2868 2608 3172 2663 ostenditur.
3253 2608 3384 2679 Cap,
3408 2612 3498 2677 51,
3529 2613 3622 2668 56.

2022 2692 2175 2748 Idem
2203 2711 2305 2749 non
2331 2695 2499 2750 minus
2528 2699 2794 2767 efficaciter
2817 2704 3025 2772 con/icit
3052 2705 3306 2760 Arnobius
3331 2724 3395 2762 ex
3419 2726 3625 2767 eorum-

2101 2786 2215 2840 dem
2260 2788 2579 2843 ethnicorum
2609 2791 2843 2848 absurdis
2874 2793 3101 2852 dissidiis
3132 2798 3195 2851 de
3230 2801 3424 2871 origine
3452 2813 3497 2857 et
3527 2822 3625 2858 nu-

2094 2897 2232 2935 mero
2246 2881 2457 2937 deorum
2478 2900 2711 2941 suorum.
2735 2886 2835 2942 Ubi
2850 2890 3073 2960 primum
3088 2892 3150 2946 tle
3171 2892 3350 2949 Musis.
3378 2895 3509 2966 Cap.
3528 2899 3623 2955 57.

2020 2969 2100 3026 De
2131 2972 2514 3031 Novensilibus.
3236 2984 3366 3059 Cap.
3397 2990 3616 3055 58,-59.

3361 3082 3491 3154 Cap.
3524 3086 3618 3142 40.

2018 3153 2099 3211 De
2126 3155 2368 3215 Laribus.
3236 3173 3363 3244 Cap.
3393 3177 3485 3243 41,
3526 3178 3622 3235 42.

2018 3270 2181 3345 Atque
2199 3274 2330 3329 inter
2354 3285 2523 3334 tantas
2546 3279 2886 3341 dissensiones
2908 3286 3039 3341 nulli
3068 3287 3263 3344 homini
3290 3293 3494 3348 etltnico
3515 3295 3624 3350 dis-

2085 3380 2288 3421 cernere
2318 3368 2480 3436 licuit,
2513 3373 2627 3440 quis
2654 3391 2716 3429 ea:
2738 3375 2846 3431 illis
2871 3394 3016 3434 verus
3046 3391 3152 3434 erat
3180 3380 3340 3451 Deus,
3381 3388 3492 3457 quis
3523 3388 3617 3443 ho-

2086 3458 2369 3526 norandus,
2400 3460 2711 3520 invocandus
2739 3476 2785 3520 et
2807 3470 3117 3525 exorandus.
3231 3473 3361 3545 Cap.
3393 3476 3486 3541 45,
3518 3480 3612 3535 44.

2083 3567 2125 3622 Ι.
2154 3568 2477 3629 Jamdudum
2508 3575 2721 3646 quidem
2749 3580 3061 3637 criminibus
3089 3583 3173 3639 his
3204 3587 3475 3645 omnibus.
3498 3606 3617 3644 ma-

2013 3657 2391 3719 ledictionibus
2416 3668 2612 3736 potius,
2638 3678 2697 3723 ut
2723 3685 2849 3726 vera
2873 3673 3115 3731 dicamus
3139 3676 3206 3733 ab
3228 3680 3618 3741 excellentibus

1526 3756 1653 3827 Cap.
1693 3758 1902 3823 14,15.
1933 3722 1978 3785 C
2013 3762 2165 3823 parte
2214 3756 2266 3811 in
2316 3757 2416 3814 hae
2460 3761 2607 3825 viris,
2652 3772 2706 3818 et
2749 3767 3028 3823 veritatem
3081 3770 3236 3826 istam
3284 3778 3616 3834 cummeritis

2013 3864 2196 3917 nosse,
2225 3852 2355 3906 satis
2382 3854 2542 3923 plene
2563 3867 2919 3930 accurateque
2948 3878 3270 3933 responsum
3296 3879 3409 3935 est;
3439 3886 3614 3942 neque

2010 3957 2149 4014 apex
2190 3944 2332 4000 ullus
2381 3947 2541 4003 ullius
2589 3956 2980 4020 prmtermissus
3018 3967 3105 4013 est
3147 3962 3481 4030 qumstionis,
3516 3969 3610 4037 qui

2011 4049 2118 4090 non
2148 4036 2219 4091 sit
2248 4036 2423 4094 modis
2454 4039 2604 4096 mille
2648 4052 2704 4098 et
2749 4046 3048 4103 rationibus
3079 4052 3425 4113 validissimis
3458 4036 3604 4115 retu-

2012 4137 2171 4184 tatus.
2230 4130 2347 4187 Non
2398 4142 2481 4188 est
2533 4135 2693 4204 igitur
2754 4143 3115 4198 necessarium
3191 4158 3341 4215 parte
3395 4151 3445 4205 in
3507 4154 3606 4209 bac

1988 4235 2177 4277 causa:
2203 4222 2405 4279 diutius
2436 4225 2730 4284 immorari.
2770 4229 2955 4301 Neque
2997 4237 3142 4290 enim
3185 4249 3328 4296 stare
3371 4243 3487 4299 sine
3518 4260 3606 4300 as-

2000 4314 2300 4371 set-toribus
2339 4332 2445 4373 non
2475 4328 2652 4389 potest
2680 4320 2869 4394 religio
2897 4325 3226 4383 christiana?
3254 4342 3348 4389 aut
3374 4350 3438 4389 eo
3480 4352 3603 4393 esse

2000 4409 2440 4478 comprobabitur
2469 4427 2628 4477 vera,
2660 4414 2704 4470 si
2752 4416 3169 4488 adstipulatores
3201 4423 3447 4483 habuerit
3474 4432 3594 4500 plu~

1999 4501 2203 4569 rimos,
2261 4513 2319 4560 et
2364 4507 2738 4563 auctoritatem
2788 4509 2856 4565 ab
2904 4510 3213 4572 hominibus
3268 4527 3600 4591 sumpserit?

1998 4592 2123 4650 Suis
2168 4593 2259 4649 illa
2308 4606 2562 4654 contenta
2609 4609 2693 4656 est
2722 4600 2945 4666 viribus,
2988 4612 3044 4660 et
3078 4608 3319 4665 veritatis
3362 4616 3595 4685 pr0priae

2000 4687 2406 4747 fundaminibus
2435 4694 2660 4747 nititur:
2689 4709 2787 4749 nec
2826 4697 3087 4766 spoliatur
3126 4702 3175 4755 vi
3215 4718 3308 4759 sua
3333 4746 3350 4771 ,
3380 4708 3593 4764 etiamsi

1519 4780 1651 4855 Cap.
1676 4783 1772 4853 20,
1796 4784 1887 4840 21.
1914 4773 1969 4834 Ῑ)
1994 4784 2205 4840 nullum
2232 4784 2427 4842 habeat.
2446 4785 2750 4854 vindicem;
2779 4787 2942 4845 immo
2964 4790 3008 4846 si
3035 4792 3229 4877 lingua:
3255 4812 3443 4854 omnes
3465 4815 3595 4855 con-

1673 4919 2239 4978 COMMENTARIUS.

357 5064 400 5119 Ι.
434 5091 507 5104 --
542 5060 749 5134 Neque.
772 5066 907 5121 enim
951 5073 1087 5125 stare
1145 5065 1255 5121 sine
1299 5062 1633 5121 assertoribus
1655 5079 1758 5118 non
1796 5079 1889 5134 po-

283 5144 382 5191 test
403 5136 583 5205 religio
607 5137 908 5193 christiana.
934 5137 1087 5193 Stare
1107 5136 1210 5193 hoc
1237 5137 1361 5193 loco
1382 5134 1648 5207 signiﬁcat
1670 5150 1885 5207 perma-

280 5222 416 5264 nere
456 5217 512 5264 et
563 5208 894 5279 perduraref,
950 5218 1013 5265 ut
1062 5224 1149 5279 ap.
1204 5205 1879 5280 Virgil.,'}En.1v,539:

463 5341 528 5394 Et
543 5344 678 5395 bene
698 5344 829 5409 apud
849 5357 1101 5396 memores
1120 5346 1313 5397 veteris
1333 5349 1433 5396 stat
1447 5345 1609 5408 gratia
1631 5342 1767 5394 facti.

270 5478 500 5558 Sueten.
528 5484 582 5539 in
622 5485 775 5551 0th.,
808 5501 859 5543 c.
888 5488 923 5542 5
953 5504 966 5542 :
1002 5485 1181 5558 Neque
1208 5488 1341 5542 enim
1365 5487 1740 5552 dissimulabat,
1781 5488 1881 5544 nisi

272 5554 558 5631 principem
582 5570 798 5631 sestare
823 5575 925 5613 non
946 5554 1114 5631 posse
1140 5559 1367 5631 nihilque
1402 5562 1610 5631 referre,
1641 5561 1705 5631 ab
1735 5560 1879 5616 hoste

268 5626 328 5680 in
357 5626 487 5692 acie,
519 5644 587 5681 an
633 5629 689 5683 in
735 5631 851 5697 foro
874 5626 972 5684 sub
995 5626 1330 5685 creditoribus
1357 5626 1580 5686 caderet.
1630 5630 1750 5688 Vel.
1802 5633 1877 5689 in-

264 5704 488 5778 terpres
516 5697 660 5755 Libri
689 5700 1232 5778 _Ecclesi_ast._(.lesu
1282 5701 1585 5778 Sit-acidae),
1633 5719 1685 5778 c_.
1737 5720 1823 5778 _xL.
1859 5724 1874 5761 :

265 5765 435 5831 Fides
460 5767 516 5823 in
544 5773 789 5829 siccatum
817 5773 989 5827 stabit.
1022 5765 1480 5833 Eanum—Cod.
1526 5765 1629 5831 t'ns.
1664 5775 1826 5834 habet
1859 5794 1872 5835 :

744 5867 1032 5929 ΡΑτιιοι..
1085 5868 1164 5930 V.

1996 5062 2187 5139 ζξτιξιμιε⁸
2224 5064 2609 5139 θηὶηιλνεειανε,
2658 5075 2779 5131 etc.,
2824 5067 2967 5139 quod
3022 5069 3316 5131 defendere
3365 5088 3593 5137 conatur

1991 5133 2256 5219 Meursius
2283 5138 2336 5191 in
2359 5136 2633 5219 Appen‘dn
2667 5148 2721 5194 et
2748 5133 3001 5219 Salinas,
3036 5142 3379 5219 in_Exercitt.
3414 5133 3590 5219 Plin:

1990 5205 2058 5261 ad
2085 5208 2280 5270 Solin.,
2313 5225 2363 5277 p.
2509 5209 2723 5265 Restare
2750 5211 3277 5291 verbttnrantiqtttttn
3308 5205 3586 5291 prostare,

1988 5293 2305 5403 girmanere,
2353 5279 2640 5337 adstruens
2677 5283 2928 5351 exemplo
2959 5279 3221 5355 Propertii
3249 5279 3326 5348 ηιξ
3371 5290 3441 5346 el.
3475 5279 3589 5362 vni,

2081 5458 2212 5510 Dum
2237 5462 2433 5513 vincunt
2453 5462 2629 5526 Danai,
2654 5464 2769 5515 dum
2790 5472 2948 5517 restat
2966 5464 3206 5520 barbarus
3226 5470 3431 5523 Hector.

1982 5563 2356 5648 Idem_tarn_eu
2400 5577 2750 5648 retractasse_
2768 5570 2979 5648 videtur
3026 5575 3165 5630 hanc
3213 5580 3586 5648 sententiam;

1983 5651 2106 5718 nam
2141 5638 2192 5692 in
2226 5638 2465 5722 editione
2510 5641 2679 5712 Lugd.
2716 5642 2831 5722 Ba_t_.
2879 5644 3057 5700 locum
3088 5648 3160 5701 ita
3191 5647 3376 5703 dedit:
3406 5638 3592 5722 Neque

1983 5713 2232 5793 enitn‘res
2256 5719 2395 5793 stare
2419 5713 2530 5767 sine
2560 5715 2899 5793 assertoribus
2932 5732 3043 5793 non
3090 5727 3271 5793 potest,
3314 5730 3381 5793 et_
3410 5713 3597 5793 religio

1983 5777 2282 5852 christiana,
2303 5784 2394 5841 ubi
2416 5795 2465 5841 et
2483 5795 2635 5842 esset
2649 5784 2789 5843 idem
2807 5785 2946 5857 quod
2966 5787 3017 5840 id
3035 5777 3137 5843 es't.
3157 5777 3293 5847 Vide
3319 5791 3384 5847 ad
3417 5777 3601 5865 lib."n,

2937 5877 3015 5940 30
