4258 6250
545 228 653 288 94³5

1662 227 1947 288 ABNOBll
1980 226 2347 289 ADVERSUS
2374 228 2645 289 GENTES

3747 230 3860 290 θυι

543 346 731 419 Neque
768 345 912 400 enim
948 345 1071 400 sciri
1099 352 1183 399 est
1212 343 1387 411 facile,
1414 343 1635 401 deﬁnita
1662 352 1717 401 et
1746 356 1893 402 certa
1933 347 2002 401 sit
2043 361 2137 402 eo-
2164 346 2217 405 A
2313 345 2403 401 Vl.
2446 346 2515 401 Et
2555 355 2754 411 tamen,
2787 356 2853 399 ne
2880 354 2979 399 nos
3005 346 3286 414 quisquam
3318 340 3682 413 pervicaciter
3705 342 3854 399 arbi-

543 456 665 495 rum
724 438 934 494 numeri
985 437 1323 493 multitudo:
1363 453 1430 491 an
1482 438 1601 493 sine
1651 437 1757 493 nlla
1814 438 2146 508 poliulositas

543 548 755 588 summa
805 533 896 597 sit,
951 545 1050 586 nec
1102 530 1524 600 computationis
1572 530 1797 602 alicujus
1850 532 2146 586 rationibus

545 625 851 679 terminata.
886 621 1179 693 Fingamus
1204 623 1347 678 enim
1378 639 1473 678 vos
1502 622 1635 677 deos
1667 623 1812 679 mille
1842 623 2143 693 percolere,

542 717 631 771 vel
663 715 828 771 millia
858 716 1037 786 potius
1066 716 1303 786 quinque
1329 734 1344 771 :
1372 723 1428 769 at
1457 718 1510 771 in
1538 732 1721 771 rerum
1749 727 1937 772 natura
1971 727 2147 787 potest

540 807 770 863 forsitan
802 806 943 871 ﬁeri,
970 817 1027 863 ut
1067 806 1291 862 deorum
1337 808 1504 863 millia
1541 818 1756 864 centum
1796 808 1931 875 sint;
1965 819 2144 878 potest

541 909 603 957 ut
644 900 746 954 lioc
788 900 1041 970 amplius,
1084 900 1271 966 immo,
1321 901 1464 971 quod
1512 900 1746 956 diximus
1790 902 1947 971 paulo
1992 913 2138 969 ante,

541 1001 721 1066 potest
762 992 985 1049 deorum
1028 1009 1240 1048 summa
1285 1009 1407 1048 esse
1448 994 1614 1056 nulla,
1664 1009 1763 1049 nec
1820 995 2141 1050 numerabili

542 1088 1041 1157 circumscriptione
1080 1087 1249 1140 linito.
1298 1086 1402 1141 Aut
1442 1086 1603 1153 igitur
1632 1096 1685 1140 et
1714 1082 1811 1141 Vos
1843 1087 2011 1156 impii,
2050 1087 2141 1157 qui

541 1193 741 1254 praeter
769 1182 900 1236 deos
945 1196 1143 1251 paucos
1190 1180 1517 1249 reliquorum
1567 1180 1744 1234 ollicia
1789 1197 1892 1234 non
1936 1181 2136 1240 abitis:

540 1287 635 1331 aut
659 1276 706 1331 si
730 1275 879 1329 vobis
901 1274 1111 1329 veniam
1138 1283 1460 1329 (κυιοι-οιευιιι
1490 1274 1804 1344 ignorantia:
1832 1275 2135 1343 postulatis,

540 1366 785 1423 eamdem
824 1377 879 1421 et
916 1366 1067 1421 nobis
1105 1365 1463 1420 conciliabitis
1503 1366 1712 1420 veniam
1741 1384 1753 1419 :
1787 1366 1831 1419 si
1860 1382 1957 1436 pro
1990 1381 2139 1437 parte

539 1458 808 1516 consimili
847 1474 1038 1515 eorum
1081 1457 1430 1530 religionibus
1470 1458 1825 1526 abstinemus,
1856 1476 1990 1530 quos
2018 1476 2139 1517 esse

540 1554 762 1610 omnino
793 1552 1078 1609 nescimus.

2255 449 2427 494 trctur
2465 449 2799 493 sacramenta
2843 438 2985 493 nolle
3023 439 3299 505 suscipere
3338 446 3683 500 ceterorum,
3713 452 3859 505 qure-

2252 547 2482 602 cumque
2519 540 2666 597 sunt,
2700 532 2980 586 numinum
3016 550 3029 586 :
3061 530 3284 585 devotas
3313 529 3520 585 etenim
3564 537 3774 584 mentes
3802 539 3862 585 et

2253 639 2443 679 manus
2481 624 2854 695 protendimus
2901 622 3196 693 supplices,
3239 636 3415 692 neque
3444 619 3858 690 adspernamur,

2252 731 2597 788 quocumque
2642 716 2997 770 iuvitaveritis
3037 713 3345 769 accedere:
3378 713 3422 767 si
3468 712 3633 767 modo
3682 712 3863 767 discao

2252 826 2373 865 mus
2413 810 2630 879 quinam
2671 810 2757 865 isti
2788 818 2914 864 sunt
2950 807 3080 874 divi,
3116 821 3254 878 quos
3291 804 3448 861 nobis
3492 806 3762 877 ingeritis,
3807 813 3865 861 et

2250 921 2386 977 quos
2418 920 2515 976 par
2552 905 2622 958 sit
2658 903 2874 973 adjungi
2912 904 3107 957 summi
3138 900 3279 971 regis
3308 915 3372 954 ac
3407 899 3669 970 principis
3697 913 3861 955 vene-

2251 1000 2464 1054 rationi.
2519 998 2804 1064 Saturnus,
2858 997 3053 1065 inquit,
3107 1005 3161 1052 et
3213 993 3383 1049 Janus
3434 1005 3537 1059 est,
3592 992 3854 1061 Minerva,

2249 1094 2413 1161 Juno,
2448 1094 2667 1165 Apollo,
2699 1093 2901 1155 Venus,
2937 1091 3320 1160 Triptolemus,
3354 1088 3632 1155 llercules,
3663 1086 3862 1143 tEs-cu-

2248 1188 2443 1258 l.ipius,
2493 1198 2657 1258 atque
2708 1186 2797 1241 alii
2849 1184 3054 1251 caeteri,
3105 1183 3300 1254 quibus
3347 1181 3656 1250 magniﬁcas
3704 1180 3858 1236 :rdcs

2246 1283 2452 1336 cunctis
2480 1296 2616 1350 pene
2645 1282 2698 1335 in
2729 1279 2950 1334 urbibus
2973 1276 3224 1347 religiosa
3252 1273 3588 1331 consecravit
3611 1274 3857 1345 antiqui-

2248 1384 2347 1428 tas.
2388 1373 2623 1429 luvitare
2658 1388 2757 1426 nos
2802 1371 3025 1427 forsitan
3067 1368 3136 1423 ad
3184 1369 3411 1423 istorum
3445 1368 3719 1421 numinum
3750 1381 3856 1435 po-

2246 1467 2484 1521 tuissetis
2529 1456 2753 1528 cultum,
2798 1465 2841 1518 si
2888 1477 2994 1518 non
3037 1461 3139 1530 ipsi
3180 1475 3280 1515 vos
3324 1459 3481 1530 primi
3532 1457 3854 1528 Opinionnm
3928 1534 3933 1537 _

2166 1554 2214 1613 B
2244 1560 2476 1630 turpium
2508 1559 2746 1616 foeditate
2772 1557 2898 1614 talia
2920 1557 2989 1613 de
3014 1555 3126 1612 illis
3151 1554 3559 1627 continget-etis,
3589 1570 3712 1625 qua:
3743 1568 3856 1609 nou

1905 1669 2470 1731 COMMENTARIUS.

540 1775 660 1825 erat
709 1765 870 1820 etiam
911 1764 1019 1825 θεὸς
1075 1761 1165 1818 ille
1206 1757 1468 1835 ἄγνῳᾳτος
1512 1760 1941 1829 Atheniensium,
1983 1766 2135 1832 cujus

539 1854 688 1894 aram
723 1838 783 1891 D.
814 1835 1012 1891 Paulus
1040 1832 1288 1902 inspexit.
1321 1832 1437 1886 Vid.
1472 1836 1588 1887 Act.
1625 1835 1836 1902 Apost,
1869 1851 1975 1888 xvn
1999 1877 2014 1900 ,
2039 1839 2130 1892 25.

539 1906 611 1964 In
638 1909 943 1979 cognitione,
974 1906 1116 1975 quod
1146 1905 1197 1957 in
1231 1920 1331 1957 ius.
1363 1905 1579 1979 legitur,
1612 1907 1780 1979 multo
1808 1906 1999 1960 melius
2025 1918 2128 1972 est,

541 1975 810 2051 quam-Vin
864 1979 1221 2051 cognitionem,
1277 1976 1418 2051 quod
1473 1975 1799 2051 substituere
1854 1980 2134 2051 volnt-runt

539 2046 803 2107 Eleursius
852 2046 1123 2103 ct'editor
1165 2046 1332 2115 Lugd.
1380 2046 1530 2107 Bat.;
1579 2062 1699 2099 nam
1742 2048 1794 2100 in
1846 2050 2134 2117 cognitione

500 2152 501 2155 η
540 2121 806 2194 penderet
833 2135 861 2173 a
896 2117 1216 2194 prmo-edenti
1244 2126 1380 2170 sunt.
1431 2117 1564 2194 _S_unt
1598 2119 1652 2170 in
1667 2120 1969 2194 cognitione
1996 2122 2133 2177 vobis

541 2187 688 2249 idem
718 2187 909 2264 itaque
922 2199 1007 2264 est
1038 2187 1187 2264 quod
1218 2201 1334 2241 sunt
1362 2190 1503 2264 pobis
1528 2189 1737 2259 cogniti.
1774 2190 1844 2264 ᾼι
1870 2191 1923 2243 in
1952 2196 2131 2264 cogni-

542 2266 732 2319 tionem
755 2260 882 2317 etin
902 2261 1135 2316 notitiam
1158 2260 1372 2329 perferri
1396 2260 1550 2328 plane
1572 2276 1732 2314 unum
1760 2260 2135 2330 idemque'cst.

542 2336 801 2392 NOVimUS
839 2333 1091 2403 quidem,
1144 2329 1439 2403 Arttubitun
1484 2333 1781 2400 smpissitnc
1812 2329 1935 2387 talia
1978 2337 2139 2390 verba

541 2408 686 2463 idem
717 2402 1070 2475 signiﬁcantia
1101 2402 1447 2470 conjungere.
1478 2403 1584 2475 Sed
1617 2403 1719 2457 hoc
1749 2404 1865 2458 luco
1885 2445 1899 2470 ,
1936 2405 1981 2459 si
2012 2406 2139 2474 quid

542 2480 703 2534 video
726 2519 743 2543 ,
770 2473 955 2530 Verba
996 2478 1050 2529 in
1088 2490 1236 2527 usum
1265 2473 1543 2546 aliquando
1584 2475 1914 2546 notitiamque
1960 2479 2143 2545 perlati

543 2549 831 2607 manifeste
876 2546 1132 2614 disiungit
1170 2560 1201 2598 τι
1256 2545 1683 2613 prxt'edetitibns
1727 2546 1781 2597 in
1832 2551 2140 2616 cognitione.

543 2618 882 2685 Stewcciiius
926 2616 1209 2686 legendum
1248 2617 1552 2683 suspicatur
1582 2632 1597 2673 :
1625 2634 1692 2669 an
1723 2628 1839 2670 sunt
1870 2621 2029 2686 aliqui
2060 2637 2146 2674 vo-

546 2692 624 2748 bis
650 2693 704 2745 in
737 2690 1079 2760 cognitionem
1106 2704 1259 2751 quant
1290 2686 1343 2738 in
1374 2704 1521 2740 usum
1557 2686 1889 2756 notitiamque
1921 2692 2106 2759 perlati
2128 2734 2142 2757 ,

545 2759 836 2834 suppressa
865 2761 983 2834 scil.
1018 2760 1276 2834 parricida
1308 2759 1450 2834 prius
1475 2800 1496 2834 ,_
1533 2775 1691 2829 quam
1729 2760 1925 2828 saepius
1970 2766 2145 2817 Omitti

547 2828 885 2891 tib-Arnobio
912 2872 927 2895 ,
960 2830 1076 2900 ipse
1102 2828 1439 2885 Stewi-cuius
1466 2828 1622 2885 docet
1654 2846 1816 2899 supra
1846 2834 1912 2884 ad
1944 2834 2037 2888 lib.
2070 2850 2103 2887 ll
2123 2876 2137 2895 ,

547 2921 669 2975 cap.
700 2906 765 2958 ’Π
789 2944 804 2969 ,
837 2905 909 2957 ita
954 2913 1011 2975 ut
1059 2902 1279 2975 cognitio
1303 2942 1317 2963 ,
1368 2900 1469 2955 boc
1500 2910 1595 2975 est?
1622 2902 1778 2975 plena
1816 2914 1871 2957 et
1914 2906 2147 2973 perlecta

548 2972 775 3032 deorum
827 2974 1048 3028 scientia
1076 3015 1091 3035 ,
1142 2972 1501 3040 distinguatur
1549 2974 1618 3026 ab
1662 2973 1887 3027 obscura
1916 2972 2145 3029 tantum

2313 1768 2533 1824 Devotas
2560 1776 2766 1831 mentes,
2797 1766 2937 1821 idem
2963 1766 3105 1838 quod
3134 1766 3269 1835 pias,
3303 1765 3603 1837 religiosas.
3632 1764 3708 1820 Ita
3740 1765 3856 1838 La—

2241 1846 2495 1903 ctantius,
2533 1842 2625 1894 lib.
2660 1855 2735 1894 vu
2761 1857 2774 1892 :
2806 1838 2954 1893 Hunc
2980 1836 3251 1909 sequamur
3276 1836 3469 1903 amnes,
3507 1839 3642 1892 hunc
3672 1836 3860 1892 audia-

2241 1930 2375 1980 mus,
2409 1913 2528 1966 huic
2558 1912 2879 1966 devotissime
2910 1927 3181 1978 pareamus
3201 1952 3216 1978 ,
3255 1918 3309 1965 et
3351 1909 3625 1966 Iuvencus
3647 1950 3664 1978 ,
3713 1910 3854 1965 Hist.

2243 1988 2469 2055 Evang.,
2506 1984 2598 2039 lib.
2629 2000 2669 2049 ι,
2701 1998 2843 2037 vers.
2877 1982 2982 2037 407
3014 2000 3027 2037 :

2458 2100 2523 2150 Ut
2535 2101 2694 2163 justus
2715 2098 2826 2150 caeli
2855 2097 3120 2148 Dominum
3138 2097 3349 2148 devotus
3365 2096 3562 2149 adoret.

2248 2206 2348 2263 Ubi
2379 2205 2615 2274 Kmnig.,
2660 2219 2778 2274 pag.
2827 2203 2931 2264 80.
2965 2203 3052 2258 ed.
3101 2203 3361 2269 Reuscb.,
3397 2213 3638 2258 nostrum
3679 2201 3859 2259 locum

2248 2279 2417 2332 citans
2447 2278 2716 2339 observat,
2747 2275 2955 2328 devotus
2984 2290 3081 2344 pro
3110 2276 3228 2345 pius
3259 2290 3443 2331 vocem
3469 2290 3589 2331 esse
3618 2276 3858 2330 latinita-

2252 2350 2317 2403 tis
2342 2346 2740 2402 ccclesiaSIicaa.
2784 2346 2989 2401 ORELL.

2328 2420 2394 2473 Et
2427 2436 2606 2473 manus
2630 2418 2978 2486 protendiinus
3002 2418 3279 2488 supplices.
3313 2418 3558 2473 Profecto
3580 2417 3860 2485 existimo,

2254 2490 2341 2546 hic
2369 2506 2489 2546 esse
2525 2490 2812 2558 glossema.
2862 2488 3132 2555 Quorsum
3180 2490 3322 2545 enim
3372 2490 3668 2558 supplices?
3709 2488 3866 2545 Hanc

2253 2578 2438 2618 vocem
2472 2563 2665 2629 adjecit
2692 2561 2906 2630 aliquis,
2941 2577 3126 2627 quum,
3153 2564 3292 2615 unde
3325 2561 3437 2614 base
3467 2570 3650 2615 essent
3680 2571 3864 2616 trans—

2254 2632 2382 2700 lata,
2417 2648 2520 2687 non
2552 2635 2892 2702 intelligi-ret.
2924 2630 3115 2686 Milites
3146 2631 3307 2700 igitur
3334 2648 3495 2701 quum
3525 2632 3672 2685 citati
3702 2649 3864 2700 pam-

2256 2712 2337 2758 tos
2376 2720 2436 2759 se
2464 2715 2804 2757 sacramento
2845 2703 3027 2757 dicere
3070 2704 3268 2757 vellent
3315 2702 3640 2769 ostendere,
3672 2718 3864 2758 manus

2256 2775 2566 2829 tendebaut.
2604 2775 2736 2828 Hinc
2762 2777 2923 2844 igitur
2949 2773 3233 2844 legendum
3262 2776 3514 2830 existimo
3539 2792 3551 2826 :
3579 2774 3641 2827 Et
3672 2791 3858 2828 manus

2257 2847 2625 2915 protendiinus.
2708 2847 2946 2900 IIEBALD.

2333 2916 2380 2970 Ν
2388 2934 2509 2987 eque
2520 2933 2880 2985 aspernamur,
2898 2932 3059 2983 quocu
3066 2934 3212 2985 mque
3224 2917 3577 2980 inritaveritis,
3600 2916 3859 2971 accedere.

2259 2987 2328 3043 Et
2360 2992 2459 3042 boc
2485 3005 2514 3042 a
2544 2988 2727 3041 militia
2761 2989 3004 3057 petitum.
3045 2988 3305 3043 Jurabaut
3333 2991 3476 3043 enim
3510 2989 3740 3054 milites,
3771 3004 3863 3044 se-

549 3063 741 3131 euri}!!!
772 3046 972 3131 ηοιίιὲξξο
1017 3045 1121 3131 Pr?
1149 3043 1207 3131 ίιξ
1230 3060 1379 3125 ιξδιιηξ
1419 3043 1682 3131 Μθιιτείξιίδ
1712 3054 1775 3131 (ξε
1799 3044 2060 3131 "ﬁliiﬁlii?
2092 3047 2143 3101 ill
2174 3048 2219 3110 C
2250 3071 2470 3131 cuturos
2498 3076 2556 3114 se
2585 3043 2775 3124 duces;
2792 3074 3156 3131 quocumque
3182 3059 3394 3114 ducturi
3422 3070 3624 3131 essent.
3661 3043 3866 3131 Diony-

549 3117 705 3175 Curis
732 3116 980 3187 secundis
1011 3117 1214 3187 malunt
1240 3115 1294 3168 in
1322 3115 1505 3183 visunt,
1531 3116 1691 3170 male.
1729 3113 1867 3170 Usus
1895 3128 1977 3172 est
2005 3118 2148 3173 idem

549 3190 695 3260 quod
726 3188 914 3242 cultus.
947 3186 1149 3260 Ortus.

626 3258 1083 3331 Fiiigamusgenint
1111 3272 1199 3331 vos
1244 3256 1366 3311 deos
1406 3256 1548 3331 mille
1578 3258 1855 3331 percolere.
1902 3259 2151 3331 Orpbeus

552 3348 642 3403 ap.
675 3327 1035 3403 TbeOpbilum
1064 3367 1080 3394 ,
1110 3328 1203 3382 lib.
1207 3343 1293 3403 _tu
1312 3369 1328 3393 ,
1356 3327 1430 3403 ad
1452 3329 1795 3403 Autolycum,
1825 3331 1955 3385 deos
1982 3327 2153 3387 cCCLx

552 3397 1075 3473 cotilitetur._Varro,
1091 3397 1553 3473 ap._Tertullian.,
1574 3398 1834 3471 Apologet
1863 3443 1877 3466 ,
1896 3417 2016 3473 cap.
2037 3420 2150 3472 xiv,

555 3480 829 3529 trecentos
854 3470 1016 3526 Joves
1042 3473 1154 3525 sive
1181 3470 1471 3539 .lupiteres.
1515 3470 1898 3527 btusnuousr.

628 3543 806 3600 Potest
848 3551 904 3596 ut
944 3542 1038 3596 hoc
1076 3542 1318 3613 amplius.
1363 3539 1478 3595 Hoc
1503 3542 1726 3611 amplius
1753 3545 1873 3598 scil.
1909 3561 2150 3602 numero.

557 3617 730 3684 Supra
779 3615 872 3670 lib.
901 3629 935 3667 tt
962 3656 975 3675 ,
1008 3627 1129 3682 cap.
1167 3613 1259 3684 28.
1298 3622 1415 3665 ante
1438 3629 1601 3667 annos
1624 3613 1795 3683 plures
1815 3656 1829 3682 ,
1860 3616 1903 3669 si
1926 3618 2046 3671 velis
2070 3619 2154 3671 di-

557 3683 691 3751 cere,
720 3686 797 3739 vel
823 3685 1116 3756 octoginta,
1162 3683 1363 3756 vetitae
1387 3684 1613 3750 amplius
1634 3727 1648 3747 ,
1681 3687 1768 3741 ubi
1804 3688 1982 3756 suppl.
2021 3699 2158 3744 tem-

560 3756 882 3829 pore.7Vide
908 3754 980 3829 de
1010 3755 1113 3809 hoc
1158 3754 1346 3823 Ellipsi
1379 3757 1565 3829 _S:_iuct.
1623 3754 1887 3825 Minerva,
1916 3754 2028 3814 lib.
2062 3777 2115 3815 iv
2138 3802 2153 3828 ,

558 3824 681 3899 cap°
714 3828 780 3893 4,
811 3838 866 3882 et
906 3826 1241 3899 Bunemauu.
1266 3866 1280 3887 ,
1327 3824 1394 3879 ad
1420 3826 1665 3881 Lactant.
1699 3830 1828 3883 lust.
1858 3824 1873 3896 ,
1906 3830 1999 3884 lib.
2044 3824 2153 3898 vn,

558 3896 681 3970 cap.
712 3900 798 3963 Μ,
830 3913 949 3967 pag.
981 3896 1108 3953 951.
1141 3898 1344 3970 (loetc.

637 3966 744 4045 Pro
773 3966 917 4045 parte
941 3969 1211 4023 consimili.
1246 3966 1303 4023 ld
1330 3978 1413 4023 est
1442 3983 1540 4038 pro
1564 3985 1671 4025 uno
1693 3985 1821 4027 vero
1840 3972 1969 4041 Deo,
1997 3990 2158 4045 quem

564 4039 813 4099 colimus.
842 4039 1043 4095 ORELL.

636 4113 726 4168 Vl.
747 4142 817 4153 ——
844 4109 1183 4167 Sacramenta
1224 4110 1362 4165 nolle
1398 4113 1655 4184 suscipere
1698 4125 2019 4184 ceterorum,
2054 4127 2158 4172 etc.

563 4184 703 4253 Apte
744 4184 909 4239 utitur
954 4184 1119 4239 verbo
1165 4183 1389 4236 militiae.
1437 4181 1713 4251 Vegetius,
1758 4187 1849 4239 lib.
1893 4204 1948 4250 ιι,
2001 4181 2052 4241 c.
2102 4190 2157 4254 5,

564 4255 837 4311 Festinant
874 4254 1071 4324 militita
1107 4263 1429 4307 sacramenta
1457 4256 1736 4324 suscipere.
1781 4256 1985 4311 Glossm
2014 4277 2026 4311 :
2060 4258 2164 4314 Sa-

566 4340 879 4403 crumentum
999 4323 1144 4403 ὂρκρς
1187 4323 1868 4403 στρατινιιτικὸς.-νμΕι.ΜΕΜῐ.
1884 4356 1969 4403 ἀ·-
1986 4329 2163 4384 lleral-

565 4398 670 4453 dus
698 4407 845 4465 putat
869 4438 884 4462 ,
933 4395 1229 4451 Arnobium
1256 4395 1377 4449 'lioc
1404 4398 1521 4449 loco
1550 4398 1791 4453 alludere
1830 4400 1896 4453 ad
1931 4417 2156 4465 morem,

2253 3132 2366 3207 sius
2408 3130 2701 3207 Halicarn.,
2751 3130 2843 3207 lib.
2895 3146 2959 3207 xi
2999 3148 3011 3183 :
3052 3130 3121 3207 ‘0‘
3156 3135 3529 3206 στρατιωτικὸς
3570 3130 3717 3207 ὅρκος
3744 3173 3759 3191 .
3806 3130 3868 3186 ὃν

2254 3201 2491 3286 ᾲπὸςνττίιν
2537 3203 2759 3286 paritem
2802 3199 3077 3286 ξμπεδῶσι.
3109 3199 3360 3286 ζΡωξὶαῖοι,
3403 3212 3514 3286 rei;
3550 3199 3870 3286 σέρριτῖηοίς

2255 3272 2770 3347 ᾁριολοηθεῑνήκελξηᾷει,
2804 3272 2919 3328 ὅποι
2956 3273 3077 3329 ποτ’
3102 3272 3166 3347 ᾖν
3197 3272 3410 3347 ἄγωσιν.
3444 3274 3560 3330 Huc
3589 3272 3870 3330 a‘tludebat

2256 3344 2527 3413 Horatius,
2557 3359 2595 3399 ιι
2619 3345 2719 3399 0d.
2756 3360 2886 3411 xvu,
2920 3359 3062 3400 vers.
3094 3344 3128 3400 9
3155 3355 3210 3399 et
3236 3344 3389 3416 seqq.
3419 3361 3433 3398 :

2511 3496 2523 3509 .
2563 3496 2574 3507 .
2616 3497 2628 3509 .
2667 3498 2679 3510 .
2718 3494 2731 3507 .
2775 3498 2787 3509 .
2821 3457 2928 3509 Non
2953 3472 3049 3521 ego
3073 3458 3313 3521 perﬁdum

2504 3522 2621 3571 Dixi
2645 3530 3006 3571 sacramentum
3026 3521 3225 3581 ibimus,
3249 3522 3450 3583 ibimus,

2510 3584 2787 3647 Utcumque
2813 3583 3087 3646 praecedes,
3102 3597 3389 3646 supremum

2570 3645 2905 3710 Carperejter
2926 3647 3136 3696 comites
3151 3645 3330 3710 parati.

3512 3722 3739 3785 Harum.

2334 3813 2627 3878 Saturnus;
2648 3814 2833 3885 inquit,
2858 3824 2904 3868 et
2923 3814 3111 3868 Janus.
3138 3813 3334 3886 Inquit,
3359 3814 3476 3869 scil.
3496 3818 3866 3883 adversarius,

2260 3903 2419 3957 quem
2445 3888 2543 3939 sibi
2574 3901 2793 3940 causam
2820 3887 3095 3956 gentilium
3120 3902 3281 3957 agere
3311 3886 3541 3957 tingebat
3568 3887 3862 3942 Αιιιηὺίιιε.

2263 3957 2395 4012 Vide
2426 3973 2585 4026 supra
2631 3958 2696 4010 ad
2742 3957 2836 4011 lib.
2868 3973 2920 4020 ι,
2950 3972 3069 4026 cap.
3100 3958 3135 4011 5
3159 3967 3214 4012 et
3239 3958 3311 4013 54
3334 3999 3348 4021 ,
3382 3961 3577 4027 quibus
3604 3959 3705 4014 lioc
3735 3961 3861 4013 loco

2260 4029 2461 4083 addere
2492 4029 2665 4092 liceat,
2695 4043 2814 4098 quae
2845 4043 3053 4083 mecum
3090 4029 3507 4083 enmniuuicavit
3536 4030 3613 4083 vir
3637 4030 3860 4084 amicis-

2262 4100 2430 4155 simus
2454 4099 2567 4153 .lac.
2600 4099 2908 4154 chsuerus
2932 4116 2943 4150 :
2975 4098 3187 4154 lleraltli
3216 4100 3662 4165 observationem,
3691 4101 3863 4162 inquit

2262 4186 2359 4239 pro
2386 4171 2641 4239 inquiunt,
2676 4180 2869 4239 praeter
2896 4169 3109 4224 Ernest.
3139 4172 3283 4225 Clav.
3312 4168 3427 4225 Cie.
3454 4171 3712 4225 illustrant
3741 4171 3867 4227 haec

2265 4242 2526 4296 Beuteleii
2556 4241 2622 4295 ad
2655 4242 2861 4303 llorat.,
2889 4256 2927 4313 ι.
2958 4256 3122 4296 serm.
3157 4257 3228 4306 tv,
3260 4242 3327 4296 79
3355 4260 3367 4295 :
3395 4240 3568 4313 lnqnit
3599 4254 3867 4311 perpetua

2264 4313 2432 4367 forma
2463 4325 2565 4384 est.
2599 4313 2685 4365 ubi
2715 4311 2913 4384 aliquid
2957 4328 3021 4367 ex
3050 4314 3280 4367 adverso
3306 4311 3648 4383 nobis'objici
3687 4325 3743 4367 et
3768 4329 3872 4384 op-

2265 4385 2387 4453 poni
2419 4383 2688 4452 liugimns,
2718 4384 2831 4437 sive
2860 4383 2911 4437 id
2943 4383 3010 4437 ab
3042 4400 3147 4453 uno
3171 4426 3186 4447 ,
3220 4399 3315 4438 seu
3357 4384 3630 4453 pluribus,
3660 4385 3773 4439 sive
3796 4383 3869 4442 ab

564 4448 994 4537 ἱιῖῐυτρὺἧὲεὲηῐί
1012 4448 1213 4521 iunias
1236 4509 1250 4530 ,
1278 4448 1370 4521 in
1393 4448 1511 4521 hoc
1527 4448 2161 4537 ρξίέίὸἰὶιῖιιῖῑιηἾεᾘιῖέὲἰ
2186 4448 2241 4508 D
2265 4448 2621 4537 ἐιιιξειιιίξῖεειι
2644 4463 2909 4537 pressique
2934 4456 3046 4537 tiat-
3065 4448 3419 4537 Situililerjil,
3438 4458 3521 4522 (ιιι
3536 4459 3867 4537 srwc-gwé)

567 4547 746 4594 cratos
774 4549 829 4611 et
864 4537 1088 4611 domitos
1115 4551 1175 4591 se
1216 4537 1513 4602 discerent,
1553 4555 1671 4607 qua:
1702 4550 1842 4594 noue
1868 4546 2018 4611 quasi
2050 4559 2161 4599 tne-

568 4610 843 4664 moracula
873 4608 1117 4678 qua-dam
1163 4620 1316 4680 erant
1353 4611 1673 4680 sacr:_mwuti
1706 4608 1991 4680 militaris,
2024 4625 2080 4667 ut
2109 4616 2160 4668 in

568 4680 844 4751 mySIeriis
882 4680 1042 4733 etiam
1076 4678 1705 4752 inmaculisquibusdam
1745 4678 2094 4752 sigiiobintur
2119 4687 2163 4740 οἱ

569 4749 878 4825 μεμνημένῳ
898 4790 914 4812 .
947 4749 1470 4825 quod_spltragitit_las_
1494 4752 1724 4825 accipere
1764 4749 1889 4808 dicit
1923 4755 2165 4811 Pruden-

573 4820 700 4890 tius,
726 4820 780 4895 in
806 4821 1061 4895 Mat-tyrio
1088 4820 1336 4875 Romani.
1368 4821 1474 4876 Sed
1506 4820 1625 4878 vide
1652 4840 1813 4895 supra
1833 4866 1847 4891 ,
1878 4826 1946 4881 ad
1979 4827 2070 4883 lib.
2098 4844 2159 4893 ιι,

568 4907 686 4963 cap.
722 4892 775 4949 5.
808 4894 1007 4948 υιιειι..

642 4963 863 5019 Devotus
900 4963 1080 5018 etenim
1121 4973 1327 5018 mentes.
1372 4963 1613 5032 Pi-Oprie.
1659 4966 1789 5021 Nam
1830 4969 2167 5025 devovebant

569 5049 633 5089 se
657 5037 872 5098 milites,
908 5050 1074 5105 seque
1102 5046 1245 5105 tctos
1273 5035 1581 5104 rt-ipttlilica:
1610 5049 1701 5093 aut
1743 5039 1939 5094 Caesari
1976 5057 2167 5097 conse-

570 5106 814 5182 crabant.
871 5104 1403 5182 Vegetiustlurannt
1441 5115 1612 5161 autem
1653 5126 1744 5179 per
1785 5109 1951 5164 Deum
1990 5123 2035 5164 et
2075 5128 2167 5182 per

571 5177 829 5253 gliristum
855 5186 900 5253 et
930 5193 1021 5247 per
1051 5176 1302 5253 Spiritum
1331 5177 1578 5253 Sanctum
1603 5221 1618 5246 ,
1654 5176 1705 5233 et
1736 5197 1823 5253 per
1850 5176 2165 5253 majestaient

570 5247 895 5317 imperatoris
914 5290 928 5314 ,
969 5263 1084 5320 qua:
1106 5247 1382 5320 secundum
1422 5248 1583 5302 Deum
1610 5247 1780 5320 generi
1806 5247 2028 5308 humano
2055 5255 2166 5308 dili-

570 5320 736 5389 genda
765 5328 857 5378 est.
902 5328 952 5396 et
972 5319 1203 5371 colenda.
1242 5317 1381 5371 Nam
1420 5317 1714 5396 imperatori
1752 5340 1906 5396 quum
1950 5326 2167 5396 Augusti

571 5404 756 5464 nomen
782 5389 973 5457 accepit
1000 5397 1256 5464 tamquam
1288 5392 1522 5464 prtesenti
1546 5403 1591 5445 et
1618 5389 1869 5457 corporali
1906 5397 2009 5450 Deo
2031 5389 2166 5464 "ﬁde-

572 5459 639 5513 lis
657 5471 730 5538 est
757 5458 1271 5538 privstanda_t_l_evotio
1290 5502 1316 5538 ,_
1352 5470 1411 5538 et
1428 5463 1795 5538 impendendus
1834 5458 2049 5538 pervigil
2085 5472 2166 5536 fa-

573 5531 815 5584 mulatus.
847 5532 1024 5596 Quare
1063 5530 1137 5583 illi
1179 5530 1318 5601 apud
1357 5533 1576 5586 dioneui
1619 5535 1711 5589 lib.
1756 5530 1867 5591 Llll.
1908 5530 1995 5593 σοῖ
2025 5530 2166 5593 καδο-

574 5603 817 5675 σιὼμεθα.
868 5601 999 5656 Nam
1029 5601 1267 5655 devovere
1293 5610 1375 5656 est
1398 5606 1687 5670 καθοσιοῦν,
1735 5618 1792 5661 ιιι
1839 5619 1982 5662 recte
2012 5626 2167 5664 inier-

571 5674 854 5762 pret_antpr
880 5682 1092 5762 veteres
1117 5674 1675 5762 glossmg-llsastoz-l:
1700 5675 1855 5762 gout:
1892 5678 2165 5762 L'i‘j_is.,_.ail

581 5740 746 5800 Tacit.
777 5744 916 5801 Ann.
947 5783 964 5815 ,
994 5743 1031 5801 Ι.
1064 5740 1172 5817 xv,
1220 5760 1269 5802 c.
1301 5745 1389 5816 67,
1424 5761 1543 5820 pag.
1591 5746 1746 5805 1005.
1792 5748 1878 5806 ed.
1920 5740 2160 5809 Uberlin.

2264 4525 2539 4579 indelluite
2569 4528 2747 4593 posuit
2778 4526 2916 4579 idem
2968 4526 3216 4580 lloratius
3244 4542 3292 4592 ι,
3322 4524 3494 4595 Epist.
3530 4524 3616 4580 iis
3643 4569 3657 4591 ,
3686 4524 3801 4593 65).
3844 4524 3864 4580 ἱ

2264 4595 2483 4650 Frustra
2518 4596 2695 4665 itaque
2731 4596 3087 4650 sollicitarnut
3127 4597 3270 4651 hunc
3313 4600 3486 4651 locum
3532 4597 3686 4654 Fulv.
3721 4598 3874 4654 Ursi-

2266 4684 2364 4722 nus
2392 4681 2438 4723 et
2469 4666 2552 4721 Jo.
2586 4666 2894 4737 Sebeﬂ'vrus
2923 4666 3394 4737 Argentoratensis
3425 4670 3476 4722 in
3508 4668 3872 4725 Adversario-

2264 4754 2381 4813 rum
2424 4739 2563 4813 libro
2595 4740 2796 4813 inserto
2830 4736 3257 4813 AObss.’Miscell.
3291 4739 3449 4807 Crit.,
3484 4741 3591 4795 vol.
3620 4756 3697 4808 ix,
3740 4758 3867 4813 pag.

2265 4809 2391 4871 165.
2423 4809 2524 4877 legi
2557 4811 2800 4864 volentes
2825 4810 3078 4872 inquiunt.
3120 4811 3322 4866 Οιιειι..

2336 4880 2672 4948 Αίεεηιαρὶιιε
2700 4892 2850 4948 atque
2890 4882 2982 4933 alii
3027 4891 3216 4935 cnteri.
3262 4884 3334 4935 lta
3376 4882 3718 4938 scribendum
3768 4900 3874 4951 pro

2264 4952 2355 5005 alii
2386 4962 2431 5024 et
2452 4953 2619 5024 cteteri
2648 4951 2734 5022 (ex
2756 4951 3134 5024 emendatione
3162 4953 3423 5024 Meursii).
3456 4954 3556 5007 Alii
3585 4957 3757 5009 ueteri
3781 4965 3877 5011 est

2266 5022 2571 5096 Arnobiana
2601 5024 2826 5096 phrasis.
2879 5022 3153 5096 lnlraﬁlib.
3184 5039 3235 5077 Vl
3257 5064 3273 5089 ,
3304 5022 3424 5096 cap.
3460 5026 3521 5079 ll
3553 5043 3567 5076 :
3593 5026 3879 5094 Suffragi-

2266 5110 2372 5155 nes.
2407 5094 2569 5157 talos,
2614 5095 2935 5164 membraque
2976 5095 3080 5148 alia
3126 5104 3307 5148 cratera
3331 5094 3385 5167 ei
3410 5098 3635 5167 lignum,
3665 5099 3879 5164 lapides

2266 5175 2416 5235 atque
2443 5181 2578 5229 Ossa,
2612 5182 2788 5236 resque
2811 5166 2949 5238 alias
2965 5176 3203 5233 crateras,
3234 5166 3413 5236 quibus
3448 5166 3594 5238 signa
3621 5180 3883 5225 consueta

2267 5247 2405 5297 sunt.
2432 5247 2480 5289 et
2511 5240 2775 5290 numinum
2798 5237 3073 5290 simulacra
3100 5249 3351 5291 constare.
3385 5237 3881 5295 tinuum—Cani.

2267 5307 2633 5380 pudendorp.,
2663 5307 2729 5361 ad
2774 5308 3013 5380 Apidei.,
3052 5308 3175 5362 Met.
3210 5324 3280 5363 vn
3306 5350 3320 5372 ,
3356 5324 3474 5380 pag.
3519 5311 3648 5364 «£89.
3685 5309 3887 5367 Editio

2267 5377 2435 5447 Lugd.
2471 5378 2584 5432 But.
2620 5380 2773 5432 habet
2803 5377 3180 5447 z’xEsculapius
3209 5389 3254 5434 et
3280 5377 3469 5434 ceteri.
3511 5382 3718 5435 Οιιειι..

2338 5448 2727 5525 (ian/ingerens,
2784 5466 2879 5517 pro
2916 5451 3311 5525 conﬁnxissetis.
3358 5452 3430 5505 De
3480 5453 3893 5525 baclinnllage

2267 5521 2619 5587 scriptoribus
2649 5524 2763 5573 istis
2791 5526 2981 5575 usitata
3004 5533 3159 5576 antea
3184 5522 3517 5578 dicebamus.
3547 5521 3895 5579 HERALD.;-

2271 5591 2402 5648 Vide
2431 5607 2591 5660 supra
2620 5592 2688 5645 ad
2712 5593 2814 5645 lib.
2841 5608 2879 5655 ι,
2913 5607 3030 5663 cap.
3064 5593 3154 5649 54.
3197 5596 3399 5649 υκειι..

2343 5683 2471 5759 Quae
2508 5700 2612 5759 non
2656 5684 2808 5738 modo
2839 5685 3047 5759 illorum
3090 5684 3379 5759 polluerent
3403 5688 3738 5759 dignitatem,
3782 5693 3898 5747 sed

2268 5754 2476 5810 minime
2501 5756 2617 5811 illos
2654 5771 2764 5811 esse
2789 5754 3119 5827 qualitatibus
3154 5754 3537 5830 comprobarcnt
3581 5754 3896 5833 adjunclis.
