4258 6250
629 409 737 465 947

1718 409 1998 467 ARNOBII
2038 408 2410 469 ADVERSUS
2447 409 2719 467 GENTES

3826 411 3936 468 958

630 525 811 591 minata,
843 521 1091 593 insignita
1121 535 1242 577 esse
1267 522 1482 591 generis
1521 520 1884 579 distinctione.
1918 522 2050 591 Quis
2080 523 2222 579 enim
2252 527 2301 586 A
2329 522 2794 579 innumerabilitas
2813 523 3243 595 ampliatur;aut
3263 522 3307 578 si
3332 521 3659 580 obscmnitas
3680 527 3934 594 coeundi,

629 618 715 675 vel
744 615 920 686 exigui
957 629 1152 671 sensus
1193 618 1366 671 nescit
1396 625 1735 672 terrenarum
1767 617 1836 673 ab
1864 616 1956 675 illo
1985 617 2230 673 animan-

628 708 765 765 tium
813 705 1093 763 conditore
1140 722 1250 763 non
1294 707 1398 763 alia
1441 708 1510 764 de
1559 724 1727 765 causa
1771 711 1985 781 generis
2030 710 2229 767 diversi

630 814 793 859 sexus
838 799 1116 856 institutos
1165 816 1311 870 esse,
1359 812 1519 874 atque
1560 803 1839 870 formatos,
1884 803 1984 859 nisi
2034 813 2091 859 ut
2136 819 2228 874 per

628 898 826 966 coitus,
869 906 924 953 et
962 898 1231 953 connubia
1263 912 1573 969 corporum,
1605 914 1694 955 res
1723 899 1922 955 caduca
1958 910 2010 955 et
2052 900 2229 956 labilis

631 990 994 1046 successionis
1023 997 1294 1061 perpetuae
1323 990 1666 1046 innovatione
1691 990 1946 1045 duraret?

699 1080 793 1136 IX.
840 1079 977 1148 Quid
1033 1096 1162 1151 ergo
1214 1081 1496 1136 dicemus?
1543 1081 1676 1137 deos
1727 1080 2047 1152 procreare?
2097 1080 2230 1137 deos

630 1174 824 1230 nasci?
854 1184 908 1228 et
928 1173 1127 1230 idcirco
1148 1173 1356 1228 additas
1382 1175 1695 1245 genitalium
1724 1175 2084 1231 membrorum
2111 1190 2231 1246 par-

631 1279 736 1339 tes,
763 1280 819 1325 nt
842 1268 1091 1325 sufticere
1125 1267 1331 1341 prolem
1380 1279 1621 1340 possent,
1656 1277 1713 1324 et
1743 1284 1879 1324 nova
1902 1283 2114 1340 quaque
2140 1283 2232 1324 su-

628 1363 875 1421 boriente
904 1363 1120 1428 fastum,
1156 1363 1411 1432 quidquid
1435 1364 1582 1433 prior
1601 1372 1737 1418 setas
1757 1362 2098 1429 abstulisset,
2148 1377 2234 1417 re-

627 1456 800 1513 cidiva
824 1465 851 1494 τί
877 1454 1185 1511 subStitutio
1206 1455 1570 1527 subrogaret?
1600 1454 1744 1527 Ergo
1765 1455 1812 1509 si
1835 1454 1950 1511 haec
1985 1455 2052 1509 ita
2082 1463 2228 1523 sunt,

630 1547 683 1603 id
706 1555 809 1614 est,
834 1547 880 1603 si
906 1547 977 1603 dii
1011 1555 1301 1618 procreant
1325 1546 1542 1618 superi,
1575 1556 1629 1603 et
1654 1547 1698 1602 si
1724 1562 1820 1618 per
1842 1547 1940 1602 bas
1961 1547 2106 1619 leges
2133 1563 2231 1603 ex-

629 1640 915 1712 periuntur
941 1657 1001 1697 se
1026 1656 1211 1708 sexus,
1246 1651 1477 1714 suntque
1507 1641 1862 1710 immortales,
1891 1657 1990 1697 nec
2020 1641 2232 1713 frigori-

627 1732 732 1788 bus
760 1732 894 1787 liunt
922 1734 1217 1788 senectutis
1245 1732 1436 1797 ell'teti,
1469 1733 1713 1804 sequitur
1733 1741 1793 1787 ut
1820 1733 2053 1789 debeant
2073 1732 2231 1804 plena

625 1838 748 1880 esse
770 1824 874 1880 diis
901 1825 1082 1881 omnia
1114 1843 1127 1879 :
1173 1841 1350 1898 neque
1380 1826 1696 1883 innumeros
1724 1827 1898 1884 caelos
1926 1843 2114 1883 eorum
2141 1842 2230 1882 ca-

2335 617 2403 672 ita
2435 625 2493 671 ut
2514 616 2691 683 decet,
2719 616 2787 671 ab
2806 616 2910 672 diis
2938 616 3113 685 abest,
3141 632 3260 687 qua:
3286 630 3448 672 causa
3491 618 3739 690 ratioque
3776 635 3937 675 mon.

2334 707 2612 773 strabitur,
2635 722 2732 762 cur
2769 705 3005 779 insigniti
3033 707 3137 763 sint
3170 707 3253 763 bis
3282 707 3439 777 locis,
3467 709 3664 779 quibus
3688 724 3851 765 sexus
3876 726 3938 767 se

2334 801 2515 856 solent
2566 800 2843 856 libidinum
2887 804 3226 872 propriarum
3258 800 3719 859 admonitionibus
3748 818 3939 875 recog—

2335 892 2597 949 noscere?
2653 892 2837 963 Neque
2891 895 3035 949 enim
3085 893 3202 950 veri
3240 904 3325 950 est
3369 895 3545 951 simile
3599 894 3784 952 haberi
3818 897 3938 953 haec

2335 987 2555 1051 frustra,
2585 994 2677 1041 ant
2695 985 3049 1057 improvidam
3070 987 3120 1041 in
3146 986 3251 1041 illis
3268 1001 3433 1043 suave
3451 987 3682 1044 ludereb
3704 990 3939 1048 voluisse

2336 1091 2602 1147 naturam,
2641 1089 2698 1133 ut
2723 1095 2818 1135 eos
2865 1079 2948 1135 his
2989 1080 3229 1151 partibus
3255 1094 3537 1151 aggeraret
3562 1082 3759 1153 quibus
3783 1094 3939 1140 uten-

2335 1176 2460 1231 dum
2518 1192 2623 1230 non
2666 1185 2766 1230 cst.
2818 1175 2909 1232 Sic
2961 1185 3017 1230 ut
3062 1175 3205 1229 enim
3227 1176 3293 1229 ad
3318 1190 3446 1230 usus
3465 1185 3671 1245 certos,
3705 1166 3965 1244 manus;

2326 1268 2523 1342 pedes,
2547 1266 3041 1338 oculi,'c:eteraquc
3063 1267 3395 1322 constructio
3437 1258 3800 1324 membrorum
3830 1287 3937 1326 sua

2335 1375 2562 1431 qumque
2590 1360 2643 1417 in
2666 1359 2843 1414 ofﬁcia
2870 1357 3158 1414 constituta
3188 1366 3291 1422 est,
3323 1360 3394 1413 ita
3427 1360 3678 1414 convenit
3702 1360 3942 1417 credere

2336 1457 2389 1512 in
2416 1456 2497 1511 sui
2525 1453 2761 1510 muneris
2801 1452 3131 1509 iunctionem
3172 1463 3511 1522 comparatas
3532 1468 3652 1509 esse
3681 1453 3781 1509 bas
3811 1470 3943 1525 par-

2338 1558 2420 1605 tes
2452 1542 2591 1605 :'aut
2617 1546 2981 1603 confitendum
3009 1554 3094 1600 est
3130 1546 3184 1600 in
3224 1544 3447 1600 deorum
3475 1545 3794 1618 corporibus
3815 1563 3943 1605 esse

2335 1643 2537 1716 aliquid
2563 1658 2812 1707 vacuum,
2832 1641 2973 1714 quod
2998 1641 3070 1697 sit
3090 1644 3286 1696 frustra
3314 1650 3476 1713 atque
3502 1642 3735 1698 inaniter
3761 1641 3933 1700 fabri-

2336 1746 2535 1794 catum.

2407 1830 2475 1886 Χ.
2508 1828 2644 1898 Quid
2667 1826 2842 1884 dicitis
2863 1870 2878 1898 ,
2901 1842 2935 1883 o
2963 1826 3131 1883 sancti
3160 1832 3324 1898 atque
3363 1827 3629 1903 impolluti
3669 1828 3941 1886 antistites

625 1930 757 1986 pere
786 1916 1186 1973 multitudinem
1221 1932 1419 1989 posse:
1453 1918 1718 1988 siquidem
1746 1927 1801 1974 et
1827 1918 1927 1990 ipsi
1968 1926 2227 1990 perpetuo
2256 1923 2305 1983 B
2331 1923 2688 1999 religionum?
2739 1923 2947 1981 Habent
2992 1936 3123 1992 ergo
3163 1920 3237 1975 dii
3291 1935 3455 1977 sexus
3478 1963 3495 1991 ,
3523 1931 3582 1977 et
3621 1922 3937 1994 genitalium

621 2019 902 2081 generant,
928 2019 983 2067 et
1009 2026 1103 2082 per
1129 2011 1344 2068 soboles
1366 2011 1613 2070 sobolnm
1641 2012 1989 2084 multiplicata
2011 2026 2228 2082 semper

2331 2020 2698 2076 membrorum
2737 2015 3121 2074 circumferunt
3172 2012 3443 2072 fteditates
3465 2058 3480 2084 ,
3508 2031 3644 2093 quas
3671 2017 3831 2078 etiam
3864 2033 3936 2079 ex

1838 2143 2133 2201 LECTlON
2140 2143 2222 2200 ES
2258 2135 2676 2200 VABIANTES.

705 2258 734 2290 ³
766 2255 1005 2309 Redivlva
1035 2255 1181 2309 Fulv.
1214 2256 1359 2309 male.

2397 2254 2427 2294 ιι
2467 2250 2660 2302 Lucere
2692 2243 2797 2299 alii.

1985 2357 2557 2424 COMMENTARIUS.

619 2483 863 2555 insignito
878 2498 1011 2555 Aesse
1036 2482 1235 2555 generis
1261 2482 1603 2555 distinctione.
1650 2481 1776 2537 Haec
1814 2480 2067 2555 cst_Cod.
2110 2495 2213 2555 ms.

621 2551 784 2610 lectio
811 2569 839 2607 a
869 2551 1055 2608 Fulvio
1085 2552 1560 2623 Ursinotlefensa,
1589 2568 1750 2623 quam
1782 2552 1965 2609 nescio
2004 2567 2105 2621 qua
2146 2551 2216 2623 de

622 2639 785 2680 causa
825 2634 1166 2678 mutaverunt
1210 2622 1317 2677 alii.
1352 2622 1619 2679 Gelenius
1645 2633 1701 2678 et
1725 2626 1906 2678 caeteri
1947 2638 2116 2692 usque
2145 2622 2215 2675 ad

626 2696 950 2767 Salmasium
987 2696 1073 2767 :si
1103 2705 1221 2767 sunt
1248 2710 1412 2747 mares
1442 2711 1502 2767 ac
1531 2695 1736 2767 femina:
1762 2696 1807 2748 vi
1838 2693 2126 2767 signiﬁcata
2152 2709 2216 2767 eo:

619 2783 862 2838 generum
900 2766 1250 2829 distinctione,
1294 2780 1453 2838 quam
1493 2765 1779 2838 lectionem
1809 2772 1991 2838 tuetur
2023 2765 2213 2838 lleral-

620 2834 749 2905 dus,
798 2848 1023 2907 putans,
1067 2838 1362 2907 Arnobium
1404 2834 1507 2890 hoc
1547 2836 1727 2907 dicere
1769 2835 2034 2907 voluisse:
2078 2834 2210 2888 Nam

621 2905 843 2964 necesse
884 2920 996 2974 est,
1039 2907 1085 2961 si
1124 2917 1248 2960 sunt
1275 2906 1348 2960 dii
1381 2922 1559 2961 mares
1587 2915 1643 2960 et
1693 2905 1940 2971 feminae,
1985 2906 2213 2960 deorum

620 2996 742 3035 esse
781 2993 1008 3050 corpora
1029 3019 1045 3045 ,
1080 2978 1207 3050 hinc
1234 2977 1531 3050 significata
1559 2988 1612 3031 et
1640 2980 2055 3050 demonstrata,
2090 2974 2214 3050 quia

622 3046 1024 3104 constituuntur
1072 3046 1303 3104 diversa
1330 3049 1555 3101 deorum
1596 3061 1828 3117 genera,
1858 3047 1973 3101 sive
2009 3046 2215 3101 diversi

620 3136 801 3175 sexus.
836 3119 1108 3176 Stewecli.
1139 3119 1401 3184 c0ujccit:
1441 3118 1580 3170 Nam
1611 3134 1718 3171 esse
1745 3133 1944 3171 necesse
1982 3128 2053 3170 est
2094 3133 2211 3170 cor-

621 3207 781 3261 pora,
831 3192 872 3244 si
925 3201 1055 3261 sunt
1096 3167 1259 3261 mare;
1304 3191 1643 3261 ac__femina:,
1689 3189 1937 3257 insignito
1980 3204 2220 3261 generant
2248 3167 2293 3230 Ο

618 3258 980 3329 disjunctione.
1013 3259 1275 3315 Meursius
1304 3279 1316 3313 :
1349 3258 1489 3312 Nam
1522 3275 1723 3313 necesse
1752 3271 1825 3312 est
1851 3301 1866 3328 ,
1895 3275 2112 3328 corpora
2131 3300 2145 3323 ,
2178 3259 2222 3313 si

622 3342 743 3387 sunt
789 3349 955 3385 mares
985 3347 1045 3384 ac
1075 3333 1278 3402 femina:
1306 3332 1413 3394 dii,
1449 3331 1777 3401 signiﬁcata,
1810 3341 2108 3402 ete.gquam
2143 3339 2251 3382 tan

621 3418 742 3456 men
780 3400 1144 3469 conjecturam
1181 3402 1294 3470 ipse
1326 3400 1580 3456 retractat
1612 3402 1664 3455 in
1691 3400 2006 3469 Appendice
2036 3403 2223 3469 legens

619 3474 720 3527 sint
746 3474 1059 3544 signi/irata.
1112 3473 1299 3526 Editur
1329 3472 1747 3544 tandetnLugd.
1782 3472 1898 3525 But.
1924 3472 2022 3544 :gin
2052 3472 2217 3544 signi-

625 3542 921 3611 ﬁcatu'esse
950 3545 1148 3614 generis
1179 3542 1813 3612 distinctione.Equidem
1846 3542 1980 3596 Cod.
2008 3557 2108 3595 ins.
2145 3542 2223 3596 le-

618 3616 855 3685 ctionem
887 3623 1161 3685 tamquam
1193 3615 1649 3685 simplicissimum
1678 3623 1731 3685 et
1752 3614 2012 3685 Optimam
2041 3615 2221 3685 omni-

618 3684 716 3738 bus
748 3685 974 3755 praefero
993 3683 1277 3757 {insignito
1302 3683 1415 3738 esse
1443 3685 1644 3757 generis
1677 3683 2004 3757 disclintione
2023 3725 2037 3745 ,
2065 3684 2114 3737 id
2139 3695 2223 3739 est

617 3751 861 3826 partibus
887 3757 990 3826 illis
1008 3798 1023 3823 ,
1051 3751 1246 3826 quibus
1271 3751 1838 3826 genus'distinguitur.
1870 3751 2075 3809 Οιιειι..

690 3771 861 3811 rubus
887 3771 1023 3823 IIIIS,
1092 3771 1246 3811 tllDllS
1271 3771 1443 3824 genus
1469 3771 1838 3825 distinguitur.
1870 3771 2075 3809 υιιειι..

690 3771 1220 3953 1%‘:elgtsu%icere
1246 3827 1443 3897 prolem
1471 3828 1692 3898 possint.
1729 3825 1977 3897 Virgilius
2017 3826 2218 3895 Georg.

594 3912 713 3965 ιιι,
743 3912 813 3953 ω
843 3912 962 3969 seq.
989 3915 1002 3951 :

742 4013 889 4079 Solve
906 4025 1089 4079 mares,
1106 4016 1248 4079 mitte
1266 4015 1314 4064 in
1341 4013 1591 4079 Venerem
1617 4018 1848 4079 pecuaria
1873 4015 2063 4079 primus

744 4075 908 4140 Atque
929 4076 1074 4127 aliam
1097 4090 1159 4128 ex
1184 4076 1279 4127 alia
1296 4078 1584 4140 generando
1600 4075 1768 4128 sutlice
1793 4075 2003 4141 prolem.

627 4178 910 4236 Lucretius
926 4222 941 4246 ,
971 4180 1064 4236 lib.
1089 4197 1176 4249 ιιι,
1204 4196 1347 4238 vers.
1376 4181 1507 4237 704:

1164 4295 1322 4347 Aliam
1346 4305 1570 4347 naturam
1590 4296 1770 4351 sullicit
1786 4309 1853 4349 ex
1875 4308 1952 4347 se.

619 4396 879 4475 Apuleius
901 4401 1155 4475 Floridis,
1179 4417 1298 4473 pag.
1320 4403 1665 4459 79.Homines
1687 4404 1907 4459 vissicim
1928 4403 2222 4475 sufﬁciendo

615 4471 761 4539 prole
788 4471 1079 4527 mutabiles.
1117 4471 1373 4528 usuusu.

690 4538 758 4617 Et
798 4556 930 4617 nova
970 4559 1170 4615 quoque
1208 4545 1496 4617 suboriente
1521 4547 1766 4617 fictura.
1786 4547 1859 4601 Ita
1890 4548 2095 4615 optime
2125 4545 2217 4601 El-
2244 4556 2299 4617 Ι)

616 4610 1021 4679 ηιειιΙιοιδειίιιέ,
1073 4610 1127 4669 et
1165 4615 1253 4669 ed.
1300 4614 1473 4686 Lugd.
1521 4610 1639 4669 Bal.
1668 4615 1806 4670 Alii:
1836 4610 1967 4688 novo
1993 4633 2209 4688 quoque.

1870 4686 2075 4742 ORELL.

686 4752 935 4828 Recidiva
966 4754 1296 4828 ‘substitutio.
1346 4756 1541 4828 Papias
1567 4776 1580 4809 :
1635 4756 1876 4813 Recidivo
1902 4798 1915 4812 .
1944 4798 1958 4813 .
1984 4798 1998 4813 .
2029 4761 2219 4814 iterum

611 4826 898 4897 nascentia.
958 4825 1216 4895 Servius,
1263 4829 1328 4882 ad
1376 4825 1437 4882 ιγ’
1474 4828 1717 4895 ᾸΞιιεξίιΙ.ν
1768 4830 1895 4897 557,
1941 4839 1991 4885 et
2042 4830 2134 4886 lib.
2184 4847 2217 4886 ι

609 4893 851 4972 :Eueid_,
882 4913 1024 4972 vers.
1054 4896 1124 4952 54
1147 4940 1161 4963 ,
1193 4893 1387 4954 Verba:
1417 4893 1761 4972 Recidivoque
1796 4893 2052 4972 Pergama
2076 4917 2218 4971 qua:-

610 4976 751 5021 runt.
786 4967 1087 5039 Recidivum
1127 4980 1201 5023 est
1227 5011 1241 5032 ,
1287 4970 1426 5039 quod
1452 4967 1687 5026 excisum
1706 4973 1874 5026 denuo
1900 4967 2145 5027 'noscitur
2170 4983 2217 5028 et

611 5038 918 5108 repullulat.
950 5038 1307 5109 Prudentius,
1329 5043 1419 5096 lib.
1445 5057 1483 5098 ιι
1502 5085 1515 5107 .
1534 5053 1719 5097 contra
1748 5042 2035 5112 Symaclt.:

737 5152 927 5217 Gignit,
949 5154 1052 5216 alit,
1077 5159 1277 5218 reparat
1298 5156 1618 5219 recidivaque
1641 5156 1829 5206 semina
1853 5160 2040 5206 servat.

616 5255 815 5312 Auctor
841 5254 1109 5312 Carminis
1135 5257 1203 5314 de
1232 5258 1466 5315 Sodoma
1492 5259 1634 5331 apud
1664 5258 1992 5332 Cyprianum
2016 5278 2027 5314 :

736 5367 1077 5434 Sed‘recidirva
1097 5370 1347 5421 hominum
1364 5372 1550 5434 pariter
1569 5384 1681 5434 cum
1697 5378 1851 5433 gente
1871 5372 2089 5423 secunda

733 5428 984 5494 Impietas,
1011 5433 1294 5497 iterumque
1320 5428 1434 5482 m'ali
1454 5446 1578 5484 nova
1598 5428 1803 5498 pullulat
1825 5440 1969 5485 aetas.

604 5534 694 5588 Sic
731 5536 1013 5619 recidivum
1056 5554 1268 5619 αηιιιιιιι⁸
1287 5539 1523 5619 appellat
1553 5540 1917 5619 Tertullianns
1948 5541 2213 5619 παλίνδρο-

641 5627 729 5672 ον,
772 5622 930 5677 quem
971 5610 1191 5665 ἐνιαυτὸν
1230 5608 1407 5667 Grseei
1452 5608 1574 5665 ideo
1615 5611 1822 5665 dicunt.
1871 5608 2216 5670 Esuunu.'et

651 5693 910 5732 ERALDUS.
936 5682 1165 5737 —-Hinc
1211 5698 1405 5737 nomen
1447 5682 1759 5737 recidioatus
1800 5680 2055 5736 formavit
2080 5682 2216 5738 Ter-

600 5749 861 5822 tullianus
899 5750 967 5822 de
1000 5750 1419 5808 Resurrectione
1449 5752 1630 5808 carnis
1658 5766 1775 5822 cap.
1809 5767 1827 5805 ι
1862 5769 1875 5805 :
1910 5749 2057 5807 Certe
2081 5757 2213 5809 reci-

600 5816 827 5896 divoturn
857 5821 1044 5896 animi:
1085 5824 1407 5896 corporalem
1438 5816 1947 5896 prwnuntiaverunt,
1988 5833 2043 5878 ct
2083 5839 2205 5896 cap.

599 5896 739 5938 an:
779 5884 1111 5943 Reetdivatus
1151 5884 1367 5945 Iudaici
1405 5884 1571 5950 slatus
1606 5894 1670 5949 de
1706 5884 2127 5964 recorporotione
2150 5884 2206 5951 'et

2321 2474 2693 2546 reodunatione
2729 2471 3236 2546 ossiunt__ﬁgurotur.
3286 2468 3424 2546 νιδέ
3445 2470 3813 2546 Lindenbrog.
3855 2478 3925 2534 ad

2324 2546 2514 2601 Muret.
2545 2548 2597 2599 in
2627 2544 2891 2598 Catalect.
2925 2540 3141 2610 Virgil.,
3171 2556 3293 2613 pag.
3324 2543 3449 2597 503.
3479 2545 3683 2603 υιιιιιι..

2397 2617 2459 2675 Si
2488 2632 2579 2689 per
2605 2617 2698 2689 Itos
2726 2615 2859 2683 leges
2885 2613 3218 2689 experiuntur
3244 2629 3297 2666 se
3323 2630 3496 2689 secus.
3531 2614 3700 2689 Sestus
3728 2627 3813 2673 est
3841 2635 3934 2674 ca-

2323 2705 2416 2743 sus
2441 2684 2711 2760 secundus
2737 2695 2792 2760 et
2816 2684 3347 2760 conjitugend.__cn_m
3393 2686 3718 2760 legesaSed‘
3750 2693 3923 2760 magis

2322 2762 2497 2829 placet
2521 2757 2829 2831 emendatio
2857 2754 3069 2809 Heraldi
3102 2756 3153 2808 in
3176 2754 3333 2831 (Euris
3361 2754 3642 2813 secundis:
3675 2758 3741 2813 Et
3765 2754 3928 2831 super
3960 2786 3961 2789 η

2324 2826 2419 2886 hoc
2450 2831 2583 2902 leges
2611 2828 2943 2899 experiuntur
2973 2841 3145 2879 sexus.
3179 2826 3387 2880 Οιιειι.

2400 2922 2667 2992 Siquidem
2712 2929 2757 2973 et
2802 2918 2903 2988 ipsi
2948 2926 3494 2992 perpetqugenerant.
3533 2918 3602 2992 Ita
3632 2919 3928 2992 Meursius,

2326 2988 2677 3063 sequentibus
2719 2992 2951 3045 czeteris.
2988 2990 3168 3063 Antea
3207 2988 3514 3063 legebatur:
3567 2990 3834 3057 Siquidem
3883 2988 3933 3051 et

2324 3058 2429 3135 ipsi
2446 3066 2490 3117 si
2514 3072 2761 3133 perpetuo
2783 3068 3046 3135 generant.
3066 3058 3169 3135 Sed
3183 3060 3231 3135 si
3254 3074 3481 3135 sensum
3499 3064 3695 3135 turbat.
3720 3065 3925 3123 Οιιειι..

2395 3130 2522 3190 (ἔην’
2544 3130 2793 3202 ξηέἱρηίιϊ
2816 3132 2946 3203 sint
2975 3130 3053 3203 his
3095 3130 3240 3184 locis.
3283 3130 3438 3197 Quod
3473 3132 3561 3189 hic
3587 3136 3726 3189 locos
3750 3181 3764 3203 ,
3796 3138 3931 3192 intra

2329 3219 2502 3276 partes
2531 3206 2789 3275 appellat.
2815 3201 3072 3271 lntelligit
3099 3214 3280 3276 autem
3310 3217 3517 3276 reseas
3545 3221 3681 3272 quas
3705 3201 3931 3265 honeste

2328 3271 2617 3331 nominare
2661 3293 2766 3328 non
2827 3285 3133 3345 ptiSsumus.
3184 3271 3346 3335 Plin.,
3378 3272 3511 3327 llist.
3565 3271 3706 3339 ιιειι..
3742 3280 3834 3333 lib.
3867 3298 3921 3345 χ,

2329 3364 2449 3416 cap.
2473 3347 2576 3403 ὅτε
2613 3346 2767 3411 Quod
2795 3349 2848 3398 in
2878 3344 3082 3416 homine
3111 3342 3251 3416 loco:
3280 3345 3578 3412 appellant,
3604 3348 3701 3402 hoc
3724 3351 3777 3403 in
3807 3342 3929 3404 reli;

2329 3412 2443 3488 quis
2491 3417 2802 3472 animalibus
2849 3415 3069 3491 vulvam.
3118 3412 3255 3469 Vide
3299 3417 3374 3469 sis
3417 3426 3471 3468 et
3509 3416 3626 3491 alia
3657 3424 3929 3491 exempla,

2328 3486 2449 3554 quae
2476 3490 2529 3545 in
2558 3505 2617 3545 re
2659 3503 2859 3558 parum
2888 3486 3112 3539 lioneSta
3156 3498 3546 3555 congesserunt
3582 3486 3851 3549 Heraldus
3876 3486 3931 3549 et

2330 3556 2783 3617 Elmenliorstius.
2827 3556 3031 3613 ORELL.

2400 3652 2500 3705 Aut
2529 3649 2867 3719 improvidam
2898 3648 2953 3701 in
2995 3646 3101 3719 illis
3142 3663 3295 3701 suave
3320 3647 3499 3703 ludere
3526 3650 3751 3707 uoluisse
3778 3668 3928 3713 notu-

2330 3740 2459 3779 rom.
2506 3723 2580 3777 lta
2603 3718 2755 3777 edidi
2796 3735 2860 3773 ex
2901 3718 3280 3791 emendatione
3328 3720 3551 3791 editoris
3593 3722 3769 3791 Lugd.
3809 3726 3926 3781 Bal.

2328 3794 2462 3849 Cod.
2494 3812 2595 3847 tns.
2632 3812 2644 3847 :
2667 3792 2767 3846 Aut
2790 3789 3234 3861 improvidenlium
3260 3791 3311 3843 in
3339 3789 3444 3843 illis
3465 3808 3612 3846 suam
3637 3789 3818 3849 ludere
3844 3814 3930 3851 re-

2330 3868 2486 3920 luisse
2512 3876 2770 3919 naturam.
2800 3862 2903 3915 Sed
2936 3860 3131 3925 ludere,
3167 3861 3215 3915 id
3248 3872 3352 3922 est,
3386 3860 3621 3926 decipere
3648 3881 3796 3920 suam
3826 3870 3929 3922 im-

2328 3937 2673 4008 prudentiam,
2704 3935 2804 3989 Iioc
2844 3931 2965 4008 loco
2997 3933 3171 4008 locum
3205 3946 3309 4008 non
3338 3930 3535 4008 habet,
3569 3951 3735 4008 quare
3760 3937 3929 3994 cete-

2330 4002 2452 4062 iuius
2497 4013 2805 4063 correxerat
2846 4002 2993 4058 :Aut
3039 4002 3481 4072 improvidentiom
3520 4002 3721 4059 in’illis
3767 4024 3927 4064 suam

2329 4080 2495 4133 lucere
2536 4075 2755 4131 voluisse
2785 4082 3041 4129 naturam.
3077 4075 3339 4127 Meursius
3368 4091 3380 4126 ;
3419 4074 3518 4128 Aut
3545 4077 3927 4143 providentiam

2327 4150 2383 4204 in
2413 4151 2516 4204 illis
2543 4165 2687 4202 suam
2717 4146 2888 4200 ludere
2913 4145 3131 4199 voluisse
3158 4154 3414 4200 naturam.
3445 4145 3639 4201 Οιιειι..

2403 4221 2594 4288 Quibus
2621 4218 2862 4275 utendum
2893 4232 2994 4271 non
3030 4226 3125 4270 est.
3154 4213 3309 4270 Fulv.
3349 4216 3563 4274 Ursinus
3589 4235 3603 4272 ε
3630 4234 3733 4272 non
3763 4231 3926 4277 esset.

2327 4290 2440 4348 Non
2467 4293 2625 4347 male.
2652 4289 2855 4344 Οιιιειι..

2399 4383 2545 4440 Sicut
2575 4383 2707 4437 enim
2728 4422 2743 4448 ,
2788 4389 2884 4433 etc.
2918 4378 2992 4433 Ita
3034 4376 3395 4452 Stewecbius.
3440 4377 3611 4452 Antea
3642 4381 3930 4452 legebatur

2327 4455 2518 4510 vitiose
2543 4473 2555 4507 :
2589 4454 2694 4508 Sed
2724 4462 2776 4508 ut
2806 4451 2961 4515 enim,
2985 4459 3089 4503 ctc.
3112 4449 3255 4519 quod
3280 4452 3507 4505 fortasse
3532 4449 3740 4508 [luxit'e
3764 4457 3929 4510 Codi-

2325 4528 2400 4580 cis
2424 4526 2572 4594 Regii
2599 4524 2893 4594 scriptione
2936 4521 3113 4594 scient,
3140 4520 3297 4594 Aquod
3333 4521 3615 4594 antiquum
3640 4538 3738 4593 pro
3762 4526 3923 4594 sicut,

2325 4608 2380 4652 ut
2409 4590 2567 4652 docet
2595 4590 2735 4651 idem
2775 4591 3187 4666 Steweclti‘us‘in
3224 4590 3930 4666 QuicstionibusApuleia;

2321 4669 2425 4732 nis,
2458 4668 2550 4723 lib.
2584 4682 2641 4721 ιι.
2671 4665 2966 4721 Salinasius
2989 4661 3193 4717 edidit:
3221 4658 3288 4717 Ut
3313 4664 3467 4732 enim.
3497 4662 3699 4720 ORELL.

2392 4730 2461 4793 Χ.
2516 4768 2586 4780 -—
2638 4736 2900 4793 Antistites
2950 4734 3277 4805 religionum.
3334 4730 3390 4805 ld
3435 4746 3521 4789 est
3583 4737 3923 4796 sacerdotes.

2326 4810 2442 4880 Viti.
2473 4825 2635 4880 supra
2663 4810 2728 4863 ad
2763 4806 2853 4880 lib.
2881 4822 2918 4869 ι,
2956 4803 3084 4880 cap.
3117 4804 3207 4859 l7.
3255 4803 3737 4880 Logisibincitatis
3776 4810 3928 4866 adde

2319 4873 2729 4950 CornelfNepH
2757 4873 3048 4950 Lysaner
3079 4892 3196 4945 cap.
3230 4873 3371 4950 tit,_§
3401 4877 3474 4950 5_:
3506 4874 3616 4950 Hoc
3646 4896 3734 4947 spe
3764 4898 3932 4948 quum

2322 4956 2581 5023 profectus
2599 4944 2742 5018 esset,
2776 4944 2992 5003 multum
3013 4964 3129 5001 eum
3149 4944 3402 5002 antistiti»
3427 4944 3572 5073 long
3602 4944 3927 5018 fefellerant.

3566 5035 3720 5073 BELL.

3566 5035 3720 5074 RELL.

2394 5116 2535 5187 Quas
2564 5115 2714 5187 etiam
2744 5129 2807 5167 ea:
2826 5108 3323 5187 oribusmverecundis
3346 5109 3542 5187 infame
3566 5122 3640 5165 est
3679 5114 3791 5167 suis
3820 5132 3935 5187 ap-

2319 5186 2677 5258 pellationibus
2716 5198 2963 5253 promere.
3006 5181 3264 5236 Solebant
3301 5182 3443 5258 enim
3487 5192 3741 5258 veteres,
3787 5181 3939 5256 quas

2321 5252 2409 5312 res
2442 5258 2615 5327 pudor
2645 5252 2923 5310 nominare
2936 5263 3157 5327 _vetaret
3177 5291 3191 5319 ,
3238 5252 3318 5305 vel
3350 5252 3473 5307 aliis
3498 5253 3781 5327 vocabulis
3806 5252 3943 5313 ἰω-

2320 5322 2509 5394 nostis,
2543 5328 2691 5383 verbi
2722 5340 2903 5389 causa,
2927 5323 3278 5397 loca,_part_es,
3300 5338 3400 5388 res,
3430 5322 3512 5397 vel
3536 5336 3764 5380 venusta
3790 5345 3942 5397 qua-

2320 5400 2442 5454 dam
2504 5397 2983 5455 circumlocutione
3038 5394 3362 5462 significare.
3432 5393 3505 5448 lta
3558 5406 3744 5462 partes
3804 5393 3948 5458 illas

2319 5481 2643 5526 vocaverunt
2660 5468 2831 5524 Glauci
2872 5468 3216 5539 coniungam.
3239 5463 3400 5532 (Vide
3417 5467 3749 5522 Artctnidor.
3766 5470 3953 5528 Onei—

2320 5544 2532 5605 rocrit.,
2568 5542 2659 5597 lib.
2696 5556 2743 5603 ι,
2775 5554 2895 5605 cap.
2925 5536 2995 5591 47
3021 5536 3060 5605 ).
3096 5538 3268 5591 Latini
3307 5539 3610 5591 necessaria.
3642 5538 3756 5594 Jul.
3800 5541 3952 5597 Fir-

2318 5614 2514 5680 micas,
2542 5612 2631 5667 lib.
2666 5628 2740 5677 Iv,
2773 5609 3024 5673 Mathes.,
3054 5623 3172 5677 cap.
3209 5606 3273 5661 12
3303 5624 3317 5662 :
3348 5608 3470 5680 vitia
3495 5608 3621 5677 facit
3647 5611 3789 5666 circa
3820 5631 3953 5669 na-

2320 5678 2509 5737 turalia
2535 5691 2581 5735 et
2608 5681 2927 5744 necessaria;
2958 5690 3015 5734 et
3054 5694 3174 5747 cap.
3208 5680 3313 5734 {8:
3345 5678 3409 5732 At
3444 5695 3507 5731 ea:
3535 5685 3843 5738 necessariis
3884 5700 3956 5743 ει

2318 5753 2644 5807 muliebribus
2663 5754 2790 5807 locis
2802 5766 2956 5821 graue
2967 5750 3272 5804 valetudinis
3288 5751 3555 5805 discrimen
3569 5751 3775 5806 indicit.
3789 5756 3816 5806 \
3829 5754 3964 5817 ide

2294 5825 2495 5900 intra,_
2526 5823 2617 5878 lib.
2639 5839 2706 5900 χ,
2734 5820 2867 5900 cap.
3015 5822 3231 5900 Et,._qui
3264 5820 3458 5900 bac-de
3488 5837 3555 5900 re
3579 5826 3787 5900 multus
3809 5841 3963 5900 esi,

2318 5894 2606 5951 Ruhnken.
2639 5895 2701 5951 γ.
2727 5891 2809 5947 CI.
2839 5892 2906 5948 ad
2935 5892 3098 5947 liutil.
3122 5891 3258 5962 Lup.
3289 5892 3355 5947 de
3378 5892 3607 5964 Figuris.
3634 5894 3881 5953 Septem
3905 5891 3972 5973 ,ξ
