4258 6250
608 326 709 385 93!

1675 321 1952 378 ABNOBII
1991 318 2363 378 ADVERSUS
2403 317 2677 377 GENTES

3805 326 3931 399 952,

602 445 795 499 liorum
825 456 1037 503 semper
1064 441 1115 495 in
1143 438 1486 510 expeditione
1507 446 1739 510 paratas.
1773 440 1931 506 Avet,
1956 439 2199 511 inquam,
2228 441 2284 503 Α
2308 450 2443 492 nova
2471 451 2699 509 qumque
2723 437 2964 509 quotidie
2984 446 3216 506 struere,
3246 437 3446 510 quibus
3477 437 3662 497 ulcisci
3696 454 3756 497 se
3783 457 3917 514 pos-

606 536 791 591 viderc
816 533 946 587 deas
973 531 1242 602 gravidas,
1274 532 1401 587 dcas
1424 530 1604 598 ftetas,
1631 531 2086 603 gliscentibusque
2111 532 2205 603 per

603 628 722 684 dies
743 626 876 681 alvis
895 624 1133 681 intestini
1164 624 1418 695 ponderis
1444 625 1757 680 morositate
1783 624 2044 691 cunctari,
2077 638 2203 694 par-

599 719 769 776 turire
801 719 934 772 alias
957 725 1128 772 tractu
1159 717 1341 784 longo,
1373 725 1428 772 et
1456 731 1649 772 manus
1690 715 2030 771 obstetricias
2056 729 2203 786 mite-

599 827 767 869 rere:
824 810 944 865 illas
994 809 1115 865 telis
1155 809 1438 880 gravibus,
1485 819 1540 863 et
1566 808 1813 864 dolorum
1864 809 2203 865 acuminibus

603 904 739 960 ﬁxas
783 903 988 973 ejulare
1013 944 1029 968 ,
1084 902 1273 957 tortari
1303 911 1359 957 et
1388 903 1528 957 inter
1554 900 1671 956 lucc
1701 901 1880 956 omnia
1930 901 2203 971 suppetias

600 996 830 1052 Junonis
873 995 1161 1065 implorare
1189 994 1425 1050 Lucinae.
1468 993 1660 1048 Nonne
1699 993 1867 1048 multo
1896 1001 1980 1049 est
2008 992 2205 1049 rectius

602 1088 928 1146 maledicere
951 1088 1267 1155 conviciari,
1286 1099 1447 1159 atque
1468 1087 1571 1142 alia
1596 1088 1841 1157 ingerere
1863 1087 1963 1142 diis
1986 1087 2201 1157 probra,

600 1197 760 1252 quam
788 1184 1010 1237 obtentu
1046 1190 1068 1217 ο
1100 1183 1187 1251 pio
1220 1181 1343 1236 talia
1370 1180 1439 1236 de
1469 1180 1554 1236 his
1591 1188 1829 1235 monstra
1886 1179 2201 1250 opinionum

600 1273 916 1337 indignitate
945 1272 1311 1343 praesumere?

677 1364 767 1420 Xl.
797 1365 863 1419 Et
890 1365 1096 1420 audetis
1125 1364 1434 1420 adscribere
1461 1379 1675 1419 causam
1703 1364 1860 1420 nobis
1890 1364 2203 1421 offensionis

600 1459 827 1516 deorum
851 1501 865 1525 ,
897 1475 1014 1513 cum
1041 1500 1056 1522 ,
1088 1459 1131 1513 si
1158 1459 1418 1528 judicatio
1463 1458 1594 1527 ﬁat,
1648 1459 1944 1514 certissima
1972 1459 2025 1513 in
2051 1458 2203 1514 vobis

598 1552 901 1622 reperiatur
926 1551 1043 1606 inec
1068 1566 1210 1616 esse,
1243 1567 1344 1608 nec
1370 1555 1424 1606 in
1445 1552 1795 1617 contumelia,
1822 1567 1983 1622 quam
2014 1552 2204 1622 opina-

601 1644 755 1709 mini,
790 1653 955 1699 starc.
986 1644 1118 1698 Nam
1142 1646 1187 1699 si
1216 1645 1313 1709 dii,
1345 1654 1403 1700 ut
1429 1646 1636 1712 dicitis,
1670 1646 1979 1702 afﬁciuntur
2006 1647 2107 1713 ira,
2150 1654 2206 1702 et

599 1738 902 1793 animorum
952 1738 1408 1810 indignationibus
1436 1741 1772 1796 incalescunt
1805 1759 1818 1795 ε
1850 1756 1948 1797 cur
1974 1755 2071 1798 eos
2096 1757 2205 1798 non

600 1841 850 1901 putemus
876 1847 1019 1903 aegre
1045 1840 1205 1903 atque
1232 1834 1496 1888 acerrime
1520 1834 1792 1889 sustinere
1822 1874 1837 1900 ,
1884 1833 1998 1889 dari
2043 1834 2146 1890 sibi
2176 1850 2205 1889 a

599 1924 758 1978 vobis
784 1939 945 1978 sexus
969 1966 984 1991 ,
1029 1923 1225 1994 quibus
1253 1938 1416 1979 canes
1440 1925 1692 1997 porcique
1716 1925 1927 1981 formati
1959 1927 2124 1982 sunt?
2150 1938 2203 1984 et

599 2029 723 2071 cum
754 2015 823 2070 ita
849 2015 1110 2081 credatis,
1144 2030 1251 2072 non
1276 2016 1433 2072 aliter
1458 2032 1518 2072 se
1552 2017 1709 2089 ﬁngi,
1745 2027 1802 2073 et
1839 2018 2203 2089 ignominiosa

599 2121 724 2163 cum
777 2108 1139 2163 ostentatione
1188 2109 1456 2179 proponi?
1501 2110 1645 2181 Ergo
1683 2125 1805 2167 cum
1833 2112 1948 2167 haec
1977 2112 2049 2167 ita
2072 2113 2202 2179 sint,

598 2201 938 2257 miseriarum
967 2203 1209 2257 omnium
1235 2217 1396 2258 causa
1424 2218 1521 2259 vos
1539 2205 1693 2269 estis,
1717 2220 1818 2261 vos
1847 2206 1979 2261 deos
2007 2208 2203 2278 impel-

599 2294 734 2362 litis,
763 2308 859 2350 vos
880 2296 1128 2352 excitatis
1156 2294 1413 2353 infestare
1461 2298 1710 2355 omnibus
1735 2298 1889 2354 malis
1924 2307 2117 2363 terras,
2150 2307 2207 2355 et

2312 530 2422 586 sint
2441 539 2565 585 tota
2588 530 2742 586 vobis
2764 530 2978 602 injuriis
2999 538 3054 587 et
3075 530 3550 588 maledictionibus
3573 535 3914 604 exasperati:

2312 622 2797 691 Maledictionibus,
2832 624 3071 695 inquam,
3103 633 3154 680 et
3188 624 3421 694 injuriis,
3449 640 3585 695 quas
3608 627 3805 697 partim
3834 627 3917 682 fa-

2312 714 2456 771 bulis
2480 717 2748 786 turpibus,
2781 717 2981 789 partim
3009 716 3353 788 opinionibus
3382 718 3655 775 indecoris
3683 718 3735 786 ι’,
3782 735 3918 792 quas

2311 806 2474 861 vestri
2508 807 2776 877 theologi,
2810 824 2942 880 quas
2970 817 3179 880 poetae,
3229 824 3365 881 quas
3412 809 3516 880 ipsi
3560 826 3657 867 vos
3698 827 3913 885 quoque

2309 898 2682 970 ignominiosis
2709 900 2993 957 celebratis
3024 901 3075 956 in
3104 901 3296 956 ritibus
3317 941 3333 967 ,
3366 917 3456 958 res
3481 903 3721 974 perditas
3758 904 3917 962 inve-

2310 993 2472 1049 nietis
2511 996 2772 1049 humanas
2798 1036 2814 1059 ,
2854 1006 2910 1051 et
2937 995 3204 1066 abiecisse
3232 997 3445 1052 clavum
3473 996 3639 1067 deos;
3676 999 3720 1055 si
3753 999 3919 1058 modo

2309 1084 2523 1140 illorum
2550 1100 2732 1141 curam
2776 1096 3022 1157 spectat,
3075 1088 3381 1144 mortalium
3408 1105 3599 1162 regere
3624 1103 3788 1163 atque
3816 1096 3917 1150 ad-

2309 1178 2615 1235 ministrare
2642 1178 2905 1235 fortunas.
2939 1179 3071 1235 Nam
3101 1180 3259 1237 nobis
3286 1181 3505 1252 quidem
3536 1198 3632 1239 cur
3655 1184 3909 1242 irascan~

2310 1279 2416 1335 tur,
2450 1286 2556 1327 non
2589 1271 2788 1328 habent
2818 1290 2832 1326 :
2870 1255 3004 1344 quos
3034 1272 3216 1328 vident
3243 1284 3298 1329 et
3325 1274 3589 1342 sentiunt,
3620 1292 3795 1348 neque
3842 1293 3912 1335 se

2307 1365 2520 1430 colere,
2550 1380 2727 1436 neque
2755 1366 3005 1423 deridere
3025 1408 3042 1435 ,
3070 1366 3214 1438 quod
3246 1367 3442 1423 dicitur
3464 1411 3479 1436 ,
3527 1378 3584 1424 et
3629 1370 3919 1428 honestius

2308 1474 2466 1531 quam
2492 1473 2588 1515 vos
2617 1460 2787 1515 multo
2814 1459 2882 1515 de
2910 1460 2990 1515 sui
3018 1460 3253 1516 nominis
3282 1460 3547 1534 dignitate
3568 1463 3915 1534 existimem,

2308 1553 2547 1609 credere.

2382 1646 2497 1702 XII.
2542 1646 2618 1703 De
2638 1660 2773 1703 sexu
2797 1645 3097 1715 {hactenus
3125 1645 3279 1703 Nunc
3317 1648 3385 1703 ad
3425 1647 3665 1720 speciem
3717 1650 3903 1706 venia-

2312 1755 2432 1795 mus
2457 1749 2513 1795 et
2537 1738 2772 1807 formas,
2811 1739 3007 1810 quibus
3037 1753 3160 1795 esse
3187 1738 3495 1813 descriptos
3520 1739 3653 1797 deos
3683 1756 3917 1813 superos

2312 1830 2572 1887 creditis:
2603 1830 2798 1903 quibus
2825 1831 2990 1887 immo
3034 1829 3276 1886 formatis
3313 1840 3370 1887 et
3418 1832 3749 1901 templorum
3793 1847 3916 1889 am-

2236 1901 2286 1962 B
2312 1922 2571 1995 plissimis
2612 1901 2889 1978 collocatis
2928 1922 2983 1977 in
3012 1922 3255 1979 sedibus.
3289 1921 3476 1993 Neque
3500 1923 3784 1995 quisquam
3821 1925 3915 1995 ju-

2271 2050 2278 2056 -
2311 2015 2490 2070 daicas
2530 2014 2583 2068 in
2614 2013 2717 2071 hoc
2748 2013 2866 2069 loco
2908 2013 3065 2069 nobis
3094 2022 3333 2084 opponat
3369 2022 3423 2069 et
3470 2014 3704 2069 saducaei
3730 2030 3903 2086 gene-

2312 2108 2389 2165 ris
2415 2107 2655 2172 fabulas,
2691 2115 2963 2178 tamquam
2996 2105 3199 2162 formas
3227 2108 3526 2163 tribuamus
3555 2118 3610 2163 et
3638 2122 3736 2163 nos
3756 2111 3871 2164 Deo
3898 2128 3914 2165 :

2314 2200 2417 2257 hoc
2444 2201 2587 2257 enim
2620 2208 2840 2271 putatur
2869 2200 2922 2254 in
2952 2214 3141 2256 eorum
3185 2199 3381 2255 litteris
3417 2200 3554 2267 dici,
3585 2209 3641 2255 et
3670 2201 3833 2257 veluti
3853 2217 3917 2257 re

2313 2306 2481 2364 certa,
2505 2305 2665 2367 atque
2683 2296 3003 2352 auctoritate
3027 2293 3232 2351 ﬁrmari
3256 2314 3269 2352 :
3302 2309 3424 2367 quac
3444 2304 3536 2351 aut
3562 2294 3698 2351 nihil
3725 2295 3794 2352 ad
3815 2311 3917 2353 nos

1839 2414 2223 2495 LECTIQNES
2261 2411 2680 2471 VABIANTES.

666 2510 690 2537 ιι
727 2509 880 2571 Quam
899 2516 954 2560 ut
975 2510 1198 2570 obtenta,
1223 2522 1313 2561 ms.
1336 2508 1478 2561 male.

2368 2504 2400 2544 ιδ
2437 2506 2812 2558 Indecorusms.

1961 2591 2524 2652 COMMENTARIUS.

602 2707 724 2765 pag.
761 2692 888 2756 448,
921 2692 1006 2765 ed.
1056 2692 1274 2765 Grtevii.
1320 2692 1441 2747 Fuit
1488 2691 1603 2765 hare
1641 2691 1889 2765 honesta,
1914 2693 2196 2765 expressio

599 2762 695 2821 i‘ei'
713 2768 901 2832 turpis.
932 2764 1006 2817 ita
1040 2765 1177 2834 apud
1216 2764 1435 2818 Latinos
1466 2781 1478 2816 ε
1517 2762 1640 2817 Haec
1664 2764 1845 2827 multa,
1875 2764 1967 2818 illa
1991 2762 2191 2831 'multa,

600 2836 685 2891 Ita:
710 2853 789 2890 res
820 2837 1025 2897 multae;
1052 2835 1189 2900 apud
1213 2835 1432 2891 Gnrcos
1466 2853 1479 2890 :
1503 2838 1671 2891 πάντα
1696 2841 1879 2901 ταῦτα,
1910 2834 1979 2889 de
2004 2836 2192 2905 volup-

601 2909 801 2962 tatibus
819 2906 1060 2967 nefariis.
1081 2915 1129 2961 et
1147 2907 1374 2961 Veneris
1396 2905 1685 2960 ludn.Vide
1705 2907 1946 2968 llerald..
1966 2905 2033 2960 ad
2053 2906 2194 2961 hunc

599 2978 800 3037 locum.
847 2978 1107 3033 Similiter
1158 2978 1466 3033 Wielandus
1504 2977 1569 3032 V.
1602 2974 1712 3044 CL,
1760 2977 1811 3032 in
1857 2978 2194 3032 versionihus

602 3051 716 3105 suis
747 3050 891 3110 talia,
923 3066 1042 3114 qua-
1076 3049 1299 3103 honeste
1326 3047 1477 3103 effari
1500 3046 1668 3115 nefas,
1696 3047 1875 3103 verbis
1901 3049 2192 3104 circumlo-

602 3122 787 3191 quitur
818 3139 829 3173 :
869 3119 994 3173 Was
1019 3121 1101 3173 iltr
1128 3122 1255 3175 wist.
1287 3118 1492 3175 ORELL.

678 3191 991 3263 Prteliorum
1038 3191 1091 3244 in
1138 3191 1453 3263 expeditione
1486 3200 1749 3263 paratas.
1789 3191 1982 3263 Prteiia
2038 3207 2202 3249 sensu

603 3272 744 3336 turpi
777 3262 843 3316 de
872 3277 1167 3336 congressu
1196 3261 1446 3317 i-enereo.
1482 3261 1557 3316 lta
1586 3262 1861 3334 Virgilius,
1896 3262 2093 3336 Georg.
2120 3280 2201 3332 ut,

602 3332 677 3389 98
702 3332 770 3389 de
796 3348 935 3405 equo
957 3332 1204 3389 confecto
1234 3351 1249 3387 :

1156 3487 1166 3497 .
1234 3447 1286 3497 Si
1309 3448 1503 3511 quando
1522 3449 1580 3498 ad
1601 3448 1769 3513 praelia
1785 3455 1985 3500 ventum
2012 3458 2107 3501 est.

605 3554 695 3608 tibi
740 3554 850 3608 vid.
896 3554 1082 3625 Heync
1124 3553 1186 3625 γ.
1214 3552 1271 3609 S.
1304 3554 1607 3625 etiAuson.
1643 3555 1834 3623 Popm.
1875 3555 1942 3610 ad
1967 3555 2197 3613 Varroa.

603 3625 913 3695 Fragment.
948 3624 1067 3695 pag.
1097 3624 1223 3691 527,
1246 3624 1335 3679 ed.
1362 3624 1571 3695 Bipont.
1603 3625 1806 3681 ORELL.

678 3696 922 3769 Intestini
952 3696 1191 3765 ponderis
1234 3697 1546 3769 morositate.
1586 3695 1893 3752 lntestinum
1922 3700 2121 3769 pondus
2150 3700 2203 3757 id

605 3768 749 3839 quod
795 3769 925 3821 uteri
960 3770 1181 3827 carsina.
1214 3766 1677 3839 apaTerlu’lliau"
1711 3768 1806 3823 lib.
1839 3786 1880 3836 t,
1908 3766 1973 3823 ad
2006 3770 2200 3837 Uxor,,

604 3838 724 3907 Cap.
758 3839 810 3893 5.
845 3838 1121 3893 Morositas
1166 3838 1430 3909 iIOCAIOCO
1458 3838 1596 3894 idem
1646 3840 1789 3909 quod
1840 3841 2089 3896 molestia
2116 3844 2203 3899 vel

604 3911 777 3965 active
816 3911 957 3980 quod
992 3924 1234 3963 morosas
1274 3907 1402 3962 facit
1432 3907 1681 3977 gravidas
1711 3927 1725 3963 :
1758 3926 1864 3978 quo
1904 3928 2066 3967 sensu
2100 3913 2202 3971 ltoc

600 3982 922 4037 vocabulum
945 3980 1070 4035 alibi
1105 3996 1189 4033 me
1218 3980 1413 4051 legisse
1442 3981 1580 4034 haud
1612 3982 1850 4036 memini.
1880 3981 2085 4039 Ouum.

680 4054 808 4107 Aliis
855 4054 965 4126 telis
1007 4051 1538 4126 gravibus_....._ﬁa:as.
1594 4052 1934 4108 Stewechius
1984 4057 2203 4126 conjicit
2270 4094 2271 4097 η

604 4126 767 4186 tricis,
798 4132 857 4177 ut
887 4124 1018 4177 infra
1046 4137 1164 4190 cap.
1195 4123 1259 4176 ’21
1301 4141 1313 4177 :
1341 4122 1581 4193 Diﬁiciles
1610 4127 1998 4191 puerperiarum
2022 4122 2197 4183 tricas.

603 4196 676 4251 At
698 4195 770 4248 nil
797 4194 1108 4248 mutandum
1154 4193 1259 4248 hoc
1280 4194 1417 4249 loco.
1438 4194 1534 4265 Qui
1563 4211 1668 4249 non
1695 4208 1816 4249 nuta
1847 4196 1945 4250 tela
1968 4196 2197 4265 Lucintc,

604 4268 829 4339 χαλεπρν
866 4268 1009 4339 βέλος
1054 4266 1325 4327 Εἰλειθυίας
1371 4280 1402 4320 e
1450 4264 1759 4333 Theocrito,
1810 4266 1962 4338 Idyll.
2023 4264 2199 4337 xxvu,

602 4337 747 4391 vers.
773 4337 879 4391 28?
905 4337 1106 4392 OnELL.

679 4406 906 4462 Tartari.
946 4410 1014 4462 Ita
1048 4408 1133 4461 rd.
1166 4406 1335 4477 Lugd.
1368 4408 1485 4462 Bat.
1519 4424 1550 4463 c
1580 4407 1888 4464 felicissima
1922 4409 2024 4463 Th.
2054 4410 2200 4467 Can-

604 4479 706 4552 teri
753 4478 1128 4552 emendatione
1159 4493 1257 4552 pro
1303 4481 1505 4552 inepto,
1538 4479 1681 4549 quod
1710 4491 1865 4552 antea
1896 4480 2198 4552 legebatur,

605 4549 823 4603 hortari.
855 4548 965 4604 Vox
999 4549 1338 4614 Lucretiana,
1370 4550 1462 4603 lib.
1490 4548 1569 4615 tu,
1605 4566 1745 4605 vers.
1780 4550 1881 4606 661
1917 4568 1930 4604 :

730 4639 902 4703 Omnia
918 4642 1019 4703 jam
1043 4643 1252 4690 seorsim
1272 4653 1454 4690 cernes
1475 4642 1653 4690 amcisa
1670 4642 1865 4691 recenti

733 4700 947 4753 Voluere
972 4704 1163 4762 tortari,
1189 4710 1241 4753 et
1261 4708 1444 4753 terram
1466 4716 1803 4767 conspergere
1822 4704 1953 4754 tabo.

607 4804 745 4881 Noui
753 4820 814 4859 us
824 4823 862 4881 :_
863 4804 1064 4881 Tortor.
1078 4848 1087 4859 .
1101 4846 1113 4859 .
1128 4822 1225 4881 pro
1243 4813 1496 4881 torqueor.
1517 4805 1837 4881 Pomponius
1854 4809 2083 4865 Decuma
2100 4814 2206 4881 ful-

607 4877 741 4931 lonis
772 4893 791 4931 :
818 4876 883 4953 Et
924 4879 1010 4931 ubi
1036 4877 1215 4932 insilui
1234 4878 1288 4931 in
1316 4877 1597 4933 cocleatum
1627 4876 1876 4953 eculeum,
1908 4882 1977 4936 ibi
2003 4876 2206 4939 tolutim

607 4956 787 5003 tortor.
818 4950 1020 5005 Onam"

678 5021 964 5094 Suppetias
981 5020 1223 5094 iunonis
1244 5021 1522 5093 implorare
1545 5021 1773 5079 Lucinae.
1810 5026 1952 5079 Juno
1978 5025 2196 5094 Lucina,

604 5100 743 5164 tuam
772 5092 924 5160 ﬁdem
946 5092 967 5145 !
987 5090 1167 5164 Plaut.
1198 5090 1404 5159 Aulnl.,
1434 5096 1555 5149 Act.
1579 5110 1652 5163 iv,
1683 5090 2198 5164 scen.vu,vers.10.

605 5161 743 5216 Vide
772 5164 927 5226 intra,
955 5178 1072 5232 cap.
1097 5163 1188 5218 21.
1222 5166 1425 5220 URELL.

676 5232 770 5287 XI.
801 5263 873 5307 —_-
912 5232 981 5288 Et
1019 5236 1219 5289 audetis
1256 5235 1544 5290 adscribere
1585 5252 1792 5293 causam
1848 5240 1993 5295 nobis
2036 5239 2199 5307 offen-

605 5304 765 5378 sionis
817 5305 1050 5373 deorum,
1092 5321 1229 5378 cum,
1281 5308 1325 5360 si
1365 5307 1612 5372 iudicatio
1658 5311 1780 5378 ﬁat,
1817 5304 2095 5367 certissima
2144 5313 2199 5367 in

604 5375 745 5455 vobis
800 5378 1084 5455 reperiatur
1103 5377 1242 5455 _Itoec
1261 5393 1421 5455 “esse,
1468 5394 1559 5455 nec
1592 5375 1667 5433 inv
1687 5375 2014 5455 contumelia,
2043 5399 2199 5455 quam

604 5447 890 5521 opinamini
916 5457 1070 5521 stare.
1103 5447 1179 5521 ita
1212 5447 1354 5521 edidi
1393 5458 1447 5503 et
1489 5449 1792 5521 interpttnxi
1834 5470 1899 5509 ex
1940 5447 2197 5510 emenda.

602 5518 760 5593 tione
800 5520 1100 5593 certissima
1148 5517 1209 5593 J._
1249 5518 1603 5593 Ereinsbemii
1633 5517 1711 5577 ad
1761 5524 1927 5593 Flor.,
1985 5526 2075 5581 lib.
2117 5542 2191 5592 iv,

604 5602 726 5663 cap.
749 5590 805 5663 (ξ,
836 5605 953 5663 pag.
979 5590 1116 5654 765,
1145 5590 1232 5645 ed.
1253 5589 1480 5663 Dukeri.
1513 5591 1685 5648 Antea
1707 5589 1966 5651 edebatur
1996 5615 2008 5650 :
2042 5589 2193 5663 Cum,

602 5659 647 5713 si
663 5659 923 5734 j‘udicatio
953 5662 1043 5734 ﬁat
1068 5661 1369 5724 certissima,
1398 5663 1449 5716 in
1469 5663 1605 5716 vobis
1629 5667 1911 5733 reperiatur
1937 5668 2043 5721 haec
2064 5659 2190 5734 esse,

602 5740 648 5782 et
676 5731 732 5805 in
761 5732 1091 5805 contumelia,
1113 5748 1268 5805 quant
1296 5731 1761 5805 opiuaministare.
1790 5735 1928 5792 Male
1960 5755 1971 5792 :
2001 5731 2193 5794 sensus

600 5801 746 5881 enim
773 5811 856 5881 est
888 5818 900 5853 :
934 5801 1001 5856 In
1040 5804 1213 5881 vobis,
1234 5805 1276 5858 si
1293 5801 1551 5877 judicatio
1592 5801 1707 5881 ﬁat,
1736 5809 2014 5864 certissima
2040 5826 2193 5881 repe-

595 5869 757 5921 rietur
782 5870 993 5925 deorum
1029 5871 1265 5941 offensio,
1293 5869 1403 5930 'non
1426 5869 1603 5932 autem
1619 5879 1676 5960 in
1692 5869 2188 5957 'contumelidsttire,

2305 2689 2359 2761 id
2399 2697 2482 2744 est
2508 2688 2829 2761 consistere,
2871 2703 3025 2759 quant
3073 2685 3357 2761 apinamini
3396 2685 3515 2745 scil.
3550 2701 3579 2742 a
3624 2688 3781 2745 nobis
3809 2688 3917 2746 diis

2304 2760 2533 2816 illatam.
2564 2759 2772 2816 ORELL.

2377 2831 2547 2904 Egre
2573 2843 2724 2903 atque
2750 2832 2996 2887 acerrime
3018 2832 3281 2887 sustinere.
3313 2829 3629 2889 Necessario
3652 2834 3908 2888 mendum

2303 2913 2420 2966 est;
2454 2919 2576 2958 nam
2601 2906 2847 2958 acerrime
2872 2904 3120 2958 sustinere
3142 2918 3240 2973 pro
3270 2918 3357 2968 eo,
3388 2904 3529 2974 quod
3551 2914 3627 2959 est
3656 2904 3913 2959 molestis-

2300 2976 2447 3039 sime,
2474 2974 2785 3030 Latinorum
2816 2990 2973 3030 nemo
3008 2983 3288 3045 um'quam,
3314 2976 3415 3028 nisi
3447 2990 3534 3029 me
3558 2976 3768 3045 egregie
3794 2991 3918 3031 me-

2301 3046 2662 3127 moriaiallat,
2697 3047 2850 3127 dixit.
2885 3045 3029 3127 Lego
3055 3063 3078 3127 :_
3099 3044 3267 3127 κῆρι-ε
3289 3056 3439 3127 atque
3460 3044 3721 3127 tegerrinme
3744 3048 3912 3127 susti-

2222 3113 2267 3177 C
2302 3134 2437 3172 nere.
2471 3117 2594 3173 Haec
2630 3119 2860 3186 genuina
2902 3113 3113 3187 phrasis
3143 3113 3367 3172 A'rnobii
3395 3120 3586 3171 nostri.
3624 3118 3909 3183 Similiter,

2310 3189 2401 3245 lib.
2423 3204 2495 3245 tt:
2525 3189 2716 3257 Quibus
2736 3190 2857 3243 mali
2884 3205 3059 3244 sumus
3077 3201 3123 3242 et
3144 3188 3369 3257 pessimi,
3387 3188 3772 3257 cupiditatibus,
3796 3200 3907 3245 etc.

2308 3258 2379 3314 Et
2407 3276 2552 3330 saepe
2583 3262 2634 3314 in
2668 3260 2772 3315 hoc
2796 3275 2981 3329 apere.
3015 3260 3246 3326 Mauris,
3281 3274 3404 3329 pag.
3435 3260 3525 3314 89.

2382 3331 2444 3387 Si
2478 3333 2629 3403 modo
2665 3331 2872 3385 illorum
2897 3348 3072 3387 curam
3111 3340 3324 3401 spectat.
3354 3331 3429 3387 Ita
3455 3330 3544 3385 ed.
3573 3330 3747 3403 Lugd.
3778 3332 3901 3388 Bat.

2307 3402 2412 3457 Alii
2451 3422 2464 3457 :
2495 3402 2555 3459 Si
2585 3403 2735 3457 modo
2760 3403 2828 3456 ad
2874 3403 3083 3474 illorum
3122 3418 3298 3457 curant
3337 3412 3549 3474 spectat.
3580 3406 3649 3457 ad
3666 3402 3725 3460 7e.
3758 3405 3899 3463 Cod.

2308 3489 2412 3529 ms.
2442 3474 2652 3530 addidit
2676 3474 2946 3531 Stewech.
2978 3473 3182 3531 Onus.

2380 3564 2657 3641 Honestius
2696 3583 2851 3641 quam
2875 3582 2968 3641 vos
3000 3566 3183 3641 υιιιζιοΔ
3206 3566 3268 3620 de
3294 3566 3389 3641 fui
3408 3569 3628 3624 nominis
3653 3569 3912 3641 dignitate

2308 3638 2630 3703 existimare,
2661 3636 2883 3694 credere.
2917 3638 3008 3693 Sic
3042 3637 3128 3694 ed.
3162 3636 3330 3708 Lugd.
3358 3638 3475 3693 Bat.
3515 3656 3580 3695 ex
3632 3636 3784 3698 more
3810 3644 3913 3698 Ar-

2308 3708 2453 3779 nobii
2485 3710 2730 3779 copulam
2749 3711 3047 3779 Stl‘piSsime
3071 3709 3386 3764 omittentis.
3410 3710 3548 3766 Cod.
3573 3727 3678 3769 ms.
3706 3714 3908 3771 habet:

2312 3778 2622 3851 Existimare
2642 3797 2794 3849 quant
2817 3778 3039 3847 credere,
3064 3780 3208 3851 quod
3234 3779 3429 3851 frustra
3450 3791 3633 3839 tuetur
3671 3783 3914 3840 Stewec-

2307 3848 2447 3904 hius.
2476 3848 2729 3907 Gelenius
2749 3870 2764 3907 :
2781 3854 2944 3920 Atque
2955 3848 3175 3906 credere.
3202 3850 3306 3906 Alii
3329 3871 3342 3907 :
3367 3854 3435 3907 Et
3455 3855 3680 3910 credere.
3699 3855 3908 3913 Οιιειι..

2378 3940 2493 4015 ΧΠ.
2545 3974 2619 3984 -
2666 3942 2844 4012 Neque
2889 3945 3158 4015 quisquam
3224 3947 3476 4002 Judaicas
3523 3950 3576 4002 in
3626 3948 3721 4001 hoc
3789 3950 3911 4004 loco

2306 4014 2449 4090 nobis
2476 4025 2701 4090 opponat
2752 4027 2798 4069 et
2838 4014 3118 4090 Sedducrgi
3143 4021 3342 4089 generis
3373 4018 3596 4086 fabulas,
3642 4030 3906 4090 tamquam

2306 4084 2525 4154 formam
2546 4087 2827 4141 tribuamus
2855 4097 2901 4141 et
2929 4104 3021 4142 nos
3056 4084 3182 4144 Deo.
3215 4084 3398 4146 Lectio
3421 4091 3553 4145 buua
3583 4099 3653 4155 et,
3680 4101 3735 4143 ut
3755 4084 3905 4146 mihi

2307 4157 2523 4229 quidem
2551 4158 2781 4222 videtur,
2812 4173 3095 4229 perperam
3129 4172 3330 4217 mutata
3361 4178 3389 4215 a
3421 4162 3677 4218 Salmasio
3716 4161 3907 4216 eden-

2306 4236 2391 4303 te;
2424 4225 2705 4303 Tamquam
2739 4225 2932 4298 [or'mas
2959 4231 3184 4303 tribuant
3210 4245 3361 4303 atque
3407 4250 3462 4287 os
3492 4231 3615 4287 Deo.
3658 4232 3911 4290 Gentiles

2306 4299 2448 4374 enim
2471 4297 2966 4374 Christiaunsrcunt
3002 4301 3202 4360 Judteis
3227 4297 3638 4367 confundentes,
3679 4305 3766 4358 vel
3805 4320 3910 4374 pro

2305 4368 2630 4443 indecorum
2672 4371 2925 4443 peculiari
2968 4374 3197 4443 quadam
3234 4382 3383 4431 secta
3417 4375 3698 4440 habentes,
3738 4368 3910 4431 multa

2305 4440 2438 4516 ipsis
2485 4441 2701 4516 crimini
2739 4442 2961 4516 dabant,
2986 4440 3126 4515 qua:
3167 4447 3471 4516 judmorum
3516 4445 3735 4515 quidem
3784 4462 3913 4516 pro-

2308 4513 2445 4581 pria,
2470 4521 2525 4566 at
2553 4529 2580 4565 a
2611 4514 2867 4583 religione
2892 4513 3183 4571 christiana
3211 4513 3547 4573 alienissima
3562 4518 3729 4581 fuere,
3759 4513 3913 4574 verbi

2230 4563 2287 4623 D
2312 4563 2678 4659 bausaodium
2708 4563 2923 4659 generis
2968 4585 3206 4643 humani.
3228 4588 3373 4643 idem
3416 4589 3596 4659 itaque
3626 4563 3913 4644 audientes

2311 4652 2365 4729 i_n
2390 4652 2732 4729 jtulaicoruni
2760 4655 3042 4729 doctorum
3070 4660 3282 4728 scriptis
3311 4652 3537 4714 formam
3565 4661 3913 4729 corporalem

2312 4723 2422 4800 I_)et_i
2436 4725 2616 4800 tribui,
2633 4726 2765 4800 tales
2777 4728 3003 4799 ineptias
3014 4723 3329 4784 Christianis
3341 4730 3501 4784 etiam
3518 4723 3913 4800 impingebant.

2309 4794 2377 4849 Et
2396 4795 2539 4872 hunc
2552 4796 2653 4872 luci
2668 4801 2843 4872 nostri
2866 4794 3081 4854 sensum
3097 4815 3244 4872 esse,
3264 4802 3544 4871 sequentia
3573 4794 3733 4857 vcrb“:
3756 4819 3769 4855 :
3791 4820 3920 4872 qua:

2307 4878 2397 4945 aui
2411 4868 2539 4921 nihil
2557 4868 2626 4921 ad
2647 4885 2740 4923 nos
2752 4871 2984 4945 attinent,
3001 4886 3092 4925 nec
3111 4887 3174 4927 ea:
3193 4868 3365 4943 aliqua
3380 4878 3615 4942 portione
3632 4868 3919 4945 quicquam

2307 4938 2492 4993 habent
2519 4954 2784 4994 commune
2796 4943 3082 5005 nobiscum,
3113 4953 3201 4996 aut
3226 4938 3435 5010 si'suut,
3463 4955 3515 4995 ut
3537 4938 3784 5010 creditur,
3816 4962 3918 5000 so-

2306 5010 2399 5063 ciae
2438 5018 2568 5070 etc.,
2607 5013 2943 5080 apertissime
2985 5012 3279 5068 declarant.
3311 5013 3576 5069 Caeterum
3624 5014 3729 5070 hoc
3786 5016 3923 5073 loco

2305 5082 2573 5153 Arnobius
2601 5084 2766 5153 tangit
2790 5083 3175 5140 absurdissima
3195 5085 3281 5139 illa
3302 5095 3605 5140 commenta
3631 5086 3925 5143 Rabhino-

2304 5167 2447 5220 rum,
2473 5152 2709 5225 formam
2730 5164 2892 5225 atque
2920 5170 2982 5209 os
3021 5155 3313 5211 humanum
3344 5166 3397 5210 et
3427 5172 3737 5212 mensuram
3762 5159 3924 5216 adeo

2302 5224 2635 5294 corporalem
2656 5225 2765 5281 Deo
2785 5224 3211 5294 attribuciitinm,
3249 5228 3315 5282 de
3344 5227 3542 5295 quibus
3572 5229 3828 5294 pluribus
3850 5247 3925 5286 a-

2300 5296 2539 5378 git_civis
2576 5296 2919 5378 doctissimus
2940 5297 3081 5378 ipse
3108 5301 3159 5378 ἐγ
3179 5302 3339 5378 ἀγίρας
3358 5299 3535 5378 ’ξξςῃικ
3575 5297 3922 5378 Corrodius,

2301 5366 2355 5421 in
2383 5366 2521 5441 libro
2567 5367 2650 5421 cui
2697 5368 2907 5441 titulus:
2938 5366 3328 5441 Critiscltte'des
3349 5370 3685 5435 Cltitiasmus,
3716 5372 3838 5426 vol.
3867 5366 3917 5441 ιζ

2300 5451 2421 5508 pag.
2455 5438 2542 5500 79.
2577 5453 2691 5508 seq.
2718 5439 2780 5494 Et
2804 5440 3022 5495 omnino
3043 5440 3254 5496 videtur
3269 5441 3542 5496 Arnobius
3568 5438 3926 5502 Sadducaeos

2300 5512 2390 5586 qui
2421 5524 2635 5586 omnem
2678 5510 3023 5586 traditionem
3051 5524 3292 5586 veterum
3322 5513 3635 5586 rejiciebant
3668 5513 3930 5586 ideoque

2299 5579 2570 5651 increduli
2606 5579 2962 5648 habebantur,
3016 5583 3326 5651 confudisse
3373 5579 3497 5638 cum
3576 5579 3927 5645 Pharise'cis

2297 5652 2519 5725 aliisque
2543 5649 2854 5725 J__nd;nnrum
2897 5649 3165 5725 magistris
3206 5655 3387 5710 talium
3446 5654 3744 5713 fabularum
3766 5673 3925 5717 auc-

2297 5722 2523 5776 toribus.
2554 5720 2759 5777 OBELL.
2989 5720 3011 5725 ⁷
3033 5750 3037 5755 ~

2366 5811 2435 5895 Et
2454 5812 2607 5895 relati
2631 5830 2686 5895 re
2703 5824 2862 5895 certa,
2894 5825 2997 5895 etc.
3025 5817 3100 5895 ita
3125 5818 3261 5876 Cod.
3286 5836 3399 5895 ms.
3417 5836 3575 5895 quam
3605 5822 3928 5895 lectionem

2293 5892 2475 5942 tuetur
2525 5885 2788 5944 lleraldus
2818 5888 2869 5945 in
2911 5887 3070 5947 Curis
3101 5892 3355 5949 secundis
3404 5885 3449 5947 ε’
3475 5908 3652 5964 neque
3704 5893 3926 5965 video,
