4258 6250
351 284 461 346 955

1714 289 1913 347 LIBER
1954 289 2272 349 TERTIUS.

3551 291 3660 353 954

354 382 618 472 attinent,
648 417 752 461 nec
804 418 872 462 ex
915 404 1093 477 aliqua
1137 391 1387 476 portione
1426 402 1715 476 quidquam
1753 405 1954 463 habent
1979 410 2032 470 Α
2058 422 2164 463 no:
2192 417 2247 462 et
2272 405 2416 478 quod
2438 405 2708 477 indignius
2736 406 2908 462 multo
2934 412 3059 474 est,
3087 413 3432 466 terrenarum
3459 423 3660 484 corpo-

355 512 645 555 commune
675 499 984 555 uobiscum:
1015 508 1108 555 aut
1131 500 1177 555 si
1205 509 1350 566 sunt,
1374 508 1433 555 ut
1459 499 1728 566 creditur,
1765 502 1945 570 socia,

356 591 634 662 quaerendi
664 599 789 647 sunt
821 591 974 647 vobis
1011 591 1220 647 altioris
1262 591 1633 662 intelligentia:
1660 589 1947 661 doctores,

360 696 457 753 per
482 697 618 753 quos
650 683 871 754 possitis
901 682 1183 739 addiscere
1203 724 1218 751 ,
1246 683 1441 755 quibus
1468 682 1644 739 modis
1669 684 1957 740 conveniat

360 780 666 836 litterarum
707 780 919 835 illarum
946 781 1150 845 nubes,
1198 790 1359 851 atque
1384 780 1659 836 involucra
1686 781 1948 838 relaxare.

357 874 554 931 Nostra
594 875 660 931 de
699 874 805 930 hoc
829 875 1101 931 sententia
1151 875 1273 930 talis
1303 884 1407 932 est.
1437 875 1693 931 Naturam
1735 890 1950 932 omnem

359 967 618 1033 divinam,
651 984 768 1039 qua:
792 984 969 1040 neque
990 984 1111 1026 esse
1135 970 1357 1039 coeperit
1376 968 1683 1041 aliquando,
1704 984 1804 1025 nec
1825 969 1958 1024 vita-

358 1059 465 1117 lem
493 1061 559 1115 ad
599 1062 886 1117 terminum
917 1063 995 1118 sic
1020 1061 1309 1134 aliquando
1336 1071 1593 1127 ventura,
1628 1062 1957 1118 liniamentis

360 1170 547 1212 carere
574 1157 878 1227 corporeis,
899 1173 1078 1228 neque
1107 1155 1243 1212 ullas
1275 1157 1565 1214 formarum
1608 1158 1813 1229 efﬁgies
1831 1172 1957 1229 pos—

359 1249 571 1317 sidere,
615 1252 812 1320 quibus
861 1252 1060 1307 extima
1110 1252 1542 1323 circumscriptio
1586 1254 1953 1309 membrorum

360 1341 498 1397 Solet
528 1351 849 1413 coagmenta
874 1342 1048 1399 ﬁnire.
1081 1341 1349 1415 Quidquid
1377 1343 1522 1400 enim
1552 1343 1658 1399 tale
1680 1354 1783 1411 est,
1805 1359 1956 1399 mor-

362 1434 469 1489 tale
496 1448 620 1491 esse
666 1434 995 1490 arbitramur
1014 1444 1070 1491 et
1110 1436 1270 1492 labile
1302 1454 1317 1491 :
1351 1450 1452 1492 nec
1477 1435 1724 1492 obtinere
1766 1450 1956 1507 perpe-

365 1536 507 1583 tuam
538 1543 695 1599 posse
722 1529 994 1587 credimus
1010 1530 1277 1587 ueritatem
1302 1572 1318 1597 ,
1351 1532 1496 1603 quod
1522 1530 1780 1588 extremis
1796 1543 1952 1585 coer-

363 1618 525 1674 citum
557 1619 752 1677 ﬁnibus
777 1623 1081 1679 necessaria
1106 1622 1477 1681 circumcludit
1502 1625 1840 1681 extremitas.

430 1712 567 1770 Xlll.
608 1714 680 1770 At
698 1729 831 1770 vero
857 1729 954 1771 vos
982 1714 1111 1772 deos
1146 1731 1337 1788 parum
1365 1727 1448 1774 est
1479 1718 1773 1775 formarum
1802 1714 1947 1787 quod

2060 517 2178 557 rum
2206 502 2615 557 circumcaesura
2650 500 2831 555 finitis.
2852 500 2989 569 Quid
3011 515 3141 572 ergo
3167 501 3252 558 dit.
3275 504 3460 559 smus?
3486 503 3663 576 Caput

2062 597 2195 652 deos
2220 603 2434 666 gestare
2488 594 2642 650 tereti
2689 593 3021 650 rotunditate
3064 594 3354 652 collectum
3382 639 3398 665 ,
3454 598 3657 654 retinao

2061 688 2197 744 culis
2241 703 2527 743 nervorum
2567 688 2730 743 dorso
2784 687 3045 758 illigatum
3073 703 3136 743 ac
3198 691 3436 759 pectori.
3488 701 3544 747 et
3585 691 3657 749 ad

2062 781 2328 837 cervicum
2345 781 2679 836 necessarias
2696 780 2958 843 flexiones
2974 783 3409 839 consertionibus
3423 785 3659 841 verticu-

2063 875 2256 943 larum,
2290 887 2451 947 atque
2475 890 2627 930 ossea
2654 877 3053 932 substructione
3085 876 3300 933 fulciri?
3320 878 3474 948 Quod
3497 880 3541 935 si
3563 896 3659 937 ac-

2062 972 2323 1041 cipiemus
2349 978 2407 1024 ut
2436 985 2621 1025 verum
2652 969 2751 1034 sit,
2787 985 2947 1026 aures
2978 971 3139 1026 etiam
3178 973 3427 1043 sequitur
3459 981 3516 1028 ut
3555 972 3656 1030 ba-

2062 1065 2222 1121 beant
2248 1065 2425 1120 curiis
2455 1065 2849 1136 perterebratus
2873 1064 3207 1121 anfractibus
3227 1083 3242 1121 :
3261 1067 3543 1122 oculorum
3569 1083 3661 1123 or-

2062 1155 2268 1212 biculos
2298 1157 2546 1224 mobiles,
2571 1158 2981 1228 superciliorum
3006 1157 3337 1229 marginibus
3362 1158 3657 1216 obumbra-

2062 1256 2194 1303 tos:
2239 1264 2559 1318 suSpensum
2620 1250 2897 1305 imbricem
2951 1250 3159 1305 narium
3189 1293 3205 1316 ,
3246 1250 3652 1309 munctionibus

2061 1340 2412 1396 mucculentis
2435 1350 2487 1396 et
2508 1340 2739 1412 spiritali
2765 1338 3178 1398 commeabileni
3204 1343 3427 1398 tractui:
3460 1344 3657 1400 subac-

2062 1432 2297 1490 tionibus
2323 1433 2563 1489 ciborum
2597 1433 2785 1489 dentes
2805 1434 2932 1489 trini
2957 1435 3196 1506 generis,
3218 1445 3379 1508 atque
3409 1437 3463 1494 in
3481 1436 3657 1495 ofﬁcia

2061 1529 2199 1584 trina
2229 1527 2594 1598 compositos:
2628 1541 2818 1583 manus
2851 1528 3127 1583 ministras
3173 1543 3395 1599 operum
3415 1569 3431 1596 ,
3456 1529 3657 1586 articu-

2058 1622 2156 1690 lis,
2188 1621 2387 1693 digitis,
2420 1631 2475 1677 et
2493 1621 2793 1677 cubitorum
2822 1621 3125 1679 mobilitate
3145 1623 3459 1680 tractabiles
3485 1641 3499 1680 :
3530 1639 3659 1683 cor-

2061 1717 2280 1789 poribus
2310 1716 2640 1772 sustinendis
2666 1715 2871 1786 pedes,
2904 1715 3237 1785 explicandis
3273 1717 3573 1788 gressibus,
3601 1727 3659 1775 et

359 1803 741 1878 amplectimini
773 1806 1072 1876 mensione,
1098 1806 1189 1864 ﬁlo
1214 1817 1270 1865 et
1297 1810 1656 1866 atterminatis
1686 1820 1713 1847 ιι
1749 1810 1937 1867 buma-
1970 1807 2020 1867 B
2045 1808 2397 1881 suggereudis
2419 1807 2894 1882 anticipatiouibus
2926 1808 3172 1864 itionum.
3199 1808 3355 1877 Quod
3372 1810 3417 1866 si
3435 1823 3658 1884 ea,qute

980 1912 988 1920 '
1588 1926 1973 1987 LECTIONES
2010 1922 2426 1984 VARIANTES‘.

426 2036 452 2065 ⁸
494 2034 574 2089 Ita
598 2032 741 2097 Sab.,
768 2033 1253 2100 Determinatisfalii.

1709 2145 2267 2207 COMMENTARIUS.

361 2274 463 2317 cur
483 2262 734 2340 mutanda
764 2264 853 2319 sit.
882 2265 1102 2340 Fulvius
1134 2266 1314 2340 Ursin.
1347 2283 1360 2321 :
1394 2277 1441 2322 et
1481 2268 1591 2339 lege
1615 2276 1851 2340 certaque
1867 2278 1949 2323 at-

363 2348 463 2458 ate
513 2335 829 2416 auctoritate.
888 2338 986 2393 Ed.
1036 2338 1209 2422 Lugd.
1268 2338 1408 2422 Ba.t.:
1433 2349 1481 2422 et
1521 2335 1677 2421 utvel
1704 2335 1946 2423 νέμεται.

420 2419 633 2458 eursms
659 2415 827 2458 totum
856 2408 1034 2458 locum
1067 2419 1137 2458 ita
1161 2409 1405 2458 reﬁtmll:
1439 2410 1619 2458 tium:
1640 2427 1658 2458 .-
1687 2412 1844 2458 diem
1862 2428 1946 2458 ne.

420 2404 633 2459 eursius
659 2415 827 2479 totum
856 2408 1036 2465 locum
1067 2404 1147 2464 ita'
1161 2409 1405 2479 reﬁngit:
1439 2410 1658 2465 litteris:
1687 2412 1844 2466 dicier
1862 2428 1951 2467 ve-

368 2474 446 2529 lut
464 2492 551 2550 res
572 2487 711 2550 certa
738 2478 942 2550 absque
972 2481 1079 2536 ulla
1111 2474 1454 2536 necessitate.
1482 2481 1684 2538 Οιιειῑ..

438 2546 540 2623 iiut
563 2548 608 2602 si
626 2557 764 2623 sunt,
796 2546 867 2623 ut:
882 2553 1126 2610 creditur.
1149 2553 1319 2607 sociae.
1343 2551 1418 2605 Ita
1447 2552 1620 2606 editor
1638 2552 1808 2623 Lugd.
1832 2553 1949 2609 Bat.

365 2615 545 2690 Editio
559 2615 812 2689 princeps
836 2621 1010 2678 Sabmi
1033 2633 1150 2678 :aut
1169 2624 1213 2677 si
1234 2632 1352 2676 sunt
1373 2623 1581 2677 credita:
1603 2615 1775 2690 sucida,
1793 2624 1955 2680 Fulv.

367 2686 525 2764 Ursin
556 2686 690 2764 {aut
718 2686 763 2746 si
788 2704 904 2764 sunt
931 2694 1127 2748 credita
1155 2694 1302 2748 socii.
1334 2694 1438 2749 Sed
1456 2686 1956 2764 benebabet'socice,

362 2760 721 2841 .s.cil.._fabulce,
769 2763 918 2841 idest
946 2766 1100 2841 nobis
1126 2767 1284 2841 etiam
1310 2780 1641 2841 communes,
1667 2776 1723 2821 ut
1745 2768 1886 2836 quod
1908 2760 1961 2823 in

364 2832 433 2905 iis
461 2832 674 2903 dicitur,
716 2837 878 2890 etiam
924 2834 992 2891 ad
1021 2852 1120 2891 nos
1149 2838 1415 2905 pertinere
1448 2839 1704 2898 videatur.
1741 2832 1797 2892 ut
1813 2852 1961 2895 recte

365 2902 747 2973 interpretatur
769 2906 1046 2963 Heraldus.
1073 2902 1275 2964 Οιιέιι.

410 2972 749 3055 litterarum
780 2978 988 3055 illarum
1016 2982 1169 3034 nubes
1217 2990 1365 3055 atque
1392 2980 1656 3055 involucra
1698 2982 1952 3055 relaxare.

365 3042 627 3119 Similiter
647 3047 1231 3119 Claudian.Mamertus
1265 3042 1333 3107 de
1351 3062 1493 3108 statu
1522 3053 1736 3119 animte,
1768 3053 1859 3108 lib.
1892 3070 1949 3108 ll.

365 3129 487 3183 cap.
519 3117 635 3194 d2;
663 3118 771 3173 Sed
793 3121 846 3174 in
870 3122 966 3175 hoc
991 3138 1151 3193 opaco
1191 3140 1358 3177 rerum
1398 3117 1730 3194 caligantium
1783 3125 1957 3180 nubilo

369 3200 434 3240 ea:
459 3187 629 3265 adytis
653 3187 1086 3265 supercmlestium
1106 3194 1469 3265 doctrinarum
1496 3187 1728 3249 consulta
1754 3206 1957 3265 repeta-

366 3272 497 3313 mus.
526 3261 611 3315 ubi
637 3262 742 3316 vid.
774 3262 938 3335 Gasp.
971 3264 1156 3320 Barth.
1180 3266 1233 3320 in
1257 3266 1551 3322 Glossario.
1585 3266 1789 3322 OnELL.

438 3350 576 3408 XIII.
630 3384 700 3395 —-
759 3354 881 3411 Filo
950 3367 999 3412 et
1058 3358 1411 3413 adterminatis
1471 3358 1713 3412 humano.
1781 3358 1960 3414 Filum

367 3426 857 3502 vocat_Arnobius,
897 3428 1223 3485 lineamenta
1268 3439 1323 3485 et
1362 3430 1738 3487 extremitates
1766 3445 1959 3502 corpo-

367 3508 506 3550 rum.
536 3495 610 3552 Ita
642 3497 949 3564 Lucretius,
981 3516 1037 3569 u,
1070 3501 1169 3556 3H
1207 3519 1220 3555 :

549 3608 673 3659 Esse
692 3612 794 3674 pari
813 3610 912 3675 ﬁlo,
936 3612 1189 3677 similique
1208 3612 1382 3666 affecta
1406 3615 1578 3679 ﬁgura.

372 3690 474 3777 libi
485 3692 592 3777 vid.
612 3695 847 3777 creecli:
866 3698 1175 3777 A._G_cllius,
1196 3700 1286 3777 lib.
1304 3717 1417 3764 xu,
1434 3715 1552 3772 cap.
1572 3703 1625 3777 4.
1644 3702 1962 3777 Chrysippus

394 3767 495 3844 acit
522 3767 791 3844 imaginem
814 3767 1160 3844 Justitite.i....
1209 3776 1377 3843 forma
1402 3767 1551 3844 atque
1587 3775 1676 3843 [ilo
1723 3767 1961 3842 virginali

392 3835 536 3915 dem,
565 3835 654 3892 lib.
684 3854 886 3915 t,_cap.i
907 3842 940 3893 9
971 3861 983 3893 ;
1014 3842 1187 3915 Mores
1209 3835 1520 3915 naturasque
1543 3835 1959 3899 hominum'ron-

359 3906 584 3986 jectione
602 3906 836 3986 quadam
853 3914 916 3986 de
944 3914 1046 3986 oris
1076 3925 1121 3967 et
1143 3916 1312 3968 vultus
1336 3906 1563 3986 ingenio,
1606 3922 1767 3979 deque
1809 3917 1962 3970 totius

366 3979 595 4049 corporis
616 3980 705 4051 [ilo
720 3991 869 4051 atque
895 3984 1185 4039 habitudine
1201 3979 1467 4040 sciscita'ri.
1489 3987 1728 4043 “suam.
1745 3996 1799 4041 ct
1822 3986 1961 4041 list.-

369 4050 689 4106 Itrzuu.—Ita
709 4061 762 4107 et
780 4050 950 4109 Plaut.
970 4056 1192 4125 Mercat,
1209 4066 1311 4112 act.
1342 4073 1416 4126 tv,
1435 4073 1583 4113 scen.
1606 4074 1677 4125 tv,
1701 4073 1840 4113 vers.
1868 4060 1959 4115 l5:

616 4168 745 4221 Satis
768 4172 944 4221 scitum
968 4172 1099 4222 ﬁlum
1123 4173 1363 4225 mulieris.

370 4250 546 4327 Filum
600 4254 651 4310 in
682 4272 882 4325 genere
907 4258 975 4312 de
1014 4259 1250 4327 cujusvis
1297 4261 1543 4327 corporis
1589 4261 1865 4315 extremiis
1900 4261 1962 4315 li.

371 4324 487 4402 nais
516 4324 895 4402 (ﬁcipluribus
925 4324 1160 4385 ostendit
1190 4324 1483 4388 Salmasius
1511 4332 1576 4386 ad
1609 4332 1805 4395 Sulin..
1840 4349 1958 4402 pag.

370 4394 496 4472 Q63.
528 4394 733 4453 Eodem
764 4415 924 4454 sensu
944 4402 1137 4456 dicitur
1166 4405 1421 4471 scriptura
1455 4405 1594 4472 apud
1628 4394 1959 4467 Petroni-uni,

2055 2268 2395 2341 anfractibus.
2429 2266 2780 2341 Ianualibus
2799 2265 3120 2341 anfractibus
3148 2265 3282 2323 dicit
3310 2266 3456 2341 Zeno
3483 2264 3660 2341 Vero—

2057 2337 2244 2396 nensis
2268 2355 2521 2395 sermone
2548 2337 2617 2395 de
2635 2338 2868 2394 Attende
2894 2337 3020 2393 tibi:
3054 2338 3217 2393 Aures
3248 2353 3366 2392 uero
3388 2338 3663 2407 inaequali-

2060 2412 2153 2467 bus
2200 2412 2505 2480 quibusdam
2559 2411 2877 2477 anfractibus
2920 2408 3183 2481 adaperta:
3216 2409 3529 2481 ictaceAae'ris
3573 2426 3662 2481 so-

2059 2500 2183 2536 num
2212 2478 2455 2537 distincta
2497 2482 2845 2536 modulatione
2888 2478 3167 2550 accipiunt.
3213 2478 3462 2550 Appellat
3502 2480 3662 2551 paulo

2062 2565 2186 2624 pOst
2214 2556 2434 2623 inﬂexos
2461 2558 2750 2622 anfractus,
2783 2551 3238 2622 quemadmodum
3276 2552 3550 2607 Arnobius
3573 2552 3658 2607 iu-

2065 2625 2146 2679 l'ra
2164 2628 2393 2697 infirmos
2423 2626 2669 2679 tramites.
2703 2624 2947 2697 “suam.

2143 2691 2421 2752 Oculorum
2446 2696 2701 2750 orbiculos
2740 2695 2970 2749 mobiles.
3000 2691 3288 2748 Oculorum
3318 2694 3462 2749 orbes
3487 2702 3545 2751 et
3576 2710 3663 2749 or-

2070 2770 2241 2833 biculi,
2278 2777 2335 2822 ut
2370 2768 2574 2825 Cra-cis
2595 2767 2759 2824 κύκλοι
2794 2766 3011 2838 Solin._,
3060 2778 3181 2838 cap.
3212 2766 3329 2838 50:
3365 2764 3662 2838 Numquam

2067 2840 2267 2896 cohibet
2296 2842 2457 2895 aciem
2487 2838 2705 2894 orbium.
2737 2844 2942 2896 Seneca
2973 2836 3026 2889 iu
3052 2834 3332 2906 (Edipode
3362 2854 3377 2891 :

2221 2953 2475 3003 Scrutatur
2498 2952 2669 3003 avidus
2690 2951 2916 3001 manibus
2938 2951 3075 3000 uncis
3098 2948 3313 3000 lumina:

2220 3016 2404 3066 Radice
2427 3017 2489 3065 ab
2510 3018 2603 3065 ima
2626 3015 2846 3065 funditus
2871 3012 3034 3064 vulsos
3053 3012 3196 3063 simul

2216 3079 2413 3130 Evolvit
2433 3080 2601 3130 orbes.

2065 3186 2286 3261 Dixerat
2335 3186 2633 3261 Sopliocles
2661 3188 2716 3261 in
2766 3183 2953 3239 eadem
2984 3181 3206 3261 fabulas
3248 3180 3405 3261 ’Ἄρας
3452 3184 3662 3261 {natura

2063 3255 2227 3335 ᾅρθρα
2273 3266 2377 3335 τῷη
2411 3253 2566 3313 ὰύτοῦ
2614 3257 2859 3335 nbula)!"
2876 3263 2930 3310 et
2971 3256 3035 3335 .in
3084 3253 3351 3335 Antigone
3394 3274 3428 3335 :_
3452 3258 3661 3319 κύκλους

2063 3326 3120 3403 Offflia'TwVLHBBAI.D.—COIII..ISOII(EIICII.;
3137 3326 3190 3381 in
3210 3326 3657 3403 Samonic.,vers.

2062 3397 2188 3468 669,
2222 3402 2274 3455 in
2308 3400 2461 3455 Poet.
2493 3402 2611 3455 Lat.
2641 3402 2797 3471 min.,
2830 3398 2890 3452 P.
2944 3397 3237 3471 Burmanni
3282 3408 3414 3471 toni.
3445 3415 3503 3465 ιι,
3534 3415 3656 3471 pag.

2064 3473 2192 3539 319;
2247 3472 2609 3536 Bitnemaun.,
2653 3471 2719 3525 ad
2775 3469 3048 3534 Lactant.,
3098 3468 3165 3524 de
3195 3468 3338 3540 Opif.
3370 3470 3485 3537 Dei,
3535 3468 3657 3541 cap.

2066 3544 2155 3608 10,
2184 3559 2304 3615 pag.
2329 3542 2491 3598 1168.
2519 3543 2725 3598 Οιιειι..

2137 3609 2460 3686 suspensum
2489 3615 2744 3669 imbricem
2789 3612 3009 3686 narium,
3037 3609 3659 3686 _etc._E_Ileganler_com—

2064 3699 2218 3757 parat
2245 3681 2518 3741 Arnobius
2545 3700 2705 3739 nares
2735 3699 2856 3737 cum
2898 3681 3126 3745 imbrice,
3160 3682 3209 3735 id
3252 3683 3534 3757 esttegula
3563 3698 3659 3737 ca-

2066 3752 2152 3823 va,
2186 3774 2305 3825 qua:
2336 3759 2492 3811 tectis
2535 3757 2947 3825 applicatur,_ut
2994 3768 3087 3822 per
3118 3767 3235 3807 eam
3267 3752 3468 3807 deﬂuat
3496 3769 3656 3824 aqua,

2065 3823 2404 3892 Dachirinne,
2458 3823 2792 3896 Dachtraufe.
2840 3823 3109 3896 Caeterum
3148 3840 3271 3896 cum
3302 3834 3487 3896 nostro
3510 3823 3661 3879 σοπη-

2067 3900 2335 3969 parandus
2367 3900 2515 3952 locus
2544 3894 2871 3969 Aristotelis,
2906 3894 3046 3969 Hist:
3080 3894 3283 3958 Auim.,
3317 3894 3409 3969 lib.
3443 3911 3481 3960 ι,
3537 3911 3656 3965 cap.

2067 3961 2157 4025 'H.
2208 3969 2283 4025 ἔτι
2324 3972 2605 4046 προσώπου
2648 3970 2801 4046 μέρος
2826 3968 2883 4021 τὸ
2904 3968 2991 4039 μὲν
3015 3961 3067 4046 by
3094 3974 3167 4038 τῷ
3211 3967 3461 4046 autumi
3495 3961 3663 4046 ardea;

2065 4044 2164 4116 ῥίς·
2198 4046 2282 4097 καὶ
2304 4036 2402 4117 γᾶρ
2431 4036 2743 4095 magna
2766 4036 2934 4117 ἐκτενεῖ
2958 4036 3148 4117 ratirati.
3169 4036 3291 4091 γαίὁ
3310 4041 3541 4117 πταρμᾲς
3572 4036 3663 4095 ’διὰ

2064 4104 2259 4174 iratum;
2273 4104 2478 4186 γίνεέαι,
2497 4122 2781 4186 πνεύματος
2808 4109 2989 4184 ἀθρόου
3015 4104 3206 4186 ἴξόδος,
3232 4104 3665 4186 σςημςῖοῖρξμοίωνιᾳ-

2066 4180 2322 4258 ῖεκὸνμάὶ
2358 4185 2488 4258 ἱερὸν
2519 4180 2849 4258 μρνόνη-τοῦιγΔ
2866 4180 3187 4258 iracundum.
3592 4181 3662 4258 de

2066 4254 2188 4310 Nat.
2206 4248 2485 4318 vdeor..'tt,
2508 4248 2628 4324 cup.
2660 4253 2748 4310 57.
2778 4249 2863 4307 Cf.
2896 4248 3169 4316 Lactant.,
3199 4248 3266 4305 de
3290 4250 3519 4320 Opificio
3543 4252 3659 4322 Dei,

2067 4342 2187 4397 cap.
2218 4328 2307 4382 10.
2341 4329 2545 4383 Ouum.

2143 4392 2537 4453 Subactionibus
2562 4397 2789 4450 ciborum
2817 4393 2989 4448 dentes
3037 4392 3160 4446 trini
3188 4393 3404 4461 generis,
3429 4401 3531 4450 etc.
3564 4393 3662 4455 Ni-

371 4465 482 4522 Sat.
516 4484 634 4539 cap.
674 4472 818 4547 126.:
850 4474 1142 4542 Supercilia
1173 4462 1330 4547 usque
1356 4474 1424 4547 ad
1446 4462 1696 4529 malarum
1735 4462 2045 4547 scriptu-'1,
2071 4470 2264 4547 mirum
2305 4469 2358 4525 1⁰
2409 4470 2454 4524 oi.
2493 4476 2688 4547 τρμεῖς,
2732 4466 2980 4547 primores
3007 4462 3201 4547 Plinio,
3237 4463 3442 4547 Isidoro
3484 4475 3661 4522 autem

369 4553 481 4617 rant
503 4544 780 4617 currentia,
808 4554 854 4617 et
897 4561 1076 4597 rursus
1111 4546 1332 4613 confinio
1375 4545 1624 4600 luminum
1649 4562 1791 4617 paene
1841 4562 1962 4616 per-

372 4609 552 4683 minim.
582 4614 669 4666 ubi
696 4613 813 4669 vide
837 4614 1006 4683 iutpp.
1040 4609 1243 4670 UBELL.

443 4679 863 4758 Circumctesura.
890 4679 1314 4751 Circumcwsurtt,
1347 4695 1615 4749 περικοπή.
1646 4688 1789 4743 Idem
1822 4688 1964 4758 quod

372 4752 535 4809 modo
562 4754 774 4811 dixerat
799 4757 966 4825 filum.
1000 4758 1305 4826 Lucretius,
1336 4776 1412 4827 tu,
1440 4760 1567 4815 220.
1591 4778 1606 4816 :

556 4865 749 4917 Extima
771 4871 1104 4920 membrorum
1130 4872 1507 4921 circumczesura
1534 4878 1699 4922 tamen
1719 4886 1775 4922 se

560 4928 856 4982 Incolumem
882 4942 1082 4996 prmstat
1105 4946 1118 4981 :
1144 4947 1239 4983 nec.
1261 4933 1391 4984 desit
1414 4936 1633 4997 corporis
1659 4936 1832 4986 hilum.

286 5044 291 5047 ’
372 5032 529 5109 Boni.
563 5052 633 5101 tv,
665 5036 788 5094 65L
825 5038 1142 5094 "EBALD.-—
1165 5037 1322 5095 Conf.
1349 5038 1611 5107 Turneb.,
1642 5040 1963 5109 Adversum,

371 5106 463 5161 lib.
499 5123 611 5173 stu,
642 5124 741 5178 cap
768 5109 858 5164 20.
889 5111 1095 5167 OnsLL.

443 5177 852 5234 Consertionibus
905 5184 1285 5237 verticularum.
1315 5184 1387 5238 Ita
1442 5182 1586 5239 edidi
1612 5200 1675 5239 ex
1706 5183 1965 5239 emenda-

374 5251 517 5327 tione
544 5254 822 5327 verissima
849 5252 911 5306 F.
944 5255 1135 5327 Dousa:
1162 5256 1228 5308 ad
1258 5255 1444 5313 Lucilii
1473 5255 1811 5327 Fragment.,
1844 5270 1963 5325 pag.

370 5321 615 5397 295,70d.
649 5324 1002 5397 flavercatup.
1036 5324 1309 5393 Veiticum,
1340 5328 1480 5397 quod
1506 5328 1557 5381 in
1583 5321 1967 5397 omnibused'if

373 5394 607 5467 tionibus
650 5395 865 5463 legitur.
917 5396 1019 5450 hoc
1061 5397 1183 5451 loco
1215 5394 1431 5453 tolerari
1462 5413 1566 5451 non
1622 5406 1819 5467 potest.
1858 5395 1965 5453 Sed

372 5462 656 5539 legendum
688 5462 1066 5539 uerticuluruni,
1103 5468 1207 5531 vel,
1234 5470 1375 5539 quod
1405 5462 1635 5523 Solinus
1652 5468 1813 5522 liabet
1842 5483 1961 5536 cap.

373 5534 459 5602 51,
513 5537 895 5591 verticulorum.
950 5536 1221 5593 Verticulte
1253 5534 1407 5594 'suut
1465 5540 1716 5603 articuli,
1773 5534 1965 5609 quibus

372 5610 524 5681 siuna
556 5609 704 5663 dorsi
743 5624 866 5663 cum
901 5610 1078 5678 Capite
1107 5611 1470 5680 coujungitur.
1506 5611 1612 5666 Alii
1641 5611 1824 5681 legunt
1850 5627 1963 5665 ver-

373 5677 627 5754 lebrarunt
654 5681 847 5754 eodem
877 5677 1059 5737 sensu.
1093 5677 1221 5737 vid.'
1255 5677 1483 5737 Saluius.
1515 5682 1596 5754 .ad
1629 5677 1824 5751 Solin.,
1858 5683 1896 5737 l.
1924 5698 1962 5737 ι.

372 5764 493 5819 pag.
524 5751 647 5806 106.
681 5752 886 5809 Οκειι.

442 5822 604 5878 .lures
631 5825 784 5881 etiam
814 5826 1041 5897 sequitur
1066 5835 1120 5883 ut
1146 5827 1368 5885 habeant
1397 5827 1563 5883 curvis
1594 5827 1964 5899 perterebratus

2069 4540 2216 4610 Orig.
2250 4556 2326 4607 XI,
2360 4555 2478 4609 cap.
2514 4536 2565 4593 1.
2599 4539 2892 4608 prcecisores
2922 4536 3078 4610 dicti,
3106 4536 3167 4610 in
3198 4536 3438 4610 veterino
3467 4551 3664 4607 pecore

2066 4605 2321 4682 rapaces;
2361 4605 2440 4664 ‘3‘"
2462 4605 2783 4672 κυνόδοντες,
2816 4608 3019 4682 canini,
3055 4605 3308 4682 lsidoro,_
3352 4607 3389 4663 l.
3427 4605 3486 4682 l.,
3524 4609 3667 4682 colu-

2068 4679 2205 4737 melli
2229 4701 2256 4735 :t
2284 4684 2615 4750 longitudine
2645 4692 2699 4736 et
2728 4679 3083 4741 rotunditate,
3114 4682 3164 4750 in
3188 4680 3341 4750 equis
3362 4680 3663 4734 columella-

2067 4771 2148 4809 res
2166 4772 2199 4829 ᾖ
2215 4755 2274 4829 5°
2291 4826 2300 4829 Α
2319 4756 2521 4829 γόμφιοι
2533 4824 2543 4829 _
2557 4749 3347 4829 vel“pumilae,aitolaresnlsidoro
3364 4791 3378 4815 ,
3409 4751 3663 4829 .ntaxt'lla-

2068 4842 2148 4880 res
2166 4818 2361 4886 Plinio,
2383 4818 2599 4894 'genuini
2627 4818 2876 4894 Ciceroni
2904 4821 3054 4875 dicti.
3092 4818 3529 4894 Yi‘deuimprimis
3561 4823 3662 4894 ᾼτ-

2069 4897 2345 4960 temitlor.,
2377 4890 2726 4956 Oncirocrit.,
2755 4892 2848 4946 lib.
2879 4907 2916 4953 ι.
2945 4906 3065 4959 cap.
3099 4890 3187 4954 51,
3228 4890 3410 4958 ibique
3439 4891 3661 4960 Rigalt.,

2071 4982 2191 5037 pag.
2222 4966 2317 5033 20,
2350 4981 2528 5036 seqq.,
2562 4964 2671 5037 vol.
2699 4978 2739 5017 ll
2761 5004 2774 5026 ,
2812 4960 3100 5037 ed.__lleiﬁ'.
3124 4961 3402 5037 Lauerunt
3425 4960 3480 5015 in
3508 4977 3660 5017 eam-

2067 5029 2191 5095 dem
2228 5029 2548 5093 sententiam
2577 5036 2849 5105 eleganter
2887 5033 3078 5087 Cicero
3106 5029 3173 5083 de
3214 5029 3331 5105 Nat.
3368 5032 3547 5105 deor.,
3580 5050 3658 5099 ll,

2068 5125 2187 5179 cap.
2219 5110 2287 5164 54
2320 5127 2332 5162 :
2362 5108 2611 5163 Dentibus
2639 5102 2809 5160 autem
2839 5105 2891 5157 in
2913 5120 3000 5179 ore
3028 5102 3330 5179 constructis
3356 5104 3659 5179 manditur‘,

2068 5172 2219 5251 atque
2269 5181 2331 5233 ab
2362 5181 2441 5234 his
2470 5190 2772 5253 extenuatur
2800 5187 2847 5229 et
2876 5176 3087 5229 molitur
3106 5172 3268 5253 _cibus_
3303 5188 3322 5227 :
3362 5190 3536 5228 eorum
3563 5176 3663 5253 ad;

2069 5244 2196 5306 uersi
2235 5254 2369 5305 acuti
2415 5267 2587 5305 morsu
2629 5249 2862 5303 dividunt
2893 5261 3068 5310 escas,
3098 5244 3264 5299 intimi
3290 5257 3459 5300 autem
3502 5247 3664 5316 confi-

2067 5324 2229 5386 ciunt,
2254 5322 2343 5391 qui
2371 5322 2579 5391 genuini
2605 5331 2871 5375 vocantur.
2902 5317 3105 5373 OBELL.

2145 5393 2296 5460 Quod
2322 5393 2366 5445 si
2387 5410 2466 5456 ea,
2496 5407 2610 5462 qua:
2640 5402 2877 5463 prompta
2914 5398 3474 5463 sunt,_consentaneum
3517 5399 3591 5446 est
3617 5398 3664 5445 et

2068 5466 2161 5520 illa
2187 5465 2401 5535 portari.
2438 5460 2561 5517 ΙΙὼο
2582 5460 2663 5517 est
2684 5462 2898 5517 Codicis
2926 5476 3028 5514 tus.
3054 5460 3222 5535 lectio
3243 5502 3259 5525 ,
3294 5462 3433 5517 male
3459 5471 3662 5535 mutata

2070 5538 2139 5592 ab
2162 5532 2280 5590 aliis
2326 5535 2377 5589 iit
2422 5547 2816 5589 consentaneum
2846 5541 2918 5586 est
2948 5542 2994 5584 et
3023 5532 3117 5585 illa
3165 5542 3391 5599 portare,
3434 5532 3504 5586 ab
3542 5532 3666 5587 aliis

2068 5609 2123 5663 in
2172 5617 2565 5662 consentaneum
2594 5616 2666 5660 est
2691 5616 2737 5659 et
2765 5606 2858 5658 illa
2890 5604 3082 5670 putari.
3111 5602 3316 5657 Sensus
3341 5612 3459 5657 est:
3514 5603 3667 5671 Quod

2069 5682 2111 5734 si
2164 5696 2244 5738 ea.
2275 5696 2389 5746 qua:
2444 5688 2679 5746 prompta
2719 5674 2794 5746 (id
2838 5684 2923 5746 est
2970 5671 3329 5746 inprompto)
3357 5683 3514 5741 sunt,
3547 5674 3667 5746 scil.

2070 5743 2338 5824 portantur
2376 5768 2408 5805 a
2436 5743 2555 5813 diis,
2588 5743 2755 5824 (quod
2787 5743 3402 5824 subintelligenduiuﬁu
3425 5744 3678 5824 sequetui

2069 5812 2311 5895 portari),
2333 5812 2734 5879 consentaneum
2752 5827 2823 5873 est
2850 5826 2895 5872 et
2920 5816 3010 5870 illa
3031 5812 3228 5874 portari
3247 5814 3341 5887 (ab
3361 5812 3681 5887 iis)etc._Ou.
