4236 6264
294 294 392 351 961

1654 296 1863 362 LIBER
1898 298 2217 361 TERTIUS.

3493 302 3603 362 962

361 413 526 470 XVII.
574 412 680 470 Sed
712 413 756 469 si
786 415 955 483 vobis,
990 416 1255 488 inquiunt,
1284 425 1468 474 nostra
1498 418 1739 490 opinatio
1767 423 1881 478 dis-
1907 423 1959 484 Α
1988 419 2225 489 irrepere
2268 432 2370 474 vox
2426 417 2597 489 possit
2646 431 2863 474 sensum
2905 416 3224 474 nunciatura
3277 420 3549 478 sermonis
3581 438 3596 477 :

291 509 472 580 plicet,
521 524 618 563 vos
667 509 1056 578 demonstrate,
1110 528 1206 568 vos
1255 513 1440 577 dicite,
1474 528 1576 584 qua
1628 516 1700 568 sit
1748 515 1888 571 Deus

290 600 550 672 praeditus
597 600 786 656 forma.
820 602 876 659 Si
910 619 1087 658 veram
1119 605 1283 659 vultis
1324 606 1511 662 audire
1541 608 1885 675 sententiam,

287 704 380 750 aut
425 695 626 750 nullam
670 695 830 751 habet
881 696 1022 751 Deus
1065 696 1290 752 formam
1339 709 1434 753 aut
1480 699 1526 754 si
1568 699 1889 756 informatus

286 797 376 845 est
405 788 601 859 aliqua,
634 803 697 843 ea
747 804 867 858 qua:
920 789 1009 852 sit,
1062 789 1305 861 profecto
1355 792 1648 848 nescimus.
1703 791 1888 863 Neque

285 880 434 939 enim
466 882 607 953 quod
638 882 866 937 vidimus
900 899 1213 956 numquam,
1247 886 1455 944 nescire
1493 903 1614 944 esse
1640 888 1887 945 ducimus

284 983 444 1044 turpe
479 992 493 1029 :
522 983 616 1029 aut
643 989 707 1030 ea
749 990 809 1030 re
837 975 1186 1046 prohibemur
1217 979 1443 1035 aliorum
1477 982 1773 1038 sententias
1800 998 1886 1039 re-

283 1064 483 1133 futare,
515 1070 639 1136 quia
676 1082 839 1137 super
868 1068 969 1124 hoc
996 1082 1233 1126 nostram
1268 1074 1467 1129 nullam
1512 1076 1612 1146 ipsi
1667 1086 1885 1133 senten-

283 1155 414 1213 tiam
440 1160 762 1229 promimus.
797 1158 864 1215 Ut
887 1162 1029 1216 enim
1064 1163 1107 1216 si
1140 1163 1338 1220 vitreus
1352 1182 1474 1223 esse
1495 1168 1704 1224 dicatur
1728 1187 1884 1226 mutt-

283 1251 407 1319 dus,
438 1255 483 1306 si
512 1266 823 1324 argeuteus,
859 1252 1069 1310 ferreus
1088 1257 1180 1310 ‘vel
1215 1274 1280 1313 ex
1314 1259 1487 1330 fragili
1528 1262 1884 1332 conglobatus

283 1356 342 1403 et
375 1344 666 1402 fabricatus
705 1358 861 1411 testa,
895 1364 1001 1403 non
1032 1348 1340 1406 dubitemus
1382 1353 1569 1409 falsum
1598 1370 1722 1410 esse
1754 1371 1885 1411 con-

282 1438 528 1506 tendere,
548 1440 795 1510 quamvis
813 1456 932 1508 quae
961 1442 1032 1496 sit
1057 1443 1175 1512 ejus
1201 1445 1423 1499 materia
1449 1448 1785 1503 nesciamus:
1810 1449 1883 1504 ita

276 1547 402 1588 cum
431 1533 500 1589 de
525 1535 706 1603 Specie
726 1543 916 1605 agatur
943 1534 1059 1600 Dei,
1087 1552 1248 1607 quam
1279 1539 1571 1608 perhibetis
1599 1551 1624 1579 ει
1655 1543 1883 1597 convin-

275 1626 454 1681 cimus
470 1642 577 1681 non
598 1642 740 1692 esse,
764 1628 927 1682 etiam
949 1629 995 1683 si
1020 1644 1142 1699 qua:
1158 1631 1251 1701 sit,
1275 1633 1452 1690 minus
1475 1649 1765 1705 possumus
1788 1650 1883 1691 ex-

277 1717 504 1789 plicare.

1990 520 2084 566 aut
2104 512 2149 566 si
2182 512 2340 566 verba
2369 526 2465 566 ore
2494 510 2810 577 funduntur,
2845 510 2986 567 labia
3013 511 3212 568 habere
3250 527 3374 568 cum
3416 513 3600 569 denti-

1989 608 2112 672 bus,
2145 625 2374 680 quorum
2424 609 2632 665 inflictu
2659 616 2714 664 et
2758 608 3057 665 mobilitate
3088 608 3369 681 multiiuga
3413 609 3598 682 lingua

1994 715 2159 757 sonos
2184 702 2438 757 articulet
2458 741 2474 768 ,
2513 709 2569 758 et
2590 715 2778 757 vocem
2810 701 2863 755 in
2894 700 3061 757 verba
3090 700 3417 760 conformet.

2059 792 2204 848 XIX.
2225 794 2280 850 Si
2310 796 2481 851 nostri
2506 793 2675 849 animi
2703 801 2913 849 motum
2943 809 3053 850 non
3085 795 3349 851 recusatis
3378 794 3589 866 audire,

1991 892 2197 940 tantum
2227 885 2383 942 abest
2423 894 2482 942 ut
2515 901 2615 942 nos
2644 887 2758 942 Deo
2781 886 3086 957 corporalia
3132 887 3449 944 liniamenta
3493 889 3592 944 tri-

1987 976 2240 1044 buamus,
2261 990 2317 1033 ut
2344 979 2651 1034 animorum
2680 980 2844 1036 etiam
2875 979 3076 1035 decora
3097 1020 3113 1046 ,
3144 979 3397 1052 ipsasque
3424 981 3593 1039 virtu-

1988 1080 2110 1141 tes,
2177 1073 2375 1144 quibus
2422 1074 2665 1131 eminere
2717 1075 2805 1129 vix
2855 1089 3176 1131 concessum
3230 1084 3316 1131 est
3365 1076 3586 1147 paucis,

1989 1173 2151 1221 tantre
2174 1168 2251 1222 rei
2276 1183 2566 1223 vereamur
2585 1168 2919 1224 adscribere.
2942 1167 3073 1236 Quis
3093 1170 3236 1225 enim
3258 1170 3423 1225 Deum
3445 1170 3593 1227 dixe-

1984 1258 2056 1313 rit
2086 1258 2301 1325 fortem,
2328 1271 2699 1326 constantem,
2733 1261 2891 1332 frugi,
2924 1262 3270 1331 sapientem?
3298 1261 3420 1331 quis
3468 1278 3594 1333 pro-

1987 1349 2153 1406 bum?
2179 1352 2302 1423 quis
2324 1353 2609 1408 sobrium?
2640 1354 2761 1424 quis
2788 1354 2956 1407 immo
2997 1354 3205 1423 aliquid
3239 1354 3438 1410 nosse?
3467 1355 3589 1425 quis

1987 1442 2331 1513 intelligere?
2356 1444 2478 1515 quis
2515 1443 2841 1514 providere?
2862 1446 2984 1515 quis
3010 1443 3079 1499 ad
3112 1444 3249 1500 lines
3289 1444 3590 1501 officiorum

1985 1549 2164 1596 certos
2184 1542 2457 1596 actionum
2478 1557 2697 1597 suarum
2721 1543 2937 1598 decreta
2960 1542 3321 1614 dirigentem?
3348 1542 3590 1603 Humana

1983 1643 2111 1687 sunt
2140 1632 2256 1689 haec
2283 1634 2446 1701 bona,
2480 1644 2535 1689 et
2561 1650 2628 1690 ex
2649 1634 2992 1705 oppositione
3016 1635 3273 1692 vitiorum
3305 1636 3591 1694 existima-

1985 1728 2189 1784 tionem
2236 1737 2555 1784 nterueruut
2584 1729 2787 1785 habere
2827 1728 3174 1785 laudabilem.
3201 1730 3334 1799 Quis
3362 1739 3445 1787 est
3488 1747 3591 1788 au-

350 1808 540 1865 XVIII.
565 1810 703 1880 Quid
724 1826 883 1885 ergo,
908 1813 1114 1886 inquiet
1133 1815 1327 1887 aliquis
1346 1857 1360 1882 ,
1393 1832 1500 1873 non
1529 1818 1678 1874 audit
1700 1818 1879 1875 Deus?
1909 1824 1956 1885 B
1985 1828 2089 1877 tem
2114 1831 2221 1878 tam
2251 1824 2427 1879 obtusi
2459 1825 2712 1892 pectoris,
2748 1832 2856 1878 tam
2884 1825 3050 1889 bruti,
3080 1825 3170 1894 qui
3216 1825 3466 1881 immanis
3494 1827 3591 1883 bo-

276 1920 389 1961 non
416 1906 691 1978 loqttitur?
719 1924 825 1963 non
857 1919 982 1964 ante
1011 1926 1070 1965 se
1096 1912 1299 1981 positas
1335 1926 1425 1967 res
1448 1912 1624 1968 videt?
1659 1929 1765 1969 non
1795 1914 1876 1968 in-

276 1998 499 2053 tuetur?
524 1998 633 2055 Suo
657 1998 878 2055 forsitan
906 2017 1103 2072 genere
1121 2044 1136 2067 ,
1162 2019 1266 2060 non
1296 2014 1501 2059 nostro.
1520 2004 1705 2077 Neque
1731 2007 1875 2062 enim

273 2088 393 2146 veri
415 2090 613 2161 aliquid
644 2092 783 2149 scire
800 2103 943 2149 tanta
975 2096 1026 2149 in
1060 2111 1118 2151 re
1157 2112 1461 2167 possumus,
1486 2110 1576 2153 aut
1614 2101 1876 2170 suspicio-

273 2183 436 2240 nibus
461 2184 713 2256 indagare
740 2204 753 2240 :
782 2202 916 2257 quas
942 2201 1064 2242 esse
1107 2188 1245 2258 apud
1278 2204 1376 2244 nos
1400 2188 1427 2227 δ
1455 2189 1623 2259 liquet
1650 2191 1873 2246 instabi-

270 2276 378 2341 les,
405 2277 660 2344 lubricas,
692 2287 748 2334 et
789 2295 1045 2335 vanorum
1094 2280 1471 2336 similitudines
1516 2284 1869 2339 somniorum.

272 2367 334 2425 Si
366 2368 506 2423 enim
536 2369 828 2425 dixerimus
872 2371 1064 2426 iisdem
1095 2372 1392 2427 rationibus
1423 2372 1629 2442 videre,
1680 2376 1875 2446 quibus

271 2471 331 2518 et
359 2478 460 2519 nos
488 2464 732 2521 videmus
764 2484 777 2520 :
804 2466 1046 2536 sequitur
1074 2477 1130 2521 ut
1177 2467 1398 2538 intelligi
1440 2468 1635 2523 debeat
1684 2484 1877 2540 super-

268 2556 446 2628 jcctas
475 2559 670 2629 pupilis
697 2575 818 2615 eum
857 2559 1056 2615 habere
1082 2562 1478 2617 membranulas
1504 2605 1519 2631 ,
1548 2564 1837 2619 connivere
1856 2604 1874 2631 ,

271 2652 479 2707 nictare
503 2693 517 2717 ,
548 2652 730 2720 radiis,
753 2665 846 2708 aut
873 2654 1192 2725 imaginibus
1208 2671 1448 2718 cernere,
1472 2666 1562 2711 aut
1582 2658 1724 2728 quod
1748 2673 1878 2713 ocu-

272 2742 344 2799 lis
370 2760 657 2801 commune
679 2755 762 2800 est
789 2747 1057 2811 omnibus,
1082 2748 1199 2803 sine
1236 2749 1457 2804 alterius
1479 2748 1695 2804 luminis
1724 2765 1876 2806 com-

270 2839 534 2894 mixtione
578 2840 708 2893 nihil
731 2840 950 2895 omnino
971 2842 1307 2911 COIlSpiCCI‘C.
1334 2842 1486 2909 Quod
1518 2842 1691 2912 ipsum
1720 2844 1872 2899 simi-

268 2933 399 2990 liter
451 2936 520 2991 de
559 2935 765 3003 auditu,
799 2951 860 2991 ac
909 2936 977 2991 de
1018 2937 1215 3006 eloquii
1265 2937 1456 3001 forma,
1484 2946 1539 2993 et
1587 2939 1872 2994 verborum

272 3028 578 3099 prolatione
610 3028 891 3083 dicendum
936 3039 1037 3085 est.
1085 3030 1141 3086 Si
1190 3046 1285 3100 per
1327 3047 1487 3088 aures
1531 3033 1748 3099 audiat,
1780 3049 1875 3091 eas

1984 1916 2070 1969 nis
2102 1915 2269 1971 Deum
2300 1931 2421 1972 esse
2445 1916 2588 1972 dicat
2613 1918 2909 1987 magnum?
2935 1925 3028 1972 aut
3056 1916 3181 1974 ideo
3215 1920 3451 1975 nominis
3478 1935 3592 1976 ma-

1978 2005 2174 2077 jestate
2227 2008 2558 2079 praecellere,
2601 2008 2745 2078 quod
2779 2009 3031 2065 vitiorum
3060 2020 3247 2066 careat
3298 2010 3580 2068 foeditate?

1972 2098 2253 2170 Quidquid
2282 2099 2349 2156 de
2379 2100 2489 2156 Deo
2514 2100 2722 2156 dixeris
2740 2141 2756 2167 ,
2781 2101 3043 2173 quidquid
3072 2103 3248 2158 tacitae
3275 2106 3470 2160 mentis
3497 2120 3590 2162 co-

1983 2190 2245 2260 gitatione
2263 2193 2600 2265 conceperis,
2633 2194 2685 2247 in
2710 2192 3003 2249 humanum
3027 2195 3262 2251 transilit
3283 2207 3336 2253 et
3355 2212 3592 2254 corrum-

1985 2282 2126 2351 pitur
2151 2300 2366 2339 sensum
2402 2303 2414 2338 :
2445 2299 2545 2339 nec
2569 2284 2734 2340 habet
2763 2286 2995 2356 prepriie
3039 2287 3447 2357 significationis
3489 2307 3591 2346 no-

1984 2384 2113 2442 tam,
2143 2378 2285 2448 quod
2317 2379 2518 2434 nostris
2562 2378 2757 2433 dicitur
2802 2378 2983 2434 verbis
3007 2419 3023 2442 ,
3054 2388 3215 2452 atque
3248 2380 3316 2436 ad
3367 2384 3590 2454 negocia

1982 2468 2216 2526 humana
2242 2471 2571 2543 compositis.
2607 2470 2755 2526 Unus
2794 2479 2878 2528 est
2904 2472 3138 2527 hominis
3165 2473 3471 2530 intellectus
3520 2475 3589 2532 de

1987 2567 2079 2622 Dei
2124 2575 2313 2621 natura
2361 2567 2717 2633 certissimus,
2750 2567 2796 2622 si
2825 2566 2987 2634 scias,
3016 2576 3073 2623 et
3119 2566 3321 2625 sentias
3348 2568 3484 2626 nihil
3522 2570 3590 2627 de

1984 2660 2079 2715 illo
2104 2674 2262 2729 posse
2290 2662 2503 2715 mortali
2526 2660 2769 2716 oratione
2795 2660 3060 2732 depromi.

2056 2753 2174 2809 XX.
2208 2754 2273 2809 Et
2303 2754 2419 2810 haec
2447 2768 2574 2810 vero
2614 2755 2784 2824 prima
2832 2762 2917 2810 est
2955 2765 3256 2810 vestrorum
3306 2756 3587 2813 numinum

1983 2849 2335 2914 contumelia,
2364 2866 2523 2921 quam
2550 2849 2619 2905 de
2646 2850 2856 2915 formis,
2886 2864 2941 2906 et
2971 2850 3190 2907 senibus
3220 2851 3347 2908 boni
3377 2853 3590 2910 scilicet

1983 2942 2247 3011 vindices,
2270 2955 2324 2999 et
2346 2945 2580 3016 religiosi
2609 2944 2964 3000 Constituistis
2982 2955 3253 3001 auctores.
3277 2944 3413 3001 illud
3438 2962 3587 3014 vero,

1982 3039 2125 3109 quod
2153 3039 2417 3109 sequitur,
2449 3037 2611 3108 quale
2650 3046 2757 3105 est,
2787 3037 2931 3108 quod
2973 3037 3105 3093 deos
3133 3038 3288 3094 vobis
3334 3037 3589 3095 inducitis

267 3137 491 3193 quoque
536 3121 737 3179 habere
782 3122 1034 3182 flexuosis
1065 3125 1368 3182 tramitibus
1394 3126 1692 3198 perforatas
1715 3171 1731 3198 ,
1765 3145 1868 3200 qua
1899 3121 1944 3187 C
1975 3132 2111 3188 alios
2161 3133 2340 3189 fabros
2362 3174 2377 3202 ,
2409 3132 2545 3189 alios
2575 3132 2838 3201 medicos,
2867 3131 3005 3188 alios
3032 3129 3266 3189 lanarius
3285 3171 3302 3201 ,
3354 3139 3584 3203 nautas,

1475 3243 1862 3305 LECTIONLS
1900 3248 2321 3307 VARIANTES.
3202 3234 3213 3237 ⁷

336 3359 363 3390 ⁸
398 3357 668 3411 Perhibitis
688 3358 806 3411 Sab.
833 3355 979 3410 male.

2035 3364 2063 3406 b
2088 3364 2190 3417 Vos
2212 3360 2358 3416 Fulv.

1636 3473 2200 3532 COMMENTARIUS.

273 3590 563 3656 Salmasio,
618 3589 907 3646 ediderunt
950 3590 1172 3644 veterino
1196 3604 1312 3644 cum
1352 3604 1553 3659 pecore,
1607 3590 1866 3659 pessime.

274 3663 408 3718 Nam
440 3663 717 3717 veterinum
746 3677 919 3730 pecus.
964 3670 1022 3715 ttt
1047 3661 1286 3727 pluribus
1313 3662 1549 3717 ostendit
1576 3660 1871 3717 Lambinus

274 3734 341 3788 ad
397 3734 638 3797 Lucret.,
668 3734 703 3787 l.
731 3750 782 3797 v,
817 3747 959 3788 vers.
992 3731 1120 3793 863,
1156 3749 1207 3801 ιι.
1240 3731 1368 3799 675,
1409 3735 1660 3787 dicuntur
1691 3734 1870 3787 omnia

273 3805 549 3868 animalia,
605 3820 725 3875 quas
776 3805 976 3859 vehere
1020 3803 1146 3872 quid
1199 3813 1456 3872 possunt,
1510 3805 1694 3868 boves,
1724 3804 1870 3874 equi,

274 3878 427 3941 ntuli,
453 3876 610 3935 asini.
645 3885 775 3941 etc.,
795 3890 1023 3945 quorum
1062 3874 1204 3928 nulla
1252 3886 1344 3929 aut
1372 3876 1591 3929 minima
1620 3891 1740 3929 cum
1773 3876 1873 3929 ho-

274 3950 426 4003 mine
454 3948 751 4003 similitttdo
771 3959 873 4001 ρει.
908 3948 1172 4001 (Steterunt
1216 3946 1309 4000 ille
1336 3947 1503 4000 nescio
1531 3948 1641 4014 quis
1669 3956 1871 4009 auctor,

273 4028 337 4073 nt
363 4020 521 4074 docet
550 4017 830 4081 Nourrius,
865 4017 1073 4072 Ennius
1117 4026 1219 4082 est,
1247 4017 1403 4088 cujus
1448 4029 1607 4072 notus
1630 4033 1818 4072 versus
1844 4032 1876 4072 e

273 4088 540 4146 Cicerone
564 4090 632 4145 de
654 4091 774 4144 Nat.
803 4089 957 4145 deor.
990 4106 1026 4155 t,
1060 4104 1108 4143 c.
1139 4089 1229 4143 55.

371 4204 523 4254 Simia
544 4216 690 4266 quam
713 4201 903 4263 similis,
929 4202 1207 4265 turpissima
1228 4202 1405 4265 bestia,
1433 4202 1594 4252 nobis.

274 4308 390 4365 Nec
406 4306 705 4362 audiendus
723 4306 883 4361 etiam
906 4306 1163 4361 Meursius
1185 4307 1237 4361 in
1259 4308 1569 4375 Appendicc
1589 4305 1874 4377 legendum

275 4380 564 4450 suspicans
588 4379 796 4433 clunino
816 4394 931 4431 cum
956 4394 1152 4446 pecore.
1177 4377 1334 4434 Conf.
1354 4380 1557 4437 Savaro
1574 4379 1640 4434 ad
1662 4379 1873 4445 Sidam,

277 4449 386 4506 lib.
408 4467 445 4511 ι.
478 4452 636 4520 epist.
662 4466 699 4511 ι.
734 4466 785 4518 p.
817 4451 872 4503 4.
903 4449 1104 4505 Οιιειι.

1977 3589 2212 3661 spicie_ns
2241 3587 2465 3645 forsitan
2492 3586 2560 3644 ad
2595 3587 2757 3645 verba
2777 3586 2866 3643 illa
2881 3586 3155 3661 Martialis,
3182 3588 3276 3661 lib.
3301 3604 3374 3658 vt,
3401 3587 3582 3661 Epigr.

1977 3662 2049 3732 49
2084 3679 2097 3715 :
2130 3658 2361 3730 Priapus
2386 3661 2451 3714 de
2478 3662 2657 3732 fragili
2681 3661 2886 3715 dolatus
2914 3662 3077 3715 ulmo.
3105 3660 3213 3716 Sed
3256 3660 3415 3731 longe
3444 3658 3586 3732 pra:-

1979 3730 2097 3786 fero
2147 3719 2433 3787 lectionem
2476 3719 2681 3788 codicis
2722 3732 3076 3802 conglobatus,
3128 3746 3248 3802 qua:
3291 3719 3588 3788 adstruitur

1980 3805 2143 3874 etiam
2178 3803 2297 3857 loro
2324 3804 2482 3874 plane
2511 3802 2676 3857 simili
2726 3801 3030 3867 Ciceronis,
3080 3801 3156 3857 de
3180 3802 3366 3857 Natur.
3401 3804 3582 3870 deor.,

1983 3873 2021 3927 ι.
2048 3890 2107 3935 ιι.
2128 3888 2177 3928 c.
2206 3874 2275 3928 39
2296 3891 2308 3925 :
2330 3873 2402 3926 Ac
2425 3874 2680 3942 principio
2704 3884 2842 3927 terra
2870 3875 3111 3928 universa
3132 3885 3393 3939 cernatur,
3418 3876 3586 3929 locata

1982 3945 2035 3997 in
2064 3945 2232 3998 media
2256 3945 2433 4016 mundi
2458 3946 2597 4010 sede,
2621 3944 2791 4016 solida
2826 3955 2871 3998 et
2892 3947 3122 4016 globosa,
3150 3955 3198 3998 et
3228 3944 3456 4012 undique
3472 3946 3587 4015 ipsa

1982 4016 2035 4069 in
2062 4033 2171 4070 sese
2202 4015 2406 4069 nutibus
2444 4016 2553 4069 suis
2579 4014 2907 4085 conglobata,
2934 4018 3112 4069 vestita
3137 4016 3372 4084 ﬂoribus.
3407 4014 3586 4072 Caete-

1982 4102 2101 4141 ruut
2139 4100 2530 4156 praeceptorem
2575 4100 2735 4140 suum
2764 4087 3061 4140 Arnobium
3097 4086 3335 4141 imitatus
3364 4098 3448 4142 est
3477 4086 3586 4143 La-

1983 4154 2235 4231 ctantius,
2269 4154 2337 4211 de
2374 4154 2517 4224 Opif.
2562 4156 2689 4231 Dei,
2724 4171 2773 4211 c.
2810 4157 2896 4219 17,
2928 4156 2955 4228 §
3000 4156 3034 4231 9
3067 4156 3186 4210 :An
3226 4158 3270 4210 si
3316 4159 3440 4231 ini/tt
3471 4160 3582 4231 quis

1983 4229 2194 4295 dixerit,
2219 4244 2416 4282 cuneum
2461 4244 2568 4301 esse
2594 4228 2799 4294 crelum,
2849 4227 2946 4301 aut
2977 4228 3221 4301 vitreum,
3240 4237 3294 4280 ut
3326 4227 3584 4301 Empedo-

1982 4300 2086 4355 cles
2117 4302 2208 4362 ait,
2240 4316 2408 4354 acrem
2430 4299 2729 4369 glaciatum,
2761 4300 3000 4353 statimne
3022 4299 3306 4370 adsentiar,
3332 4299 3453 4370 quia
3482 4317 3584 4354 cm-

1981 4372 2108 4439 lunt,
2159 4387 2221 4425 ea:
2262 4388 2361 4441 qua
2410 4371 2625 4424 materia
2665 4372 2744 4439 fit.
2800 4369 3067 4441 ignorent?
3108 4369 3195 4426 ubi
3244 4369 3368 4427 vide
3398 4370 3581 4428 Bunc-

1985 4459 2194 4500 mann..
2228 4459 2280 4510 p.
2318 4442 2477 4506 1207,
2510 4455 2627 4512 seq.
2655 4441 2860 4498 ORELL.

351 4494 1131 4576 xv.ir:sissentsi.
1180 4520 1452 4577 ςειρηίυε.
1508 4521 1686 4577 Ennio
1728 4522 1877 4593 ρτεη-
1901 4494 1956 4554 D
1982 4494 2955 4593 giving;sustentante,
2982 4512 3056 4567 ιω
3091 4528 3175 4568 ms
3199 4523 3253 4593 ςι
3280 4512 3367 4569 ed.
3401 4513 3577 4593 Lugd.

278 4610 409 4663 ceps
434 4595 781 4663 prohibemus,
808 4593 960 4646 male.
992 4592 1196 4648 OBELL.

362 4664 455 4719 Vel
481 4680 547 4719 ex
566 4664 742 4733 fragili
769 4664 1099 4734 conglobatus
1143 4674 1190 4717 et
1233 4665 1514 4734 fabricatus
1542 4675 1687 4719 testa.
1717 4664 1796 4718 Ita
1821 4664 1873 4718 in

275 4737 404 4793 cod.
442 4752 543 4789 ms.
590 4736 692 4804 legi
738 4736 896 4790 docet
927 4735 1288 4800 Stewechius,
1338 4744 1392 4790 et
1420 4737 1714 4792 Salmasius
1740 4738 1878 4789 hanc

276 4807 573 4864 lectionem
600 4808 805 4876 primus
828 4809 879 4860 in
910 4816 1113 4861 textum
1144 4810 1434 4862 revocavit.
1459 4807 1871 4875 liecte,opinor.

278 4879 418 4934 Nam
450 4878 781 4949 conglobatus
804 4879 977 4947 fragili
1013 4888 1164 4933 testm
1185 4880 1354 4932 multo
1378 4878 1570 4949 melius
1598 4876 1872 4949 convenit,

279 4967 444 5022 quam
479 4947 977 5022 condolatus,_qitod
1007 4966 1038 5005 e
1067 4949 1408 5022 eorrectiotte
1434 4947 1878 5022 Geieniiuhaheut

280 5019 468 5078 caeteri
497 5021 755 5075 editores.
786 5020 968 5090 Neque
1011 5022 1153 5076 enim
1203 5020 1404 5087 fragilis
1436 5030 1571 5074 testa
1601 5019 1878 5089 effingitur

281 5092 582 5154 dolamine,
616 5093 710 5147 sed
742 5109 772 5146 e
803 5093 949 5146 tttolli
1008 5101 1152 5148 creta
1182 5092 1264 5145 vel
1298 5092 1409 5145 luto
1441 5091 1728 5146 fabrefacta
1762 5102 1875 5143 ιοιύ

278 5173 460 5229 retur,
492 5162 689 5218 deinde
731 5162 947 5219 fornace
975 5163 1244 5233 coquitur.
1279 5162 1449 5216 Porro
1504 5161 1875 5233 maximopere

278 5235 495 5291 dubito.
528 5250 596 5289 an
643 5232 943 5290 latine'diri
989 5231 1157 5304 possit
1192 5236 1547 5301 compositum
1577 5231 1875 5304 condolare,

277 5307 426 5376 quod
455 5307 676 5359 verbum
723 5304 921 5363 frustra
965 5303 1185 5376 quaesivi
1220 5306 1272 5359 itt
1311 5305 1537 5361 Lexicis.
1573 5303 1707 5357 Nam
1762 5319 1877 5376 cunt

278 5374 367 5432 vel
394 5394 491 5431 ron
519 5377 571 5430 in
602 5377 780 5431 verbis
824 5374 1136 5444 compositis
1162 5376 1495 5447 junctionem
1525 5376 1759 5447 aliquam
1790 5374 1875 5427 vel

275 5449 613 5503 additionent
649 5449 730 5503 vel
762 5446 1211 5518 Compositionetn
1236 5446 1561 5501 stthitttlicat.
1592 5446 1751 5518 Atqui
1780 5447 1877 5518 tio—

275 5519 483 5574 lamine
516 5519 649 5573 nihil
673 5516 909 5583 additur,
937 5519 1031 5574 sed
1062 5521 1299 5574 demitur
1330 5518 1506 5587 p0tius
1549 5516 1630 5569 vel
1659 5516 1874 5587 abscin-

272 5590 426 5645 ditur
472 5590 672 5658 aiiqnid
709 5593 871 5661 ligno,
910 5592 1072 5660 lapidi
1123 5599 1216 5644 aut
1256 5585 1875 5661 metallo.‘FuleUrsi-

273 5677 378 5717 nus
415 5661 598 5731 itaque
638 5658 922 5732 legendum
944 5658 1163 5732 conjicit
1203 5679 1215 5714 :
1244 5660 1325 5732 lia:
1373 5658 1548 5731 fragili
1578 5659 1799 5732 coalitus
1828 5668 1877 5711 et

273 5729 561 5804 fabricatus
586 5729 732 5795 testa,
757 5744 1017 5804 sequente
1042 5729 1471 5804 Eltnenliorstiol
1493 5729 1872 5786 Stewechius:

265 5802 360 5864 Ex
400 5803 581 5877 fragili
624 5804 761 5875 ligno
801 5802 1006 5862 dolatus
1031 5821 1118 5863 seu
1159 5803 1437 5875 fabricatus
1465 5819 1574 5859 esse
1602 5809 1753 5869 testa,
1786 5818 1875 5857 re-

1980 4586 2101 4641 Bat.
2168 4585 2272 4656 Alii
2339 4582 2571 4656 pupillis.
2624 4582 2736 4640 Sed
2785 4586 2985 4653 pupula
3058 4584 3378 4656 estAfor-ma
3443 4582 3583 4641 anti-

1979 4659 2137 4728 quior
2158 4667 2206 4712 et
2236 4653 2580 4720 Lucretiatta,
2605 4657 2792 4725 quales
2814 4664 2959 4710 amat
2982 4653 3276 4711 Arnobius.
3303 4655 3506 4712 OBELL.

2054 4728 2337 4798 Multit'uga
2375 4728 2553 4798 lingua
2582 4743 2743 4798 sonos
2781 4728 3035 4782 articulet.
3068 4728 3234 4798 Magis
3265 4729 3439 4797 placet
3461 4730 3582 4783 Stc-

1978 4798 2174 4870 wechii
2222 4796 2912 4869 conjecturatMultiiugos
2958 4799 3136 4870 lingua
3161 4796 3336 4853 'sonos
3381 4799 3581 4852 articu-

1978 4872 2046 4925 let
2074 4869 2295 4925 .OuELL.

2050 4940 2194 4995 XIX.
2247 4970 2320 4982 ——-
2358 4940 2629 5006 Quis......
2686 4939 2988 5009 dirigentem
3015 4940 3042 4992 γ
3085 4939 3162 4994 lta
3210 4938 3332 4993 cod.
3381 4952 3485 4992 ms.
3525 4946 3581 4994 et

1978 5013 2067 5068 ed.
2116 5012 2288 5083 Lugd.
2327 5011 2445 5066 Bat.
2477 5010 2577 5067 Alii
2623 5010 2830 5083 malunt
2874 5010 3121 5083 dirigere,
3150 5024 3327 5083 Δ(ιιιιειΔ
3347 5023 3580 5083 princes-

1978 5084 2150 5140 serint
2178 5077 2424 5137 infinitivi
2452 5098 2621 5147 nosse,
2650 5081 2949 5152 intelligere,
2977 5077 3262 5152 providere.
3294 5077 3402 5135 Sed
3430 5079 3575 5152 ejus-

1978 5153 2499 5282 modioanacolutha
2541 5151 2843 5224 frequentia
2887 5151 3029 5222 apud
3077 5153 3310 5223 optimos
3338 5151 3576 5223 scripto-

1979 5242 2087 5282 res.
2169 5242 2324 5281 auc.

1979 5242 2087 5282 res.
2120 5242 2324 5282 URELL.

2052 5296 2293 5369 Nominis
2306 5299 2611 5369 majestate.
2636 5295 2740 5350 Alii
2772 5294 3015 5369 numinis.

2050 5368 2169 5423 XX.
2196 5398 2266 5407 —
2292 5364 2566 5423 Lan'arios.
2585 5367 2779 5423 Annon
2809 5366 3093 5436 legendum
3124 5364 3359 5433 lanificae
3384 5366 3411 5420 ?
3438 5365 3573 5423 Nam

1978 5438 2201 5493 deorum
2252 5440 2594 5503 lanariorum,
2630 5439 2681 5492 id
2710 5442 2793 5493 eSt
2822 5437 2912 5508 qui
2935 5438 3117 5508 lanam
3150 5437 3403 5492 sordibus
3446 5453 3575 5508 pur-

1977 5511 2269 5581 gantl(vid.
2303 5525 2487 5581 supra,
2516 5510 2582 5563 ad
2606 5510 2642 5566 Ι.
2669 5526 2725 5577 ιι,
2771 5524 2819 5564 c.
2842 5506 2975 5579 ‘58),
3004 5508 3169 5581 Anulla
3214 5506 3574 5581 mentio,'sed

1978 5578 2337 5638 lattilicorttm.
2371 5580 2445 5635 lta
2478 5582 2703 5648 lani/iere
2744 5578 2965 5641 sorores,
2999 5579 3204 5634 Parere.
3237 5580 3344 5633 Sed
3372 5578 3572 5634 fortas-

1976 5654 2052 5781 iis
2084 5654 2136 5708 in
2146 5654 2365 5780 animus
2392 5651 2826 5707 distinctiOnihus
2857 5648 3038 5708 minus
3082 5659 3372 5706 accuratus
3396 5651 3571 5706 Arno-

2017 5740 2115 5780 tus.
2194 5740 2350 5780 nam.

2017 5727 2115 5780 ius.
2146 5725 2350 5780 ORELI..

2054 5794 2278 5855 Nautas.
2306 5795 2510 5867 Nugae!
2545 5794 2627 5851 Dii
2672 5794 2805 5851 nulli
2851 5799 3267 5869 nautaemeque
3295 5793 3437 5852 enim
3464 5792 3570 5854 Ne-
