  <div class='ocr_page' id='page_1' title='image "/cluster/home/n/w/nwhite01/storage/ocr_20150623/5/hvd.32044073505224/487.png"; bbox 0 0 4236 6264; ppageno 0'>
   <div class='ocr_carea' id='block_1_1' title="bbox 641 256 748 325">
    <p class='ocr_par' dir='ltr' id='par_1_1' title="bbox 641 256 748 325">
     <span class='ocr_line' id='line_1_1' title="bbox 641 256 748 325; baseline -0.028 0"><span class='ocrx_word' id='word_1_1' title='bbox 641 256 748 325; x_wconf 74' lang='lat'><strong>963</strong></span> 
     </span>
    </p>
   </div>
   <div class='ocr_carea' id='block_1_2' title="bbox 1785 254 2774 320">
    <p class='ocr_par' dir='ltr' id='par_1_2' title="bbox 1785 254 2774 320">
     <span class='ocr_line' id='line_1_2' title="bbox 1785 254 2774 320; baseline 0.001 -1"><span class='ocrx_word' id='word_1_2' title='bbox 1785 260 2061 319; x_wconf 82' lang='lat' dir='ltr'><strong>ARNOBll</strong></span> <span class='ocrx_word' id='word_1_3' title='bbox 2100 254 2464 320; x_wconf 75' lang='lat' dir='ltr'><strong>ADVERSUS</strong></span> <span class='ocrx_word' id='word_1_4' title='bbox 2499 260 2774 320; x_wconf 86' lang='lat' dir='ltr'><strong>GENTES</strong></span> 
     </span>
    </p>
   </div>
   <div class='ocr_carea' id='block_1_3' title="bbox 2832 184 2851 209">
    <p class='ocr_par' dir='ltr' id='par_1_3' title="bbox 2832 184 2851 209">
     <span class='ocr_line' id='line_1_3' title="bbox 2832 184 2851 209; baseline 0 0"><span class='ocrx_word' id='word_1_5' title='bbox 2832 184 2851 209; x_wconf 74' lang='grc' dir='ltr'><strong>ι</strong></span> 
     </span>
    </p>
   </div>
   <div class='ocr_carea' id='block_1_4' title="bbox 3841 262 3954 318">
    <p class='ocr_par' dir='ltr' id='par_1_4' title="bbox 3841 262 3954 318">
     <span class='ocr_line' id='line_1_4' title="bbox 3841 262 3954 318; baseline 0 0"><span class='ocrx_word' id='word_1_6' title='bbox 3841 262 3954 318; x_wconf 65' lang='grc'><strong>964</strong></span> 
     </span>
    </p>
   </div>
   <div class='ocr_carea' id='block_1_5' title="bbox 639 374 3954 451">
    <p class='ocr_par' dir='ltr' id='par_1_5' title="bbox 639 374 3954 451">
     <span class='ocr_line' id='line_1_5' title="bbox 639 374 3954 451; baseline -0.003 -11"><span class='ocrx_word' id='word_1_7' title='bbox 639 383 945 440; x_wconf 76' lang='lat' dir='ltr'><strong>citltaristas</strong></span> <span class='ocrx_word' id='word_1_8' title='bbox 967 422 982 448; x_wconf 95' lang='lat'><strong>,</strong></span> <span class='ocrx_word' id='word_1_9' title='bbox 1035 380 1277 436; x_wconf 75' lang='lat' dir='ltr'><strong>aulmdos</strong></span> <span class='ocrx_word' id='word_1_10' title='bbox 1297 421 1313 446; x_wconf 93' lang='lat'><strong>,</strong></span> <span class='ocrx_word' id='word_1_11' title='bbox 1343 388 1657 445; x_wconf 85' lang='lat' dir='ltr'><strong>venatores,</strong></span> <span class='ocrx_word' id='word_1_12' title='bbox 1689 386 1963 451; x_wconf 78' lang='lat' dir='ltr'><strong>pastores,</strong></span> <span class='ocrx_word' id='word_1_13' title='bbox 1993 389 2047 433; x_wconf 90' lang='lat' dir='ltr'><strong>et</strong></span> <span class='ocrx_word' id='word_1_14' title='bbox 2091 378 2232 450; x_wconf 92' lang='lat' dir='ltr'><strong>quod</strong></span> <span class='ocrx_word' id='word_1_15' title='bbox 2261 381 2315 440; x_wconf 84' lang='grc' dir='ltr'><strong>Α</strong></span> <span class='ocrx_word' id='word_1_16' title='bbox 2339 379 2476 434; x_wconf 88' lang='lat' dir='ltr'><strong>Sunt</strong></span> <span class='ocrx_word' id='word_1_17' title='bbox 2520 379 2571 435; x_wconf 92' lang='lat' dir='ltr'><strong>in</strong></span> <span class='ocrx_word' id='word_1_18' title='bbox 2624 379 2851 435; x_wconf 79' lang='lat' dir='ltr'><strong>sidereis</strong></span> <span class='ocrx_word' id='word_1_19' title='bbox 2895 378 3164 435; x_wconf 77' lang='lat' dir='ltr'><strong>montibus</strong></span> <span class='ocrx_word' id='word_1_20' title='bbox 3215 378 3413 449; x_wconf 63' lang='lat' dir='ltr'><strong>sylvac,</strong></span> <span class='ocrx_word' id='word_1_21' title='bbox 3443 385 3567 431; x_wconf 90' lang='lat' dir='ltr'><strong>sunt</strong></span> <span class='ocrx_word' id='word_1_22' title='bbox 3597 374 3788 441; x_wconf 89' lang='lat' dir='ltr'><strong>lustra,</strong></span> <span class='ocrx_word' id='word_1_23' title='bbox 3820 384 3954 430; x_wconf 90' lang='lat' dir='ltr'><strong>sunt</strong></span> 
     </span>
    </p>
   </div>
   <div class='ocr_carea' id='block_1_6' title="bbox 643 471 2238 545">
    <p class='ocr_par' dir='ltr' id='par_1_6' title="bbox 643 471 2238 545">
     <span class='ocr_line' id='line_1_6' title="bbox 643 471 2238 545; baseline -0.003 -14"><span class='ocrx_word' id='word_1_24' title='bbox 643 483 939 545; x_wconf 86' lang='lat' dir='ltr'><strong>supererat,</strong></span> <span class='ocrx_word' id='word_1_25' title='bbox 964 473 1226 528; x_wconf 86' lang='lat' dir='ltr'><strong>rusticos?</strong></span> <span class='ocrx_word' id='word_1_26' title='bbox 1249 471 1316 526; x_wconf 91' lang='lat' dir='ltr'><strong>Et</strong></span> <span class='ocrx_word' id='word_1_27' title='bbox 1339 471 1449 533; x_wconf 87' lang='lat' dir='ltr'><strong>ille,</strong></span> <span class='ocrx_word' id='word_1_28' title='bbox 1480 472 1671 542; x_wconf 93' lang='lat' dir='ltr'><strong>inquit,</strong></span> <span class='ocrx_word' id='word_1_29' title='bbox 1705 472 1941 527; x_wconf 86' lang='lat' dir='ltr'><strong>musicus</strong></span> <span class='ocrx_word' id='word_1_30' title='bbox 1963 471 2094 528; x_wconf 89' lang='lat' dir='ltr'><strong>deus</strong></span> <span class='ocrx_word' id='word_1_31' title='bbox 2124 481 2238 527; x_wconf 89' lang='lat' dir='ltr'><strong>est:</strong></span> 
     </span>
    </p>
   </div>
   <div class='ocr_carea' id='block_1_7' title="bbox 642 562 2239 630">
    <p class='ocr_par' dir='ltr' id='par_1_7' title="bbox 642 562 2239 630">
     <span class='ocr_line' id='line_1_7' title="bbox 642 562 2239 630; baseline -0.003 -7"><span class='ocrx_word' id='word_1_32' title='bbox 642 577 698 623; x_wconf 91' lang='lat' dir='ltr'><strong>et</strong></span> <span class='ocrx_word' id='word_1_33' title='bbox 725 567 811 621; x_wconf 86' lang='lat' dir='ltr'><strong>hic</strong></span> <span class='ocrx_word' id='word_1_34' title='bbox 836 566 1006 629; x_wconf 90' lang='lat' dir='ltr'><strong>alter,</strong></span> <span class='ocrx_word' id='word_1_35' title='bbox 1033 564 1248 619; x_wconf 88' lang='lat' dir='ltr'><strong>divinus</strong></span> <span class='ocrx_word' id='word_1_36' title='bbox 1289 574 1390 620; x_wconf 88' lang='lat' dir='ltr'><strong>est.</strong></span> <span class='ocrx_word' id='word_1_37' title='bbox 1424 562 1623 620; x_wconf 69' lang='lat' dir='ltr'><strong>Caneri</strong></span> <span class='ocrx_word' id='word_1_38' title='bbox 1648 564 1791 619; x_wconf 90' lang='lat' dir='ltr'><strong>enim</strong></span> <span class='ocrx_word' id='word_1_39' title='bbox 1831 563 1903 618; x_wconf 91' lang='lat' dir='ltr'><strong>dii</strong></span> <span class='ocrx_word' id='word_1_40' title='bbox 1936 578 2041 619; x_wconf 91' lang='lat' dir='ltr'><strong>non</strong></span> <span class='ocrx_word' id='word_1_41' title='bbox 2074 571 2239 630; x_wconf 91' lang='lat' dir='ltr'><strong>sunt,</strong></span> 
     </span>
    </p>
   </div>
   <div class='ocr_carea' id='block_1_8' title="bbox 643 657 2240 728">
    <p class='ocr_par' dir='ltr' id='par_1_8' title="bbox 643 657 2240 728">
     <span class='ocr_line' id='line_1_8' title="bbox 643 657 2240 728; baseline -0.002 -13"><span class='ocrx_word' id='word_1_42' title='bbox 643 669 694 715; x_wconf 92' lang='lat' dir='ltr'><strong>et</strong></span> <span class='ocrx_word' id='word_1_43' title='bbox 717 667 939 713; x_wconf 89' lang='lat' dir='ltr'><strong>ventura</strong></span> <span class='ocrx_word' id='word_1_44' title='bbox 970 657 1267 728; x_wconf 75' lang='lat' dir='ltr'><strong>prmdicere</strong></span> <span class='ocrx_word' id='word_1_45' title='bbox 1311 658 1523 713; x_wconf 76' lang='lat' dir='ltr'><strong>inscitia</strong></span> <span class='ocrx_word' id='word_1_46' title='bbox 1558 658 1844 725; x_wconf 92' lang='lat' dir='ltr'><strong>nesciunt,</strong></span> <span class='ocrx_word' id='word_1_47' title='bbox 1875 668 2034 727; x_wconf 87' lang='lat' dir='ltr'><strong>atque</strong></span> <span class='ocrx_word' id='word_1_48' title='bbox 2088 657 2240 728; x_wconf 83' lang='lat' dir='ltr'><strong>igno-</strong></span> 
     </span>
    </p>
   </div>
   <div class='ocr_carea' id='block_1_9' title="bbox 642 748 2244 805">
    <p class='ocr_par' dir='ltr' id='par_1_9' title="bbox 642 748 2244 805">
     <span class='ocr_line' id='line_1_9' title="bbox 642 748 2244 805; baseline 0 -1"><span class='ocrx_word' id='word_1_49' title='bbox 642 750 811 805; x_wconf 88' lang='lat' dir='ltr'><strong>rautia</strong></span> <span class='ocrx_word' id='word_1_50' title='bbox 844 749 1165 805; x_wconf 81' lang='lat' dir='ltr'><strong>futurorum.</strong></span> <span class='ocrx_word' id='word_1_51' title='bbox 1203 748 1542 805; x_wconf 75' lang='lat' dir='ltr'><strong>Ol)S’.t‘.ll‘lCilS</strong></span> <span class='ocrx_word' id='word_1_52' title='bbox 1573 758 1599 786; x_wconf 66' lang='grc' dir='ltr'><strong>ιι</strong></span> <span class='ocrx_word' id='word_1_53' title='bbox 1627 748 1717 804; x_wconf 91' lang='lat' dir='ltr'><strong>ille</strong></span> <span class='ocrx_word' id='word_1_54' title='bbox 1768 748 2087 804; x_wconf 80' lang='lat' dir='ltr'><strong>informatus</strong></span> <span class='ocrx_word' id='word_1_55' title='bbox 2112 749 2244 804; x_wconf 86' lang='lat' dir='ltr'><strong>arti-</strong></span> 
     </span>
    </p>
   </div>
   <div class='ocr_carea' id='block_1_10' title="bbox 646 841 2247 914">
    <p class='ocr_par' dir='ltr' id='par_1_10' title="bbox 646 841 2247 914">
     <span class='ocr_line' id='line_1_10' title="bbox 646 841 2247 914; baseline -0.001 -15"><span class='ocrx_word' id='word_1_56' title='bbox 646 846 745 899; x_wconf 86' lang='lat' dir='ltr'><strong>bus</strong></span> <span class='ocrx_word' id='word_1_57' title='bbox 767 886 782 907; x_wconf 89' lang='lat'><strong>,</strong></span> <span class='ocrx_word' id='word_1_58' title='bbox 805 842 1135 899; x_wconf 86' lang='lat' dir='ltr'><strong>medicorum</strong></span> <span class='ocrx_word' id='word_1_59' title='bbox 1158 841 1296 898; x_wconf 89' lang='lat' dir='ltr'><strong>alius</strong></span> <span class='ocrx_word' id='word_1_60' title='bbox 1326 843 1601 898; x_wconf 89' lang='lat' dir='ltr'><strong>institutus</strong></span> <span class='ocrx_word' id='word_1_61' title='bbox 1629 852 1713 898; x_wconf 89' lang='lat' dir='ltr'><strong>est</strong></span> <span class='ocrx_word' id='word_1_62' title='bbox 1735 842 2049 913; x_wconf 83' lang='lat' dir='ltr'><strong>disciplinis.</strong></span> <span class='ocrx_word' id='word_1_63' title='bbox 2079 842 2247 914; x_wconf 78' lang='lat' dir='ltr'><strong>Ergo—</strong></span> 
     </span>
    </p>
   </div>
   <div class='ocr_carea' id='block_1_11' title="bbox 648 933 2248 1006">
    <p class='ocr_par' dir='ltr' id='par_1_11' title="bbox 648 933 2248 1006">
     <span class='ocr_line' id='line_1_11' title="bbox 648 933 2248 1006; baseline -0.002 -15"><span class='ocrx_word' id='word_1_64' title='bbox 648 953 717 993; x_wconf 90' lang='lat' dir='ltr'><strong>ne</strong></span> <span class='ocrx_word' id='word_1_65' title='bbox 742 935 938 1006; x_wconf 83' lang='lat' dir='ltr'><strong>singuli</strong></span> <span class='ocrx_word' id='word_1_66' title='bbox 985 951 1079 991; x_wconf 88' lang='lat' dir='ltr'><strong>sua</strong></span> <span class='ocrx_word' id='word_1_67' title='bbox 1111 935 1247 991; x_wconf 85' lang='lat' dir='ltr'><strong>inre</strong></span> <span class='ocrx_word' id='word_1_68' title='bbox 1298 934 1523 1005; x_wconf 88' lang='lat' dir='ltr'><strong>pollent,</strong></span> <span class='ocrx_word' id='word_1_69' title='bbox 1559 950 1657 989; x_wconf 88' lang='lat' dir='ltr'><strong>uec</strong></span> <span class='ocrx_word' id='word_1_70' title='bbox 1686 934 1739 990; x_wconf 91' lang='lat' dir='ltr'><strong>in</strong></span> <span class='ocrx_word' id='word_1_71' title='bbox 1788 934 2045 990; x_wconf 77' lang='lat' dir='ltr'><strong>auxilium</strong></span> <span class='ocrx_word' id='word_1_72' title='bbox 2073 933 2248 990; x_wconf 79' lang='lat' dir='ltr'><strong>vocati</strong></span> 
     </span>
    </p>
   </div>
   <div class='ocr_carea' id='block_1_12' title="bbox 645 1026 2249 1099">
    <p class='ocr_par' dir='ltr' id='par_1_12' title="bbox 645 1026 2249 1099">
     <span class='ocr_line' id='line_1_12' title="bbox 645 1026 2249 1099; baseline 0.002 -18"><span class='ocrx_word' id='word_1_73' title='bbox 645 1029 835 1084; x_wconf 89' lang='lat' dir='ltr'><strong>alienis</strong></span> <span class='ocrx_word' id='word_1_74' title='bbox 859 1039 1086 1099; x_wconf 85' lang='lat' dir='ltr'><strong>possunt</strong></span> <span class='ocrx_word' id='word_1_75' title='bbox 1108 1028 1161 1082; x_wconf 94' lang='lat' dir='ltr'><strong>in</strong></span> <span class='ocrx_word' id='word_1_76' title='bbox 1187 1027 1425 1098; x_wconf 88' lang='lat' dir='ltr'><strong>partibus</strong></span> <span class='ocrx_word' id='word_1_77' title='bbox 1449 1026 1774 1083; x_wconf 84' lang='lat' dir='ltr'><strong>subvenire?</strong></span> <span class='ocrx_word' id='word_1_78' title='bbox 1801 1026 1898 1083; x_wconf 87' lang='lat' dir='ltr'><strong>Hic</strong></span> <span class='ocrx_word' id='word_1_79' title='bbox 1920 1027 1972 1082; x_wconf 90' lang='lat' dir='ltr'><strong>in</strong></span> <span class='ocrx_word' id='word_1_80' title='bbox 1998 1042 2249 1085; x_wconf 85' lang='lat' dir='ltr'><strong>sermone</strong></span> 
     </span>
    </p>
   </div>
   <div class='ocr_carea' id='block_1_13' title="bbox 645 1118 2249 1188">
    <p class='ocr_par' dir='ltr' id='par_1_13' title="bbox 645 1118 2249 1188">
     <span class='ocr_line' id='line_1_13' title="bbox 645 1118 2249 1188; baseline -0.001 -13"><span class='ocrx_word' id='word_1_81' title='bbox 645 1118 907 1175; x_wconf 78' lang='lat' dir='ltr'><strong>facundus</strong></span> <span class='ocrx_word' id='word_1_82' title='bbox 953 1129 1075 1185; x_wconf 89' lang='lat' dir='ltr'><strong>est,</strong></span> <span class='ocrx_word' id='word_1_83' title='bbox 1122 1128 1284 1188; x_wconf 87' lang='lat' dir='ltr'><strong>atque</strong></span> <span class='ocrx_word' id='word_1_84' title='bbox 1333 1118 1386 1174; x_wconf 90' lang='lat' dir='ltr'><strong>in</strong></span> <span class='ocrx_word' id='word_1_85' title='bbox 1418 1119 1704 1175; x_wconf 86' lang='lat' dir='ltr'><strong>verborum</strong></span> <span class='ocrx_word' id='word_1_86' title='bbox 1754 1119 2249 1175; x_wconf 86' lang='lat' dir='ltr'><strong>continuationibus</strong></span> 
     </span>
    </p>
   </div>
   <div class='ocr_carea' id='block_1_14' title="bbox 650 1209 2250 1285">
    <p class='ocr_par' dir='ltr' id='par_1_14' title="bbox 650 1209 2250 1285">
     <span class='ocr_line' id='line_1_14' title="bbox 650 1209 2250 1285; baseline 0 -19"><span class='ocrx_word' id='word_1_87' title='bbox 650 1222 967 1283; x_wconf 86' lang='lat' dir='ltr'><strong>promptus:</strong></span> <span class='ocrx_word' id='word_1_88' title='bbox 998 1211 1152 1265; x_wconf 90' lang='lat' dir='ltr'><strong>bardi</strong></span> <span class='ocrx_word' id='word_1_89' title='bbox 1180 1211 1322 1265; x_wconf 85' lang='lat' dir='ltr'><strong>enim</strong></span> <span class='ocrx_word' id='word_1_90' title='bbox 1355 1221 1480 1265; x_wconf 91' lang='lat' dir='ltr'><strong>sunt</strong></span> <span class='ocrx_word' id='word_1_91' title='bbox 1510 1211 1621 1273; x_wconf 85' lang='lat' dir='ltr'><strong>alii.</strong></span> <span class='ocrx_word' id='word_1_92' title='bbox 1656 1225 1756 1265; x_wconf 91' lang='lat' dir='ltr'><strong>nec</strong></span> <span class='ocrx_word' id='word_1_93' title='bbox 1793 1221 2019 1282; x_wconf 90' lang='lat' dir='ltr'><strong>possunt</strong></span> <span class='ocrx_word' id='word_1_94' title='bbox 2048 1209 2250 1285; x_wconf 89' lang='lat' dir='ltr'><strong>aliquid</strong></span> 
     </span>
    </p>
   </div>
   <div class='ocr_carea' id='block_1_15' title="bbox 649 1302 1779 1375">
    <p class='ocr_par' dir='ltr' id='par_1_15' title="bbox 649 1302 1779 1375">
     <span class='ocr_line' id='line_1_15' title="bbox 649 1302 1779 1375; baseline -0.003 -15"><span class='ocrx_word' id='word_1_95' title='bbox 649 1306 866 1371; x_wconf 84' lang='lat' dir='ltr'><strong>scitum,</strong></span> <span class='ocrx_word' id='word_1_96' title='bbox 899 1302 945 1359; x_wconf 85' lang='lat' dir='ltr'><strong>si</strong></span> <span class='ocrx_word' id='word_1_97' title='bbox 976 1304 1150 1359; x_wconf 86' lang='lat' dir='ltr'><strong>oratio</strong></span> <span class='ocrx_word' id='word_1_98' title='bbox 1178 1302 1421 1359; x_wconf 79' lang='lat' dir='ltr'><strong>facienda</strong></span> <span class='ocrx_word' id='word_1_99' title='bbox 1446 1312 1549 1369; x_wconf 90' lang='lat' dir='ltr'><strong>est,</strong></span> <span class='ocrx_word' id='word_1_100' title='bbox 1578 1303 1779 1375; x_wconf 84' lang='lat' dir='ltr'><strong>eloqui.</strong></span> 
     </span>
    </p>
   </div>
   <div class='ocr_carea' id='block_1_16' title="bbox 724 1397 2251 1469">
    <p class='ocr_par' dir='ltr' id='par_1_16' title="bbox 724 1397 2251 1469">
     <span class='ocr_line' id='line_1_16' title="bbox 724 1397 2251 1469; baseline -0.001 -14"><span class='ocrx_word' id='word_1_101' title='bbox 724 1398 867 1455; x_wconf 82' lang='lat' dir='ltr'><strong>XXI.</strong></span> <span class='ocrx_word' id='word_1_102' title='bbox 894 1401 961 1454; x_wconf 87' lang='lat' dir='ltr'><strong>At</strong></span> <span class='ocrx_word' id='word_1_103' title='bbox 986 1413 1140 1469; x_wconf 85' lang='lat' dir='ltr'><strong>rogo,</strong></span> <span class='ocrx_word' id='word_1_104' title='bbox 1168 1414 1287 1469; x_wconf 77' lang='lat' dir='ltr'><strong>qua:</strong></span> <span class='ocrx_word' id='word_1_105' title='bbox 1315 1399 1453 1453; x_wconf 85' lang='lat' dir='ltr'><strong>ratio</strong></span> <span class='ocrx_word' id='word_1_106' title='bbox 1482 1406 1585 1466; x_wconf 88' lang='lat' dir='ltr'><strong>est,</strong></span> <span class='ocrx_word' id='word_1_107' title='bbox 1615 1413 1735 1468; x_wconf 60' lang='lat' dir='ltr'><strong>qua:</strong></span> <span class='ocrx_word' id='word_1_108' title='bbox 1768 1406 1875 1453; x_wconf 90' lang='lat' dir='ltr'><strong>tam</strong></span> <span class='ocrx_word' id='word_1_109' title='bbox 1905 1397 2033 1453; x_wconf 89' lang='lat' dir='ltr'><strong>dura</strong></span> <span class='ocrx_word' id='word_1_110' title='bbox 2060 1411 2251 1455; x_wconf 87' lang='lat' dir='ltr'><strong>ncces-</strong></span> 
     </span>
    </p>
   </div>
   <div class='ocr_carea' id='block_1_17' title="bbox 649 1488 2252 1562">
    <p class='ocr_par' dir='ltr' id='par_1_17' title="bbox 649 1488 2252 1562">
     <span class='ocr_line' id='line_1_17' title="bbox 649 1488 2252 1562; baseline -0.002 -16"><span class='ocrx_word' id='word_1_111' title='bbox 649 1492 804 1553; x_wconf 87' lang='lat' dir='ltr'><strong>sitas.</strong></span> <span class='ocrx_word' id='word_1_112' title='bbox 832 1507 951 1562; x_wconf 64' lang='lat' dir='ltr'><strong>quae</strong></span> <span class='ocrx_word' id='word_1_113' title='bbox 972 1505 1155 1558; x_wconf 86' lang='lat' dir='ltr'><strong>causa,</strong></span> <span class='ocrx_word' id='word_1_114' title='bbox 1188 1500 1247 1546; x_wconf 92' lang='lat' dir='ltr'><strong>ut</strong></span> <span class='ocrx_word' id='word_1_115' title='bbox 1274 1489 1499 1545; x_wconf 85' lang='lat' dir='ltr'><strong>artiﬁcia</strong></span> <span class='ocrx_word' id='word_1_116' title='bbox 1525 1488 1640 1545; x_wconf 83' lang='lat' dir='ltr'><strong>haec</strong></span> <span class='ocrx_word' id='word_1_117' title='bbox 1667 1489 1849 1560; x_wconf 90' lang='lat' dir='ltr'><strong>superi</strong></span> <span class='ocrx_word' id='word_1_118' title='bbox 1877 1497 2145 1559; x_wconf 86' lang='lat' dir='ltr'><strong>tamquam</strong></span> <span class='ocrx_word' id='word_1_119' title='bbox 2167 1488 2252 1542; x_wconf 79' lang='grc' dir='ltr'><strong>νὶ-</strong></span> 
     </span>
    </p>
   </div>
   <div class='ocr_carea' id='block_1_18' title="bbox 651 1581 2251 1653">
    <p class='ocr_par' dir='ltr' id='par_1_18' title="bbox 651 1581 2251 1653">
     <span class='ocr_line' id='line_1_18' title="bbox 651 1581 2251 1653; baseline -0.003 -13"><span class='ocrx_word' id='word_1_120' title='bbox 651 1586 729 1642; x_wconf 87' lang='lat' dir='ltr'><strong>les</strong></span> <span class='ocrx_word' id='word_1_121' title='bbox 756 1584 1003 1641; x_wconf 87' lang='lat' dir='ltr'><strong>noverint</strong></span> <span class='ocrx_word' id='word_1_122' title='bbox 1031 1592 1189 1653; x_wconf 91' lang='lat' dir='ltr'><strong>atque</strong></span> <span class='ocrx_word' id='word_1_123' title='bbox 1229 1583 1461 1640; x_wconf 81' lang='lat' dir='ltr'><strong>habeant</strong></span> <span class='ocrx_word' id='word_1_124' title='bbox 1509 1582 1808 1638; x_wconf 87' lang='lat' dir='ltr'><strong>sellularii?</strong></span> <span class='ocrx_word' id='word_1_125' title='bbox 1853 1581 1909 1637; x_wconf 92' lang='lat' dir='ltr'><strong>In</strong></span> <span class='ocrx_word' id='word_1_126' title='bbox 1938 1582 2078 1639; x_wconf 77' lang='lat' dir='ltr'><strong>cmlo</strong></span> <span class='ocrx_word' id='word_1_127' title='bbox 2106 1581 2251 1637; x_wconf 90' lang='lat' dir='ltr'><strong>enim</strong></span> 
     </span>
    </p>
   </div>
   <div class='ocr_carea' id='block_1_19' title="bbox 650 1677 2242 1750">
    <p class='ocr_par' dir='ltr' id='par_1_19' title="bbox 650 1677 2242 1750">
     <span class='ocr_line' id='line_1_19' title="bbox 650 1677 2242 1750; baseline -0.005 -12"><span class='ocrx_word' id='word_1_128' title='bbox 650 1690 898 1738; x_wconf 80' lang='lat' dir='ltr'><strong>cantatur</strong></span> <span class='ocrx_word' id='word_1_129' title='bbox 922 1688 978 1738; x_wconf 88' lang='lat' dir='ltr'><strong>et</strong></span> <span class='ocrx_word' id='word_1_130' title='bbox 1005 1681 1269 1750; x_wconf 85' lang='lat' dir='ltr'><strong>psallitur,</strong></span> <span class='ocrx_word' id='word_1_131' title='bbox 1300 1688 1355 1735; x_wconf 86' lang='lat' dir='ltr'><strong>ut</strong></span> <span class='ocrx_word' id='word_1_132' title='bbox 1381 1677 1666 1734; x_wconf 87' lang='lat' dir='ltr'><strong>intervalla</strong></span> <span class='ocrx_word' id='word_1_133' title='bbox 1692 1686 1746 1734; x_wconf 92' lang='lat' dir='ltr'><strong>et</strong></span> <span class='ocrx_word' id='word_1_134' title='bbox 1767 1692 2023 1735; x_wconf 90' lang='lat' dir='ltr'><strong>numeros</strong></span> <span class='ocrx_word' id='word_1_135' title='bbox 2050 1689 2242 1733; x_wconf 88' lang='lat' dir='ltr'><strong>vocum</strong></span> 
     </span>
    </p>
   </div>
   <div class='ocr_carea' id='block_1_20' title="bbox 651 1763 2334 1832">
    <p class='ocr_par' dir='ltr' id='par_1_20' title="bbox 651 1763 2334 1832">
     <span class='ocr_line' id='line_1_20' title="bbox 651 1763 2334 1832; baseline -0.005 0"><span class='ocrx_word' id='word_1_136' title='bbox 651 1790 850 1832; x_wconf 85' lang='lat' dir='ltr'><strong>novem</strong></span> <span class='ocrx_word' id='word_1_137' title='bbox 900 1781 1191 1831; x_wconf 87' lang='lat' dir='ltr'><strong>conserant</strong></span> <span class='ocrx_word' id='word_1_138' title='bbox 1242 1770 1449 1830; x_wconf 63' lang='lat' dir='ltr'><strong>scitula:</strong></span> <span class='ocrx_word' id='word_1_139' title='bbox 1494 1786 1557 1828; x_wconf 89' lang='lat' dir='ltr'><strong>ac</strong></span> <span class='ocrx_word' id='word_1_140' title='bbox 1604 1769 1951 1828; x_wconf 87' lang='lat' dir='ltr'><strong>modulentur</strong></span> <span class='ocrx_word' id='word_1_141' title='bbox 1996 1771 2249 1827; x_wconf 82' lang='lat' dir='ltr'><strong>sorores!</strong></span> <span class='ocrx_word' id='word_1_142' title='bbox 2285 1763 2334 1824; x_wconf 94' lang='lat' dir='ltr'><strong>B</strong></span> 
     </span>
    </p>
   </div>
   <div class='ocr_carea' id='block_1_21' title="bbox 2345 467 3957 539">
    <p class='ocr_par' dir='ltr' id='par_1_21' title="bbox 2345 467 3957 539">
     <span class='ocr_line' id='line_1_21' title="bbox 2345 467 3957 539; baseline -0.002 -14"><span class='ocrx_word' id='word_1_143' title='bbox 2345 486 2595 537; x_wconf 90' lang='lat' dir='ltr'><strong>nemora,</strong></span> <span class='ocrx_word' id='word_1_144' title='bbox 2624 481 2682 527; x_wconf 89' lang='lat' dir='ltr'><strong>ut</strong></span> <span class='ocrx_word' id='word_1_145' title='bbox 2712 470 3055 526; x_wconf 88' lang='lat' dir='ltr'><strong>venationum</strong></span> <span class='ocrx_word' id='word_1_146' title='bbox 3092 476 3401 539; x_wconf 65' lang='lat' dir='ltr'><strong>prmpotens</strong></span> <span class='ocrx_word' id='word_1_147' title='bbox 3419 467 3683 524; x_wconf 86' lang='lat' dir='ltr'><strong>habeatur</strong></span> <span class='ocrx_word' id='word_1_148' title='bbox 3709 468 3762 522; x_wconf 91' lang='lat' dir='ltr'><strong>in</strong></span> <span class='ocrx_word' id='word_1_149' title='bbox 3789 482 3957 538; x_wconf 81' lang='lat' dir='ltr'><strong>expe-</strong></span> 
     </span>
    </p>
   </div>
   <div class='ocr_carea' id='block_1_22' title="bbox 2343 559 3959 619">
    <p class='ocr_par' dir='ltr' id='par_1_22' title="bbox 2343 559 3959 619">
     <span class='ocr_line' id='line_1_22' title="bbox 2343 559 3959 619; baseline -0.003 0"><span class='ocrx_word' id='word_1_150' title='bbox 2343 563 2639 619; x_wconf 86' lang='lat' dir='ltr'><strong>ditionibus</strong></span> <span class='ocrx_word' id='word_1_151' title='bbox 2670 562 2872 617; x_wconf 87' lang='lat' dir='ltr'><strong>Diana?</strong></span> <span class='ocrx_word' id='word_1_152' title='bbox 2902 560 3241 617; x_wconf 77' lang='lat' dir='ltr'><strong>[inminentia</strong></span> <span class='ocrx_word' id='word_1_153' title='bbox 3273 560 3347 615; x_wconf 92' lang='lat' dir='ltr'><strong>dii</strong></span> <span class='ocrx_word' id='word_1_154' title='bbox 3391 559 3639 616; x_wconf 89' lang='lat' dir='ltr'><strong>nesciunt</strong></span> <span class='ocrx_word' id='word_1_155' title='bbox 3669 577 3683 614; x_wconf 87' lang='lat'><strong>:</strong></span> <span class='ocrx_word' id='word_1_156' title='bbox 3716 568 3773 615; x_wconf 91' lang='lat' dir='ltr'><strong>et</strong></span> <span class='ocrx_word' id='word_1_157' title='bbox 3795 561 3959 614; x_wconf 82' lang='lat' dir='ltr'><strong>sorti-</strong></span> 
     </span>
    </p>
   </div>
   <div class='ocr_carea' id='block_1_23' title="bbox 2344 652 3959 727">
    <p class='ocr_par' dir='ltr' id='par_1_23' title="bbox 2344 652 3959 727">
     <span class='ocr_line' id='line_1_23' title="bbox 2344 652 3959 727; baseline -0.002 -15"><span class='ocrx_word' id='word_1_158' title='bbox 2344 657 2443 713; x_wconf 88' lang='lat' dir='ltr'><strong>bus</strong></span> <span class='ocrx_word' id='word_1_159' title='bbox 2460 659 2665 724; x_wconf 91' lang='lat' dir='ltr'><strong>vivunt,</strong></span> <span class='ocrx_word' id='word_1_160' title='bbox 2690 656 3063 727; x_wconf 83' lang='lat' dir='ltr'><strong>agitanturque</strong></span> <span class='ocrx_word' id='word_1_161' title='bbox 3080 654 3354 722; x_wconf 83' lang='lat' dir='ltr'><strong>fatalibus,</strong></span> <span class='ocrx_word' id='word_1_162' title='bbox 3372 663 3428 709; x_wconf 91' lang='lat' dir='ltr'><strong>ut</strong></span> <span class='ocrx_word' id='word_1_163' title='bbox 3442 652 3571 725; x_wconf 92' lang='lat' dir='ltr'><strong>quid</strong></span> <span class='ocrx_word' id='word_1_164' title='bbox 3588 653 3785 723; x_wconf 77' lang='lat' dir='ltr'><strong>cuique</strong></span> <span class='ocrx_word' id='word_1_165' title='bbox 3804 667 3959 708; x_wconf 84' lang='lat' dir='ltr'><strong>cras-</strong></span> 
     </span>
    </p>
   </div>
   <div class='ocr_carea' id='block_1_24' title="bbox 2347 745 3959 818">
    <p class='ocr_par' dir='ltr' id='par_1_24' title="bbox 2347 745 3959 818">
     <span class='ocr_line' id='line_1_24' title="bbox 2347 745 3959 818; baseline -0.004 -12"><span class='ocrx_word' id='word_1_166' title='bbox 2347 752 2486 806; x_wconf 89' lang='lat' dir='ltr'><strong>tinus</strong></span> <span class='ocrx_word' id='word_1_167' title='bbox 2504 752 2617 805; x_wconf 86' lang='lat' dir='ltr'><strong>dies</strong></span> <span class='ocrx_word' id='word_1_168' title='bbox 2650 751 2805 817; x_wconf 82' lang='lat' dir='ltr'><strong>ferat,</strong></span> <span class='ocrx_word' id='word_1_169' title='bbox 2830 757 2923 804; x_wconf 91' lang='lat' dir='ltr'><strong>aut</strong></span> <span class='ocrx_word' id='word_1_170' title='bbox 2942 746 3367 817; x_wconf 88' lang='lat' dir='ltr'><strong>hora,Latonius</strong></span> <span class='ocrx_word' id='word_1_171' title='bbox 3384 745 3620 818; x_wconf 77' lang='lat' dir='ltr'><strong>explicet</strong></span> <span class='ocrx_word' id='word_1_172' title='bbox 3644 754 3808 818; x_wconf 88' lang='lat' dir='ltr'><strong>atque</strong></span> <span class='ocrx_word' id='word_1_173' title='bbox 3829 760 3959 815; x_wconf 77' lang='lat' dir='ltr'><strong>ape-</strong></span> 
     </span>
    </p>
   </div>
   <div class='ocr_carea' id='block_1_25' title="bbox 2347 837 3962 914">
    <p class='ocr_par' dir='ltr' id='par_1_25' title="bbox 2347 837 3962 914">
     <span class='ocr_line' id='line_1_25' title="bbox 2347 837 3962 914; baseline -0.002 -17"><span class='ocrx_word' id='word_1_174' title='bbox 2347 844 2450 899; x_wconf 88' lang='lat' dir='ltr'><strong>riat</strong></span> <span class='ocrx_word' id='word_1_175' title='bbox 2476 842 2668 898; x_wconf 85' lang='lat' dir='ltr'><strong>vates?</strong></span> <span class='ocrx_word' id='word_1_176' title='bbox 2698 842 2817 914; x_wconf 85' lang='lat' dir='ltr'><strong>ipse</strong></span> <span class='ocrx_word' id='word_1_177' title='bbox 2843 842 2950 897; x_wconf 92' lang='lat' dir='ltr'><strong>alio</strong></span> <span class='ocrx_word' id='word_1_178' title='bbox 2977 841 3229 910; x_wconf 90' lang='lat' dir='ltr'><strong>impletur</strong></span> <span class='ocrx_word' id='word_1_179' title='bbox 3255 838 3379 905; x_wconf 91' lang='lat' dir='ltr'><strong>deo,</strong></span> <span class='ocrx_word' id='word_1_180' title='bbox 3403 848 3458 894; x_wconf 92' lang='lat' dir='ltr'><strong>et</strong></span> <span class='ocrx_word' id='word_1_181' title='bbox 3486 838 3542 893; x_wconf 91' lang='lat' dir='ltr'><strong>vi</strong></span> <span class='ocrx_word' id='word_1_182' title='bbox 3565 837 3803 893; x_wconf 91' lang='lat' dir='ltr'><strong>numinis</strong></span> <span class='ocrx_word' id='word_1_183' title='bbox 3825 853 3962 908; x_wconf 65' lang='lat' dir='ltr'><strong>prte-</strong></span> 
     </span>
    </p>
   </div>
   <div class='ocr_carea' id='block_1_26' title="bbox 2348 928 3951 1003">
    <p class='ocr_par' dir='ltr' id='par_1_26' title="bbox 2348 928 3951 1003">
     <span class='ocr_line' id='line_1_26' title="bbox 2348 928 3951 1003; baseline -0.004 -13"><span class='ocrx_word' id='word_1_184' title='bbox 2348 935 2510 990; x_wconf 91' lang='lat' dir='ltr'><strong>mitur</strong></span> <span class='ocrx_word' id='word_1_185' title='bbox 2526 933 2929 1003; x_wconf 86' lang='lat' dir='ltr'><strong>exagitaturque</strong></span> <span class='ocrx_word' id='word_1_186' title='bbox 2954 929 3194 1002; x_wconf 86' lang='lat' dir='ltr'><strong>majoris,</strong></span> <span class='ocrx_word' id='word_1_187' title='bbox 3218 940 3272 985; x_wconf 92' lang='lat' dir='ltr'><strong>ut</strong></span> <span class='ocrx_word' id='word_1_188' title='bbox 3295 930 3487 986; x_wconf 90' lang='lat' dir='ltr'><strong>merito</strong></span> <span class='ocrx_word' id='word_1_189' title='bbox 3515 928 3729 985; x_wconf 88' lang='lat' dir='ltr'><strong>dicatur</strong></span> <span class='ocrx_word' id='word_1_190' title='bbox 3752 929 3951 984; x_wconf 81' lang='lat' dir='ltr'><strong>habea-</strong></span> 
     </span>
    </p>
   </div>
   <div class='ocr_carea' id='block_1_27' title="bbox 2351 1021 3959 1099">
    <p class='ocr_par' dir='ltr' id='par_1_27' title="bbox 2351 1021 3959 1099">
     <span class='ocr_line' id='line_1_27' title="bbox 2351 1021 3959 1099; baseline -0.004 -16"><span class='ocrx_word' id='word_1_191' title='bbox 2351 1038 2544 1099; x_wconf 90' lang='lat' dir='ltr'><strong>turque</strong></span> <span class='ocrx_word' id='word_1_192' title='bbox 2564 1026 2812 1082; x_wconf 85' lang='lat' dir='ltr'><strong>divinus?</strong></span> <span class='ocrx_word' id='word_1_193' title='bbox 2833 1023 3211 1095; x_wconf 87' lang='lat' dir='ltr'><strong>Corripiuntur</strong></span> <span class='ocrx_word' id='word_1_194' title='bbox 3230 1022 3302 1079; x_wconf 92' lang='lat' dir='ltr'><strong>dii</strong></span> <span class='ocrx_word' id='word_1_195' title='bbox 3332 1023 3555 1089; x_wconf 90' lang='lat' dir='ltr'><strong>morbis,</strong></span> <span class='ocrx_word' id='word_1_196' title='bbox 3581 1032 3636 1079; x_wconf 90' lang='lat' dir='ltr'><strong>et</strong></span> <span class='ocrx_word' id='word_1_197' title='bbox 3658 1021 3959 1090; x_wconf 85' lang='lat' dir='ltr'><strong>vulnerari,</strong></span> 
     </span>
    </p>
   </div>
   <div class='ocr_carea' id='block_1_28' title="bbox 2352 1118 3968 1192">
    <p class='ocr_par' dir='ltr' id='par_1_28' title="bbox 2352 1118 3968 1192">
     <span class='ocr_line' id='line_1_28' title="bbox 2352 1118 3968 1192; baseline -0.004 -15"><span class='ocrx_word' id='word_1_198' title='bbox 2352 1122 2536 1179; x_wconf 87' lang='lat' dir='ltr'><strong>vexari</strong></span> <span class='ocrx_word' id='word_1_199' title='bbox 2556 1123 2732 1192; x_wconf 91' lang='lat' dir='ltr'><strong>aliqua</strong></span> <span class='ocrx_word' id='word_1_200' title='bbox 2754 1136 2821 1177; x_wconf 88' lang='lat' dir='ltr'><strong>ex</strong></span> <span class='ocrx_word' id='word_1_201' title='bbox 2846 1136 2905 1176; x_wconf 91' lang='lat' dir='ltr'><strong>re</strong></span> <span class='ocrx_word' id='word_1_202' title='bbox 2926 1131 3151 1191; x_wconf 89' lang='lat' dir='ltr'><strong>possunt</strong></span> <span class='ocrx_word' id='word_1_203' title='bbox 3174 1137 3187 1174; x_wconf 91' lang='lat'><strong>:</strong></span> <span class='ocrx_word' id='word_1_204' title='bbox 3210 1128 3270 1174; x_wconf 92' lang='lat' dir='ltr'><strong>ut</strong></span> <span class='ocrx_word' id='word_1_205' title='bbox 3289 1134 3411 1175; x_wconf 93' lang='lat' dir='ltr'><strong>cum</strong></span> <span class='ocrx_word' id='word_1_206' title='bbox 3428 1118 3850 1191; x_wconf 83' lang='lat' dir='ltr'><strong>exegeritratio,</strong></span> <span class='ocrx_word' id='word_1_207' title='bbox 3872 1134 3968 1172; x_wconf 83' lang='lat' dir='ltr'><strong>au-</strong></span> 
     </span>
    </p>
   </div>
   <div class='ocr_carea' id='block_1_29' title="bbox 2350 1212 3966 1285">
    <p class='ocr_par' dir='ltr' id='par_1_29' title="bbox 2350 1212 3966 1285">
     <span class='ocr_line' id='line_1_29' title="bbox 2350 1212 3966 1285; baseline -0.004 -12"><span class='ocrx_word' id='word_1_208' title='bbox 2350 1216 2566 1273; x_wconf 87' lang='lat' dir='ltr'><strong>xiliator</strong></span> <span class='ocrx_word' id='word_1_209' title='bbox 2583 1212 3245 1285; x_wconf 87' lang='lat' dir='ltr'><strong>subveniatEpidaurius?</strong></span> <span class='ocrx_word' id='word_1_210' title='bbox 3274 1213 3599 1280; x_wconf 88' lang='lat' dir='ltr'><strong>Parturiunt,</strong></span> <span class='ocrx_word' id='word_1_211' title='bbox 3627 1214 3871 1283; x_wconf 91' lang='lat' dir='ltr'><strong>pariunt,</strong></span> <span class='ocrx_word' id='word_1_212' title='bbox 3901 1219 3966 1267; x_wconf 89' lang='lat' dir='ltr'><strong>ut</strong></span> 
     </span>
    </p>
   </div>
   <div class='ocr_carea' id='block_1_30' title="bbox 2350 1304 3968 1378">
    <p class='ocr_par' dir='ltr' id='par_1_30' title="bbox 2350 1304 3968 1378">
     <span class='ocr_line' id='line_1_30' title="bbox 2350 1304 3968 1378; baseline -0.005 -13"><span class='ocrx_word' id='word_1_213' title='bbox 2350 1308 2596 1365; x_wconf 85' lang='lat' dir='ltr'><strong>dilliciles</strong></span> <span class='ocrx_word' id='word_1_214' title='bbox 2620 1307 3024 1378; x_wconf 89' lang='lat' dir='ltr'><strong>puerperiorum</strong></span> <span class='ocrx_word' id='word_1_215' title='bbox 3051 1304 3214 1362; x_wconf 86' lang='lat' dir='ltr'><strong>tricas</strong></span> <span class='ocrx_word' id='word_1_216' title='bbox 3234 1304 3378 1361; x_wconf 85' lang='lat' dir='ltr'><strong>Juno</strong></span> <span class='ocrx_word' id='word_1_217' title='bbox 3400 1304 3643 1371; x_wconf 87' lang='lat' dir='ltr'><strong>mulceat,</strong></span> <span class='ocrx_word' id='word_1_218' title='bbox 3666 1304 3968 1374; x_wconf 87' lang='lat' dir='ltr'><strong>corripiat-</strong></span> 
     </span>
    </p>
   </div>
   <div class='ocr_carea' id='block_1_31' title="bbox 2353 1398 3977 1476">
    <p class='ocr_par' dir='ltr' id='par_1_31' title="bbox 2353 1398 3977 1476">
     <span class='ocr_line' id='line_1_31' title="bbox 2353 1398 3977 1476; baseline -0.004 -17"><span class='ocrx_word' id='word_1_219' title='bbox 2353 1420 2460 1476; x_wconf 92' lang='lat' dir='ltr'><strong>que</strong></span> <span class='ocrx_word' id='word_1_220' title='bbox 2493 1402 2734 1459; x_wconf 82' lang='lat' dir='ltr'><strong>Lucina?</strong></span> <span class='ocrx_word' id='word_1_221' title='bbox 2761 1401 2896 1457; x_wconf 85' lang='lat' dir='ltr'><strong>Rem</strong></span> <span class='ocrx_word' id='word_1_222' title='bbox 2927 1400 3179 1456; x_wconf 88' lang='lat' dir='ltr'><strong>rusticam</strong></span> <span class='ocrx_word' id='word_1_223' title='bbox 3206 1406 3454 1467; x_wconf 87' lang='lat' dir='ltr'><strong>tractant,</strong></span> <span class='ocrx_word' id='word_1_224' title='bbox 3486 1409 3576 1454; x_wconf 88' lang='lat' dir='ltr'><strong>aut</strong></span> <span class='ocrx_word' id='word_1_225' title='bbox 3602 1408 3791 1454; x_wconf 85' lang='lat' dir='ltr'><strong>curant</strong></span> <span class='ocrx_word' id='word_1_226' title='bbox 3815 1398 3977 1454; x_wconf 89' lang='lat' dir='ltr'><strong>mili-</strong></span> 
     </span>
    </p>
   </div>
   <div class='ocr_carea' id='block_1_32' title="bbox 2354 1490 3973 1564">
    <p class='ocr_par' dir='ltr' id='par_1_32' title="bbox 2354 1490 3973 1564">
     <span class='ocr_line' id='line_1_32' title="bbox 2354 1490 3973 1564; baseline -0.004 -11"><span class='ocrx_word' id='word_1_227' title='bbox 2354 1499 2491 1553; x_wconf 88' lang='lat' dir='ltr'><strong>taria</strong></span> <span class='ocrx_word' id='word_1_228' title='bbox 2538 1511 2758 1552; x_wconf 88' lang='lat' dir='ltr'><strong>nmnera</strong></span> <span class='ocrx_word' id='word_1_229' title='bbox 2794 1514 2808 1551; x_wconf 83' lang='lat'><strong>:</strong></span> <span class='ocrx_word' id='word_1_230' title='bbox 2839 1504 2898 1550; x_wconf 93' lang='lat' dir='ltr'><strong>ut</strong></span> <span class='ocrx_word' id='word_1_231' title='bbox 2936 1494 3335 1564; x_wconf 86' lang='lat' dir='ltr'><strong>ﬂammipotens</strong></span> <span class='ocrx_word' id='word_1_232' title='bbox 3359 1491 3629 1548; x_wconf 88' lang='lat' dir='ltr'><strong>Vulcanus</strong></span> <span class='ocrx_word' id='word_1_233' title='bbox 3668 1490 3973 1548; x_wconf 80' lang='lat' dir='ltr'><strong>fabricetur</strong></span> 
     </span>
    </p>
   </div>
   <div class='ocr_carea' id='block_1_33' title="bbox 2356 1584 3969 1658">
    <p class='ocr_par' dir='ltr' id='par_1_33' title="bbox 2356 1584 3969 1658">
     <span class='ocr_line' id='line_1_33' title="bbox 2356 1584 3969 1658; baseline -0.002 -14"><span class='ocrx_word' id='word_1_234' title='bbox 2356 1590 2439 1646; x_wconf 87' lang='lat' dir='ltr'><strong>bis</strong></span> <span class='ocrx_word' id='word_1_235' title='bbox 2469 1604 2648 1653; x_wconf 89' lang='lat' dir='ltr'><strong>enses,</strong></span> <span class='ocrx_word' id='word_1_236' title='bbox 2689 1597 2781 1643; x_wconf 90' lang='lat' dir='ltr'><strong>aut</strong></span> <span class='ocrx_word' id='word_1_237' title='bbox 2810 1588 2952 1643; x_wconf 90' lang='lat' dir='ltr'><strong>ruris</strong></span> <span class='ocrx_word' id='word_1_238' title='bbox 2982 1585 3311 1642; x_wconf 85' lang='lat' dir='ltr'><strong>ferramenta</strong></span> <span class='ocrx_word' id='word_1_239' title='bbox 3341 1584 3643 1658; x_wconf 82' lang='lat' dir='ltr'><strong>procudat‘i</strong></span> <span class='ocrx_word' id='word_1_240' title='bbox 3669 1584 3848 1642; x_wconf 77' lang='lat' dir='ltr'><strong>Vestis</strong></span> <span class='ocrx_word' id='word_1_241' title='bbox 3878 1584 3969 1641; x_wconf 85' lang='lat' dir='ltr'><strong>in-</strong></span> 
     </span>
    </p>
   </div>
   <div class='ocr_carea' id='block_1_34' title="bbox 2359 1676 3971 1755">
    <p class='ocr_par' dir='ltr' id='par_1_34' title="bbox 2359 1676 3971 1755">
     <span class='ocr_line' id='line_1_34' title="bbox 2359 1676 3971 1755; baseline -0.001 -17"><span class='ocrx_word' id='word_1_242' title='bbox 2359 1683 2549 1755; x_wconf 86' lang='lat' dir='ltr'><strong>digent</strong></span> <span class='ocrx_word' id='word_1_243' title='bbox 2581 1680 2819 1753; x_wconf 90' lang='lat' dir='ltr'><strong>tegmine</strong></span> <span class='ocrx_word' id='word_1_244' title='bbox 2850 1697 2864 1734; x_wconf 85' lang='lat'><strong>:</strong></span> <span class='ocrx_word' id='word_1_245' title='bbox 2898 1687 2957 1735; x_wconf 91' lang='lat' dir='ltr'><strong>ut</strong></span> <span class='ocrx_word' id='word_1_246' title='bbox 2986 1677 3389 1750; x_wconf 83' lang='lat' dir='ltr'><strong>virgoTritonia</strong></span> <span class='ocrx_word' id='word_1_247' title='bbox 3418 1676 3634 1736; x_wconf 86' lang='lat' dir='ltr'><strong>curiose</strong></span> <span class='ocrx_word' id='word_1_248' title='bbox 3653 1677 3719 1735; x_wconf 89' lang='lat' dir='ltr'><strong>iis</strong></span> <span class='ocrx_word' id='word_1_249' title='bbox 3741 1689 3971 1751; x_wconf 17' lang='lat' dir='ltr'><strong>,stamen</strong></span> 
     </span>
    </p>
   </div>
   <div class='ocr_carea' id='block_1_35' title="bbox 1889 1876 2732 1956">
    <p class='ocr_par' dir='ltr' id='par_1_35' title="bbox 1889 1876 2732 1956">
     <span class='ocr_line' id='line_1_35' title="bbox 1889 1876 2732 1956; baseline -0.013 -15"><span class='ocrx_word' id='word_1_250' title='bbox 1889 1881 2275 1942; x_wconf 79' lang='lat' dir='ltr'><strong>LECTIONES</strong></span> <span class='ocrx_word' id='word_1_251' title='bbox 2288 1879 2401 1956; x_wconf 84' lang='lat' dir='ltr'><strong>_VA</strong></span> <span class='ocrx_word' id='word_1_252' title='bbox 2410 1876 2732 1937; x_wconf 78' lang='lat' dir='ltr'><strong>RIANTES.</strong></span> 
     </span>
    </p>
   </div>
   <div class='ocr_carea' id='block_1_36' title="bbox 718 1995 1418 2057">
    <p class='ocr_par' dir='ltr' id='par_1_36' title="bbox 718 1995 1418 2057">
     <span class='ocr_line' id='line_1_36' title="bbox 718 1995 1418 2057; baseline -0.013 -1"><span class='ocrx_word' id='word_1_253' title='bbox 718 2005 746 2036; x_wconf 73' lang='grc'><strong><em>⁸</em></strong></span> <span class='ocrx_word' id='word_1_254' title='bbox 777 2003 863 2057; x_wconf 89' lang='lat' dir='ltr'><strong>Sic</strong></span> <span class='ocrx_word' id='word_1_255' title='bbox 878 2013 968 2053; x_wconf 84' lang='lat' dir='ltr'><strong>ms.</strong></span> <span class='ocrx_word' id='word_1_256' title='bbox 994 1998 1291 2052; x_wconf 85' lang='lat' dir='ltr'><strong>Obsterticis</strong></span> <span class='ocrx_word' id='word_1_257' title='bbox 1308 1995 1418 2049; x_wconf 85' lang='lat' dir='ltr'><strong>alii.</strong></span> 
     </span>
    </p>
   </div>
   <div class='ocr_carea' id='block_1_37' title="bbox 2004 2105 2569 2167">
    <p class='ocr_par' dir='ltr' id='par_1_37' title="bbox 2004 2105 2569 2167">
     <span class='ocr_line' id='line_1_37' title="bbox 2004 2105 2569 2167; baseline -0.005 0"><span class='ocrx_word' id='word_1_258' title='bbox 2004 2105 2569 2167; x_wconf 75' lang='lat' dir='ltr'><strong>COMMENTARIUS.</strong></span> 
     </span>
    </p>
   </div>
   <div class='ocr_carea' id='block_1_38' title="bbox 656 2224 2241 2296">
    <p class='ocr_par' dir='ltr' id='par_1_38' title="bbox 656 2224 2241 2296">
     <span class='ocr_line' id='line_1_38' title="bbox 656 2224 2241 2296; baseline 0.001 -17"><span class='ocrx_word' id='word_1_259' title='bbox 656 2236 900 2292; x_wconf 88' lang='lat' dir='ltr'><strong>ptunum,</strong></span> <span class='ocrx_word' id='word_1_260' title='bbox 931 2225 1053 2292; x_wconf 85' lang='lat' dir='ltr'><strong>quia</strong></span> <span class='ocrx_word' id='word_1_261' title='bbox 1104 2225 1270 2279; x_wconf 89' lang='lat' dir='ltr'><strong>maris</strong></span> <span class='ocrx_word' id='word_1_262' title='bbox 1301 2232 1481 2280; x_wconf 91' lang='lat' dir='ltr'><strong>teneat</strong></span> <span class='ocrx_word' id='word_1_263' title='bbox 1524 2224 1835 2296; x_wconf 87' lang='lat' dir='ltr'><strong>imperium,</strong></span> <span class='ocrx_word' id='word_1_264' title='bbox 1869 2233 2109 2289; x_wconf 89' lang='lat' dir='ltr'><strong>nautam,</strong></span> <span class='ocrx_word' id='word_1_265' title='bbox 2132 2225 2241 2280; x_wconf 87' lang='lat' dir='ltr'><strong>nisi</strong></span> 
     </span>
    </p>
   </div>
   <div class='ocr_carea' id='block_1_39' title="bbox 654 2295 2239 2369">
    <p class='ocr_par' dir='ltr' id='par_1_39' title="bbox 654 2295 2239 2369">
     <span class='ocr_line' id='line_1_39' title="bbox 654 2295 2239 2369; baseline -0.002 -16"><span class='ocrx_word' id='word_1_266' title='bbox 654 2297 986 2369; x_wconf 84' lang='lat' dir='ltr'><strong>ineptissime</strong></span> <span class='ocrx_word' id='word_1_267' title='bbox 1009 2296 1230 2369; x_wconf 74' lang='lat' dir='ltr'><strong>dixeris.</strong></span> <span class='ocrx_word' id='word_1_268' title='bbox 1252 2295 2030 2369; x_wconf 31' lang='lat' dir='ltr'><strong>Restiluo‘naCcas.Veteribus</strong></span> <span class='ocrx_word' id='word_1_269' title='bbox 2059 2305 2239 2352; x_wconf 89' lang='lat' dir='ltr'><strong>autem</strong></span> 
     </span>
    </p>
   </div>
   <div class='ocr_carea' id='block_1_40' title="bbox 655 2367 2241 2439">
    <p class='ocr_par' dir='ltr' id='par_1_40' title="bbox 655 2367 2241 2439">
     <span class='ocr_line' id='line_1_40' title="bbox 655 2367 2241 2439; baseline -0.001 -17"><span class='ocrx_word' id='word_1_270' title='bbox 655 2367 827 2423; x_wconf 43' lang='lat' dir='ltr'><strong>nnc—ca:</strong></span> <span class='ocrx_word' id='word_1_271' title='bbox 854 2367 1082 2421; x_wconf 77' lang='lat' dir='ltr'><strong>fullones</strong></span> <span class='ocrx_word' id='word_1_272' title='bbox 1122 2367 1465 2439; x_wconf 72' lang='lat' dir='ltr'><strong>dicebantur.</strong></span> <span class='ocrx_word' id='word_1_273' title='bbox 1476 2367 1718 2439; x_wconf 78' lang='lat' dir='ltr'><strong>Festus:</strong></span> <span class='ocrx_word' id='word_1_274' title='bbox 1751 2367 1943 2423; x_wconf 68' lang='lat' dir='ltr'><strong>(Vacca:</strong></span> <span class='ocrx_word' id='word_1_275' title='bbox 1967 2368 2241 2439; x_wconf 83' lang='lat' dir='ltr'><strong>appellan-</strong></span> 
     </span>
    </p>
   </div>
   <div class='ocr_carea' id='block_1_41' title="bbox 655 2437 2243 2511">
    <p class='ocr_par' dir='ltr' id='par_1_41' title="bbox 655 2437 2243 2511">
     <span class='ocr_line' id='line_1_41' title="bbox 655 2437 2243 2511; baseline 0.001 -18"><span class='ocrx_word' id='word_1_276' title='bbox 655 2453 737 2494; x_wconf 89' lang='lat' dir='ltr'><strong>tur</strong></span> <span class='ocrx_word' id='word_1_277' title='bbox 762 2440 911 2511; x_wconf 87' lang='lat' dir='ltr'><strong>vulgo</strong></span> <span class='ocrx_word' id='word_1_278' title='bbox 939 2439 1184 2511; x_wconf 72' lang='lat' dir='ltr'><strong>fullones,</strong></span> <span class='ocrx_word' id='word_1_279' title='bbox 1215 2448 1269 2491; x_wconf 90' lang='lat' dir='ltr'><strong>ut</strong></span> <span class='ocrx_word' id='word_1_280' title='bbox 1319 2439 1390 2492; x_wconf 88' lang='lat' dir='ltr'><strong>ait</strong></span> <span class='ocrx_word' id='word_1_281' title='bbox 1442 2437 1721 2511; x_wconf 62' lang='lat' dir='ltr'><strong>Quriatius,</strong></span> <span class='ocrx_word' id='word_1_282' title='bbox 1763 2440 1900 2510; x_wconf 88' lang='lat' dir='ltr'><strong>quod</strong></span> <span class='ocrx_word' id='word_1_283' title='bbox 1950 2437 2105 2494; x_wconf 82' lang='lat' dir='ltr'><strong>nauci</strong></span> <span class='ocrx_word' id='word_1_284' title='bbox 2140 2456 2243 2494; x_wconf 88' lang='lat' dir='ltr'><strong>non</strong></span> 
     </span>
    </p>
   </div>
   <div class='ocr_carea' id='block_1_42' title="bbox 654 2508 2243 2582">
    <p class='ocr_par' dir='ltr' id='par_1_42' title="bbox 654 2508 2243 2582">
     <span class='ocr_line' id='line_1_42' title="bbox 654 2508 2243 2582; baseline 0.001 -18"><span class='ocrx_word' id='word_1_285' title='bbox 654 2513 776 2565; x_wconf 89' lang='lat' dir='ltr'><strong>sint.</strong></span> <span class='ocrx_word' id='word_1_286' title='bbox 808 2508 1064 2582; x_wconf 47' lang='lat' dir='ltr'><strong>A&#39;puleius</strong></span> <span class='ocrx_word' id='word_1_287' title='bbox 1096 2509 1265 2563; x_wconf 79' lang='lat' dir='ltr'><strong>Miles.</strong></span> <span class='ocrx_word' id='word_1_288' title='bbox 1297 2526 1352 2565; x_wconf 87' lang='lat' dir='ltr'><strong>tx</strong></span> <span class='ocrx_word' id='word_1_289' title='bbox 1385 2527 1397 2562; x_wconf 90' lang='lat'><strong>:</strong></span> <span class='ocrx_word' id='word_1_290' title='bbox 1433 2508 1571 2563; x_wconf 86' lang='lat' dir='ltr'><strong>Nam</strong></span> <span class='ocrx_word' id='word_1_291' title='bbox 1602 2520 1647 2564; x_wconf 87' lang='lat' dir='ltr'><strong>et</strong></span> <span class='ocrx_word' id='word_1_292' title='bbox 1695 2508 1977 2582; x_wconf 77' lang='lat' dir='ltr'><strong>Opportune</strong></span> <span class='ocrx_word' id='word_1_293' title='bbox 2028 2513 2243 2565; x_wconf 87' lang='lat' dir='ltr'><strong>maritus</strong></span> 
     </span>
    </p>
   </div>
   <div class='ocr_carea' id='block_1_43' title="bbox 657 2581 2245 2651">
    <p class='ocr_par' dir='ltr' id='par_1_43' title="bbox 657 2581 2245 2651">
     <span class='ocr_line' id='line_1_43' title="bbox 657 2581 2245 2651; baseline 0.001 -17"><span class='ocrx_word' id='word_1_294' title='bbox 657 2583 782 2651; x_wconf 76' lang='lat' dir='ltr'><strong>foris</strong></span> <span class='ocrx_word' id='word_1_295' title='bbox 815 2581 955 2651; x_wconf 87' lang='lat' dir='ltr'><strong>apud</strong></span> <span class='ocrx_word' id='word_1_296' title='bbox 1008 2597 1219 2633; x_wconf 81' lang='lat' dir='ltr'><strong>noceant</strong></span> <span class='ocrx_word' id='word_1_297' title='bbox 1266 2581 1557 2651; x_wconf 73' lang='lat' dir='ltr'><strong>proximum</strong></span> <span class='ocrx_word' id='word_1_298' title='bbox 1601 2581 1889 2636; x_wconf 76' lang='lat' dir='ltr'><strong>caenitobat.</strong></span> <span class='ocrx_word' id='word_1_299' title='bbox 1927 2583 2064 2637; x_wconf 84' lang='lat' dir='ltr'><strong>Deos</strong></span> <span class='ocrx_word' id='word_1_300' title='bbox 2111 2596 2245 2636; x_wconf 88' lang='lat' dir='ltr'><strong>vero</strong></span> 
     </span>
    </p>
   </div>
   <div class='ocr_carea' id='block_1_44' title="bbox 657 2651 2242 2723">
    <p class='ocr_par' dir='ltr' id='par_1_44' title="bbox 657 2651 2242 2723">
     <span class='ocr_line' id='line_1_44' title="bbox 657 2651 2242 2723; baseline 0.001 -16"><span class='ocrx_word' id='word_1_301' title='bbox 657 2652 909 2716; x_wconf 81' lang='lat' dir='ltr'><strong>l&#39;ullOues,</strong></span> <span class='ocrx_word' id='word_1_302' title='bbox 967 2651 1154 2723; x_wconf 10' lang='lat' dir='ltr'><strong>utiliic</strong></span> <span class='ocrx_word' id='word_1_303' title='bbox 1206 2667 1411 2715; x_wconf 80' lang='lat' dir='ltr'><strong>uaccas.</strong></span> <span class='ocrx_word' id='word_1_304' title='bbox 1455 2664 1614 2708; x_wconf 92' lang='lat' dir='ltr'><strong>antea</strong></span> <span class='ocrx_word' id='word_1_305' title='bbox 1671 2653 1963 2723; x_wconf 80' lang='lat' dir='ltr'><strong>appellavit</strong></span> <span class='ocrx_word' id='word_1_306' title='bbox 2005 2653 2242 2708; x_wconf 87' lang='lat' dir='ltr'><strong>dicens:</strong></span> 
     </span>
    </p>
   </div>
   <div class='ocr_carea' id='block_1_45' title="bbox 660 2722 2248 2794">
    <p class='ocr_par' dir='ltr' id='par_1_45' title="bbox 660 2722 2248 2794">
     <span class='ocr_line' id='line_1_45' title="bbox 660 2722 2248 2794; baseline 0 -17"><span class='ocrx_word' id='word_1_307' title='bbox 660 2723 787 2777; x_wconf 80' lang='lat' dir='ltr'><strong>Esse</strong></span> <span class='ocrx_word' id='word_1_308' title='bbox 809 2724 929 2778; x_wconf 88' lang='lat' dir='ltr'><strong>deos</strong></span> <span class='ocrx_word' id='word_1_309' title='bbox 973 2722 1213 2794; x_wconf 77' lang='lat' dir='ltr'><strong>fullones,</strong></span> <span class='ocrx_word' id='word_1_310' title='bbox 1257 2740 1364 2777; x_wconf 88' lang='lat' dir='ltr'><strong>esse</strong></span> <span class='ocrx_word' id='word_1_311' title='bbox 1392 2731 1638 2784; x_wconf 82' lang='lat' dir='ltr'><strong>tonsores.</strong></span> <span class='ocrx_word' id='word_1_312' title='bbox 1666 2722 1753 2793; x_wconf 83' lang='lat' dir='ltr'><strong>qui</strong></span> <span class='ocrx_word' id='word_1_313' title='bbox 1775 2724 1854 2779; x_wconf 78' lang='lat' dir='ltr'><strong>vel</strong></span> <span class='ocrx_word' id='word_1_314' title='bbox 1877 2741 2051 2778; x_wconf 84' lang='lat' dir='ltr'><strong>sacras</strong></span> <span class='ocrx_word' id='word_1_315' title='bbox 2077 2725 2248 2779; x_wconf 87' lang='lat' dir='ltr'><strong>eluant</strong></span> 
     </span>
    </p>
   </div>
   <div class='ocr_carea' id='block_1_46' title="bbox 660 2792 2247 2866">
    <p class='ocr_par' dir='ltr' id='par_1_46' title="bbox 660 2792 2247 2866">
     <span class='ocr_line' id='line_1_46' title="bbox 660 2792 2247 2866; baseline 0.001 -18"><span class='ocrx_word' id='word_1_316' title='bbox 660 2792 1205 2866; x_wconf 13' lang='lat' dir='ltr'><strong>vestes,etc.ibluuns.,</strong></span> <span class='ocrx_word' id='word_1_317' title='bbox 1234 2812 1283 2864; x_wconf 89' lang='lat' dir='ltr'><strong>p.</strong></span> <span class='ocrx_word' id='word_1_318' title='bbox 1315 2794 1404 2858; x_wconf 85' lang='lat' dir='ltr'><strong>9i,</strong></span> <span class='ocrx_word' id='word_1_319' title='bbox 1431 2792 1795 2862; x_wconf 78' lang='lat' dir='ltr'><strong>seq.—-Acuta</strong></span> <span class='ocrx_word' id='word_1_320' title='bbox 1822 2796 2039 2866; x_wconf 88' lang='lat' dir='ltr'><strong>quidem</strong></span> <span class='ocrx_word' id='word_1_321' title='bbox 2071 2795 2247 2850; x_wconf 86' lang='lat' dir='ltr'><strong>Meur-</strong></span> 
     </span>
    </p>
   </div>
   <div class='ocr_carea' id='block_1_47' title="bbox 658 2864 2248 2935">
    <p class='ocr_par' dir='ltr' id='par_1_47' title="bbox 658 2864 2248 2935">
     <span class='ocr_line' id='line_1_47' title="bbox 658 2864 2248 2935; baseline 0 -16"><span class='ocrx_word' id='word_1_322' title='bbox 658 2867 721 2919; x_wconf 79' lang='lat' dir='ltr'><strong>sii</strong></span> <span class='ocrx_word' id='word_1_323' title='bbox 741 2865 1029 2919; x_wconf 83' lang='lat' dir='ltr'><strong>correctio.</strong></span> <span class='ocrx_word' id='word_1_324' title='bbox 1052 2864 1159 2918; x_wconf 81' lang='lat' dir='ltr'><strong>Nec</strong></span> <span class='ocrx_word' id='word_1_325' title='bbox 1178 2875 1354 2920; x_wconf 90' lang='lat' dir='ltr'><strong>tamen</strong></span> <span class='ocrx_word' id='word_1_326' title='bbox 1382 2866 1555 2921; x_wconf 88' lang='lat' dir='ltr'><strong>ausim</strong></span> <span class='ocrx_word' id='word_1_327' title='bbox 1577 2867 1825 2935; x_wconf 88' lang='lat' dir='ltr'><strong>equidem</strong></span> <span class='ocrx_word' id='word_1_328' title='bbox 1842 2864 2248 2920; x_wconf 84' lang='lat' dir='ltr'><strong>inutarelectlo—</strong></span> 
     </span>
    </p>
   </div>
   <div class='ocr_carea' id='block_1_48' title="bbox 661 2937 2245 3008">
    <p class='ocr_par' dir='ltr' id='par_1_48' title="bbox 661 2937 2245 3008">
     <span class='ocr_line' id='line_1_48' title="bbox 661 2937 2245 3008; baseline 0.001 -19"><span class='ocrx_word' id='word_1_329' title='bbox 661 2951 783 2991; x_wconf 88' lang='lat' dir='ltr'><strong>nem</strong></span> <span class='ocrx_word' id='word_1_330' title='bbox 806 2937 1071 3008; x_wconf 79' lang='lat' dir='ltr'><strong>vulgatam</strong></span> <span class='ocrx_word' id='word_1_331' title='bbox 1100 2952 1112 3008; x_wconf 71' lang='grc' dir='ltr'>ξ</span> <span class='ocrx_word' id='word_1_332' title='bbox 1144 2951 1267 2989; x_wconf 87' lang='lat' dir='ltr'><strong>nam</strong></span> <span class='ocrx_word' id='word_1_333' title='bbox 1288 2937 1361 2990; x_wconf 90' lang='lat' dir='ltr'><strong>dii</strong></span> <span class='ocrx_word' id='word_1_334' title='bbox 1384 2950 1556 2992; x_wconf 67' lang='lat' dir='ltr'><strong>nauta</strong></span> <span class='ocrx_word' id='word_1_335' title='bbox 1572 2938 1674 2992; x_wconf 85' lang='lat' dir='ltr'><strong>dici</strong></span> <span class='ocrx_word' id='word_1_336' title='bbox 1706 2948 1933 3008; x_wconf 87' lang='lat' dir='ltr'><strong>possunt</strong></span> <span class='ocrx_word' id='word_1_337' title='bbox 1964 2946 2245 2991; x_wconf 88' lang='lat' dir='ltr'><strong>nautarum</strong></span> 
     </span>
    </p>
   </div>
   <div class='ocr_carea' id='block_1_49' title="bbox 662 3006 2251 3076">
    <p class='ocr_par' dir='ltr' id='par_1_49' title="bbox 662 3006 2251 3076">
     <span class='ocr_line' id='line_1_49' title="bbox 662 3006 2251 3076; baseline 0.002 -16"><span class='ocrx_word' id='word_1_338' title='bbox 662 3006 940 3076; x_wconf 70' lang='lat' dir='ltr'><strong>praesides,</strong></span> <span class='ocrx_word' id='word_1_339' title='bbox 971 3007 1148 3061; x_wconf 88' lang='lat' dir='ltr'><strong>nautis</strong></span> <span class='ocrx_word' id='word_1_340' title='bbox 1168 3008 1515 3076; x_wconf 87' lang='lat' dir='ltr'><strong>opitulantes,</strong></span> <span class='ocrx_word' id='word_1_341' title='bbox 1542 3009 1691 3064; x_wconf 85' lang='lat' dir='ltr'><strong>verbi</strong></span> <span class='ocrx_word' id='word_1_342' title='bbox 1709 3006 1882 3063; x_wconf 78' lang='lat' dir='ltr'><strong>causa</strong></span> <span class='ocrx_word' id='word_1_343' title='bbox 1915 3008 2162 3063; x_wconf 87' lang='lat' dir='ltr'><strong>Dioscuri</strong></span> <span class='ocrx_word' id='word_1_344' title='bbox 2195 3015 2251 3063; x_wconf 89' lang='lat' dir='ltr'><strong>et</strong></span> 
     </span>
    </p>
   </div>
   <div class='ocr_carea' id='block_1_50' title="bbox 660 3053 2327 3148">
    <p class='ocr_par' dir='ltr' id='par_1_50' title="bbox 660 3053 2327 3148">
     <span class='ocr_line' id='line_1_50' title="bbox 660 3053 2327 3148; baseline 0.001 -16"><span class='ocrx_word' id='word_1_345' title='bbox 660 3053 1008 3148; x_wconf 62' lang='lat' dir='ltr'><strong>f’ortumuiis,</strong></span> <span class='ocrx_word' id='word_1_346' title='bbox 1057 3076 1126 3131; x_wconf 88' lang='lat' dir='ltr'><strong>de</strong></span> <span class='ocrx_word' id='word_1_347' title='bbox 1171 3053 1279 3148; x_wconf 68' lang='grc' dir='ltr'><strong>(ιῧο</strong></span> <span class='ocrx_word' id='word_1_348' title='bbox 1333 3053 1601 3134; x_wconf 75' lang='lat' dir='ltr'><strong>Arnobius</strong></span> <span class='ocrx_word' id='word_1_349' title='bbox 1644 3053 1812 3147; x_wconf 71' lang='lat' dir='ltr'><strong>infra,</strong></span> <span class='ocrx_word' id='word_1_350' title='bbox 1841 3095 1889 3134; x_wconf 93' lang='lat' dir='ltr'><strong>c.</strong></span> <span class='ocrx_word' id='word_1_351' title='bbox 1923 3079 2013 3134; x_wconf 77' lang='lat'><strong>‘23.</strong></span> <span class='ocrx_word' id='word_1_352' title='bbox 2043 3078 2247 3134; x_wconf 75' lang='lat' dir='ltr'><strong>ORELL.</strong></span> <span class='ocrx_word' id='word_1_353' title='bbox 2281 3053 2327 3118; x_wconf 67' lang='grc' dir='ltr'>Ο</span> 
     </span>
    </p>
   </div>
   <div class='ocr_carea' id='block_1_51' title="bbox 738 3147 2258 3217">
    <p class='ocr_par' dir='ltr' id='par_1_51' title="bbox 738 3147 2258 3217">
     <span class='ocr_line' id='line_1_51' title="bbox 738 3147 2258 3217; baseline 0.003 -17"><span class='ocrx_word' id='word_1_354' title='bbox 738 3147 823 3215; x_wconf 80' lang='lat' dir='ltr'><strong>Et,</strong></span> <span class='ocrx_word' id='word_1_355' title='bbox 858 3148 993 3217; x_wconf 89' lang='lat' dir='ltr'><strong>quod</strong></span> <span class='ocrx_word' id='word_1_356' title='bbox 1019 3160 1302 3216; x_wconf 83' lang='lat' dir='ltr'><strong>supererat,</strong></span> <span class='ocrx_word' id='word_1_357' title='bbox 1326 3151 1566 3203; x_wconf 89' lang='lat' dir='ltr'><strong>rusticos.</strong></span> <span class='ocrx_word' id='word_1_358' title='bbox 1592 3148 1669 3204; x_wconf 87' lang='lat' dir='ltr'><strong>Ita</strong></span> <span class='ocrx_word' id='word_1_359' title='bbox 1714 3150 1947 3205; x_wconf 83' lang='lat' dir='ltr'><strong>restituit</strong></span> <span class='ocrx_word' id='word_1_360' title='bbox 1970 3149 2091 3204; x_wconf 80' lang='lat' dir='ltr'><strong>Jan.</strong></span> <span class='ocrx_word' id='word_1_361' title='bbox 2125 3149 2258 3204; x_wconf 90' lang='lat' dir='ltr'><strong>Gui-</strong></span> 
     </span>
    </p>
   </div>
   <div class='ocr_carea' id='block_1_52' title="bbox 663 3219 2261 3287">
    <p class='ocr_par' dir='ltr' id='par_1_52' title="bbox 663 3219 2261 3287">
     <span class='ocr_line' id='line_1_52' title="bbox 663 3219 2261 3287; baseline 0.003 -16"><span class='ocrx_word' id='word_1_362' title='bbox 663 3220 881 3274; x_wconf 87' lang='lat' dir='ltr'><strong>lielmus</strong></span> <span class='ocrx_word' id='word_1_363' title='bbox 909 3221 958 3271; x_wconf 92' lang='lat' dir='ltr'><strong>in</strong></span> <span class='ocrx_word' id='word_1_364' title='bbox 989 3219 1192 3283; x_wconf 69' lang='lat' dir='ltr'><strong>Quaast.</strong></span> <span class='ocrx_word' id='word_1_365' title='bbox 1234 3221 1301 3274; x_wconf 91' lang='lat' dir='ltr'><strong>ad</strong></span> <span class='ocrx_word' id='word_1_366' title='bbox 1359 3221 1529 3274; x_wconf 80' lang='lat' dir='ltr'><strong>l’lauti</strong></span> <span class='ocrx_word' id='word_1_367' title='bbox 1557 3221 1803 3287; x_wconf 82' lang='lat' dir='ltr'><strong>Curcul.,</strong></span> <span class='ocrx_word' id='word_1_368' title='bbox 1832 3237 1881 3275; x_wconf 90' lang='lat' dir='ltr'><strong>c.</strong></span> <span class='ocrx_word' id='word_1_369' title='bbox 1912 3237 1964 3277; x_wconf 90' lang='lat' dir='ltr'><strong>tv</strong></span> <span class='ocrx_word' id='word_1_370' title='bbox 1992 3223 2070 3286; x_wconf 90' lang='lat' dir='ltr'><strong>(in</strong></span> <span class='ocrx_word' id='word_1_371' title='bbox 2103 3220 2261 3276; x_wconf 81' lang='lat' dir='ltr'><strong>Lam-</strong></span> 
     </span>
    </p>
   </div>
   <div class='ocr_carea' id='block_1_53' title="bbox 665 3288 2258 3364">
    <p class='ocr_par' dir='ltr' id='par_1_53' title="bbox 665 3288 2258 3364">
     <span class='ocr_line' id='line_1_53' title="bbox 665 3288 2258 3364; baseline 0.004 -23"><span class='ocrx_word' id='word_1_372' title='bbox 665 3289 800 3364; x_wconf 86' lang='lat' dir='ltr'><strong>pade</strong></span> <span class='ocrx_word' id='word_1_373' title='bbox 853 3288 1259 3364; x_wconf 19' lang='lat' dir='ltr'><strong>CArit._Gr‘uteri,</strong></span> <span class='ocrx_word' id='word_1_374' title='bbox 1293 3299 1331 3344; x_wconf 91' lang='lat' dir='ltr'><strong>t.</strong></span> <span class='ocrx_word' id='word_1_375' title='bbox 1379 3307 1485 3364; x_wconf 19' lang='lat' dir='ltr'><strong>in,»</strong></span> <span class='ocrx_word' id='word_1_376' title='bbox 1514 3301 1654 3360; x_wconf 84' lang='lat' dir='ltr'><strong>part.</strong></span> <span class='ocrx_word' id='word_1_377' title='bbox 1699 3308 1756 3358; x_wconf 86' lang='lat' dir='ltr'><strong>ll,</strong></span> <span class='ocrx_word' id='word_1_378' title='bbox 1786 3308 1907 3364; x_wconf 89' lang='lat' dir='ltr'><strong>pag.</strong></span> <span class='ocrx_word' id='word_1_379' title='bbox 1938 3293 2092 3362; x_wconf 77' lang='grc'><strong>565).</strong></span> <span class='ocrx_word' id='word_1_380' title='bbox 2119 3292 2258 3364; x_wconf 69' lang='lat' dir='ltr'><strong>Nam</strong></span> 
     </span>
    </p>
   </div>
   <div class='ocr_carea' id='block_1_54' title="bbox 661 3360 2261 3433">
    <p class='ocr_par' dir='ltr' id='par_1_54' title="bbox 661 3360 2261 3433">
     <span class='ocr_line' id='line_1_54' title="bbox 661 3360 2261 3433; baseline 0.004 -20"><span class='ocrx_word' id='word_1_381' title='bbox 661 3360 839 3415; x_wconf 92' lang='lat' dir='ltr'><strong>solent</strong></span> <span class='ocrx_word' id='word_1_382' title='bbox 893 3361 960 3413; x_wconf 89' lang='lat' dir='ltr'><strong>ita</strong></span> <span class='ocrx_word' id='word_1_383' title='bbox 993 3360 1191 3426; x_wconf 83' lang='lat' dir='ltr'><strong>Latini,</strong></span> <span class='ocrx_word' id='word_1_384' title='bbox 1224 3376 1345 3416; x_wconf 89' lang='lat' dir='ltr'><strong>cum</strong></span> <span class='ocrx_word' id='word_1_385' title='bbox 1400 3362 1615 3433; x_wconf 79' lang='lat' dir='ltr'><strong>indigne</strong></span> <span class='ocrx_word' id='word_1_386' title='bbox 1659 3360 1948 3418; x_wconf 52' lang='lat' dir='ltr'><strong>commissa</strong></span> <span class='ocrx_word' id='word_1_387' title='bbox 1980 3360 2261 3433; x_wconf 86' lang='lat' dir='ltr'><strong>abalian</strong></span> 
     </span>
    </p>
   </div>
   <div class='ocr_carea' id='block_1_55' title="bbox 664 3434 2262 3504">
    <p class='ocr_par' dir='ltr' id='par_1_55' title="bbox 664 3434 2262 3504">
     <span class='ocr_line' id='line_1_55' title="bbox 664 3434 2262 3504; baseline 0.003 -20"><span class='ocrx_word' id='word_1_388' title='bbox 664 3434 827 3485; x_wconf 92' lang='lat' dir='ltr'><strong>multa</strong></span> <span class='ocrx_word' id='word_1_389' title='bbox 878 3435 1450 3504; x_wconf 83' lang='lat' dir='ltr'><strong>comntemoraverint,</strong></span> <span class='ocrx_word' id='word_1_390' title='bbox 1481 3444 1759 3504; x_wconf 85' lang='lat' dir='ltr'><strong>postremo</strong></span> <span class='ocrx_word' id='word_1_391' title='bbox 1789 3435 2046 3504; x_wconf 84' lang='lat' dir='ltr'><strong>adjicere,</strong></span> <span class='ocrx_word' id='word_1_392' title='bbox 2069 3449 2262 3504; x_wconf 87' lang='lat' dir='ltr'><strong>super-</strong></span> 
     </span>
    </p>
   </div>
   <div class='ocr_carea' id='block_1_56' title="bbox 663 3501 2264 3575">
    <p class='ocr_par' dir='ltr' id='par_1_56' title="bbox 663 3501 2264 3575">
     <span class='ocr_line' id='line_1_56' title="bbox 663 3501 2264 3575; baseline 0.004 -20"><span class='ocrx_word' id='word_1_393' title='bbox 663 3517 805 3567; x_wconf 88' lang='lat' dir='ltr'><strong>esse,</strong></span> <span class='ocrx_word' id='word_1_394' title='bbox 848 3510 905 3575; x_wconf 85' lang='lat' dir='ltr'><strong>ut</strong></span> <span class='ocrx_word' id='word_1_395' title='bbox 937 3501 1036 3555; x_wconf 90' lang='lat' dir='ltr'><strong>hoc</strong></span> <span class='ocrx_word' id='word_1_396' title='bbox 1090 3512 1182 3575; x_wconf 83' lang='lat' dir='ltr'><strong>aut</strong></span> <span class='ocrx_word' id='word_1_397' title='bbox 1227 3504 1358 3558; x_wconf 89' lang='lat' dir='ltr'><strong>illud</strong></span> <span class='ocrx_word' id='word_1_398' title='bbox 1409 3501 1669 3575; x_wconf 67' lang='lat' dir='ltr'><strong>praeterea</strong></span> <span class='ocrx_word' id='word_1_399' title='bbox 1713 3506 1764 3560; x_wconf 92' lang='lat' dir='ltr'><strong>in</strong></span> <span class='ocrx_word' id='word_1_400' title='bbox 1796 3501 1869 3561; x_wconf 53' lang='lat' dir='ltr'><strong>se&#39;</strong></span> <span class='ocrx_word' id='word_1_401' title='bbox 1901 3501 2167 3559; x_wconf 73' lang='lat' dir='ltr'><strong>admittai.</strong></span> <span class='ocrx_word' id='word_1_402' title='bbox 2195 3505 2264 3562; x_wconf 88' lang='lat' dir='ltr'><strong>Et</strong></span> 
     </span>
    </p>
   </div>
   <div class='ocr_carea' id='block_1_57' title="bbox 663 3573 2264 3648">
    <p class='ocr_par' dir='ltr' id='par_1_57' title="bbox 663 3573 2264 3648">
     <span class='ocr_line' id='line_1_57' title="bbox 663 3573 2264 3648; baseline 0.006 -23"><span class='ocrx_word' id='word_1_403' title='bbox 663 3588 847 3648; x_wconf 64' lang='lat' dir='ltr'><strong>veram</strong></span> <span class='ocrx_word' id='word_1_404' title='bbox 882 3573 1019 3626; x_wconf 86' lang='lat' dir='ltr'><strong>hanc</strong></span> <span class='ocrx_word' id='word_1_405' title='bbox 1041 3573 1426 3648; x_wconf 74' lang='lat' dir='ltr'><strong>conjecturam</strong></span> <span class='ocrx_word' id='word_1_406' title='bbox 1457 3591 1577 3632; x_wconf 87' lang='lat' dir='ltr'><strong>esse</strong></span> <span class='ocrx_word' id='word_1_407' title='bbox 1618 3586 1837 3648; x_wconf 66' lang='lat' dir='ltr'><strong>praestat</strong></span> <span class='ocrx_word' id='word_1_408' title='bbox 1860 3575 2037 3633; x_wconf 80' lang='lat' dir='ltr'><strong>codex</strong></span> <span class='ocrx_word' id='word_1_409' title='bbox 2079 3591 2179 3630; x_wconf 90' lang='lat' dir='ltr'><strong>ms.</strong></span> <span class='ocrx_word' id='word_1_410' title='bbox 2208 3588 2264 3634; x_wconf 87' lang='lat' dir='ltr'><strong>et</strong></span> 
     </span>
    </p>
   </div>
   <div class='ocr_carea' id='block_1_58' title="bbox 667 3643 1409 3715">
    <p class='ocr_par' dir='ltr' id='par_1_58' title="bbox 667 3643 1409 3715">
     <span class='ocr_line' id='line_1_58' title="bbox 667 3643 1409 3715; baseline 0.001 -16"><span class='ocrx_word' id='word_1_411' title='bbox 667 3643 1138 3715; x_wconf 86' lang='lat' dir='ltr'><strong>Virgiliomastigis</strong></span> <span class='ocrx_word' id='word_1_412' title='bbox 1170 3659 1361 3700; x_wconf 84' lang='lat' dir='ltr'><strong>versus</strong></span> <span class='ocrx_word' id='word_1_413' title='bbox 1395 3663 1409 3700; x_wconf 90' lang='lat'><strong>:</strong></span> 
     </span>
    </p>
   </div>
   <div class='ocr_carea' id='block_1_59' title="bbox 755 3753 1923 3825">
    <p class='ocr_par' dir='ltr' id='par_1_59' title="bbox 755 3753 1923 3825">
     <span class='ocr_line' id='line_1_59' title="bbox 755 3753 1923 3825; baseline 0.003 -15"><span class='ocrx_word' id='word_1_414' title='bbox 755 3758 952 3811; x_wconf 84' lang='lat' dir='ltr'><strong>Hordea</strong></span> <span class='ocrx_word' id='word_1_415' title='bbox 970 3760 1054 3823; x_wconf 89' lang='lat' dir='ltr'><strong>qui</strong></span> <span class='ocrx_word' id='word_1_416' title='bbox 1072 3759 1216 3824; x_wconf 80' lang='lat' dir='ltr'><strong>dixit,</strong></span> <span class='ocrx_word' id='word_1_417' title='bbox 1236 3769 1487 3825; x_wconf 87' lang='lat' dir='ltr'><strong>superest,</strong></span> <span class='ocrx_word' id='word_1_418' title='bbox 1513 3770 1568 3812; x_wconf 91' lang='lat' dir='ltr'><strong>ut</strong></span> <span class='ocrx_word' id='word_1_419' title='bbox 1584 3762 1749 3814; x_wconf 86' lang='lat' dir='ltr'><strong>tritica</strong></span> <span class='ocrx_word' id='word_1_420' title='bbox 1771 3753 1923 3815; x_wconf 78' lang='lat' dir='ltr'><strong>dicat.</strong></span> 
     </span>
    </p>
   </div>
   <div class='ocr_carea' id='block_1_60' title="bbox 1898 3848 2150 3900">
    <p class='ocr_par' dir='ltr' id='par_1_60' title="bbox 1898 3848 2150 3900">
     <span class='ocr_line' id='line_1_60' title="bbox 1898 3848 2150 3900; baseline -0.012 -1"><span class='ocrx_word' id='word_1_421' title='bbox 1898 3848 2150 3900; x_wconf 73' lang='lat' dir='ltr'><strong>Snwacn.</strong></span> 
     </span>
    </p>
   </div>
   <div class='ocr_carea' id='block_1_61' title="bbox 669 3934 1801 4007">
    <p class='ocr_par' dir='ltr' id='par_1_61' title="bbox 669 3934 1801 4007">
     <span class='ocr_line' id='line_1_61' title="bbox 669 3934 1801 4007; baseline 0.003 -17"><span class='ocrx_word' id='word_1_422' title='bbox 669 3935 772 4007; x_wconf 77' lang='lat' dir='ltr'><strong>Alii</strong></span> <span class='ocrx_word' id='word_1_423' title='bbox 804 3953 817 3988; x_wconf 90' lang='lat'><strong>:</strong></span> <span class='ocrx_word' id='word_1_424' title='bbox 846 3934 910 3989; x_wconf 85' lang='lat' dir='ltr'><strong>Et</strong></span> <span class='ocrx_word' id='word_1_425' title='bbox 930 3936 1066 4007; x_wconf 85' lang='lat' dir='ltr'><strong>quod</strong></span> <span class='ocrx_word' id='word_1_426' title='bbox 1092 3946 1301 4007; x_wconf 85' lang='lat' dir='ltr'><strong>superat</strong></span> <span class='ocrx_word' id='word_1_427' title='bbox 1329 3938 1568 3994; x_wconf 78' lang='lat' dir='ltr'><strong>rusticos.</strong></span> <span class='ocrx_word' id='word_1_428' title='bbox 1596 3938 1801 3996; x_wconf 77' lang='lat' dir='ltr'><strong>ORELL.</strong></span> 
     </span>
    </p>
   </div>
   <div class='ocr_carea' id='block_1_62' title="bbox 745 4006 2266 4084">
    <p class='ocr_par' dir='ltr' id='par_1_62' title="bbox 745 4006 2266 4084">
     <span class='ocr_line' id='line_1_62' title="bbox 745 4006 2266 4084; baseline 0.006 -26"><span class='ocrx_word' id='word_1_429' title='bbox 745 4006 977 4084; x_wconf 62' lang='lat' dir='ltr'><strong>Divinas.</strong></span> <span class='ocrx_word' id='word_1_430' title='bbox 1032 4006 1240 4084; x_wconf 71' lang='lat' dir='ltr'><strong>GloSsae</strong></span> <span class='ocrx_word' id='word_1_431' title='bbox 1270 4027 1283 4061; x_wconf 91' lang='lat'><strong>:</strong></span> <span class='ocrx_word' id='word_1_432' title='bbox 1314 4008 1783 4084; x_wconf 65' lang='lat' dir='ltr'><strong>Divinus,__pa&#39;w-r¢e.</strong></span> <span class='ocrx_word' id='word_1_433' title='bbox 1843 4012 1920 4084; x_wconf 84' lang='lat' dir='ltr'><strong>Ita</strong></span> <span class='ocrx_word' id='word_1_434' title='bbox 1966 4012 2159 4068; x_wconf 81' lang='lat' dir='ltr'><strong>Cicero</strong></span> <span class='ocrx_word' id='word_1_435' title='bbox 2195 4012 2266 4067; x_wconf 93' lang='lat' dir='ltr'><strong>de</strong></span> 
     </span>
    </p>
   </div>
   <div class='ocr_carea' id='block_1_63' title="bbox 643 4077 2266 4151">
    <p class='ocr_par' dir='ltr' id='par_1_63' title="bbox 643 4077 2266 4151">
     <span class='ocr_line' id='line_1_63' title="bbox 643 4077 2266 4151; baseline 0.004 -20"><span class='ocrx_word' id='word_1_436' title='bbox 643 4077 805 4131; x_wconf 74' lang='lat' dir='ltr'><strong>‘Falo</strong></span> <span class='ocrx_word' id='word_1_437' title='bbox 838 4094 852 4130; x_wconf 88' lang='lat'><strong>:</strong></span> <span class='ocrx_word' id='word_1_438' title='bbox 882 4077 1203 4151; x_wconf 77' lang='lat' dir='ltr'><strong>Chrysippus</strong></span> <span class='ocrx_word' id='word_1_439' title='bbox 1231 4090 1452 4136; x_wconf 65' lang='lat' dir='ltr'><strong>aestuans</strong></span> <span class='ocrx_word' id='word_1_440' title='bbox 1484 4077 1601 4151; x_wconf 77' lang='lat' dir='ltr'><strong>falli</strong></span> <span class='ocrx_word' id='word_1_441' title='bbox 1655 4094 1827 4150; x_wconf 80' lang='lat' dir='ltr'><strong>sperat</strong></span> <span class='ocrx_word' id='word_1_442' title='bbox 1856 4082 2129 4140; x_wconf 65' lang='lat' dir='ltr'><strong>Chaldaeos</strong></span> <span class='ocrx_word' id='word_1_443' title='bbox 2163 4098 2266 4138; x_wconf 76' lang='lat' dir='ltr'><strong>ca:-</strong></span> 
     </span>
    </p>
   </div>
   <div class='ocr_carea' id='block_1_64' title="bbox 669 4150 2260 4226">
    <p class='ocr_par' dir='ltr' id='par_1_64' title="bbox 669 4150 2260 4226">
     <span class='ocr_line' id='line_1_64' title="bbox 669 4150 2260 4226; baseline 0.005 -26"><span class='ocrx_word' id='word_1_444' title='bbox 669 4159 900 4226; x_wconf 55' lang='lat' dir='ltr'><strong>tei‘osque</strong></span> <span class='ocrx_word' id='word_1_445' title='bbox 938 4150 1158 4226; x_wconf 70' lang='lat' dir='ltr'><strong>divinos.</strong></span> <span class='ocrx_word' id='word_1_446' title='bbox 1191 4150 1550 4226; x_wconf 50' lang='lat' dir='ltr'><strong>ELIENn._4—</strong></span> <span class='ocrx_word' id='word_1_447' title='bbox 1577 4153 1866 4226; x_wconf 86' lang='lat' dir='ltr'><strong>Notissima</strong></span> <span class='ocrx_word' id='word_1_448' title='bbox 1917 4155 2260 4226; x_wconf 73' lang='lat' dir='ltr'><strong>significatio.</strong></span> 
     </span>
    </p>
   </div>
   <div class='ocr_carea' id='block_1_65' title="bbox 674 4219 2262 4298">
    <p class='ocr_par' dir='ltr' id='par_1_65' title="bbox 674 4219 2262 4298">
     <span class='ocr_line' id='line_1_65' title="bbox 674 4219 2262 4298; baseline 0.006 -26"><span class='ocrx_word' id='word_1_449' title='bbox 674 4219 807 4298; x_wconf 75' lang='lat' dir='ltr'><strong>Vide</strong></span> <span class='ocrx_word' id='word_1_450' title='bbox 860 4231 1036 4275; x_wconf 91' lang='lat' dir='ltr'><strong>tamen</strong></span> <span class='ocrx_word' id='word_1_451' title='bbox 1090 4220 1292 4298; x_wconf 69' lang='lat' dir='ltr'><strong>Graev.,</strong></span> <span class='ocrx_word' id='word_1_452' title='bbox 1335 4224 1403 4278; x_wconf 89' lang='lat' dir='ltr'><strong>ad</strong></span> <span class='ocrx_word' id='word_1_453' title='bbox 1431 4222 1545 4279; x_wconf 88' lang='lat' dir='ltr'><strong>Cic.</strong></span> <span class='ocrx_word' id='word_1_454' title='bbox 1586 4224 1662 4298; x_wconf 79' lang='lat' dir='ltr'><strong>ad</strong></span> <span class='ocrx_word' id='word_1_455' title='bbox 1694 4226 1882 4298; x_wconf 84' lang='lat' dir='ltr'><strong>Attic.,</strong></span> <span class='ocrx_word' id='word_1_456' title='bbox 1916 4219 2043 4292; x_wconf 60' lang='lat' dir='ltr'><strong>l.&#39;x,</strong></span> <span class='ocrx_word' id='word_1_457' title='bbox 2070 4243 2157 4298; x_wconf 88' lang='lat' dir='ltr'><strong>ep.</strong></span> <span class='ocrx_word' id='word_1_458' title='bbox 2182 4240 2262 4293; x_wconf 85' lang='lat' dir='ltr'><strong>tv,</strong></span> 
     </span>
    </p>
   </div>
   <div class='ocr_carea' id='block_1_66' title="bbox 671 4291 2078 4365">
    <p class='ocr_par' dir='ltr' id='par_1_66' title="bbox 671 4291 2078 4365">
     <span class='ocr_line' id='line_1_66' title="bbox 671 4291 2078 4365; baseline 0.005 -20"><span class='ocrx_word' id='word_1_459' title='bbox 671 4301 725 4345; x_wconf 90' lang='lat' dir='ltr'><strong>et</strong></span> <span class='ocrx_word' id='word_1_460' title='bbox 755 4291 1114 4365; x_wconf 64' lang='lat' dir='ltr'><strong>Dunemanu.,</strong></span> <span class='ocrx_word' id='word_1_461' title='bbox 1138 4293 1204 4365; x_wconf 84' lang='lat' dir='ltr'><strong>ad</strong></span> <span class='ocrx_word' id='word_1_462' title='bbox 1228 4292 1403 4362; x_wconf 90' lang='lat' dir='ltr'><strong>Lact.,</strong></span> <span class='ocrx_word' id='word_1_463' title='bbox 1431 4310 1469 4361; x_wconf 89' lang='grc' dir='ltr'>ι,</span> <span class='ocrx_word' id='word_1_464' title='bbox 1500 4310 1548 4350; x_wconf 92' lang='lat' dir='ltr'><strong>c.</strong></span> <span class='ocrx_word' id='word_1_465' title='bbox 1576 4297 1662 4358; x_wconf 78' lang='grc' dir='ltr'><strong>Η.</strong></span> <span class='ocrx_word' id='word_1_466' title='bbox 1691 4312 1741 4365; x_wconf 83' lang='lat' dir='ltr'><strong>p.</strong></span> <span class='ocrx_word' id='word_1_467' title='bbox 1763 4296 1852 4351; x_wconf 76' lang='grc' dir='ltr'><strong>δι.</strong></span> <span class='ocrx_word' id='word_1_468' title='bbox 1877 4291 2078 4353; x_wconf 61' lang='lat' dir='ltr'><strong>Onam.</strong></span> 
     </span>
    </p>
   </div>
   <div class='ocr_carea' id='block_1_67' title="bbox 744 4360 2264 4440">
    <p class='ocr_par' dir='ltr' id='par_1_67' title="bbox 744 4360 2264 4440">
     <span class='ocr_line' id='line_1_67' title="bbox 744 4360 2264 4440; baseline 0.007 -27"><span class='ocrx_word' id='word_1_469' title='bbox 744 4360 925 4440; x_wconf 47' lang='lat' dir='ltr'><strong>timeri</strong></span> <span class='ocrx_word' id='word_1_470' title='bbox 968 4364 1104 4440; x_wconf 74' lang='lat' dir='ltr'><strong>enim</strong></span> <span class='ocrx_word' id='word_1_471' title='bbox 1132 4363 1206 4416; x_wconf 90' lang='lat' dir='ltr'><strong>dii</strong></span> <span class='ocrx_word' id='word_1_472' title='bbox 1245 4380 1347 4440; x_wconf 77' lang='lat' dir='ltr'><strong>non</strong></span> <span class='ocrx_word' id='word_1_473' title='bbox 1374 4360 1829 4440; x_wconf 58' lang='lat' dir='ltr'><strong>sunt,et_ventura</strong></span> <span class='ocrx_word' id='word_1_474' title='bbox 1874 4369 2152 4440; x_wconf 62' lang='lat' dir='ltr'><strong>praedicere</strong></span> <span class='ocrx_word' id='word_1_475' title='bbox 2178 4371 2264 4440; x_wconf 84' lang='lat' dir='ltr'><strong>in-</strong></span> 
     </span>
    </p>
   </div>
   <div class='ocr_carea' id='block_1_68' title="bbox 673 4431 2264 4506">
    <p class='ocr_par' dir='ltr' id='par_1_68' title="bbox 673 4431 2264 4506">
     <span class='ocr_line' id='line_1_68' title="bbox 673 4431 2264 4506; baseline 0.007 -23"><span class='ocrx_word' id='word_1_476' title='bbox 673 4431 820 4484; x_wconf 86' lang='lat' dir='ltr'><strong>scitia</strong></span> <span class='ocrx_word' id='word_1_477' title='bbox 842 4433 1071 4506; x_wconf 85' lang='lat' dir='ltr'><strong>nesciunt</strong></span> <span class='ocrx_word' id='word_1_478' title='bbox 1092 4444 1242 4506; x_wconf 80' lang='lat' dir='ltr'><strong>atque</strong></span> <span class='ocrx_word' id='word_1_479' title='bbox 1276 4436 1568 4505; x_wconf 83' lang='lat' dir='ltr'><strong>ignorantia</strong></span> <span class='ocrx_word' id='word_1_480' title='bbox 1590 4431 1897 4506; x_wconf 42' lang='lat' dir='ltr'><strong>futurorum:</strong></span> <span class='ocrx_word' id='word_1_481' title='bbox 1922 4440 2076 4495; x_wconf 87' lang='lat' dir='ltr'><strong>Fulv.</strong></span> <span class='ocrx_word' id='word_1_482' title='bbox 2112 4439 2264 4496; x_wconf 85' lang='lat' dir='ltr'><strong>Ursi-</strong></span> 
     </span>
    </p>
   </div>
   <div class='ocr_carea' id='block_1_69' title="bbox 675 4504 2254 4572">
    <p class='ocr_par' dir='ltr' id='par_1_69' title="bbox 675 4504 2254 4572">
     <span class='ocr_line' id='line_1_69' title="bbox 675 4504 2254 4572; baseline 0.007 -17"><span class='ocrx_word' id='word_1_483' title='bbox 675 4516 778 4555; x_wconf 86' lang='lat' dir='ltr'><strong>nus</strong></span> <span class='ocrx_word' id='word_1_484' title='bbox 803 4504 947 4572; x_wconf 87' lang='lat' dir='ltr'><strong>conj.</strong></span> <span class='ocrx_word' id='word_1_485' title='bbox 985 4504 1153 4557; x_wconf 62' lang='lat' dir='ltr'><strong>ca&#39;teri</strong></span> <span class='ocrx_word' id='word_1_486' title='bbox 1188 4504 1319 4558; x_wconf 82' lang='lat' dir='ltr'><strong>enim</strong></span> <span class='ocrx_word' id='word_1_487' title='bbox 1368 4507 1526 4561; x_wconf 80' lang='lat' dir='ltr'><strong>divini</strong></span> <span class='ocrx_word' id='word_1_488' title='bbox 1569 4504 1669 4561; x_wconf 82' lang='lat' dir='ltr'><strong>non</strong></span> <span class='ocrx_word' id='word_1_489' title='bbox 1710 4521 1847 4566; x_wconf 83' lang='lat' dir='ltr'><strong>sunt.</strong></span> <span class='ocrx_word' id='word_1_490' title='bbox 1878 4511 1949 4565; x_wconf 87' lang='lat' dir='ltr'><strong>At</strong></span> <span class='ocrx_word' id='word_1_491' title='bbox 1978 4511 2109 4566; x_wconf 86' lang='lat' dir='ltr'><strong>nihil</strong></span> <span class='ocrx_word' id='word_1_492' title='bbox 2136 4528 2254 4566; x_wconf 86' lang='lat' dir='ltr'><strong>ntu-</strong></span> 
     </span>
    </p>
   </div>
   <div class='ocr_carea' id='block_1_70' title="bbox 675 4572 2252 4648">
    <p class='ocr_par' dir='ltr' id='par_1_70' title="bbox 675 4572 2252 4648">
     <span class='ocr_line' id='line_1_70' title="bbox 675 4572 2252 4648; baseline 0.007 -23"><span class='ocrx_word' id='word_1_493' title='bbox 675 4572 894 4648; x_wconf 83' lang='lat' dir='ltr'><strong>tandum</strong></span> <span class='ocrx_word' id='word_1_494' title='bbox 914 4645 926 4648; x_wconf 29' lang='grc' dir='ltr'><strong>Α</strong></span> <span class='ocrx_word' id='word_1_495' title='bbox 945 4576 1215 4630; x_wconf 82' lang='lat' dir='ltr'><strong>existimo.</strong></span> <span class='ocrx_word' id='word_1_496' title='bbox 1244 4574 1377 4630; x_wconf 88' lang='lat' dir='ltr'><strong>Nam</strong></span> <span class='ocrx_word' id='word_1_497' title='bbox 1409 4588 1576 4639; x_wconf 84' lang='lat' dir='ltr'><strong>certe,</strong></span> <span class='ocrx_word' id='word_1_498' title='bbox 1610 4579 1656 4633; x_wconf 89' lang='lat' dir='ltr'><strong>si</strong></span> <span class='ocrx_word' id='word_1_499' title='bbox 1684 4579 1849 4635; x_wconf 84' lang='lat' dir='ltr'><strong>divini</strong></span> <span class='ocrx_word' id='word_1_500' title='bbox 1879 4598 1983 4637; x_wconf 90' lang='lat' dir='ltr'><strong>non</strong></span> <span class='ocrx_word' id='word_1_501' title='bbox 2016 4592 2167 4648; x_wconf 87' lang='lat' dir='ltr'><strong>sunt,</strong></span> <span class='ocrx_word' id='word_1_502' title='bbox 2200 4581 2252 4636; x_wconf 86' lang='lat' dir='ltr'><strong>id</strong></span> 
     </span>
    </p>
   </div>
   <div class='ocr_carea' id='block_1_71' title="bbox 672 4645 2251 4725">
    <p class='ocr_par' dir='ltr' id='par_1_71' title="bbox 672 4645 2251 4725">
     <span class='ocr_line' id='line_1_71' title="bbox 672 4645 2251 4725; baseline 0.007 -28"><span class='ocrx_word' id='word_1_503' title='bbox 672 4653 775 4707; x_wconf 76' lang='lat' dir='ltr'><strong>est,</strong></span> <span class='ocrx_word' id='word_1_504' title='bbox 806 4646 852 4699; x_wconf 90' lang='lat' dir='ltr'><strong>si</strong></span> <span class='ocrx_word' id='word_1_505' title='bbox 904 4645 1075 4700; x_wconf 84' lang='lat' dir='ltr'><strong>futura</strong></span> <span class='ocrx_word' id='word_1_506' title='bbox 1126 4651 1907 4725; x_wconf 56' lang='lat' dir='ltr'><strong>prfenoscereet_pra:dicere</strong></span> <span class='ocrx_word' id='word_1_507' title='bbox 1958 4645 2251 4725; x_wconf 86' lang='lat' dir='ltr'><strong>nequeunt,</strong></span> 
     </span>
    </p>
   </div>
   <div class='ocr_carea' id='block_1_72' title="bbox 676 4718 2254 4791">
    <p class='ocr_par' dir='ltr' id='par_1_72' title="bbox 676 4718 2254 4791">
     <span class='ocr_line' id='line_1_72' title="bbox 676 4718 2254 4791; baseline 0.01 -25"><span class='ocrx_word' id='word_1_508' title='bbox 676 4730 849 4791; x_wconf 77' lang='lat' dir='ltr'><strong>neque</strong></span> <span class='ocrx_word' id='word_1_509' title='bbox 897 4727 1021 4791; x_wconf 81' lang='lat' dir='ltr'><strong>sunt</strong></span> <span class='ocrx_word' id='word_1_510' title='bbox 1049 4718 1395 4791; x_wconf 82' lang='lat' dir='ltr'><strong>existimandi</strong></span> <span class='ocrx_word' id='word_1_511' title='bbox 1444 4719 1539 4773; x_wconf 88' lang='lat' dir='ltr'><strong>dii.</strong></span> <span class='ocrx_word' id='word_1_512' title='bbox 1581 4719 1914 4787; x_wconf 81' lang='lat' dir='ltr'><strong>Lactantius,</strong></span> <span class='ocrx_word' id='word_1_513' title='bbox 1942 4725 1978 4777; x_wconf 91' lang='lat' dir='ltr'><strong>l.</strong></span> <span class='ocrx_word' id='word_1_514' title='bbox 2008 4718 2128 4791; x_wconf 52' lang='lat' dir='ltr'><strong>t,&#39;c.</strong></span> <span class='ocrx_word' id='word_1_515' title='bbox 2164 4718 2254 4781; x_wconf 69' lang='lat' dir='ltr'><strong>Ii:</strong></span> 
     </span>
    </p>
   </div>
   <div class='ocr_carea' id='block_1_73' title="bbox 682 4784 2259 4865">
    <p class='ocr_par' dir='ltr' id='par_1_73' title="bbox 682 4784 2259 4865">
     <span class='ocr_line' id='line_1_73' title="bbox 682 4784 2259 4865; baseline 0.009 -28"><span class='ocrx_word' id='word_1_516' title='bbox 682 4784 913 4865; x_wconf 52' lang='lat' dir='ltr'><strong>Britanni</strong></span> <span class='ocrx_word' id='word_1_517' title='bbox 941 4788 994 4865; x_wconf 81' lang='lat' dir='ltr'><strong>in</strong></span> <span class='ocrx_word' id='word_1_518' title='bbox 1024 4804 1099 4865; x_wconf 31' lang='lat' dir='ltr'><strong>eo‘</strong></span> <span class='ocrx_word' id='word_1_519' title='bbox 1125 4788 1493 4865; x_wconf 74' lang='lat' dir='ltr'><strong>imprudentia,</strong></span> <span class='ocrx_word' id='word_1_520' title='bbox 1525 4807 1627 4865; x_wconf 87' lang='lat' dir='ltr'><strong>non</strong></span> <span class='ocrx_word' id='word_1_521' title='bbox 1673 4791 1771 4846; x_wconf 87' lang='lat' dir='ltr'><strong>Dei</strong></span> <span class='ocrx_word' id='word_1_522' title='bbox 1800 4784 2259 4865; x_wconf 63' lang='lat' dir='ltr'><strong>providentiawui</strong></span> 
     </span>
    </p>
   </div>
   <div class='ocr_carea' id='block_1_74' title="bbox 676 4855 2260 4930">
    <p class='ocr_par' dir='ltr' id='par_1_74' title="bbox 676 4855 2260 4930">
     <span class='ocr_line' id='line_1_74' title="bbox 676 4855 2260 4930; baseline 0.009 -21"><span class='ocrx_word' id='word_1_523' title='bbox 676 4857 775 4930; x_wconf 79' lang='lat' dir='ltr'><strong>nisi</strong></span> <span class='ocrx_word' id='word_1_524' title='bbox 815 4855 1020 4911; x_wconf 82' lang='lat' dir='ltr'><strong>Themis</strong></span> <span class='ocrx_word' id='word_1_525' title='bbox 1073 4861 1249 4928; x_wconf 77' lang='lat' dir='ltr'><strong>futura</strong></span> <span class='ocrx_word' id='word_1_526' title='bbox 1304 4861 1534 4928; x_wconf 74' lang='lat' dir='ltr'><strong>dixisset,</strong></span> <span class='ocrx_word' id='word_1_527' title='bbox 1568 4864 1677 4930; x_wconf 87' lang='lat' dir='ltr'><strong>ipse</strong></span> <span class='ocrx_word' id='word_1_528' title='bbox 1705 4855 1934 4921; x_wconf 73' lang='lat' dir='ltr'><strong>nesciret.</strong></span> <span class='ocrx_word' id='word_1_529' title='bbox 1968 4867 2063 4923; x_wconf 87' lang='lat' dir='ltr'><strong>Sin</strong></span> <span class='ocrx_word' id='word_1_530' title='bbox 2090 4879 2260 4923; x_wconf 86' lang='lat' dir='ltr'><strong>autem</strong></span> 
     </span>
    </p>
   </div>
   <div class='ocr_carea' id='block_1_75' title="bbox 675 4927 2260 5008">
    <p class='ocr_par' dir='ltr' id='par_1_75' title="bbox 675 4927 2260 5008">
     <span class='ocr_line' id='line_1_75' title="bbox 675 4927 2260 5008; baseline 0.01 -30"><span class='ocrx_word' id='word_1_531' title='bbox 675 4927 873 5008; x_wconf 80' lang='lat' dir='ltr'><strong>divinus</strong></span> <span class='ocrx_word' id='word_1_532' title='bbox 914 4945 1015 5008; x_wconf 78' lang='lat' dir='ltr'><strong>non</strong></span> <span class='ocrx_word' id='word_1_533' title='bbox 1041 4927 1124 4990; x_wconf 84' lang='lat' dir='ltr'><strong>sit,</strong></span> <span class='ocrx_word' id='word_1_534' title='bbox 1158 4946 1220 4982; x_wconf 89' lang='lat' dir='ltr'><strong>ne</strong></span> <span class='ocrx_word' id='word_1_535' title='bbox 1271 4930 1407 5008; x_wconf 61' lang='lat' dir='ltr'><strong>Deus</strong></span> <span class='ocrx_word' id='word_1_536' title='bbox 1444 4927 1648 5008; x_wconf 73' lang='lat' dir='ltr'><strong>quidem</strong></span> <span class='ocrx_word' id='word_1_537' title='bbox 1676 4936 1737 4989; x_wconf 86' lang='lat' dir='ltr'><strong>sit</strong></span> <span class='ocrx_word' id='word_1_538' title='bbox 1773 4952 1791 4991; x_wconf 90' lang='lat'><em>:</em></span> <span class='ocrx_word' id='word_1_539' title='bbox 1829 4938 1965 4991; x_wconf 84' lang='lat' dir='ltr'><strong>unde</strong></span> <span class='ocrx_word' id='word_1_540' title='bbox 1990 4939 2104 5008; x_wconf 88' lang='lat' dir='ltr'><strong>ipsa</strong></span> <span class='ocrx_word' id='word_1_541' title='bbox 2131 4941 2260 4994; x_wconf 87' lang='lat' dir='ltr'><strong>divi-</strong></span> 
     </span>
    </p>
   </div>
   <div class='ocr_carea' id='block_1_76' title="bbox 675 4999 2151 5067">
    <p class='ocr_par' dir='ltr' id='par_1_76' title="bbox 675 4999 2151 5067">
     <span class='ocr_line' id='line_1_76' title="bbox 675 4999 2151 5067; baseline 0.009 -17"><span class='ocrx_word' id='word_1_542' title='bbox 675 4999 807 5052; x_wconf 84' lang='lat' dir='ltr'><strong>nitas</strong></span> <span class='ocrx_word' id='word_1_543' title='bbox 832 5001 1143 5067; x_wconf 84' lang='lat' dir='ltr'><strong>nominatur,</strong></span> <span class='ocrx_word' id='word_1_544' title='bbox 1172 5012 1226 5054; x_wconf 89' lang='lat' dir='ltr'><strong>ut</strong></span> <span class='ocrx_word' id='word_1_545' title='bbox 1248 5001 1312 5055; x_wconf 87' lang='lat' dir='ltr'><strong>ab</strong></span> <span class='ocrx_word' id='word_1_546' title='bbox 1341 4999 1543 5059; x_wconf 77' lang='lat' dir='ltr'><strong>[tantine</strong></span> <span class='ocrx_word' id='word_1_547' title='bbox 1566 5008 1857 5063; x_wconf 83' lang='lat' dir='ltr'><strong>humanitas</strong></span> <span class='ocrx_word' id='word_1_548' title='bbox 1912 4999 2151 5064; x_wconf 70' lang='lat' dir='ltr'><strong>ill-Iliun.</strong></span> 
     </span>
    </p>
   </div>
   <div class='ocr_carea' id='block_1_77' title="bbox 705 5068 2259 5151">
    <p class='ocr_par' dir='ltr' id='par_1_77' title="bbox 705 5068 2259 5151">
     <span class='ocr_line' id='line_1_77' title="bbox 705 5068 2259 5151; baseline 0.011 -30"><span class='ocrx_word' id='word_1_549' title='bbox 705 5140 714 5149; x_wconf 38' lang='lat'><em>.</em></span> <span class='ocrx_word' id='word_1_550' title='bbox 745 5068 813 5122; x_wconf 85' lang='lat' dir='ltr'><strong>In</strong></span> <span class='ocrx_word' id='word_1_551' title='bbox 848 5072 1617 5151; x_wconf 67' lang='lat' dir='ltr'><strong>verborumcontinuatiouibus</strong></span> <span class='ocrx_word' id='word_1_552' title='bbox 1638 5090 1924 5151; x_wconf 74' lang='lat' dir='ltr'><strong>promptus.</strong></span> <span class='ocrx_word' id='word_1_553' title='bbox 1973 5080 2126 5134; x_wconf 82' lang='lat' dir='ltr'><strong>Fulv.</strong></span> <span class='ocrx_word' id='word_1_554' title='bbox 2155 5082 2259 5138; x_wconf 86' lang='lat' dir='ltr'><strong>Ur-</strong></span> 
     </span>
    </p>
   </div>
   <div class='ocr_carea' id='block_1_78' title="bbox 674 5144 2260 5220">
    <p class='ocr_par' dir='ltr' id='par_1_78' title="bbox 674 5144 2260 5220">
     <span class='ocr_line' id='line_1_78' title="bbox 674 5144 2260 5220; baseline 0.01 -29"><span class='ocrx_word' id='word_1_555' title='bbox 674 5144 824 5220; x_wconf 68' lang='lat' dir='ltr'><strong>sinos</strong></span> <span class='ocrx_word' id='word_1_556' title='bbox 849 5144 1085 5220; x_wconf 75' lang='lat' dir='ltr'><strong>mavult:</strong></span> <span class='ocrx_word' id='word_1_557' title='bbox 1113 5145 1167 5220; x_wconf 81' lang='lat' dir='ltr'><strong>in</strong></span> <span class='ocrx_word' id='word_1_558' title='bbox 1189 5146 1448 5220; x_wconf 76' lang='lat' dir='ltr'><strong>verborum</strong></span> <span class='ocrx_word' id='word_1_559' title='bbox 1472 5144 1945 5220; x_wconf 79' lang='lat' dir='ltr'><strong>concinnationibus</strong></span> <span class='ocrx_word' id='word_1_560' title='bbox 1974 5165 2260 5220; x_wconf 82' lang='lat' dir='ltr'><strong>promptus.</strong></span> 
     </span>
    </p>
   </div>
   <div class='ocr_carea' id='block_1_79' title="bbox 671 5210 2268 5279">
    <p class='ocr_par' dir='ltr' id='par_1_79' title="bbox 671 5210 2268 5279">
     <span class='ocr_line' id='line_1_79' title="bbox 671 5210 2268 5279; baseline 0.009 -15"><span class='ocrx_word' id='word_1_561' title='bbox 671 5210 779 5265; x_wconf 86' lang='lat' dir='ltr'><strong>Sed</strong></span> <span class='ocrx_word' id='word_1_562' title='bbox 811 5213 879 5265; x_wconf 90' lang='lat' dir='ltr'><strong>nil</strong></span> <span class='ocrx_word' id='word_1_563' title='bbox 911 5216 1240 5267; x_wconf 86' lang='lat' dir='ltr'><strong>mutandum.</strong></span> <span class='ocrx_word' id='word_1_564' title='bbox 1262 5214 1584 5271; x_wconf 81' lang='lat' dir='ltr'><strong>Continuatio</strong></span> <span class='ocrx_word' id='word_1_565' title='bbox 1605 5219 1865 5275; x_wconf 83' lang='lat' dir='ltr'><strong>verborum</strong></span> <span class='ocrx_word' id='word_1_566' title='bbox 1894 5210 2144 5279; x_wconf 71' lang='lat' dir='ltr'><strong>loquendi</strong></span> <span class='ocrx_word' id='word_1_567' title='bbox 2162 5226 2268 5279; x_wconf 79' lang='lat' dir='ltr'><strong>l’or-</strong></span> 
     </span>
    </p>
   </div>
   <div class='ocr_carea' id='block_1_80' title="bbox 674 5282 2266 5352">
    <p class='ocr_par' dir='ltr' id='par_1_80' title="bbox 674 5282 2266 5352">
     <span class='ocr_line' id='line_1_80' title="bbox 674 5282 2266 5352; baseline 0.011 -18"><span class='ocrx_word' id='word_1_568' title='bbox 674 5282 813 5335; x_wconf 85' lang='lat' dir='ltr'><strong>mula</strong></span> <span class='ocrx_word' id='word_1_569' title='bbox 840 5284 1192 5339; x_wconf 77' lang='lat' dir='ltr'><strong>Ciceroniana</strong></span> <span class='ocrx_word' id='word_1_570' title='bbox 1215 5326 1228 5349; x_wconf 89' lang='lat'><strong>,</strong></span> <span class='ocrx_word' id='word_1_571' title='bbox 1275 5298 1460 5341; x_wconf 85' lang='lat' dir='ltr'><strong>eontra</strong></span> <span class='ocrx_word' id='word_1_572' title='bbox 1487 5290 1808 5347; x_wconf 86' lang='lat' dir='ltr'><strong>concinnatio</strong></span> <span class='ocrx_word' id='word_1_573' title='bbox 1835 5307 1933 5347; x_wconf 82' lang='lat' dir='ltr'><strong>vox</strong></span> <span class='ocrx_word' id='word_1_574' title='bbox 1959 5282 2185 5349; x_wconf 80' lang='lat' dir='ltr'><strong>barbara</strong></span> <span class='ocrx_word' id='word_1_575' title='bbox 2211 5305 2266 5352; x_wconf 87' lang='lat' dir='ltr'><strong>et</strong></span> 
     </span>
    </p>
   </div>
   <div class='ocr_carea' id='block_1_81' title="bbox 673 5353 1375 5420">
    <p class='ocr_par' dir='ltr' id='par_1_81' title="bbox 673 5353 1375 5420">
     <span class='ocr_line' id='line_1_81' title="bbox 673 5353 1375 5420; baseline 0.006 -14"><span class='ocrx_word' id='word_1_576' title='bbox 673 5353 918 5420; x_wconf 81' lang='lat' dir='ltr'><strong>nuspiam</strong></span> <span class='ocrx_word' id='word_1_577' title='bbox 949 5355 1128 5410; x_wconf 83' lang='lat' dir='ltr'><strong>obvia.</strong></span> <span class='ocrx_word' id='word_1_578' title='bbox 1171 5358 1375 5412; x_wconf 73' lang='grc' dir='ltr'>Οιειι..</span> 
     </span>
    </p>
   </div>
   <div class='ocr_carea' id='block_1_82' title="bbox 743 5423 2068 5502">
    <p class='ocr_par' dir='ltr' id='par_1_82' title="bbox 743 5423 2068 5502">
     <span class='ocr_line' id='line_1_82' title="bbox 743 5423 2068 5502; baseline 0.011 -27"><span class='ocrx_word' id='word_1_579' title='bbox 743 5423 923 5502; x_wconf 42' lang='lat' dir='ltr'><strong>Euryti.</strong></span> <span class='ocrx_word' id='word_1_580' title='bbox 954 5425 1275 5502; x_wconf 55' lang='lat' dir='ltr'><strong>Videsnan</strong></span> <span class='ocrx_word' id='word_1_581' title='bbox 1298 5430 1363 5482; x_wconf 90' lang='lat' dir='ltr'><strong>ad</strong></span> <span class='ocrx_word' id='word_1_582' title='bbox 1395 5428 1485 5482; x_wconf 90' lang='lat' dir='ltr'><strong>lib.</strong></span> <span class='ocrx_word' id='word_1_583' title='bbox 1517 5446 1574 5491; x_wconf 87' lang='lat' dir='ltr'><strong>II,</strong></span> <span class='ocrx_word' id='word_1_584' title='bbox 1598 5446 1717 5502; x_wconf 85' lang='lat' dir='ltr'><strong>cap.</strong></span> <span class='ocrx_word' id='word_1_585' title='bbox 1746 5434 1832 5490; x_wconf 81' lang='grc'><strong>19.</strong></span> <span class='ocrx_word' id='word_1_586' title='bbox 1867 5434 2068 5491; x_wconf 69' lang='grc' dir='ltr'>Οιιιτζιι.</span> 
     </span>
    </p>
   </div>
   <div class='ocr_carea' id='block_1_83' title="bbox 746 5493 2263 5573">
    <p class='ocr_par' dir='ltr' id='par_1_83' title="bbox 746 5493 2263 5573">
     <span class='ocr_line' id='line_1_83' title="bbox 746 5493 2263 5573; baseline 0.011 -26"><span class='ocrx_word' id='word_1_587' title='bbox 914 5525 1007 5573; x_wconf 84' lang='lat'><strong>_—</strong></span> <span class='ocrx_word' id='word_1_588' title='bbox 1071 5493 1204 5573; x_wconf 48' lang='lat' dir='ltr'><strong>Vile}</strong></span> <span class='ocrx_word' id='word_1_589' title='bbox 1256 5502 1486 5573; x_wconf 82' lang='lat' dir='ltr'><strong>noverint</strong></span> <span class='ocrx_word' id='word_1_590' title='bbox 1538 5493 1690 5573; x_wconf 73' lang='lat' dir='ltr'><strong>atque</strong></span> <span class='ocrx_word' id='word_1_591' title='bbox 1738 5507 1956 5561; x_wconf 70' lang='lat' dir='ltr'><strong>[iubeant</strong></span> <span class='ocrx_word' id='word_1_592' title='bbox 1996 5509 2263 5563; x_wconf 72' lang='lat' dir='ltr'><strong>sellularii.</strong></span> 
     </span>
    </p>
   </div>
   <div class='ocr_carea' id='block_1_84' title="bbox 673 5564 2273 5643">
    <p class='ocr_par' dir='ltr' id='par_1_84' title="bbox 673 5564 2273 5643">
     <span class='ocr_line' id='line_1_84' title="bbox 673 5564 2273 5643; baseline 0.009 -23"><span class='ocrx_word' id='word_1_593' title='bbox 673 5564 981 5643; x_wconf 70' lang='lat' dir='ltr'><strong>sellularios</strong></span> <span class='ocrx_word' id='word_1_594' title='bbox 1030 5570 1263 5643; x_wconf 73' lang='lat' dir='ltr'><strong>appellat</strong></span> <span class='ocrx_word' id='word_1_595' title='bbox 1298 5572 1551 5641; x_wconf 85' lang='lat' dir='ltr'><strong>opilices,</strong></span> <span class='ocrx_word' id='word_1_596' title='bbox 1601 5564 1704 5643; x_wconf 61' lang='lat' dir='ltr'><strong>&#39;qui</strong></span> <span class='ocrx_word' id='word_1_597' title='bbox 1725 5576 1974 5631; x_wconf 84' lang='lat' dir='ltr'><strong>sordidas</strong></span> <span class='ocrx_word' id='word_1_598' title='bbox 2023 5589 2166 5633; x_wconf 86' lang='lat' dir='ltr'><strong>artes</strong></span> <span class='ocrx_word' id='word_1_599' title='bbox 2216 5590 2273 5635; x_wconf 90' lang='lat' dir='ltr'><strong>et</strong></span> 
     </span>
    </p>
   </div>
   <div class='ocr_carea' id='block_1_85' title="bbox 672 5637 2271 5713">
    <p class='ocr_par' dir='ltr' id='par_1_85' title="bbox 672 5637 2271 5713">
     <span class='ocr_line' id='line_1_85' title="bbox 672 5637 2271 5713; baseline 0.01 -24"><span class='ocrx_word' id='word_1_600' title='bbox 672 5637 807 5713; x_wconf 81' lang='lat' dir='ltr'><strong>viles</strong></span> <span class='ocrx_word' id='word_1_601' title='bbox 831 5647 1079 5691; x_wconf 88' lang='lat' dir='ltr'><strong>tractant.</strong></span> <span class='ocrx_word' id='word_1_602' title='bbox 1128 5639 1269 5713; x_wconf 76' lang='lat' dir='ltr'><strong>Infra</strong></span> <span class='ocrx_word' id='word_1_603' title='bbox 1291 5637 1485 5713; x_wconf 78' lang='lat' dir='ltr'><strong>capite</strong></span> <span class='ocrx_word' id='word_1_604' title='bbox 1525 5637 1769 5713; x_wconf 69' lang='lat' dir='ltr'><strong>Sequenti</strong></span> <span class='ocrx_word' id='word_1_605' title='bbox 1802 5663 1815 5700; x_wconf 89' lang='lat'>:</span> <span class='ocrx_word' id='word_1_606' title='bbox 1847 5645 1976 5701; x_wconf 86' lang='lat' dir='ltr'><strong>Cum</strong></span> <span class='ocrx_word' id='word_1_607' title='bbox 2005 5649 2068 5701; x_wconf 87' lang='lat' dir='ltr'><strong>sit</strong></span> <span class='ocrx_word' id='word_1_608' title='bbox 2099 5650 2271 5707; x_wconf 85' lang='lat' dir='ltr'><strong>nullus</strong></span> 
     </span>
    </p>
   </div>
   <div class='ocr_carea' id='block_1_86' title="bbox 666 5708 2274 5784">
    <p class='ocr_par' dir='ltr' id='par_1_86' title="bbox 666 5708 2274 5784">
     <span class='ocr_line' id='line_1_86' title="bbox 666 5708 2274 5784; baseline 0.012 -27"><span class='ocrx_word' id='word_1_609' title='bbox 666 5708 807 5773; x_wconf 87' lang='lat' dir='ltr'><strong>apud</strong></span> <span class='ocrx_word' id='word_1_610' title='bbox 833 5724 1041 5784; x_wconf 76' lang='lat' dir='ltr'><strong>superos</strong></span> <span class='ocrx_word' id='word_1_611' title='bbox 1061 5711 1252 5764; x_wconf 87' lang='lat' dir='ltr'><strong>artibus</strong></span> <span class='ocrx_word' id='word_1_612' title='bbox 1272 5711 1357 5784; x_wconf 10' lang='lat' dir='ltr'><strong>iliis</strong></span> <span class='ocrx_word' id='word_1_613' title='bbox 1374 5708 1529 5767; x_wconf 54' lang='lat' dir='ltr'><strong>&#39;locus</strong></span> <span class='ocrx_word' id='word_1_614' title='bbox 1554 5756 1568 5780; x_wconf 92' lang='lat'><strong>,</strong></span> <span class='ocrx_word' id='word_1_615' title='bbox 1597 5708 1756 5784; x_wconf 77' lang='lat' dir='ltr'><strong>neque</strong></span> <span class='ocrx_word' id='word_1_616' title='bbox 1772 5731 1893 5771; x_wconf 87' lang='lat' dir='ltr'><strong>usus</strong></span> <span class='ocrx_word' id='word_1_617' title='bbox 1916 5720 2127 5773; x_wconf 85' lang='lat' dir='ltr'><strong>illarum</strong></span> <span class='ocrx_word' id='word_1_618' title='bbox 2145 5762 2159 5784; x_wconf 92' lang='lat'><strong>,</strong></span> <span class='ocrx_word' id='word_1_619' title='bbox 2192 5738 2274 5777; x_wconf 86' lang='lat' dir='ltr'><strong>ne-</strong></span> 
     </span>
    </p>
   </div>
   <div class='ocr_carea' id='block_1_87' title="bbox 666 5779 2274 5856">
    <p class='ocr_par' dir='ltr' id='par_1_87' title="bbox 666 5779 2274 5856">
     <span class='ocr_line' id='line_1_87' title="bbox 666 5779 2274 5856; baseline 0.014 -29"><span class='ocrx_word' id='word_1_620' title='bbox 666 5791 764 5845; x_wconf 84' lang='lat' dir='ltr'><strong>que</strong></span> <span class='ocrx_word' id='word_1_621' title='bbox 789 5787 973 5831; x_wconf 86' lang='lat' dir='ltr'><strong>natura</strong></span> <span class='ocrx_word' id='word_1_622' title='bbox 997 5779 1236 5849; x_wconf 82' lang='lat' dir='ltr'><strong>deposcat</strong></span> <span class='ocrx_word' id='word_1_623' title='bbox 1264 5783 1581 5854; x_wconf 83' lang='lat' dir='ltr'><strong>ingeniosum</strong></span> <span class='ocrx_word' id='word_1_624' title='bbox 1604 5779 1805 5856; x_wconf 80' lang='lat' dir='ltr'><strong>aliquid</strong></span> <span class='ocrx_word' id='word_1_625' title='bbox 1830 5799 1920 5843; x_wconf 89' lang='lat' dir='ltr'><strong>aut</strong></span> <span class='ocrx_word' id='word_1_626' title='bbox 1950 5779 2274 5848; x_wconf 60' lang='lat' dir='ltr'><strong>selluﬁtrium</strong></span> 
     </span>
    </p>
   </div>
   <div class='ocr_carea' id='block_1_88' title="bbox 2290 4476 2343 4537">
    <p class='ocr_par' dir='ltr' id='par_1_88' title="bbox 2290 4476 2343 4537">
     <span class='ocr_line' id='line_1_88' title="bbox 2290 4476 2343 4537; baseline 0 0"><span class='ocrx_word' id='word_1_627' title='bbox 2290 4476 2343 4537; x_wconf 89' lang='lat' dir='ltr'><strong>D</strong></span> 
     </span>
    </p>
   </div>
   <div class='ocr_carea' id='block_1_89' title="bbox 2348 2219 3973 2292">
    <p class='ocr_par' dir='ltr' id='par_1_89' title="bbox 2348 2219 3973 2292">
     <span class='ocr_line' id='line_1_89' title="bbox 2348 2219 3973 2292; baseline 0.001 -14"><span class='ocrx_word' id='word_1_628' title='bbox 2348 2225 2496 2278; x_wconf 85' lang='lat' dir='ltr'><strong>scire.</strong></span> <span class='ocrx_word' id='word_1_629' title='bbox 2522 2222 2653 2278; x_wconf 90' lang='lat' dir='ltr'><strong>inde</strong></span> <span class='ocrx_word' id='word_1_630' title='bbox 2677 2219 2873 2290; x_wconf 88' lang='lat' dir='ltr'><strong>Gellio,</strong></span> <span class='ocrx_word' id='word_1_631' title='bbox 2894 2220 2988 2277; x_wconf 86' lang='lat' dir='ltr'><strong>lib.</strong></span> <span class='ocrx_word' id='word_1_632' title='bbox 3020 2236 3098 2285; x_wconf 87' lang='grc' dir='ltr'>ιιι,</span> <span class='ocrx_word' id='word_1_633' title='bbox 3118 2235 3239 2292; x_wconf 87' lang='lat' dir='ltr'><strong>cap.</strong></span> <span class='ocrx_word' id='word_1_634' title='bbox 3271 2222 3325 2290; x_wconf 77' lang='lat' dir='ltr'><strong>l,</strong></span> <span class='ocrx_word' id='word_1_635' title='bbox 3346 2230 3401 2278; x_wconf 92' lang='lat' dir='ltr'><strong>et</strong></span> <span class='ocrx_word' id='word_1_636' title='bbox 3433 2221 3722 2277; x_wconf 79' lang='lat' dir='ltr'><strong>Ammiano</strong></span> <span class='ocrx_word' id='word_1_637' title='bbox 3749 2221 3973 2280; x_wconf 79' lang='lat' dir='ltr'><strong>Marcel-</strong></span> 
     </span>
    </p>
   </div>
   <div class='ocr_carea' id='block_1_90' title="bbox 2348 2293 3972 2364">
    <p class='ocr_par' dir='ltr' id='par_1_90' title="bbox 2348 2293 3972 2364">
     <span class='ocr_line' id='line_1_90' title="bbox 2348 2293 3972 2364; baseline 0.001 -16"><span class='ocrx_word' id='word_1_638' title='bbox 2348 2296 2476 2359; x_wconf 87' lang='lat' dir='ltr'><strong>lino,</strong></span> <span class='ocrx_word' id='word_1_639' title='bbox 2510 2295 2600 2349; x_wconf 87' lang='lat' dir='ltr'><strong>lib.</strong></span> <span class='ocrx_word' id='word_1_640' title='bbox 2634 2308 2744 2348; x_wconf 83' lang='lat' dir='ltr'><strong>xxx</strong></span> <span class='ocrx_word' id='word_1_641' title='bbox 2777 2293 3153 2359; x_wconf 79' lang='lat' dir='ltr'><strong>Historiarum,</strong></span> <span class='ocrx_word' id='word_1_642' title='bbox 3186 2308 3305 2364; x_wconf 86' lang='lat' dir='ltr'><strong>pag.</strong></span> <span class='ocrx_word' id='word_1_643' title='bbox 3358 2294 3488 2361; x_wconf 66' lang='grc'><strong>452,</strong></span> <span class='ocrx_word' id='word_1_644' title='bbox 3539 2303 3769 2363; x_wconf 71' lang='lat' dir='ltr'><strong>quastus</strong></span> <span class='ocrx_word' id='word_1_645' title='bbox 3802 2298 3972 2351; x_wconf 79' lang='lat' dir='ltr'><strong>sellu-</strong></span> 
     </span>
    </p>
   </div>
   <div class='ocr_carea' id='block_1_91' title="bbox 2351 2364 3751 2435">
    <p class='ocr_par' dir='ltr' id='par_1_91' title="bbox 2351 2364 3751 2435">
     <span class='ocr_line' id='line_1_91' title="bbox 2351 2364 3751 2435; baseline -0.001 -15"><span class='ocrx_word' id='word_1_646' title='bbox 2351 2367 2509 2420; x_wconf 84' lang='lat' dir='ltr'><strong>larius</strong></span> <span class='ocrx_word' id='word_1_647' title='bbox 2538 2374 2775 2433; x_wconf 65' lang='lat' dir='ltr'><strong>quaestus</strong></span> <span class='ocrx_word' id='word_1_648' title='bbox 2808 2366 2978 2434; x_wconf 86' lang='lat' dir='ltr'><strong>turpis</strong></span> <span class='ocrx_word' id='word_1_649' title='bbox 3005 2372 3062 2420; x_wconf 93' lang='lat' dir='ltr'><strong>et</strong></span> <span class='ocrx_word' id='word_1_650' title='bbox 3090 2364 3458 2435; x_wconf 77' lang='lat' dir='ltr'><strong>despicabilis.</strong></span> <span class='ocrx_word' id='word_1_651' title='bbox 3500 2366 3751 2421; x_wconf 74' lang='grc' dir='ltr'>Ειιειιιι.</span> 
     </span>
    </p>
   </div>
   <div class='ocr_carea' id='block_1_92' title="bbox 2424 2435 3972 2507">
    <p class='ocr_par' dir='ltr' id='par_1_92' title="bbox 2424 2435 3972 2507">
     <span class='ocr_line' id='line_1_92' title="bbox 2424 2435 3972 2507; baseline 0.003 -15"><span class='ocrx_word' id='word_1_652' title='bbox 2424 2436 2715 2492; x_wconf 85' lang='lat' dir='ltr'><strong>Sellularii.</strong></span> <span class='ocrx_word' id='word_1_653' title='bbox 2763 2435 3225 2507; x_wconf 68' lang='lat' dir='ltr'><strong>Cotttemptissimi</strong></span> <span class='ocrx_word' id='word_1_654' title='bbox 3272 2436 3412 2507; x_wconf 86' lang='lat' dir='ltr'><strong>apud</strong></span> <span class='ocrx_word' id='word_1_655' title='bbox 3456 2438 3729 2507; x_wconf 86' lang='lat' dir='ltr'><strong>antiquos.</strong></span> <span class='ocrx_word' id='word_1_656' title='bbox 3762 2437 3972 2506; x_wconf 81' lang='lat' dir='ltr'><strong>Livius,</strong></span> 
     </span>
    </p>
   </div>
   <div class='ocr_carea' id='block_1_93' title="bbox 2352 2505 3976 2579">
    <p class='ocr_par' dir='ltr' id='par_1_93' title="bbox 2352 2505 3976 2579">
     <span class='ocr_line' id='line_1_93' title="bbox 2352 2505 3976 2579; baseline 0.002 -17"><span class='ocrx_word' id='word_1_657' title='bbox 2352 2507 2442 2563; x_wconf 87' lang='lat' dir='ltr'><strong>lib.</strong></span> <span class='ocrx_word' id='word_1_658' title='bbox 2474 2523 2589 2567; x_wconf 83' lang='lat' dir='ltr'><strong>vui.</strong></span> <span class='ocrx_word' id='word_1_659' title='bbox 2618 2523 2737 2579; x_wconf 87' lang='lat' dir='ltr'><strong>cap.</strong></span> <span class='ocrx_word' id='word_1_660' title='bbox 2768 2505 2842 2579; x_wconf 58' lang='grc' dir='ltr'><strong>ει)</strong></span> <span class='ocrx_word' id='word_1_661' title='bbox 2871 2524 2882 2559; x_wconf 89' lang='lat'><strong>:</strong></span> <span class='ocrx_word' id='word_1_662' title='bbox 2918 2506 3177 2579; x_wconf 83' lang='lat' dir='ltr'><strong>Opiﬁcum</strong></span> <span class='ocrx_word' id='word_1_663' title='bbox 3201 2506 3383 2579; x_wconf 86' lang='lat' dir='ltr'><strong>vulgus</strong></span> <span class='ocrx_word' id='word_1_664' title='bbox 3409 2518 3453 2562; x_wconf 89' lang='lat' dir='ltr'><strong>et</strong></span> <span class='ocrx_word' id='word_1_665' title='bbox 3481 2505 3733 2564; x_wconf 81' lang='lat' dir='ltr'><strong>sellularii</strong></span> <span class='ocrx_word' id='word_1_666' title='bbox 3762 2505 3976 2566; x_wconf 74' lang='lat' dir='ltr'><strong>minime</strong></span> 
     </span>
    </p>
   </div>
   <div class='ocr_carea' id='block_1_94' title="bbox 2355 2525 3342 2648">
    <p class='ocr_par' dir='ltr' id='par_1_94' title="bbox 2355 2525 3342 2648">
     <span class='ocr_line' id='line_1_94' title="bbox 2355 2525 3342 2579; baseline -0.003 -17"><span class='ocrx_word' id='word_1_667' title='bbox 2355 2525 2442 2563; x_wconf 86' lang='grc' dir='ltr'>ιιι).</span> <span class='ocrx_word' id='word_1_668' title='bbox 2474 2525 2589 2567; x_wconf 81' lang='lat' dir='ltr'><strong>vui.</strong></span> <span class='ocrx_word' id='word_1_669' title='bbox 2618 2525 2737 2576; x_wconf 87' lang='lat' dir='ltr'><strong>cap.</strong></span> <span class='ocrx_word' id='word_1_670' title='bbox 2769 2525 2842 2562; x_wconf 84' lang='lat' dir='ltr'><strong>zu</strong></span> <span class='ocrx_word' id='word_1_671' title='bbox 2871 2525 2882 2559; x_wconf 88' lang='lat'><strong>:</strong></span> <span class='ocrx_word' id='word_1_672' title='bbox 2918 2525 3177 2579; x_wconf 81' lang='lat' dir='ltr'><strong>uptpcum</strong></span> <span class='ocrx_word' id='word_1_673' title='bbox 3201 2525 3285 2560; x_wconf 83' lang='lat' dir='ltr'><strong>vut</strong></span> <span class='ocrx_word' id='word_1_674' title='bbox 3328 2526 3342 2559; x_wconf 88' lang='grc' dir='ltr'><strong>ι</strong></span> 
     </span>
     <span class='ocr_line' id='line_1_95' title="bbox 2355 2525 3342 2648; baseline -0.001 -16"><span class='ocrx_word' id='word_1_675' title='bbox 2355 2578 2759 2633; x_wconf 78' lang='lat' dir='ltr'><strong>militiazidonei.</strong></span> <span class='ocrx_word' id='word_1_676' title='bbox 2790 2576 3023 2640; x_wconf 75' lang='grc' dir='ltr'>Νουιιιι..</span> <span class='ocrx_word' id='word_1_677' title='bbox 3060 2593 3178 2648; x_wconf 91' lang='lat' dir='ltr'><strong>pag.</strong></span> <span class='ocrx_word' id='word_1_678' title='bbox 3216 2525 3342 2634; x_wconf 60' lang='lat' dir='ltr'><strong>56g.</strong></span> 
     </span>
    </p>
   </div>
   <div class='ocr_carea' id='block_1_95' title="bbox 2429 2649 3976 2719">
    <p class='ocr_par' dir='ltr' id='par_1_95' title="bbox 2429 2649 3976 2719">
     <span class='ocr_line' id='line_1_96' title="bbox 2429 2649 3976 2719; baseline 0.001 -13"><span class='ocrx_word' id='word_1_679' title='bbox 2429 2650 2566 2706; x_wconf 86' lang='lat' dir='ltr'><strong>Sunt</strong></span> <span class='ocrx_word' id='word_1_680' title='bbox 2585 2651 2639 2703; x_wconf 88' lang='lat' dir='ltr'><strong>in</strong></span> <span class='ocrx_word' id='word_1_681' title='bbox 2655 2650 2838 2703; x_wconf 88' lang='lat' dir='ltr'><strong>sideris</strong></span> <span class='ocrx_word' id='word_1_682' title='bbox 2860 2650 3108 2704; x_wconf 87' lang='lat' dir='ltr'><strong>montibus</strong></span> <span class='ocrx_word' id='word_1_683' title='bbox 3126 2649 3304 2719; x_wconf 67' lang='lat' dir='ltr'><strong>sylvis,</strong></span> <span class='ocrx_word' id='word_1_684' title='bbox 3328 2658 3443 2704; x_wconf 86' lang='lat' dir='ltr'><strong>sunt</strong></span> <span class='ocrx_word' id='word_1_685' title='bbox 3460 2649 3643 2709; x_wconf 82' lang='lat' dir='ltr'><strong>lustra.</strong></span> <span class='ocrx_word' id='word_1_686' title='bbox 3664 2661 3772 2707; x_wconf 89' lang='lat' dir='ltr'><strong>etc.</strong></span> <span class='ocrx_word' id='word_1_687' title='bbox 3795 2652 3976 2708; x_wconf 71' lang='lat' dir='ltr'><strong>Meur-</strong></span> 
     </span>
    </p>
   </div>
   <div class='ocr_carea' id='block_1_96' title="bbox 2356 2720 3979 2792">
    <p class='ocr_par' dir='ltr' id='par_1_96' title="bbox 2356 2720 3979 2792">
     <span class='ocr_line' id='line_1_97' title="bbox 2356 2720 3979 2792; baseline 0.002 -17"><span class='ocrx_word' id='word_1_688' title='bbox 2356 2722 2470 2775; x_wconf 89' lang='lat' dir='ltr'><strong>sius</strong></span> <span class='ocrx_word' id='word_1_689' title='bbox 2495 2722 2653 2791; x_wconf 87' lang='lat' dir='ltr'><strong>legit:</strong></span> <span class='ocrx_word' id='word_1_690' title='bbox 2684 2722 2817 2778; x_wconf 86' lang='lat' dir='ltr'><strong>Sunt</strong></span> <span class='ocrx_word' id='word_1_691' title='bbox 2836 2722 2889 2774; x_wconf 91' lang='lat' dir='ltr'><strong>iu</strong></span> <span class='ocrx_word' id='word_1_692' title='bbox 2905 2720 3155 2792; x_wconf 75' lang='lat' dir='ltr'><strong>sideribus</strong></span> <span class='ocrx_word' id='word_1_693' title='bbox 3176 2730 3392 2781; x_wconf 83' lang='lat' dir='ltr'><strong>montes.</strong></span> <span class='ocrx_word' id='word_1_694' title='bbox 3417 2731 3533 2775; x_wconf 86' lang='lat' dir='ltr'><strong>sunt</strong></span> <span class='ocrx_word' id='word_1_695' title='bbox 3554 2720 3818 2792; x_wconf 50' lang='grc' dir='ltr'><strong>ειμι-ηερε.</strong></span> <span class='ocrx_word' id='word_1_696' title='bbox 3838 2724 3979 2779; x_wconf 86' lang='lat' dir='ltr'><strong>Bar—</strong></span> 
     </span>
    </p>
   </div>
   <div class='ocr_carea' id='block_1_97' title="bbox 2359 2790 3976 2863">
    <p class='ocr_par' dir='ltr' id='par_1_97' title="bbox 2359 2790 3976 2863">
     <span class='ocr_line' id='line_1_98' title="bbox 2359 2790 3976 2863; baseline 0.002 -16"><span class='ocrx_word' id='word_1_697' title='bbox 2359 2793 2505 2848; x_wconf 86' lang='lat' dir='ltr'><strong>tlnus</strong></span> <span class='ocrx_word' id='word_1_698' title='bbox 2533 2790 2582 2845; x_wconf 87' lang='lat' dir='ltr'><strong>iu</strong></span> <span class='ocrx_word' id='word_1_699' title='bbox 2611 2792 2929 2856; x_wconf 60' lang='lat' dir='ltr'><strong>Adversum,</strong></span> <span class='ocrx_word' id='word_1_700' title='bbox 2973 2790 3064 2863; x_wconf 74' lang='lat' dir='ltr'><strong>lib.</strong></span> <span class='ocrx_word' id='word_1_701' title='bbox 3098 2808 3172 2856; x_wconf 87' lang='lat' dir='ltr'><strong>tv,</strong></span> <span class='ocrx_word' id='word_1_702' title='bbox 3196 2807 3312 2863; x_wconf 79' lang='lat' dir='ltr'><strong>cap.</strong></span> <span class='ocrx_word' id='word_1_703' title='bbox 3345 2792 3400 2857; x_wconf 81' lang='grc'><strong>5,</strong></span> <span class='ocrx_word' id='word_1_704' title='bbox 3427 2807 3479 2861; x_wconf 93' lang='lat' dir='ltr'><strong>p.</strong></span> <span class='ocrx_word' id='word_1_705' title='bbox 3513 2790 3642 2859; x_wconf 69' lang='lat'><strong>266,</strong></span> <span class='ocrx_word' id='word_1_706' title='bbox 3678 2793 3976 2863; x_wconf 84' lang='lat' dir='ltr'><strong>legendum</strong></span> 
     </span>
    </p>
   </div>
   <div class='ocr_carea' id='block_1_98' title="bbox 2358 2861 3975 2934">
    <p class='ocr_par' dir='ltr' id='par_1_98' title="bbox 2358 2861 3975 2934">
     <span class='ocr_line' id='line_1_99' title="bbox 2358 2861 3975 2934; baseline 0.001 -16"><span class='ocrx_word' id='word_1_707' title='bbox 2358 2863 2609 2932; x_wconf 86' lang='lat' dir='ltr'><strong>prOponit</strong></span> <span class='ocrx_word' id='word_1_708' title='bbox 2636 2881 2649 2917; x_wconf 91' lang='lat'><strong>:</strong></span> <span class='ocrx_word' id='word_1_709' title='bbox 2680 2863 2816 2919; x_wconf 85' lang='lat' dir='ltr'><strong>Sunt</strong></span> <span class='ocrx_word' id='word_1_710' title='bbox 2840 2864 2892 2915; x_wconf 85' lang='lat' dir='ltr'><strong>iu</strong></span> <span class='ocrx_word' id='word_1_711' title='bbox 2917 2862 3126 2934; x_wconf 80' lang='lat' dir='ltr'><strong>sidereis</strong></span> <span class='ocrx_word' id='word_1_712' title='bbox 3152 2861 3356 2917; x_wconf 87' lang='lat' dir='ltr'><strong>sedibus</strong></span> <span class='ocrx_word' id='word_1_713' title='bbox 3385 2873 3606 2925; x_wconf 83' lang='lat' dir='ltr'><strong>montes,</strong></span> <span class='ocrx_word' id='word_1_714' title='bbox 3636 2861 3808 2934; x_wconf 66' lang='lat' dir='ltr'><strong>sylvas,</strong></span> <span class='ocrx_word' id='word_1_715' title='bbox 3841 2872 3975 2919; x_wconf 80' lang='lat' dir='ltr'><strong>sunt</strong></span> 
     </span>
    </p>
   </div>
   <div class='ocr_carea' id='block_1_99' title="bbox 2357 2932 3976 3006">
    <p class='ocr_par' dir='ltr' id='par_1_99' title="bbox 2357 2932 3976 3006">
     <span class='ocr_line' id='line_1_100' title="bbox 2357 2932 3976 3006; baseline 0.002 -17"><span class='ocrx_word' id='word_1_716' title='bbox 2357 2935 2521 3006; x_wconf 78' lang='lat' dir='ltr'><strong>lustra</strong></span> <span class='ocrx_word' id='word_1_717' title='bbox 2548 2950 2568 2988; x_wconf 90' lang='lat'><strong><em>:</em></strong></span> <span class='ocrx_word' id='word_1_718' title='bbox 2597 2945 2651 2988; x_wconf 90' lang='lat' dir='ltr'><strong>at</strong></span> <span class='ocrx_word' id='word_1_719' title='bbox 2678 2934 2818 3006; x_wconf 85' lang='lat' dir='ltr'><strong>idem</strong></span> <span class='ocrx_word' id='word_1_720' title='bbox 2847 2936 2899 3006; x_wconf 88' lang='lat' dir='ltr'><strong>iu</strong></span> <span class='ocrx_word' id='word_1_721' title='bbox 2927 2932 3166 3006; x_wconf 82' lang='lat' dir='ltr'><strong>ejusdem</strong></span> <span class='ocrx_word' id='word_1_722' title='bbox 3193 2935 3375 3006; x_wconf 76' lang='lat' dir='ltr'><strong>operis</strong></span> <span class='ocrx_word' id='word_1_723' title='bbox 3408 2935 3501 2990; x_wconf 91' lang='lat' dir='ltr'><strong>lib.</strong></span> <span class='ocrx_word' id='word_1_724' title='bbox 3529 2950 3632 2989; x_wconf 78' lang='lat' dir='ltr'><strong>LVII</strong></span> <span class='ocrx_word' id='word_1_725' title='bbox 3664 2932 3680 3006; x_wconf 58' lang='grc' dir='ltr'>ζ</span> <span class='ocrx_word' id='word_1_726' title='bbox 3709 2950 3833 3006; x_wconf 85' lang='lat' dir='ltr'><strong>cap.</strong></span> <span class='ocrx_word' id='word_1_727' title='bbox 3869 2937 3976 3004; x_wconf 73' lang='lat' dir='ltr'><strong>i7,</strong></span> 
     </span>
    </p>
   </div>
   <div class='ocr_carea' id='block_1_100' title="bbox 2360 3004 3973 3076">
    <p class='ocr_par' dir='ltr' id='par_1_100' title="bbox 2360 3004 3973 3076">
     <span class='ocr_line' id='line_1_101' title="bbox 2360 3004 3973 3076; baseline 0.002 -18"><span class='ocrx_word' id='word_1_728' title='bbox 2360 3004 2479 3076; x_wconf 79' lang='lat' dir='ltr'><strong>pag.</strong></span> <span class='ocrx_word' id='word_1_729' title='bbox 2495 3005 2596 3060; x_wconf 75' lang='grc'><strong>271</strong></span> <span class='ocrx_word' id='word_1_730' title='bbox 2614 3010 2659 3071; x_wconf 74' lang='grc' dir='ltr'>ι,</span> <span class='ocrx_word' id='word_1_731' title='bbox 2679 3004 2918 3061; x_wconf 80' lang='lat' dir='ltr'><strong>defendit</strong></span> <span class='ocrx_word' id='word_1_732' title='bbox 2940 3005 3146 3060; x_wconf 89' lang='lat' dir='ltr'><strong>codicis</strong></span> <span class='ocrx_word' id='word_1_733' title='bbox 3166 3008 3311 3076; x_wconf 81' lang='lat' dir='ltr'><strong>msti.</strong></span> <span class='ocrx_word' id='word_1_734' title='bbox 3341 3004 3653 3073; x_wconf 87' lang='lat' dir='ltr'><strong>lectionem,</strong></span> <span class='ocrx_word' id='word_1_735' title='bbox 3671 3005 3726 3060; x_wconf 91' lang='lat' dir='ltr'><strong>in</strong></span> <span class='ocrx_word' id='word_1_736' title='bbox 3747 3004 3973 3063; x_wconf 82' lang='lat' dir='ltr'><strong>textum</strong></span> 
     </span>
    </p>
   </div>
   <div class='ocr_carea' id='block_1_101' title="bbox 2358 3075 3976 3135">
    <p class='ocr_par' dir='ltr' id='par_1_101' title="bbox 2358 3075 3976 3135">
     <span class='ocr_line' id='line_1_102' title="bbox 2358 3075 3976 3135; baseline 0.002 -3"><span class='ocrx_word' id='word_1_737' title='bbox 2358 3075 2520 3132; x_wconf 84' lang='lat' dir='ltr'><strong>etiam</strong></span> <span class='ocrx_word' id='word_1_738' title='bbox 2551 3088 2855 3131; x_wconf 79' lang='lat' dir='ltr'><strong>reVocatam</strong></span> <span class='ocrx_word' id='word_1_739' title='bbox 2876 3093 2903 3129; x_wconf 91' lang='lat' dir='ltr'><strong>a</strong></span> <span class='ocrx_word' id='word_1_740' title='bbox 2930 3076 3194 3131; x_wconf 84' lang='lat' dir='ltr'><strong>Salmasio</strong></span> <span class='ocrx_word' id='word_1_741' title='bbox 3229 3095 3243 3131; x_wconf 91' lang='lat'><strong>:</strong></span> <span class='ocrx_word' id='word_1_742' title='bbox 3274 3075 3408 3132; x_wconf 87' lang='lat' dir='ltr'><strong>Sunt</strong></span> <span class='ocrx_word' id='word_1_743' title='bbox 3434 3078 3487 3131; x_wconf 85' lang='lat' dir='ltr'><strong>in</strong></span> <span class='ocrx_word' id='word_1_744' title='bbox 3517 3076 3726 3132; x_wconf 74' lang='lat' dir='ltr'><strong>sidereis</strong></span> <span class='ocrx_word' id='word_1_745' title='bbox 3750 3078 3976 3135; x_wconf 68' lang='lat' dir='ltr'><strong>motibus</strong></span> 
     </span>
    </p>
   </div>
   <div class='ocr_carea' id='block_1_102' title="bbox 2359 3146 3971 3220">
    <p class='ocr_par' dir='ltr' id='par_1_102' title="bbox 2359 3146 3971 3220">
     <span class='ocr_line' id='line_1_103' title="bbox 2359 3146 3971 3220; baseline 0.001 -19"><span class='ocrx_word' id='word_1_746' title='bbox 2359 3150 2533 3220; x_wconf 75' lang='lat' dir='ltr'><strong>sylvw,</strong></span> <span class='ocrx_word' id='word_1_747' title='bbox 2556 3158 2683 3213; x_wconf 90' lang='lat' dir='ltr'><strong>etc.,</strong></span> <span class='ocrx_word' id='word_1_748' title='bbox 2707 3148 2758 3202; x_wconf 90' lang='lat' dir='ltr'><strong>id</strong></span> <span class='ocrx_word' id='word_1_749' title='bbox 2788 3156 2870 3220; x_wconf 87' lang='lat' dir='ltr'><strong>est</strong></span> <span class='ocrx_word' id='word_1_750' title='bbox 2897 3147 2948 3201; x_wconf 91' lang='lat' dir='ltr'><strong>in</strong></span> <span class='ocrx_word' id='word_1_751' title='bbox 2969 3146 3234 3220; x_wconf 79' lang='lat' dir='ltr'><strong>sideribus</strong></span> <span class='ocrx_word' id='word_1_752' title='bbox 3267 3157 3527 3220; x_wconf 87' lang='lat' dir='ltr'><strong>perpetuo</strong></span> <span class='ocrx_word' id='word_1_753' title='bbox 3559 3160 3707 3201; x_wconf 92' lang='lat' dir='ltr'><strong>motu</strong></span> <span class='ocrx_word' id='word_1_754' title='bbox 3733 3151 3971 3217; x_wconf 83' lang='lat' dir='ltr'><strong>agitatis,</strong></span> 
     </span>
    </p>
   </div>
   <div class='ocr_carea' id='block_1_103' title="bbox 2363 3218 3971 3289">
    <p class='ocr_par' dir='ltr' id='par_1_103' title="bbox 2363 3218 3971 3289">
     <span class='ocr_line' id='line_1_104' title="bbox 2363 3218 3971 3289; baseline 0.001 -16"><span class='ocrx_word' id='word_1_755' title='bbox 2363 3218 2433 3274; x_wconf 83' lang='lat' dir='ltr'><strong>ita</strong></span> <span class='ocrx_word' id='word_1_756' title='bbox 2467 3229 2518 3273; x_wconf 91' lang='lat' dir='ltr'><strong>ut</strong></span> <span class='ocrx_word' id='word_1_757' title='bbox 2552 3219 2822 3275; x_wconf 80' lang='lat' dir='ltr'><strong>Arnobius</strong></span> <span class='ocrx_word' id='word_1_758' title='bbox 2854 3218 2957 3273; x_wconf 93' lang='lat' dir='ltr'><strong>hoc</strong></span> <span class='ocrx_word' id='word_1_759' title='bbox 2984 3218 3102 3273; x_wconf 90' lang='lat' dir='ltr'><strong>loco</strong></span> <span class='ocrx_word' id='word_1_760' title='bbox 3131 3219 3357 3273; x_wconf 87' lang='lat' dir='ltr'><strong>miretur</strong></span> <span class='ocrx_word' id='word_1_761' title='bbox 3401 3236 3415 3271; x_wconf 91' lang='lat'><strong>:</strong></span> <span class='ocrx_word' id='word_1_762' title='bbox 3462 3218 3672 3283; x_wconf 83' lang='lat' dir='ltr'><strong>Sidera,</strong></span> <span class='ocrx_word' id='word_1_763' title='bbox 3711 3235 3827 3289; x_wconf 67' lang='lat' dir='ltr'><strong>quia</strong></span> <span class='ocrx_word' id='word_1_764' title='bbox 3853 3237 3971 3274; x_wconf 81' lang='lat' dir='ltr'><strong>cum</strong></span> 
     </span>
    </p>
   </div>
   <div class='ocr_carea' id='block_1_104' title="bbox 2362 3289 3971 3360">
    <p class='ocr_par' dir='ltr' id='par_1_104' title="bbox 2362 3289 3971 3360">
     <span class='ocr_line' id='line_1_105' title="bbox 2362 3289 3971 3360; baseline 0.001 -17"><span class='ocrx_word' id='word_1_765' title='bbox 2362 3292 2618 3360; x_wconf 81' lang='lat' dir='ltr'><strong>perpetuis</strong></span> <span class='ocrx_word' id='word_1_766' title='bbox 2665 3290 2881 3344; x_wconf 88' lang='lat' dir='ltr'><strong>motibus</strong></span> <span class='ocrx_word' id='word_1_767' title='bbox 2924 3300 2970 3343; x_wconf 89' lang='lat' dir='ltr'><strong>et</strong></span> <span class='ocrx_word' id='word_1_768' title='bbox 3017 3289 3300 3344; x_wconf 87' lang='lat' dir='ltr'><strong>irremissso</strong></span> <span class='ocrx_word' id='word_1_769' title='bbox 3339 3289 3531 3342; x_wconf 87' lang='lat' dir='ltr'><strong>ambitu</strong></span> <span class='ocrx_word' id='word_1_770' title='bbox 3581 3291 3971 3359; x_wconf 85' lang='lat' dir='ltr'><strong>circumvolent,</strong></span> 
     </span>
    </p>
   </div>
   <div class='ocr_carea' id='block_1_105' title="bbox 2360 3360 3971 3431">
    <p class='ocr_par' dir='ltr' id='par_1_105' title="bbox 2360 3360 3971 3431">
     <span class='ocr_line' id='line_1_106' title="bbox 2360 3360 3971 3431; baseline 0.002 -18"><span class='ocrx_word' id='word_1_771' title='bbox 2360 3362 2613 3430; x_wconf 85' lang='lat' dir='ltr'><strong>quomodo</strong></span> <span class='ocrx_word' id='word_1_772' title='bbox 2636 3360 2778 3415; x_wconf 87' lang='lat' dir='ltr'><strong>alant</strong></span> <span class='ocrx_word' id='word_1_773' title='bbox 2804 3360 2971 3431; x_wconf 80' lang='lat' dir='ltr'><strong>sylvas</strong></span> <span class='ocrx_word' id='word_1_774' title='bbox 3000 3404 3014 3425; x_wconf 93' lang='lat'><strong>,</strong></span> <span class='ocrx_word' id='word_1_775' title='bbox 3054 3377 3263 3431; x_wconf 88' lang='lat' dir='ltr'><strong>nemora</strong></span> <span class='ocrx_word' id='word_1_776' title='bbox 3293 3361 3618 3431; x_wconf 70' lang='lat' dir='ltr'><strong>sustineant?</strong></span> <span class='ocrx_word' id='word_1_777' title='bbox 3661 3360 3728 3414; x_wconf 85' lang='lat' dir='ltr'><strong>Et</strong></span> <span class='ocrx_word' id='word_1_778' title='bbox 3753 3362 3852 3417; x_wconf 89' lang='lat' dir='ltr'><strong>hac</strong></span> <span class='ocrx_word' id='word_1_779' title='bbox 3884 3363 3971 3417; x_wconf 89' lang='lat' dir='ltr'><strong>in-</strong></span> 
     </span>
    </p>
   </div>
   <div class='ocr_carea' id='block_1_106' title="bbox 2364 3429 3969 3503">
    <p class='ocr_par' dir='ltr' id='par_1_106' title="bbox 2364 3429 3969 3503">
     <span class='ocr_line' id='line_1_107' title="bbox 2364 3429 3969 3503; baseline 0.001 -17"><span class='ocrx_word' id='word_1_780' title='bbox 2364 3433 2727 3503; x_wconf 84' lang='lat' dir='ltr'><strong>terrogatione</strong></span> <span class='ocrx_word' id='word_1_781' title='bbox 2752 3429 3059 3503; x_wconf 74' lang='lat' dir='ltr'><strong>exprobret</strong></span> <span class='ocrx_word' id='word_1_782' title='bbox 3108 3430 3470 3503; x_wconf 87' lang='lat' dir='ltr'><strong>adversarios.</strong></span> <span class='ocrx_word' id='word_1_783' title='bbox 3507 3429 3781 3503; x_wconf 70' lang='lat' dir='ltr'><strong>Montibus</strong></span> <span class='ocrx_word' id='word_1_784' title='bbox 3823 3443 3909 3487; x_wconf 89' lang='lat' dir='ltr'><strong>est</strong></span> <span class='ocrx_word' id='word_1_785' title='bbox 3933 3447 3969 3503; x_wconf 80' lang='lat' dir='ltr'><strong>e</strong></span> 
     </span>
    </p>
   </div>
   <div class='ocr_carea' id='block_1_107' title="bbox 2361 3501 3973 3570">
    <p class='ocr_par' dir='ltr' id='par_1_107' title="bbox 2361 3501 3973 3570">
     <span class='ocr_line' id='line_1_108' title="bbox 2361 3501 3973 3570; baseline 0.002 -14"><span class='ocrx_word' id='word_1_786' title='bbox 2361 3501 2697 3557; x_wconf 84' lang='lat' dir='ltr'><strong>correctione</strong></span> <span class='ocrx_word' id='word_1_787' title='bbox 2735 3501 2965 3558; x_wconf 88' lang='lat' dir='ltr'><strong>Gelenii.</strong></span> <span class='ocrx_word' id='word_1_788' title='bbox 3015 3501 3276 3556; x_wconf 83' lang='lat' dir='ltr'><strong>Heraldus</strong></span> <span class='ocrx_word' id='word_1_789' title='bbox 3315 3510 3469 3570; x_wconf 85' lang='lat' dir='ltr'><strong>putat</strong></span> <span class='ocrx_word' id='word_1_790' title='bbox 3505 3501 3609 3555; x_wconf 91' lang='lat' dir='ltr'><strong>hoc</strong></span> <span class='ocrx_word' id='word_1_791' title='bbox 3650 3503 3773 3559; x_wconf 72' lang='lat' dir='ltr'><strong>loeti</strong></span> <span class='ocrx_word' id='word_1_792' title='bbox 3802 3502 3973 3559; x_wconf 86' lang='lat' dir='ltr'><strong>alludi</strong></span> 
     </span>
    </p>
   </div>
   <div class='ocr_carea' id='block_1_108' title="bbox 2362 3572 3972 3644">
    <p class='ocr_par' dir='ltr' id='par_1_108' title="bbox 2362 3572 3972 3644">
     <span class='ocr_line' id='line_1_109' title="bbox 2362 3572 3972 3644; baseline 0.001 -17"><span class='ocrx_word' id='word_1_793' title='bbox 2362 3573 2670 3642; x_wconf 83' lang='lat' dir='ltr'><strong>Opinionem</strong></span> <span class='ocrx_word' id='word_1_794' title='bbox 2718 3572 2788 3630; x_wconf 90' lang='lat' dir='ltr'><strong>de</strong></span> <span class='ocrx_word' id='word_1_795' title='bbox 2835 3572 3109 3629; x_wconf 88' lang='lat' dir='ltr'><strong>montibus</strong></span> <span class='ocrx_word' id='word_1_796' title='bbox 3148 3582 3203 3644; x_wconf 83' lang='lat' dir='ltr'><strong>et</strong></span> <span class='ocrx_word' id='word_1_797' title='bbox 3245 3574 3416 3644; x_wconf 82' lang='lat' dir='ltr'><strong>sylvis</strong></span> <span class='ocrx_word' id='word_1_798' title='bbox 3458 3574 3512 3628; x_wconf 92' lang='lat' dir='ltr'><strong>in</strong></span> <span class='ocrx_word' id='word_1_799' title='bbox 3547 3573 3694 3627; x_wconf 67' lang='lat' dir='ltr'><strong>luna:</strong></span> <span class='ocrx_word' id='word_1_800' title='bbox 3723 3573 3972 3641; x_wconf 87' lang='lat' dir='ltr'><strong>circulo;</strong></span> 
     </span>
    </p>
   </div>
   <div class='ocr_carea' id='block_1_109' title="bbox 2362 3642 3972 3713">
    <p class='ocr_par' dir='ltr' id='par_1_109' title="bbox 2362 3642 3972 3713">
     <span class='ocr_line' id='line_1_110' title="bbox 2362 3642 3972 3713; baseline 0.003 -17"><span class='ocrx_word' id='word_1_801' title='bbox 2362 3660 2521 3713; x_wconf 90' lang='lat' dir='ltr'><strong>quam</strong></span> <span class='ocrx_word' id='word_1_802' title='bbox 2553 3645 2871 3699; x_wconf 81' lang='lat' dir='ltr'><strong>Anaxitncni</strong></span> <span class='ocrx_word' id='word_1_803' title='bbox 2897 3644 3010 3710; x_wconf 84' lang='lat' dir='ltr'><strong>alii,</strong></span> <span class='ocrx_word' id='word_1_804' title='bbox 3038 3644 3125 3698; x_wconf 92' lang='lat' dir='ltr'><strong>alii</strong></span> <span class='ocrx_word' id='word_1_805' title='bbox 3160 3642 3479 3712; x_wconf 79' lang='lat' dir='ltr'><strong>Xenopltani</strong></span> <span class='ocrx_word' id='word_1_806' title='bbox 3511 3644 3786 3707; x_wconf 86' lang='lat' dir='ltr'><strong>tribuunt,</strong></span> <span class='ocrx_word' id='word_1_807' title='bbox 3816 3643 3972 3701; x_wconf 78' lang='lat' dir='ltr'><strong>verbi</strong></span> 
     </span>
    </p>
   </div>
   <div class='ocr_carea' id='block_1_110' title="bbox 2363 3714 3970 3784">
    <p class='ocr_par' dir='ltr' id='par_1_110' title="bbox 2363 3714 3970 3784">
     <span class='ocr_line' id='line_1_111' title="bbox 2363 3714 3970 3784; baseline -0.001 -15"><span class='ocrx_word' id='word_1_808' title='bbox 2363 3730 2523 3769; x_wconf 79' lang='lat' dir='ltr'><strong>causa</strong></span> <span class='ocrx_word' id='word_1_809' title='bbox 2570 3715 2797 3779; x_wconf 80' lang='lat' dir='ltr'><strong>Cicero,</strong></span> <span class='ocrx_word' id='word_1_810' title='bbox 2852 3714 3016 3771; x_wconf 84' lang='lat' dir='ltr'><strong>Acad.</strong></span> <span class='ocrx_word' id='word_1_811' title='bbox 3056 3731 3127 3781; x_wconf 81' lang='grc' dir='ltr'>ιι,</span> <span class='ocrx_word' id='word_1_812' title='bbox 3179 3730 3300 3784; x_wconf 83' lang='lat' dir='ltr'><strong>cap.</strong></span> <span class='ocrx_word' id='word_1_813' title='bbox 3330 3716 3398 3771; x_wconf 82' lang='lat'><strong>&#39;59</strong></span> <span class='ocrx_word' id='word_1_814' title='bbox 3424 3756 3440 3781; x_wconf 91' lang='lat'><strong>,</strong></span> <span class='ocrx_word' id='word_1_815' title='bbox 3482 3715 3574 3784; x_wconf 88' lang='lat' dir='ltr'><strong>ubi</strong></span> <span class='ocrx_word' id='word_1_816' title='bbox 3603 3714 3716 3769; x_wconf 85' lang='lat' dir='ltr'><strong>vid.</strong></span> <span class='ocrx_word' id='word_1_817' title='bbox 3752 3714 3970 3781; x_wconf 83' lang='lat' dir='ltr'><strong>Davis.;</strong></span> 
     </span>
    </p>
   </div>
   <div class='ocr_carea' id='block_1_111' title="bbox 2365 3783 3976 3857">
    <p class='ocr_par' dir='ltr' id='par_1_111' title="bbox 2365 3783 3976 3857">
     <span class='ocr_line' id='line_1_112' title="bbox 2365 3783 3976 3857; baseline -0.001 -17"><span class='ocrx_word' id='word_1_818' title='bbox 2365 3786 2630 3857; x_wconf 87' lang='lat' dir='ltr'><strong>Diogenes</strong></span> <span class='ocrx_word' id='word_1_819' title='bbox 2645 3786 2874 3842; x_wconf 67' lang='lat' dir='ltr'><strong>Laertius</strong></span> <span class='ocrx_word' id='word_1_820' title='bbox 2894 3798 3072 3842; x_wconf 88' lang='lat' dir='ltr'><strong>autem</strong></span> <span class='ocrx_word' id='word_1_821' title='bbox 3106 3786 3198 3843; x_wconf 82' lang='lat' dir='ltr'><strong>lib.</strong></span> <span class='ocrx_word' id='word_1_822' title='bbox 3224 3783 3283 3847; x_wconf 86' lang='grc' dir='ltr'>ιι,</span> <span class='ocrx_word' id='word_1_823' title='bbox 3307 3785 3490 3856; x_wconf 80' lang='lat' dir='ltr'><strong>Segni.</strong></span> <span class='ocrx_word' id='word_1_824' title='bbox 3513 3783 3603 3841; x_wconf 88' lang='lat'><strong>88.</strong></span> <span class='ocrx_word' id='word_1_825' title='bbox 3638 3790 3976 3857; x_wconf 54' lang='lat' dir='ltr'><strong>Anaxagora</strong></span> 
     </span>
    </p>
   </div>
   <div class='ocr_carea' id='block_1_112' title="bbox 2364 3855 3980 3926">
    <p class='ocr_par' dir='ltr' id='par_1_112' title="bbox 2364 3855 3980 3926">
     <span class='ocr_line' id='line_1_113' title="bbox 2364 3855 3980 3926; baseline 0.001 -15"><span class='ocrx_word' id='word_1_826' title='bbox 2364 3855 2521 3913; x_wconf 74' lang='lat' dir='ltr'><strong>Cotti.</strong></span> <span class='ocrx_word' id='word_1_827' title='bbox 2554 3858 2854 3922; x_wconf 88' lang='lat' dir='ltr'><strong>Plutarch.,</strong></span> <span class='ocrx_word' id='word_1_828' title='bbox 2878 3858 2946 3912; x_wconf 85' lang='lat' dir='ltr'><strong>de</strong></span> <span class='ocrx_word' id='word_1_829' title='bbox 2972 3857 3110 3912; x_wconf 85' lang='lat' dir='ltr'><strong>facie</strong></span> <span class='ocrx_word' id='word_1_830' title='bbox 3136 3857 3189 3912; x_wconf 91' lang='lat' dir='ltr'><strong>in</strong></span> <span class='ocrx_word' id='word_1_831' title='bbox 3220 3857 3351 3913; x_wconf 89' lang='lat' dir='ltr'><strong>orbe</strong></span> <span class='ocrx_word' id='word_1_832' title='bbox 3377 3855 3540 3924; x_wconf 66' lang='lat' dir='ltr'><strong>lunae,</strong></span> <span class='ocrx_word' id='word_1_833' title='bbox 3565 3872 3687 3926; x_wconf 90' lang='lat' dir='ltr'><strong>cap.</strong></span> <span class='ocrx_word' id='word_1_834' title='bbox 3708 3856 3803 3923; x_wconf 78' lang='lat'><strong>55,</strong></span> <span class='ocrx_word' id='word_1_835' title='bbox 3828 3855 3883 3912; x_wconf 82' lang='lat' dir='ltr'><strong>et</strong></span> <span class='ocrx_word' id='word_1_836' title='bbox 3907 3855 3980 3913; x_wconf 89' lang='lat' dir='ltr'><strong>de</strong></span> 
     </span>
    </p>
   </div>
   <div class='ocr_carea' id='block_1_113' title="bbox 2367 3927 3982 4000">
    <p class='ocr_par' dir='ltr' id='par_1_113' title="bbox 2367 3927 3982 4000">
     <span class='ocr_line' id='line_1_114' title="bbox 2367 3927 3982 4000; baseline 0 -16"><span class='ocrx_word' id='word_1_837' title='bbox 2367 3929 2509 3984; x_wconf 72' lang='lat' dir='ltr'><strong>luna:</strong></span> <span class='ocrx_word' id='word_1_838' title='bbox 2530 3930 2870 4000; x_wconf 86' lang='lat' dir='ltr'><strong>aliorumque</strong></span> <span class='ocrx_word' id='word_1_839' title='bbox 2894 3929 3226 3997; x_wconf 84' lang='lat' dir='ltr'><strong>planetarum</strong></span> <span class='ocrx_word' id='word_1_840' title='bbox 3253 3928 3527 4000; x_wconf 82' lang='lat' dir='ltr'><strong>montibus</strong></span> <span class='ocrx_word' id='word_1_841' title='bbox 3543 3927 3873 4000; x_wconf 70' lang='lat' dir='ltr'><strong>exopinionc</strong></span> <span class='ocrx_word' id='word_1_842' title='bbox 3890 3943 3982 4000; x_wconf 67' lang='lat' dir='ltr'><strong>re-</strong></span> 
     </span>
    </p>
   </div>
   <div class='ocr_carea' id='block_1_114' title="bbox 2365 3996 3987 4069">
    <p class='ocr_par' dir='ltr' id='par_1_114' title="bbox 2365 3996 3987 4069">
     <span class='ocr_line' id='line_1_115' title="bbox 2365 3996 3987 4069; baseline -0.001 -14"><span class='ocrx_word' id='word_1_843' title='bbox 2365 4001 2667 4056; x_wconf 81' lang='lat' dir='ltr'><strong>centiorum</strong></span> <span class='ocrx_word' id='word_1_844' title='bbox 2680 3996 3138 4061; x_wconf 72' lang='lat' dir='ltr'><strong>astronomorum.</strong></span> <span class='ocrx_word' id='word_1_845' title='bbox 3156 3998 3867 4069; x_wconf 81' lang='lat' dir='ltr'><strong>J.E.Bode,l.t.Allgeme_ine</strong></span> <span class='ocrx_word' id='word_1_846' title='bbox 3882 3996 3987 4053; x_wconf 81' lang='lat' dir='ltr'><strong>Be-</strong></span> 
     </span>
    </p>
   </div>
   <div class='ocr_carea' id='block_1_115' title="bbox 2366 4067 3978 4150">
    <p class='ocr_par' dir='ltr' id='par_1_115' title="bbox 2366 4067 3978 4150">
     <span class='ocr_line' id='line_1_116' title="bbox 2366 4067 3978 4150; baseline 0 -25"><span class='ocrx_word' id='word_1_847' title='bbox 2366 4074 2700 4150; x_wconf 59' lang='lat' dir='ltr'><strong>tracittungen</strong></span> <span class='ocrx_word' id='word_1_848' title='bbox 2722 4070 2843 4150; x_wconf 61' lang='lat' dir='ltr'><strong>iiber</strong></span> <span class='ocrx_word' id='word_1_849' title='bbox 2860 4069 3366 4150; x_wconf 79' lang='lat' dir='ltr'><strong>das_Weltgebaude,</strong></span> <span class='ocrx_word' id='word_1_850' title='bbox 3395 4086 3450 4143; x_wconf 73' lang='grc' dir='ltr'><strong>ι).</strong></span> <span class='ocrx_word' id='word_1_851' title='bbox 3472 4069 3564 4134; x_wconf 81' lang='grc'><strong>59.</strong></span> <span class='ocrx_word' id='word_1_852' title='bbox 3589 4067 3742 4150; x_wconf 65' lang='lat' dir='ltr'><strong>seqq.</strong></span> <span class='ocrx_word' id='word_1_853' title='bbox 3762 4067 3978 4150; x_wconf 47' lang='lat' dir='ltr'><strong>quisue.</strong></span> 
     </span>
    </p>
   </div>
   <div class='ocr_carea' id='block_1_116' title="bbox 2370 4139 3983 4270">
    <p class='ocr_par' dir='ltr' id='par_1_116' title="bbox 2370 4139 3983 4270">
     <span class='ocr_line' id='line_1_117' title="bbox 2370 4139 3983 4270; baseline 0.002 -75"><span class='ocrx_word' id='word_1_854' title='bbox 2370 4142 2512 4270; x_wconf 41' lang='grc' dir='ltr'><strong>[Ενὶ</strong></span> <span class='ocrx_word' id='word_1_855' title='bbox 2555 4139 2776 4270; x_wconf 55' lang='grc' dir='ltr'>ηιὶιιξέιὶιι</span> <span class='ocrx_word' id='word_1_856' title='bbox 2812 4142 3058 4212; x_wconf 85' lang='lat' dir='ltr'><strong>premitur</strong></span> <span class='ocrx_word' id='word_1_857' title='bbox 3087 4139 3476 4214; x_wconf 54' lang='lat' dir='ltr'><strong>exagitaturq&#39;ue</strong></span> <span class='ocrx_word' id='word_1_858' title='bbox 3506 4139 3741 4211; x_wconf 84' lang='lat' dir='ltr'><strong>majoris.</strong></span> <span class='ocrx_word' id='word_1_859' title='bbox 3786 4139 3983 4212; x_wconf 81' lang='lat' dir='ltr'><strong>Virgil.</strong></span> 
     </span>
     <span class='ocr_line' id='line_1_118' title="bbox 2443 4230 2745 4270; baseline 0 -1"><span class='ocrx_word' id='word_1_860' title='bbox 2443 4231 2523 4270; x_wconf 88' lang='grc' dir='ltr'>ιι..</span> <span class='ocrx_word' id='word_1_861' title='bbox 2558 4230 2630 4270; x_wconf 85' lang='lat' dir='ltr'><strong>vi.</strong></span> <span class='ocrx_word' id='word_1_862' title='bbox 2733 4257 2745 4269; x_wconf 94' lang='lat'><strong>.</strong></span> 
     </span>
    </p>
   </div>
   <div class='ocr_carea' id='block_1_117' title="bbox 2443 4230 2745 4281">
    <p class='ocr_par' dir='ltr' id='par_1_117' title="bbox 2443 4230 2745 4281">
     <span class='ocr_line' id='line_1_119' title="bbox 2443 4230 2745 4281; baseline 0.003 -12"><span class='ocrx_word' id='word_1_863' title='bbox 2443 4231 2523 4281; x_wconf 91' lang='lat' dir='ltr'><strong>u.,</strong></span> <span class='ocrx_word' id='word_1_864' title='bbox 2558 4230 2630 4279; x_wconf 83' lang='lat' dir='ltr'><strong>vt,</strong></span> <span class='ocrx_word' id='word_1_865' title='bbox 2658 4230 2745 4270; x_wconf 77' lang='grc' dir='ltr'><strong>ιδ.</strong></span> 
     </span>
    </p>
   </div>
   <div class='ocr_carea' id='block_1_118' title="bbox 2461 4272 3635 4368">
    <p class='ocr_par' dir='ltr' id='par_1_118' title="bbox 2461 4305 3635 4368">
     <span class='ocr_line' id='line_1_120' title="bbox 2461 4305 3635 4368; baseline 0 -13"><span class='ocrx_word' id='word_1_866' title='bbox 2461 4305 2733 4355; x_wconf 85' lang='lat' dir='ltr'><strong>Bacchatur</strong></span> <span class='ocrx_word' id='word_1_867' title='bbox 2758 4314 2920 4367; x_wconf 87' lang='lat' dir='ltr'><strong>vates,</strong></span> <span class='ocrx_word' id='word_1_868' title='bbox 2940 4318 3171 4368; x_wconf 85' lang='lat' dir='ltr'><strong>magnum</strong></span> <span class='ocrx_word' id='word_1_869' title='bbox 3185 4307 3229 4356; x_wconf 89' lang='lat' dir='ltr'><strong>si</strong></span> <span class='ocrx_word' id='word_1_870' title='bbox 3246 4313 3455 4368; x_wconf 89' lang='lat' dir='ltr'><strong>pectore</strong></span> <span class='ocrx_word' id='word_1_871' title='bbox 3475 4306 3635 4368; x_wconf 82' lang='lat' dir='ltr'><strong>possit</strong></span> 
     </span>
    </p>
   </div>
   <div class='ocr_carea' id='block_1_119' title="bbox 2464 4366 3988 4430">
    <p class='ocr_par' dir='ltr' id='par_1_119' title="bbox 2464 4366 3988 4430">
     <span class='ocr_line' id='line_1_121' title="bbox 2464 4366 3988 4430; baseline 0 -14"><span class='ocrx_word' id='word_1_872' title='bbox 2464 4369 2752 4430; x_wconf 56' lang='lat' dir='ltr'><strong>incussisse</strong></span> <span class='ocrx_word' id='word_1_873' title='bbox 2778 4366 2976 4417; x_wconf 87' lang='lat' dir='ltr'><strong>Deum:</strong></span> <span class='ocrx_word' id='word_1_874' title='bbox 3003 4366 3140 4418; x_wconf 73' lang='lat' dir='ltr'><strong>tanto</strong></span> <span class='ocrx_word' id='word_1_875' title='bbox 3160 4366 3318 4430; x_wconf 79' lang='lat' dir='ltr'><strong>magis</strong></span> <span class='ocrx_word' id='word_1_876' title='bbox 3342 4367 3428 4430; x_wconf 81' lang='lat' dir='ltr'><strong>ille</strong></span> <span class='ocrx_word' id='word_1_877' title='bbox 3453 4366 3629 4429; x_wconf 73' lang='lat' dir='ltr'><strong>fatigat</strong></span> <span class='ocrx_word' id='word_1_878' title='bbox 3866 4426 3880 4430; x_wconf 90' lang='lat'><strong>_</strong></span> <span class='ocrx_word' id='word_1_879' title='bbox 3969 4366 3988 4425; x_wconf 78' lang='grc' dir='ltr'><strong>ι</strong></span> 
     </span>
    </p>
   </div>
   <div class='ocr_carea' id='block_1_120' title="bbox 2461 4426 3937 4494">
    <p class='ocr_par' dir='ltr' id='par_1_120' title="bbox 2461 4426 3937 4494">
     <span class='ocr_line' id='line_1_122' title="bbox 2461 4426 3937 4494; baseline -0.001 -14"><span class='ocrx_word' id='word_1_880' title='bbox 2461 4429 2529 4481; x_wconf 86' lang='lat' dir='ltr'><strong>0s</strong></span> <span class='ocrx_word' id='word_1_881' title='bbox 2557 4430 2797 4490; x_wconf 88' lang='lat' dir='ltr'><strong>rabidum,</strong></span> <span class='ocrx_word' id='word_1_882' title='bbox 2821 4430 2928 4480; x_wconf 89' lang='lat' dir='ltr'><strong>t‘era</strong></span> <span class='ocrx_word' id='word_1_883' title='bbox 2948 4432 3095 4480; x_wconf 92' lang='lat' dir='ltr'><strong>corda</strong></span> <span class='ocrx_word' id='word_1_884' title='bbox 3117 4426 3340 4491; x_wconf 70' lang='lat' dir='ltr'><strong>domans,</strong></span> <span class='ocrx_word' id='word_1_885' title='bbox 3375 4426 3619 4494; x_wconf 69' lang='lat' dir='ltr'><strong>ﬁngitque</strong></span> <span class='ocrx_word' id='word_1_886' title='bbox 3638 4426 3937 4492; x_wconf 85' lang='lat' dir='ltr'><strong>premendo.</strong></span> 
     </span>
    </p>
   </div>
   <div class='ocr_carea' id='block_1_121' title="bbox 3595 4511 3801 4569">
    <p class='ocr_par' dir='ltr' id='par_1_121' title="bbox 3595 4511 3801 4569">
     <span class='ocr_line' id='line_1_123' title="bbox 3595 4511 3801 4569; baseline -0.015 -1"><span class='ocrx_word' id='word_1_887' title='bbox 3595 4511 3801 4569; x_wconf 75' lang='lat' dir='ltr'><strong>Casu.</strong></span> 
     </span>
    </p>
   </div>
   <div class='ocr_carea' id='block_1_122' title="bbox 2447 4607 3989 4733">
    <p class='ocr_par' dir='ltr' id='par_1_122' title="bbox 2447 4607 3989 4733">
     <span class='ocr_line' id='line_1_124' title="bbox 2447 4607 3989 4733; baseline -0.001 -70"><span class='ocrx_word' id='word_1_888' title='bbox 2447 4607 2513 4663; x_wconf 88' lang='lat' dir='ltr'><strong>Ut</strong></span> <span class='ocrx_word' id='word_1_889' title='bbox 2536 4608 2763 4733; x_wconf 57' lang='lat' dir='ltr'><strong>digiciles</strong></span> <span class='ocrx_word' id='word_1_890' title='bbox 2797 4609 3179 4678; x_wconf 81' lang='lat' dir='ltr'><strong>puerperiarum</strong></span> <span class='ocrx_word' id='word_1_891' title='bbox 3209 4609 3362 4663; x_wconf 86' lang='lat' dir='ltr'><strong>tricas</strong></span> <span class='ocrx_word' id='word_1_892' title='bbox 3384 4608 3526 4662; x_wconf 77' lang='lat' dir='ltr'><strong>Juno</strong></span> <span class='ocrx_word' id='word_1_893' title='bbox 3556 4607 3782 4661; x_wconf 82' lang='lat' dir='ltr'><strong>mulcent</strong></span> <span class='ocrx_word' id='word_1_894' title='bbox 3802 4607 3989 4662; x_wconf 81' lang='lat' dir='ltr'><strong>corri-</strong></span> 
     </span>
     <span class='ocr_line' id='line_1_125' title="bbox 2447 4676 3989 4733; baseline 0.001 -1"><span class='ocrx_word' id='word_1_895' title='bbox 2447 4690 2561 4733; x_wconf 88' lang='lat' dir='ltr'><strong>taue</strong></span> <span class='ocrx_word' id='word_1_896' title='bbox 2625 4681 2795 4733; x_wconf 76' lang='lat' dir='ltr'><strong>urina.</strong></span> <span class='ocrx_word' id='word_1_897' title='bbox 2813 4679 3090 4733; x_wconf 78' lang='lat' dir='ltr'><strong>Corripiat.</strong></span> <span class='ocrx_word' id='word_1_898' title='bbox 3108 4681 3221 4733; x_wconf 66' lang='lat' dir='ltr'><strong>scil.</strong></span> <span class='ocrx_word' id='word_1_899' title='bbox 3244 4681 3419 4733; x_wconf 88' lang='lat' dir='ltr'><strong>tricas.</strong></span> <span class='ocrx_word' id='word_1_900' title='bbox 3439 4694 3624 4733; x_wconf 88' lang='lat' dir='ltr'><strong>moras.</strong></span> <span class='ocrx_word' id='word_1_901' title='bbox 3650 4676 3702 4729; x_wconf 90' lang='lat' dir='ltr'><strong>id</strong></span> <span class='ocrx_word' id='word_1_902' title='bbox 3714 4686 3801 4731; x_wconf 88' lang='lat' dir='ltr'><strong>est</strong></span> <span class='ocrx_word' id='word_1_903' title='bbox 3817 4693 3989 4733; x_wconf 83' lang='lat' dir='ltr'><strong>acce-</strong></span> 
     </span>
    </p>
   </div>
   <div class='ocr_carea' id='block_1_123' title="bbox 2392 4676 3990 4751">
    <p class='ocr_par' dir='ltr' id='par_1_123' title="bbox 2392 4676 3990 4751">
     <span class='ocr_line' id='line_1_126' title="bbox 2392 4676 3990 4751; baseline 0.001 -18"><span class='ocrx_word' id='word_1_904' title='bbox 2392 4679 2561 4751; x_wconf 88' lang='lat' dir='ltr'><strong>iatque</strong></span> <span class='ocrx_word' id='word_1_905' title='bbox 2583 4676 2795 4734; x_wconf 86' lang='lat' dir='ltr'><strong>Lucina.</strong></span> <span class='ocrx_word' id='word_1_906' title='bbox 2813 4676 3090 4750; x_wconf 83' lang='lat' dir='ltr'><strong>Corripiat,</strong></span> <span class='ocrx_word' id='word_1_907' title='bbox 3108 4681 3221 4734; x_wconf 66' lang='lat' dir='ltr'><strong>scil.</strong></span> <span class='ocrx_word' id='word_1_908' title='bbox 3244 4681 3419 4747; x_wconf 89' lang='lat' dir='ltr'><strong>tricas,</strong></span> <span class='ocrx_word' id='word_1_909' title='bbox 3439 4694 3624 4743; x_wconf 88' lang='lat' dir='ltr'><strong>moras,</strong></span> <span class='ocrx_word' id='word_1_910' title='bbox 3650 4676 3702 4751; x_wconf 71' lang='lat' dir='ltr'><strong>id</strong></span> <span class='ocrx_word' id='word_1_911' title='bbox 3714 4686 3801 4751; x_wconf 79' lang='lat' dir='ltr'><strong>est</strong></span> <span class='ocrx_word' id='word_1_912' title='bbox 3817 4693 3990 4734; x_wconf 83' lang='lat' dir='ltr'><strong>acce-</strong></span> 
     </span>
    </p>
   </div>
   <div class='ocr_carea' id='block_1_124' title="bbox 2378 4746 3988 4822">
    <p class='ocr_par' dir='ltr' id='par_1_124' title="bbox 2378 4746 3988 4822">
     <span class='ocr_line' id='line_1_127' title="bbox 2378 4746 3988 4822; baseline -0.001 -15"><span class='ocrx_word' id='word_1_913' title='bbox 2378 4746 2495 4807; x_wconf 78' lang='lat' dir='ltr'><strong>eret</strong></span> <span class='ocrx_word' id='word_1_914' title='bbox 2512 4761 2741 4822; x_wconf 91' lang='lat' dir='ltr'><strong>partum.</strong></span> <span class='ocrx_word' id='word_1_915' title='bbox 2776 4746 3035 4806; x_wconf 75' lang='lat' dir='ltr'><strong>Similiter</strong></span> <span class='ocrx_word' id='word_1_916' title='bbox 3060 4752 3217 4806; x_wconf 84' lang='lat' dir='ltr'><strong>Ovid.</strong></span> <span class='ocrx_word' id='word_1_917' title='bbox 3241 4751 3366 4807; x_wconf 83' lang='lat' dir='ltr'><strong>Met.</strong></span> <span class='ocrx_word' id='word_1_918' title='bbox 3398 4746 3472 4814; x_wconf 77' lang='lat' dir='ltr'><strong>ix,</strong></span> <span class='ocrx_word' id='word_1_919' title='bbox 3495 4763 3636 4803; x_wconf 87' lang='lat' dir='ltr'><strong>vers.</strong></span> <span class='ocrx_word' id='word_1_920' title='bbox 3666 4746 3799 4815; x_wconf 70' lang='grc' dir='ltr'><strong>ΞΜ,</strong></span> <span class='ocrx_word' id='word_1_921' title='bbox 3818 4764 3988 4822; x_wconf 75' lang='lat' dir='ltr'><strong>seqq.</strong></span> 
     </span>
    </p>
   </div>
   <div class='ocr_carea' id='block_1_125' title="bbox 2459 4838 3711 4901">
    <p class='ocr_par' dir='ltr' id='par_1_125' title="bbox 2459 4838 3711 4901">
     <span class='ocr_line' id='line_1_128' title="bbox 2459 4838 3711 4901; baseline -0.006 -6"><span class='ocrx_word' id='word_1_922' title='bbox 2459 4882 2471 4895; x_wconf 94' lang='lat'><strong>.</strong></span> <span class='ocrx_word' id='word_1_923' title='bbox 2510 4881 2521 4894; x_wconf 93' lang='lat'><strong>.</strong></span> <span class='ocrx_word' id='word_1_924' title='bbox 2561 4880 2573 4892; x_wconf 94' lang='lat'><strong>.</strong></span> <span class='ocrx_word' id='word_1_925' title='bbox 2616 4883 2627 4895; x_wconf 93' lang='lat'><strong>.</strong></span> <span class='ocrx_word' id='word_1_926' title='bbox 2664 4880 2677 4893; x_wconf 93' lang='lat'><strong>.</strong></span> <span class='ocrx_word' id='word_1_927' title='bbox 2719 4883 2729 4892; x_wconf 94' lang='lat'><strong>.</strong></span> <span class='ocrx_word' id='word_1_928' title='bbox 2771 4879 2783 4892; x_wconf 93' lang='lat'><strong>.</strong></span> <span class='ocrx_word' id='word_1_929' title='bbox 2823 4879 2834 4892; x_wconf 94' lang='lat'><strong>.</strong></span> <span class='ocrx_word' id='word_1_930' title='bbox 2874 4878 2886 4890; x_wconf 95' lang='lat'><strong>.</strong></span> <span class='ocrx_word' id='word_1_931' title='bbox 2927 4842 3164 4894; x_wconf 85' lang='lat' dir='ltr'><strong>.Faveant</strong></span> <span class='ocrx_word' id='word_1_932' title='bbox 3190 4845 3279 4894; x_wconf 88' lang='lat' dir='ltr'><strong>tibi</strong></span> <span class='ocrx_word' id='word_1_933' title='bbox 3301 4845 3493 4893; x_wconf 87' lang='lat' dir='ltr'><strong>numina</strong></span> <span class='ocrx_word' id='word_1_934' title='bbox 3514 4838 3711 4901; x_wconf 88' lang='lat' dir='ltr'><strong>saltem,</strong></span> 
     </span>
    </p>
   </div>
   <div class='ocr_carea' id='block_1_126' title="bbox 2456 4904 3726 4970">
    <p class='ocr_par' dir='ltr' id='par_1_126' title="bbox 2456 4904 3726 4970">
     <span class='ocr_line' id='line_1_129' title="bbox 2456 4904 3726 4970; baseline 0 -17"><span class='ocrx_word' id='word_1_935' title='bbox 2456 4905 2828 4970; x_wconf 58' lang='lat' dir='ltr'><strong>Corripiantque</strong></span> <span class='ocrx_word' id='word_1_936' title='bbox 2847 4918 3024 4970; x_wconf 84' lang='lat' dir='ltr'><strong>moras,</strong></span> <span class='ocrx_word' id='word_1_937' title='bbox 3051 4914 3153 4955; x_wconf 89' lang='lat' dir='ltr'><strong>tttm</strong></span> <span class='ocrx_word' id='word_1_938' title='bbox 3178 4920 3289 4956; x_wconf 84' lang='lat' dir='ltr'><strong>cum</strong></span> <span class='ocrx_word' id='word_1_939' title='bbox 3309 4914 3498 4970; x_wconf 73' lang='lat' dir='ltr'><strong>matura</strong></span> <span class='ocrx_word' id='word_1_940' title='bbox 3522 4904 3726 4954; x_wconf 74' lang='lat' dir='ltr'><strong>vocabis</strong></span> 
     </span>
    </p>
   </div>
   <div class='ocr_carea' id='block_1_127' title="bbox 2453 4967 3578 5032">
    <p class='ocr_par' dir='ltr' id='par_1_127' title="bbox 2453 4967 3578 5032">
     <span class='ocr_line' id='line_1_130' title="bbox 2453 4967 3578 5032; baseline -0.003 -14"><span class='ocrx_word' id='word_1_941' title='bbox 2453 4967 2771 5031; x_wconf 66' lang='lat' dir='ltr'><strong>Prmpositam</strong></span> <span class='ocrx_word' id='word_1_942' title='bbox 2790 4968 2972 5019; x_wconf 87' lang='lat' dir='ltr'><strong>timidis</strong></span> <span class='ocrx_word' id='word_1_943' title='bbox 2994 4970 3305 5032; x_wconf 87' lang='lat' dir='ltr'><strong>parientibus</strong></span> <span class='ocrx_word' id='word_1_944' title='bbox 3337 4967 3578 5032; x_wconf 78' lang='lat' dir='ltr'><strong>llithyatn.</strong></span> 
     </span>
    </p>
   </div>
   <div class='ocr_carea' id='block_1_128' title="bbox 3638 5049 3824 5102">
    <p class='ocr_par' dir='ltr' id='par_1_128' title="bbox 3638 5049 3824 5102">
     <span class='ocr_line' id='line_1_131' title="bbox 3638 5049 3824 5102; baseline -0.016 0"><span class='ocrx_word' id='word_1_945' title='bbox 3638 5049 3824 5102; x_wconf 69' lang='lat' dir='ltr'><strong>Onus.</strong></span> 
     </span>
    </p>
   </div>
   <div class='ocr_carea' id='block_1_129' title="bbox 2436 5132 3986 5206">
    <p class='ocr_par' dir='ltr' id='par_1_129' title="bbox 2436 5132 3986 5206">
     <span class='ocr_line' id='line_1_132' title="bbox 2436 5132 3986 5206; baseline 0.003 -19"><span class='ocrx_word' id='word_1_946' title='bbox 2436 5132 2845 5206; x_wconf 78' lang='lat' dir='ltr'><strong>Flammipotens</strong></span> <span class='ocrx_word' id='word_1_947' title='bbox 2878 5132 3161 5206; x_wconf 82' lang='lat' dir='ltr'><strong>Vulcanus.</strong></span> <span class='ocrx_word' id='word_1_948' title='bbox 3191 5133 3447 5192; x_wconf 86' lang='lat' dir='ltr'><strong>Codicem</strong></span> <span class='ocrx_word' id='word_1_949' title='bbox 3476 5152 3759 5192; x_wconf 86' lang='lat' dir='ltr'><strong>romanum</strong></span> <span class='ocrx_word' id='word_1_950' title='bbox 3793 5133 3874 5205; x_wconf 87' lang='lat' dir='ltr'><strong>(id</strong></span> <span class='ocrx_word' id='word_1_951' title='bbox 3896 5142 3986 5193; x_wconf 84' lang='lat' dir='ltr'><strong>est</strong></span> 
     </span>
    </p>
   </div>
   <div class='ocr_carea' id='block_1_130' title="bbox 2365 5204 3986 5279">
    <p class='ocr_par' dir='ltr' id='par_1_130' title="bbox 2365 5204 3986 5279">
     <span class='ocr_line' id='line_1_133' title="bbox 2365 5204 3986 5279; baseline 0 -20"><span class='ocrx_word' id='word_1_952' title='bbox 2365 5204 3014 5279; x_wconf 26' lang='lat' dir='ltr'><strong>editionem:principem)</strong></span> <span class='ocrx_word' id='word_1_953' title='bbox 3047 5206 3399 5279; x_wconf 73' lang='lat' dir='ltr'><strong>depravatum</strong></span> <span class='ocrx_word' id='word_1_954' title='bbox 3433 5209 3548 5263; x_wconf 86' lang='lat' dir='ltr'><strong>scio</strong></span> <span class='ocrx_word' id='word_1_955' title='bbox 3574 5251 3590 5276; x_wconf 95' lang='lat'><strong>,</strong></span> <span class='ocrx_word' id='word_1_956' title='bbox 3636 5207 3830 5279; x_wconf 87' lang='lat' dir='ltr'><strong>inquo</strong></span> <span class='ocrx_word' id='word_1_957' title='bbox 3845 5222 3986 5279; x_wconf 73' lang='lat' dir='ltr'><strong>sup-</strong></span> 
     </span>
    </p>
   </div>
   <div class='ocr_carea' id='block_1_131' title="bbox 2369 5276 3983 5360">
    <p class='ocr_par' dir='ltr' id='par_1_131' title="bbox 2369 5276 3983 5360">
     <span class='ocr_line' id='line_1_134' title="bbox 2369 5276 3983 5360; baseline 0.001 -29"><span class='ocrx_word' id='word_1_958' title='bbox 2369 5292 2597 5360; x_wconf 82' lang='lat' dir='ltr'><strong>posuere</strong></span> <span class='ocrx_word' id='word_1_959' title='bbox 2635 5276 3392 5360; x_wconf 28' lang='lat' dir='ltr'><strong>ﬁantnns’potensi-‘tllterum</strong></span> <span class='ocrx_word' id='word_1_960' title='bbox 3432 5279 3579 5360; x_wconf 56' lang='lat' dir='ltr'><strong>enim</strong></span> <span class='ocrx_word' id='word_1_961' title='bbox 3610 5276 3983 5345; x_wconf 73' lang='lat' dir='ltr'><strong>retinendum,</strong></span> 
     </span>
    </p>
   </div>
   <div class='ocr_carea' id='block_1_132' title="bbox 2367 5348 3984 5418">
    <p class='ocr_par' dir='ltr' id='par_1_132' title="bbox 2367 5348 3984 5418">
     <span class='ocr_line' id='line_1_135' title="bbox 2367 5348 3984 5418; baseline 0 -16"><span class='ocrx_word' id='word_1_962' title='bbox 2367 5363 2489 5403; x_wconf 89' lang='lat' dir='ltr'><strong>cum</strong></span> <span class='ocrx_word' id='word_1_963' title='bbox 2529 5357 2583 5404; x_wconf 93' lang='lat' dir='ltr'><strong>et</strong></span> <span class='ocrx_word' id='word_1_964' title='bbox 2629 5348 2993 5418; x_wconf 86' lang='lat' dir='ltr'><strong>ignipotentem</strong></span> <span class='ocrx_word' id='word_1_965' title='bbox 3040 5351 3164 5406; x_wconf 83' lang='lat' dir='ltr'><strong>alibi</strong></span> <span class='ocrx_word' id='word_1_966' title='bbox 3212 5351 3422 5406; x_wconf 87' lang='lat' dir='ltr'><strong>vocarit</strong></span> <span class='ocrx_word' id='word_1_967' title='bbox 3471 5348 3770 5405; x_wconf 87' lang='lat' dir='ltr'><strong>Vulcanum</strong></span> <span class='ocrx_word' id='word_1_968' title='bbox 3805 5389 3822 5413; x_wconf 93' lang='lat'><strong>,</strong></span> <span class='ocrx_word' id='word_1_969' title='bbox 3875 5362 3984 5415; x_wconf 85' lang='lat' dir='ltr'><strong>qua</strong></span> 
     </span>
    </p>
   </div>
   <div class='ocr_carea' id='block_1_133' title="bbox 2369 5418 3989 5491">
    <p class='ocr_par' dir='ltr' id='par_1_133' title="bbox 2369 5418 3989 5491">
     <span class='ocr_line' id='line_1_136' title="bbox 2369 5418 3989 5491; baseline 0.001 -17"><span class='ocrx_word' id='word_1_970' title='bbox 2369 5419 2760 5486; x_wconf 79' lang='lat' dir='ltr'><strong>compositione</strong></span> <span class='ocrx_word' id='word_1_971' title='bbox 2788 5419 3078 5490; x_wconf 81' lang='lat' dir='ltr'><strong>Apuleius,</strong></span> <span class='ocrx_word' id='word_1_972' title='bbox 3128 5420 3219 5477; x_wconf 87' lang='lat' dir='ltr'><strong>lib.</strong></span> <span class='ocrx_word' id='word_1_973' title='bbox 3251 5437 3267 5476; x_wconf 90' lang='grc' dir='ltr'><strong>ι</strong></span> <span class='ocrx_word' id='word_1_974' title='bbox 3294 5432 3346 5477; x_wconf 92' lang='lat' dir='ltr'><strong>et</strong></span> <span class='ocrx_word' id='word_1_975' title='bbox 3376 5438 3488 5487; x_wconf 85' lang='lat' dir='ltr'><strong>vn,</strong></span> <span class='ocrx_word' id='word_1_976' title='bbox 3534 5436 3719 5491; x_wconf 83' lang='lat' dir='ltr'><strong>sagam</strong></span> <span class='ocrx_word' id='word_1_977' title='bbox 3743 5418 3989 5490; x_wconf 78' lang='lat' dir='ltr'><strong>appellat</strong></span> 
     </span>
    </p>
   </div>
   <div class='ocr_carea' id='block_1_134' title="bbox 2370 5491 3729 5562">
    <p class='ocr_par' dir='ltr' id='par_1_134' title="bbox 2370 5491 3729 5562">
     <span class='ocr_line' id='line_1_137' title="bbox 2370 5491 3729 5562; baseline 0 -19"><span class='ocrx_word' id='word_1_978' title='bbox 2370 5491 2786 5557; x_wconf 85' lang='lat' dir='ltr'><strong>divinipotentem</strong></span> <span class='ocrx_word' id='word_1_979' title='bbox 2817 5507 2834 5543; x_wconf 89' lang='lat'><strong><em>:</em></strong></span> <span class='ocrx_word' id='word_1_980' title='bbox 2863 5492 3094 5562; x_wconf 82' lang='lat' dir='ltr'><strong>qualiter</strong></span> <span class='ocrx_word' id='word_1_981' title='bbox 3122 5503 3175 5547; x_wconf 91' lang='lat' dir='ltr'><strong>et</strong></span> <span class='ocrx_word' id='word_1_982' title='bbox 3201 5492 3368 5547; x_wconf 89' lang='lat' dir='ltr'><strong>Diana</strong></span> <span class='ocrx_word' id='word_1_983' title='bbox 3397 5493 3570 5562; x_wconf 90' lang='lat' dir='ltr'><strong>poetis</strong></span> <span class='ocrx_word' id='word_1_984' title='bbox 3602 5503 3685 5547; x_wconf 89' lang='lat' dir='ltr'><strong>est</strong></span> <span class='ocrx_word' id='word_1_985' title='bbox 3714 5508 3729 5543; x_wconf 92' lang='lat'><strong>:</strong></span> 
     </span>
    </p>
   </div>
   <div class='ocr_carea' id='block_1_135' title="bbox 2464 5580 3791 5696">
    <p class='ocr_par' dir='ltr' id='par_1_135' title="bbox 2464 5580 3791 5696">
     <span class='ocr_line' id='line_1_138' title="bbox 2464 5580 3791 5696; baseline 0.002 -66"><span class='ocrx_word' id='word_1_986' title='bbox 2464 5580 2765 5645; x_wconf 81' lang='lat' dir='ltr'><strong>Silvipotens</strong></span> <span class='ocrx_word' id='word_1_987' title='bbox 2786 5581 2914 5645; x_wconf 88' lang='lat' dir='ltr'><strong>Dea,</strong></span> <span class='ocrx_word' id='word_1_988' title='bbox 2935 5582 3168 5634; x_wconf 83' lang='lat' dir='ltr'><strong>silvicolis</strong></span> <span class='ocrx_word' id='word_1_989' title='bbox 3183 5582 3295 5636; x_wconf 83' lang='lat' dir='ltr'><strong>Dea</strong></span> <span class='ocrx_word' id='word_1_990' title='bbox 3316 5585 3515 5696; x_wconf 78' lang='lat' dir='ltr'><strong>cognitsa</strong></span> <span class='ocrx_word' id='word_1_991' title='bbox 3542 5582 3791 5696; x_wconf 44' lang='lat' dir='ltr'><strong>litabis.</strong></span> 
     </span>
     <span class='ocr_line' id='line_1_139' title="bbox 3510 5660 3731 5696; baseline -0.009 0"><span class='ocrx_word' id='word_1_992' title='bbox 3510 5662 3570 5696; x_wconf 77' lang='grc' dir='ltr'><strong>τε</strong></span> <span class='ocrx_word' id='word_1_993' title='bbox 3604 5660 3615 5673; x_wconf 75' lang='grc' dir='ltr'><strong>ν</strong></span> <span class='ocrx_word' id='word_1_994' title='bbox 3717 5684 3731 5694; x_wconf 89' lang='grc'><strong>.</strong></span> 
     </span>
    </p>
   </div>
   <div class='ocr_carea' id='block_1_136' title="bbox 2448 5721 3991 5801">
    <p class='ocr_par' dir='ltr' id='par_1_136' title="bbox 2448 5721 3991 5801">
     <span class='ocr_line' id='line_1_140' title="bbox 2448 5721 3991 5801; baseline 0.006 -25"><span class='ocrx_word' id='word_1_995' title='bbox 2448 5721 2693 5801; x_wconf 68' lang='lat' dir='ltr'><strong>Fabricet</strong></span> <span class='ocrx_word' id='word_1_996' title='bbox 2706 5726 2785 5781; x_wconf 83' lang='lat' dir='ltr'><strong>his</strong></span> <span class='ocrx_word' id='word_1_997' title='bbox 2798 5744 2958 5783; x_wconf 78' lang='lat' dir='ltr'><strong>enses.</strong></span> <span class='ocrx_word' id='word_1_998' title='bbox 2972 5727 3055 5801; x_wconf 86' lang='lat' dir='ltr'><strong>lta</strong></span> <span class='ocrx_word' id='word_1_999' title='bbox 3079 5744 3179 5784; x_wconf 82' lang='lat' dir='ltr'><strong>ins.</strong></span> <span class='ocrx_word' id='word_1_1000' title='bbox 3206 5728 3374 5801; x_wconf 82' lang='lat' dir='ltr'><strong>Typis</strong></span> <span class='ocrx_word' id='word_1_1001' title='bbox 3390 5728 3659 5785; x_wconf 80' lang='lat' dir='ltr'><strong>cuderuut</strong></span> <span class='ocrx_word' id='word_1_1002' title='bbox 3675 5728 3991 5797; x_wconf 69' lang='lat' dir='ltr'><strong>fabricetur.</strong></span> 
     </span>
    </p>
   </div>
   <div class='ocr_carea' id='block_1_137' title="bbox 2376 5796 3995 5872">
    <p class='ocr_par' dir='ltr' id='par_1_137' title="bbox 2376 5796 3995 5872">
     <span class='ocr_line' id='line_1_141' title="bbox 2376 5796 3995 5872; baseline 0.006 -23"><span class='ocrx_word' id='word_1_1003' title='bbox 2376 5797 2538 5867; x_wconf 87' lang='lat' dir='ltr'><strong>Atqui</strong></span> <span class='ocrx_word' id='word_1_1004' title='bbox 2568 5796 2727 5853; x_wconf 88' lang='lat' dir='ltr'><strong>bonis</strong></span> <span class='ocrx_word' id='word_1_1005' title='bbox 2755 5799 3068 5857; x_wconf 85' lang='lat' dir='ltr'><strong>auctoribus</strong></span> <span class='ocrx_word' id='word_1_1006' title='bbox 3096 5802 3148 5858; x_wconf 91' lang='lat' dir='ltr'><strong>in</strong></span> <span class='ocrx_word' id='word_1_1007' title='bbox 3181 5796 3416 5857; x_wconf 59' lang='lat' dir='ltr'><strong>usu&#39;fuit</strong></span> <span class='ocrx_word' id='word_1_1008' title='bbox 3442 5796 3734 5872; x_wconf 76' lang='lat' dir='ltr'><strong>utrumque</strong></span> <span class='ocrx_word' id='word_1_1009' title='bbox 3774 5817 3789 5854; x_wconf 91' lang='lat'><strong>:</strong></span> <span class='ocrx_word' id='word_1_1010' title='bbox 3832 5801 3891 5856; x_wconf 89' lang='lat' dir='ltr'><strong>in</strong></span> <span class='ocrx_word' id='word_1_1011' title='bbox 3916 5801 3995 5867; x_wconf 64' lang='lat' dir='ltr'><strong>iis</strong></span> 
     </span>
    </p>
   </div>
  </div>
