4258 6250
614 239 722 299 985

1755 238 2032 295 AllNOBII
2072 237 2440 295 ADVERSUS
2477 237 2753 295 GENTES

3807 238 3914 295 98b

613 353 861 426 qualitas.
894 353 1037 423 Ergo
1065 353 1107 406 si
1134 350 1249 406 haec
1278 348 1351 405 ita
1379 359 1526 416 sunt,
1552 365 1659 405 non
1682 360 1767 408 est
1793 352 1883 408 dei
1914 351 2212 408 Mercurius
2240 356 2293 414 A
2316 354 2643 410 constitutis.
2671 352 2826 421 Quod
2849 355 2893 410 si
2942 355 3153 411 ratione
3181 353 3460 426 profertur
3487 362 3543 409 et
3566 364 3913 409 asseveratur

613 466 834 513 nomen,
868 447 962 503 sed
1006 446 1273 501 sermonis
1300 446 1693 515 reciprocantis
1733 455 1788 501 et
1830 447 2013 514 vocis,
2052 456 2211 518 atque

613 541 686 596 ita
715 542 817 595 hoc
842 546 1000 609 pacto
1024 548 1048 575 ει
1072 538 1320 594 aboletur
1342 546 1395 593 ct
1415 538 1749 610 extinguitur
1769 540 2096 595 caduceator
2124 539 2213 595 ille

616 630 896 703 Cyllenius
929 629 981 683 in
1020 628 1200 700 algida
1229 628 1380 684 fusus
1412 642 1621 696 monte,
1656 632 1881 698 vertice,
1910 631 2211 687 verborum

620 724 956 795 excogitator
1002 735 1056 779 et
1102 723 1380 778 nominum
1427 741 1439 777 :
1487 723 1881 790 nundinarum,
1917 726 2209 791 mercium,

615 818 1184 890 commerciorumque
1214 826 1471 873 mutator.
1496 818 1720 874 Terram
1747 817 1963 889 quidam
1986 836 2016 875 e
2038 820 2207 888 vobis,

614 910 759 983 quod
784 910 996 966 cunctis
1040 909 1273 965 sufficiat
1302 909 1668 965 animantibus
1699 911 1893 965 victum
1916 953 1932 979 ,
1983 922 2211 969 matrem

615 1018 740 1059 esse
766 1001 1023 1057 dixerunt
1050 1016 1301 1073 magnam
1326 1020 1337 1055 :
1360 1002 1606 1057 eamdem
1637 1002 1778 1057 hanc
1799 1003 1916 1071 alii,
1947 1004 2091 1075 quod
2122 1022 2213 1062 sa-

612 1093 872 1149 lutarium
901 1094 1170 1149 seminum
1197 1093 1403 1166 frugem
1436 1104 1617 1163 gerat,
1648 1094 1904 1151 Cererem
1936 1112 2060 1153 esse
2084 1114 2210 1167 pro-

613 1188 864 1244 nuntiant
896 1206 909 1242 :
939 1186 1186 1243 nonnulli
1224 1198 1401 1243 autem
1431 1186 1651 1243 Vestam
1676 1230 1691 1255 ,
1736 1188 1879 1259 quod
1923 1190 1975 1243 in
2010 1190 2212 1247 mundo

612 1290 719 1337 stet
740 1280 874 1345 sola,
896 1280 1105 1336 czeteris
1129 1280 1246 1351 ejus
1272 1281 1514 1351 partibus
1541 1280 1842 1336 mobilitate
1866 1281 1919 1336 in
1949 1295 2207 1353 perpetua

2313 456 2459 506 certa
2478 490 2493 515 ,
2522 450 2660 505 trina
2684 449 2888 520 pariter
2916 450 3130 505 nomina
3159 450 3313 504 vobis
3345 448 3735 519 interpretibus
3765 448 3913 502 nulla

2315 549 2442 597 sunt
2474 559 2487 597 :
2517 557 2626 598 non
2652 542 2849 609 Ceres,
2884 558 2993 598 non
3019 542 3183 599 Vesta
3217 543 3444 598 deorum
3476 555 3599 597 esse
3623 551 3915 610 computa-

2316 636 2521 692 buntur
2560 636 2613 691 in
2659 635 2816 692 fastis
2851 654 2865 691 :
2916 652 3024 691 non
3069 635 3188 707 ipsa
3229 634 3464 705 denique
3493 643 3670 690 mater
3714 634 3912 703 deum,

2317 744 2476 798 quam
2520 728 2762 799 Nigidius
2806 737 3049 785 autumat
3098 728 3500 784 matrimonium
3549 726 3788 783 tenuisse
3814 727 3917 783 Sa-

2320 821 2498 887 turni,
2530 819 2629 876 dea
2655 829 2801 877 recte
2843 821 3044 892 poterit
3071 820 3369 891 nuncupari
3402 835 3417 872 :
3447 818 3718 890 siquidem
3752 817 3912 872 unius

2318 922 2477 969 terrae
2501 912 2617 968 hinc
2644 921 2770 968 sunt
2809 913 2990 968 omnia
3022 912 3274 978 nomina,
3304 920 3360 966 et
3408 909 3493 965 bis
3520 909 3635 966 sola
3659 908 3689 949 ι’
3718 909 3920 981 praedi-

2316 1006 2616 1062 cationibus
2659 1005 2947 1063 indicatur.

2389 1097 2627 1154 XXXIII.
2659 1097 3131 1155 Praetermittimus
3173 1098 3275 1151 hoc
3319 1096 3439 1152 loco
3489 1095 3752 1151 satietatis
3794 1094 3921 1167 fuga

2319 1196 2613 1251 Vulcanum
2648 1212 2661 1250 :
2690 1210 2849 1267 quem
2877 1209 3001 1251 esse
3017 1208 3209 1249 omnes
3230 1193 3408 1264 ignem
3432 1193 3542 1262 pari
3571 1206 3761 1247 vocum
3797 1205 3925 1260 pro-

2316 1287 2574 1344 nuntiatis
2594 1301 2820 1344 assensu
2846 1304 2859 1342 :
2885 1285 3033 1358 quod
3063 1283 3133 1341 ad
3157 1291 3388 1341 cunctos
3410 1282 3606 1349 veniat,
3624 1280 3925 1350 Venerem,

1862 1397 2155 1457 LECTION
2163 1401 2243 1459 ES
2282 1401 2705 1461 VARIANTES.

676 1513 703 1543 ⁸
737 1511 841 1564 Hoc
863 1517 970 1563 acto
993 1511 1111 1563 Sab.
1139 1508 1283 1563 male.

2376 1518 2406 1558 b
2436 1517 2527 1569 Illa
2550 1516 2691 1569 Futv.
2766 1544 2775 1553 -

1990 1623 2559 1685 COMMENTARIUS.

616 1744 629 1755 ’
693 1738 1010 1809 Caduceator
1027 1736 1115 1809 ille
1133 1735 1418 1809 Cyllenius,
1441 1737 1492 1809 in
1520 1737 1693 1805 algida
1720 1741 1863 1808 fusus
1892 1748 2080 1804 monte,
2101 1755 2213 1793 ver-
2246 1744 2294 1803 Β
2322 1739 2477 1796 latini
2528 1740 2765 1796 nominis
2814 1738 3029 1795 Cereris
3070 1745 3126 1793 et
3174 1736 3333 1809 graeci
3364 1742 3523 1809 Δηᾳῦς
3575 1743 3759 1809 etymo
3803 1736 3932 1792 doc-

618 1816 736 1870 tice.
782 1808 1130 1882 Constructio
1179 1808 1434 1882 ᾼιοιιοῂῇρΔ
1472 1807 1751 1863 familiaris
1802 1824 1899 1882 pro
1942 1810 1994 1863 in
2048 1810 2213 1882 algidi

616 1886 771 1941 fusus
823 1878 1023 1933 montis
1079 1879 1301 1934 vertice.
1339 1878 1472 1934 Vide
1525 1895 1709 1947 supra,
1764 1879 1831 1933 ad
1892 1881 1926 1933 Ι.
1960 1896 1998 1946 ι,
2039 1878 2215 1937 0.36.

619 1957 816 2023 Partus
866 1952 1145 2023 eleganter
1172 1951 1393 2023 dicitur
1444 1949 1617 2019 fundi,
1650 1950 1876 2023 effundi.
1909 1951 1999 2007 Sic
2028 1967 2218 2023 supra,

618 2029 657 2082 I.
688 2042 727 2093 ι,
762 2022 801 2077 1.
838 2023 871 2076 l.
909 2040 921 2074 :
953 2022 1242 2093 Mercurius
1273 2033 1414 2075 utero
1439 2024 1587 2091 fusus
1635 2022 1810 2077 Maite.
1847 2023 1904 2076 L.
1940 2038 2002 2084 tt,
2028 2022 2171 2079 c.16
2201 2038 2215 2076 :

619 2098 706 2153 Ea;
732 2094 859 2147 alvis
887 2092 1155 2164 fundimur
1206 2106 1357 2163 atque
1396 2093 1676 2147 emittimur
1703 2103 1944 2164 matrum.
1982 2092 2147 2162 Infra,
2182 2095 2218 2149 l.

618 2186 672 2224 tv
703 2185 717 2221 :
750 2165 816 2219 Et
841 2162 961 2231 quid
983 2163 1162 2217 Jovem
1180 2162 1430 2217 mirantur
1464 2180 1526 2217 ea:
1551 2165 1774 2231 fminina:
1790 2162 2010 2231 effusum
2031 2166 2224 2221 dictare

618 2257 706 2295 vos
732 2236 889 2291 alvo?
922 2235 1188 2300 Lactant.,
1238 2235 1274 2290 l.
1308 2250 1387 2301 ιιι,
1418 2250 1477 2307 c.
1506 2234 1574 2289 I6
1608 2251 1621 2287 :
1657 2234 1777 2289 Non
1824 2236 1959 2288 enim
2011 2246 2098 2290 aut
2126 2254 2219 2307 pa-

619 2312 794 2370 rietes,
826 2316 915 2360 aut
957 2308 1121 2370 locus,
1152 2307 1206 2360 in
1258 2323 1355 2372 quo
1393 2305 1606 2377 quisque
1643 2316 1715 2360 est
1767 2309 1911 2377 fusus
1956 2323 2020 2361 ea:
2050 2305 2214 2377 utero,

620 2380 861 2436 conciliat
907 2378 1104 2432 homini
1150 2376 1477 2447 sapientiam.
1536 2376 1707 2442 Idem,
1748 2376 1815 2431 de
1866 2377 2059 2447 Opiﬁc.
2096 2376 2216 2447 Dei,

620 2454 768 2509 0.5:
834 2452 1249 2517 Queruntur.....
1306 2448 1565 2501 hominem
1614 2448 1806 2501 nudum
1850 2460 1898 2502 et
1952 2450 2215 2516 inermem,

621 2537 881 2594 tamquam
910 2538 974 2575 ea:
1002 2520 1299 2594 naufragio,
1349 2519 1403 2571 in
1432 2519 1590 2594 hujus
1612 2519 1729 2574 uiue
1769 2520 2001 2594 miserias
2032 2522 2217 2594 projici

622 2605 667 2649 et
694 2589 884 2660 expelli
908 2609 925 2656 ;
947 2591 1032 2659 qui
1064 2589 1223 2660 neque
1253 2606 1452 2643 movere
1480 2589 1534 2643 se
1572 2591 1707 2653 loco,
1740 2589 1825 2644 ubi
1878 2589 2072 2657 effusus
2117 2589 2214 2659 est,

623 2666 804 2738 possit,
832 2680 941 2738 nec
984 2662 1296 2738 alimentum
1322 2661 1487 2738 lactis
1532 2672 1804 2730 appetere,
1854 2679 1943 2738 nec
1970 2664 2219 2738 iniuriam

625 2731 867 2805 telitporis
894 2738 1047 2805 ferre.
1097 2732 1195 2787 Ubi
1250 2732 1371 2787 vide
1413 2731 1775 2796 Bunemann.,
1813 2748 1865 2803 p.
1926 2731 2085 2788 1127.
2115 2734 2224 2789 ΗΕ-

625 2824 782 2864 nam).
816 2816 870 2862 et
902 2806 1104 2861 UllELL.

703 2877 956 2932 Mercium
1001 2875 1521 2941 commerciorumque
1546 2883 1792 2930 mutator.
1828 2875 2019 2930 Festus
2050 2894 2062 2929 :
2092 2875 2228 2932 Mer-

626 2951 798 3005 curius
825 2966 856 3002 a
890 2948 1140 3001 mercibus
1179 2955 1252 2999 est
1298 2946 1463 2999 dictus
1496 2960 1513 2998 :
1543 2945 1679 3016 hunc
1722 2945 1859 3000 enim
1906 2947 2227 3016 negotiorum

2324 1812 2530 1867 tissime
2577 1812 2814 1880 disputat
2860 1809 2924 1865 N.
2971 1807 3196 1880 Ignarra'
3241 1808 3550 1880 Emendatt.
3601 1809 3659 1880 in,
3709 1807 3935 1880 Homeri

2328 1882 2526 1953 Hymn.
2559 1883 2611 1937 in
2634 1877 2849 1948 Cerer.,
2875 1882 2927 1937 in
2952 1877 3261 1953 Ruhnkenii
3293 1879 3438 1934 illius
3466 1877 3665 1949 Hymni
3693 1878 3933 1934 editione

2324 1950 2639 2024 novissima,
2678 1970 2728 2024 p.
2755 1954 2863 2009 495
2884 1961 3126 2024 et__seqq.
3147 1950 3353 2024 Οιιειι..

2401 2022 2873 2080 Νοηηιιιιϊαιιεεηι
2932 2022 3159 2087 Vestam,
3185 2022 3324 2093 quod
3346 2023 3399 2075 in
3444 2022 3638 2075 mundo
3664 2028 3755 2075 stet
3793 2022 3932 2085 sola,

2326 2098 2522 2151 caneris
2544 2097 2657 2166 ejus
2689 2096 2915 2165 partibus
2944 2093 3222 2166 mobilitate
3256 2093 3309 2166 in
3339 2092 3933 2166 perpetuafonstitutis.

2328 2167 2483 2223 Plato
2539 2161 2591 2221 in
2640 2161 2893 2230 Phaedro,
2928 2180 2981 2234 p.
3032 2165 3161 2227 247,
3196 2163 3301 2218 vol.
3341 2161 3443 2226 ιιι,
3472 2164 3562 2219 ed.
3595 2161 3659 2217 Η.
3688 2161 3879 2233 Steph.
3919 2179 3933 2215 :

2326 2240 2467 2367 gljigt
2493 2241 2595 2314 ’γὰρ
2621 2237 2797 2296 Ἑστία
2827 2239 2877 2293 ἐν
2903 2233 3025 2296 θὲῶν
3071 2234 3190 2313 οἴκῳ
3214 2236 3360 2313 μόνη.
3386 2233 3568 2304 0Vid.,
3596 2233 3771 2304 Fast.,
3803 2236 3839 2289 l.
3863 2251 3935 2301 τι,

2481 2423 2590 2474 Stat
2610 2424 2658 2473 vi
2679 2429 2811 2474 terra
2835 2437 2921 2474 sua
2947 2438 2961 2474 :
2991 2425 3035 2473 vi
3052 2423 3224 2474 stando
3239 2402 3393 2474 Vesta
3413 2430 3609 2475 vocatur

2570 2485 2824 2550 Causaque
2840 2500 2923 2551 par
2939 2489 3063 2549 grati
3080 2487 3290 2537 nominis
3300 2500 3413 2537 esse
3428 2494 3604 2551 potest.

2325 2594 2488 2651 Conf.
2548 2597 2768 2667 Dionys.
2830 2595 2971 2658 Ilal.,
3024 2595 3061 2648 l.
3111 2594 3148 2648 it
3175 2610 3213 2667 ;7
3245 2594 3460 2667 Isidor.,
3488 2593 3723 2667 Origin.,
3756 2593 3936 2667 ιειίιι,

2327 2683 2377 2722 c.
2415 2669 2475 2722 II
2509 2684 2523 2732 ;
2564 2664 2877 2737 Augustin.,
2918 2667 2987 2721 de
3044 2667 3160 2719 Civ.
3200 2666 3312 2737 Dei,
3356 2666 3389 2737 l.
3427 2681 3495 2729 tv,
3551 2680 3600 2718 c.
3626 2665 3743 2737 ,ιολ
3776 2664 3842 2722 G.
3881 2667 3934 2721 .I.

2330 2739 2514 2805 Voss.,
2562 2739 2629 2793 de
2657 2735 2875 2801 Idulol.,
2909 2739 2945 2791 Ι.
2989 2754 3046 2799 ιι,
3082 2753 3130 2789 c.
3159 2735 3251 2799 59,
3286 2755 3336 2801 ιι.
3365 2736 3493 2801 2⁸51,
3518 2747 3573 2790 et
3612 2735 3662 2791 J.
3696 2735 3843 2807 Lips.
3882 2739 3939 2792 in

2330 2809 2635 2880 Syntagm.,
2667 2809 2922 2880 dchsta
2975 2819 3029 2863 et
3054 2807 3386 2880 Vestalibus.
3423 2822 3486 2880 _c.
3518 2810 3568 2862 I.
3597 2808 3899 2880 Scilicetdi
3920 2837 3938 2848 -

2333 2876 2484 2936 cium
2506 2876 2619 2936 'lmc
2645 2896 2713 2936 ex
2742 2879 2872 2935 falsa
2905 2880 3248 2949 antiquorum
3289 2878 3562 2947 opinione.
3585 2876 3938 2949 Contrarium

2331 2951 2490 3023 plane
2512 2960 2757 3006 statuunt
2790 2948 3126 3007 recentiores
3178 2950 3479 3005 astronomi
3510 2950 3636 3023 inde
3664 2965 3693 3003 a
3720 2948 3941 3019 Coper-

628 3022 853 3118 qmnizltm
894 3018 1251 3103 existimabant
1300 3033 1409 3071 esse
1457 3016 1627 3070 deum.
1658 3015 1881 3072 Plautus
1910 3015 2228 3092 iu’Prologo
2254 3055 2301 3118 Ο
2333 3015 2475 3118 hicx.
2510 3024 2713 3118 Oenei...
2745 3094 2812 3118 ψ
3310 3092 3322 3104 ⁸
3376 3044 3381 3049 ο

630 3092 1010 3164 Amphytrion.
1045 3106 1058 3141 :

846 3202 911 3253 Ut
934 3215 1021 3251 vos
1037 3203 1088 3253 in
1112 3200 1293 3251 vestris
1313 3198 1456 3249 voltis
1476 3200 1805 3250 mercimoniis

843 3264 1080 3315 Emundis
1104 3262 1477 3324 vendundisque
1502 3275 1583 3310 me
1610 3262 1772 3311 laetum
1797 3261 1945 3312 lucris

849 3327 1061 3377 Atlieere
1084 3334 1233 3389 atque
1256 3325 1486 3388 adjuvare
1521 3326 1571 3372 in
1594 3324 1747 3374 rebus
1768 3326 2009 3375 omnibus.

634 3439 873 3498 Conf.G.
900 3439 949 3495 J.
983 3438 1168 3506 Voss.,
1190 3435 1427 3508 Etymol.
1459 3451 1624 3502 rom.,
1645 3451 1698 3491 v.
1735 3451 1945 3492 nterces.
1980 3436 2232 3495 ELMENB.

632 3523 687 3569 et
708 3512 922 3639 193:2;
967 3582 1234 3653 quidam};
1261 3580 1421 3647 vobis,
1462 3580 1825 3653 quodeunetis
1869 3580 2097 3651 sufﬁciat
2124 3584 2239 3637 aui-

631 3657 889 3711 mantibus
918 3651 1126 3719 vietum,
1172 3651 1395 3706 Matrem
1434 3667 1541 3706 esse
1562 3651 1804 3705 dixerunt
1836 3667 2095 3723 magnam.
2124 3654 2236 3709 Lu-

632 3728 856 3793 cretius,
885 3726 922 3780 l.
953 3741 1012 3792 ιι,
1043 3740 1093 3777 v.
1130 3724 1257 3789 995,
1288 3738 1439 3794 seqq.
1471 3740 1483 3776 :

724 3840 910 3905 Pabula
934 3855 1045 3891 cum
1063 3842 1261 3905 praebet
1278 3878 1292 3901 ,
1318 3841 1499 3903 quibus
1519 3853 1692 3905 omnes
1713 3853 1916 3903 corpora
1942 3848 2145 3905 pascunt

724 3905 790 3955 Et
811 3903 1006 3954 dulcem
1044 3902 1231 3954 ducunt
1256 3902 1400 3953 vitam
1419 3942 1432 3962 ,
1460 3902 1753 3967 prolemque
1779 3902 2080 3967 propagant,

728 3968 1040 4031 QuaprOpter
1061 3968 1243 4017 merito
1273 3972 1547 4016 maternum
1580 3978 1759 4016 nomen
1771 3966 1960 4077 1aldepta
1985 3973 2083 4017 est.

1820 4042 1991 4077 anno.

714 4132 866 4201 Quod
917 4134 1221 4188 salutarium
1265 4131 1517 4186 seminum
1571 4130 1769 4201 frugem
1815 4139 1978 4201 gerat,
2010 4131 2243 4188 Cererem

638 4222 746 4261 esse
772 4208 1126 4276 pronuntiant.
1158 4202 1240 4276 Ita
1267 4203 1509 4276 sentiunt
1545 4202 1759 4276 Cicero,
1790 4203 1857 4255 de
1892 4202 2014 4257 Nat.
2051 4203 2238 4271 deor.,

635 4277 675 4332 I.
711 4270 847 4342 II,'c.
871 4277 963 4330 ‘26.
995 4275 1163 4330 Mater
1195 4270 1588 4346 (Proserpinze)
1620 4282 1794 4346 autem
1824 4282 1897 4326 est
1945 4290 1975 4325 a
2003 4270 2241 4346 gerendis

637 4347 875 4472 {rugibus
909 4346 1081 4408 Ceres,
1127 4342 1387 4410 tamquam
1417 4342 1620 4409 Ceres},
1670 4352 1725 4397 et
1755 4342 1947 4406 Varro.
1976 4342 2043 4399 de
2082 4345 2237 4414 Ling.

658 4428 729 4471 at.
765 4417 835 4472 Et
879 4426 936 4471 ut
969 4419 1054 4472 hic
1082 4415 1124 4471 C
1174 4431 1271 4472 oro
1319 4415 1387 4472 G.
1419 4423 1609 4469 eontra
1663 4414 1715 4467 in
1758 4414 1877 4469 aliis
1938 4415 2053 4469 fieri
2087 4425 2237 4471 notat

658 4414 835 4472 atht
879 4426 936 4471 ut
969 4419 1054 4472 hic
1082 4415 1124 4471 C
1174 4431 1271 4482 pro
1319 4415 1387 4480 C,
1419 4423 1609 4469 contra
1663 4414 1715 4467 in
1758 4414 1877 4469 aliis
1938 4415 2053 4469 fieri
2087 4425 2237 4471 notat

643 4488 833 4553 Varro,
884 4488 1022 4543 libro
1067 4503 1141 4549 tv,
1170 4487 1299 4540 dum
1347 4485 1533 4541 scribit
1571 4501 1584 4538 :
1613 4484 1830 4539 Gladius
1886 4483 1928 4539 C
1952 4486 2004 4538 in
2032 4485 2076 4540 G
2105 4504 2236 4542 com-

639 4569 835 4613 mutato
864 4576 897 4612 a
935 4559 1100 4613 clade.
1135 4556 1329 4612 Festus
1380 4558 1508 4611 item
1554 4555 1622 4609 ab
1668 4556 1933 4625 urguendo
1963 4555 2174 4621 Oreum,
2205 4576 2236 4615 a

641 4630 968 4700 prtedicendo
1000 4628 1291 4700 prodigium
1334 4625 1557 4700 format.
1596 4625 1927 4700 Promiscute
1955 4628 2118 4683 etiam
2151 4630 2237 4686 Ine

641 4697 838 4757 littera:
867 4697 1008 4755 olim'
1027 4697 1288 4756 librorum
1317 4697 1746 4769 descriptoribus
1770 4714 1784 4752 :
1815 4697 1957 4753 unde
1999 4700 2052 4754 in
2081 4701 2235 4757 codi-

640 4775 795 4828 cibus
815 4771 1041 4827 confusa
1072 4772 1273 4825 totiens
1313 4769 1481 4825 Caius
1502 4767 1581 4824 ‘et
1634 4767 1798 4824 Caius
1834 4778 1889 4825 et
1932 4773 2035 4826 alia
2063 4772 2231 4828 mille.

640 4844 813 4899 Immo
842 4851 899 4899 et
943 4845 994 4898 in
1025 4844 1284 4898 varietate
1331 4839 1635 4911 linguarum
1686 4840 1829 4895 hunc
1866 4842 2019 4911 quasi
2059 4842 2235 4898 lusum

638 4916 865 4986 reperiri
901 4930 1061 4971 nemo
1093 4912 1282 4986 nescit.
1318 4912 1581 4986 Ciconiam
1633 4911 1799 4986 latine
1845 4912 2114 4986 dicimus;
2144 4930 2237 4969 ve-

638 4983 759 5041 rum
804 4987 965 5054 Galli,
994 4986 1131 5052 Itali,
1178 4983 1409 5057 lliSpani
1461 4983 1760 5057 secundum
1793 4984 2062 5057 syllabam
2085 4999 2181 5057 per
2204 5003 2237 5057 g

639 5058 903 5122 scribunt,
933 5069 1094 5127 atque
1133 5055 1364 5111 effantur
1391 5054 1629 5111 suavius.
1665 5054 2109 5127 διεπίεσα-Μ
2136 5054 2235 5110 [ιιιί

640 5145 761 5185 sum
802 5143 924 5184 esse
970 5124 1073 5183 hoc
1114 5140 1333 5199 etymon
1375 5135 1429 5199 et
1478 5140 1675 5180 nomen
1719 5124 1935 5199 Cereris
1986 5127 2237 5181 derivan-

640 5200 771 5255 dum
804 5199 890 5268 vel
931 5200 999 5253 ab
1035 5195 1256 5268 antiquo
1282 5198 1450 5252 verbo
1480 5212 1649 5268 cerea,
1670 5195 1813 5266 quod
1836 5206 1919 5249 est
1940 5213 2076 5259 creo,
2102 5199 2237 5254 vela

677 5285 822 5326 raeco
860 5267 1076 5326 Cereris
1125 5267 1343 5322 numine
1372 5267 1749 5339 antiquissimo
1775 5276 1961 5339 Γῆρυς,
1985 5269 2236 5339 pluribus

677 5286 822 5326 raeco
860 5286 1076 5326 uerens
1125 5286 1343 5322 tiutntne
1372 5286 1749 5334 ίιηιιιιιιιεδιιιιο
1775 5286 1842 5326 ιή
1879 5288 1961 5334 υς,
1985 5286 2231 5339 ριιιτιῡιιε

639 5286 802 5397 ἔσθει
831 5356 1075 5395 summus
1104 5338 1347 5409 Scaliger
1375 5338 1442 5393 ad
1469 5336 1704 5403 Varroa,
1730 5352 1783 5407 p.
1806 5287 1896 5398 εἴ.
1914 5341 2001 5395 ed.
2041 5340 2231 5396 Dordr.

640 5441 712 5454 --
732 5412 1130 5477 Sainte—Croix,
1162 5412 1215 5464 in
1244 5409 1586 5482 ARecherches
1624 5425 1714 5463 sur
1766 5409 1838 5464 les
1871 5410 2121 5482 Mystéres
2165 5412 2237 5466 du

642 5483 976 5556 Paganisme,
998 5497 1053 5553 p.
1072 5483 1200 5556 525,
1225 5479 1433 5536 derivat
1460 5495 1491 5534 a
1513 5478 1691 5556 Ceras,
1716 5495 1825 5556 quo
1843 5478 2061 5556 nomine
2083 5498 2236 5538 crea-

641 5549 817 5612 torém
867 5549 1241 5625 signiﬁcabant
1286 5561 1496 5625 veterius
1543 5549 1755 5625 Etrusci
1806 5549 1989 5625 (Cerne
2016 5570 2237 5625 mmmus

638 5622 943 5696 intelligitur
971 5636 1170 5680 creator
1214 5625 1393 5678 bonus.
1434 5622 1659 5696 Festus,
1682 5624 1738 5696 j.
1770 5622 1846 5685 xi,
1881 5640 1934 5693 p.
1962 5623 2108 5688 257;
2139 5624 2237 5680 Isi-

641 5698 788 5763 dor.,
807 5692 1035 5768 'Origg.,
1084 5698 1121 5751 l.
1174 5712 1287 5764 VIII,
1311 5695 1504 5768 c.7710),
1530 5692 1628 5750 des
1677 5692 1928 5768 Brosses
1953 5708 1984 5748 a
2013 5697 2237 5768 nomine

642 5760 874 5841 mgyptio
913 5760 1304 5828 vél'bebraico
1342 5760 1522 5837 Ereto,
1579 5773 1734 5824 ταντα.
1784 5760 1942 5826 Conf.
1995 5781 2119 5838 qua:
2164 5767 2237 5828 de

2414 3092 2584 3160 Quam
2631 3094 2874 3164 Nigidius
2910 3101 3138 3148 autumat
3170 3092 3796 3147 matrimoniumtenuisse
3839 3091 3946 3147 Sa-

2342 3168 2506 3221 turni.
2539 3165 2698 3229 Infra,
2734 3166 2770 3219 Ι.
2804 3180 2880 3233 tv,
2912 3164 3298 3218 matrimonium
3346 3180 3535 3233 magna
3581 3166 3693 3233 ejus
3724 3165 3942 3218 tenuerit

2342 3182 2506 3221 turm.
2539 3182 2698 3229 intra,
2735 3182 2770 3219 I.
2804 3182 2880 3233 tv,
2912 3182 3298 3218 matrimonium
3346 3182 3429 3216 ma
3469 3182 3535 3217 ua
3581 3182 3693 3233 ejus
3724 3182 3942 3218 tenuem

2340 3247 2521 3293 mater.
2564 3238 2802 3292 Hanno.
2832 3266 2902 3278 ——
2934 3236 3009 3291 De
3049 3235 3113 3290 P.
3158 3234 3381 3306 IVigidio
3424 3182 3638 3306 gignio,
3665 3232 3943 3306 Ciceronis

2340 3309 2533 3378 mquali
2569 3318 2624 3364 et
2672 3309 2820 3363 socio
2864 3308 2916 3362 in
2966 3315 3119 3378 peste
3146 3303 3390 3361 Catilina:
3414 3303 3788 3378 exstirpanda,
3817 3316 3945 3376 post

2345 3376 2641 3435 Varronem
2690 3379 3003 3434 doctissimo
3050 3377 3427 3448 Romanorum
3459 3392 3524 3431 ac
3573 3376 3941 3448 Pythagoreo,

2340 3451 2451 3506 vid.
2498 3450 2687 3507 Harles
2748 3449 3048 3505 lntroduct.
3106 3448 3236 3518 maj.
3277 3457 3335 3518 et
3384 3446 3551 3502 Notit.
3597 3446 3946 3503 Litteraturu:

2339 3537 2503 3589 rom.,
2534 3538 2590 3592 p.
2617 3522 2720 3576 165
2744 3537 2759 3587 ;
2788 3520 3002 3592 Ernesti
3032 3520 3083 3574 in
3110 3517 3259 3574 Clav.
3283 3517 3427 3592 Cic.,_
3444 3529 3501 3573 et
3527 3520 3794 3592 imprimis
3820 3519 3942 3574 Jan.

2340 3589 2621 3664 Rutgers,
2646 3593 2741 3664 qui
2769 3591 3209 3664 ejus_fragment_a
3238 3589 3495 3664 collegit,
3510 3589 3742 3664 digessit
3766 3600 3820 3645 et
3842 3608 3908 3645 ex
3926 3619 3944 3629 -

2386 3660 2535 3719 licuit
2565 3665 2616 3717 in
2642 3660 2852 3718 Varia'r.
2881 3660 3152 3728 Lection.,
3178 3662 3215 3716 ι.
3243 3678 3318 3725 ιιι,
3347 3660 3399 3714 e.
3431 3660 3521 3727 16,
3554 3678 3608 3730 p.
3635 3661 3765 3723 246,
3788 3677 3944 3731 seqq.

2388 3734 2919 3805 nnu..—Singularis
2941 3734 3007 3788 de
3036 3733 3139 3788 hoc
3162 3735 3436 3805 scriptore
3460 3731 3700 3805 Burignii
3734 3733 3948 3788 Disser-

2345 3808 2472 3862 tatio
2492 3814 2671 3861 exstat
2691 3803 2742 3859 in
2770 3806 2907 3860 libro
2934 3806 3019 3860 cui
3051 3804 3239 3859 titulus
3265 3822 3279 3858 :
3315 3803 3592 3859 Mémoires
3618 3803 3683 3859 de
3711 3805 3950 3859 l‘Aeadé-

2344 3879 2444 3932 mie
2470 3878 2559 3933 des
2587 3876 2946 3946 lnscriptions.
2982 3875 3253 3931 Ocnsnen.

2347 3975 2377 4007 ι’
2423 3967 2516 4024 His
2561 3969 2672 4023 sola
2713 3968 3158 4038 prtedicationibus
3211 3968 3493 4022 indicatur.
3551 3966 3702 4022 Fulv.
3749 3963 3944 4022 Ursin.

2344 4042 2527 4095 nescio
2553 4056 2656 4110 qua
2687 4040 2755 4095 de
2793 4054 2951 4095 causa
2984 4047 3154 4094 mutat
3178 4038 3257 4092 his
3284 4040 3399 4110 illa,
3432 4048 3537 4094 etc.
3568 4038 3764 4110 ()BELL.

2417 4108 2657 4166 XXXIII.
2689 4140 2762 4151 -
2792 4110 3054 4166 Satietatis
3105 4113 3250 4181 fuga.
3283 4109 3342 4164 Id
3385 4120 3468 4165 est
3510 4109 3795 4163 nimietatis.
3833 4108 3953 4164 Sa-

2345 4182 2409 4236 tis
2463 4183 2607 4238 enim
2650 4198 2745 4252 pro
2809 4182 2959 4235 nimis
3006 4182 3221 4252 passim
3278 4181 3949 4252 apudbosscriptores.

2348 4250 2667 4309 ﬂantum—4
2686 4253 2760 4308 Ita
2791 4252 2963 4307 Julius
2990 4250 3324 4317 Capitolinus
3355 4253 3407 4306 in
3434 4251 3548 4306 Vita
3581 4250 3650 4305 Μ.
3675 4252 3951 4306 Antonini

2347 4323 2576 4389 Pliilos.,
2627 4339 2675 4378 c.
2730 4324 2842 4379 242
2879 4321 2947 4377 Ει
2976 4324 3265 4377 Antoninus
3315 4323 3519 4393 quidem
3558 4338 3658 4376 non
3707 4332 3781 4376 est
3822 4335 3954 4377 satis

2346 4406 2511 4450 motus
2535 4396 2814 4467 defectione
2840 4394 3051 4467 Cassii”
3093 4394 3146 4449 id
3192 4404 3275 4467 est
3313 4395 3490 4461 valde,
3519 4394 3680 4449 nimis
3721 4405 3906 4467 motus
3935 4412 3952 4459 ;

2261 4448 2317 4509 D
2344 4448 2882 4536 ubirvide'Salmas;
2918 4448 2968 4520 in
3000 4448 3363 4536 S'cripttﬂist.
3395 4448 3796 4535 Au'guStgvol.
3824 4481 3863 4531 I,
3892 4448 3954 4536 p:

2340 4537 2468 4594 585.
2509 4538 2663 4608 Apud
2692 4535 3019 4608 Cyptianum
3077 4538 3154 4591 nil
3194 4535 3553 4604 frequentius.
3579 4535 3656 4590 Ita
3699 4535 3952 4590 nostruiu

2339 4625 2506 4735 genug
2543 4610 2839 4678 smpissimc
2885 4608 3272 4663 abundantiam
3298 4608 3408 4676 vel,
3438 4618 3495 4661 ut
3523 4608 3753 4661 barbaro
3778 4621 3950 4661 voca-

2379 4680 2468 4735 ulo
2498 4690 2733 4735 utamur.
2769 4679 3098 4734 nimietatem
3147 4680 3381 4735 aliquam
3436 4678 3751 4735 signiﬁcat:
3795 4680 3950 4735 verbi

2379 4678 2733 4745 ulo'utamur,
2769 4679 3098 4734 nimietatem
3147 4680 3381 4748 aliquam
3436 4678 3751 4748 signiﬁcat:
3795 4680 3956 4735 verbi

2340 4766 2501 4807 eausa
2534 4752 2651 4805 hich
2683 4750 2809 4805 habe
2836 4767 3003 4822 genug
3044 4751 3234 4822 grbeit,
3269 4750 3320 4805 id
3353 4760 3437 4804 est
3475 4753 3623 4803 mehr
3650 4750 3731 4803 als
3755 4766 3952 4821 genug,

2340 4823 2663 4893 uber/lussig.
2705 4823 2822 4889 Quo
2837 4819 3010 4876 'sens‘u
3038 4819 3227 4876 Cicero
3256 4822 3454 4891 aliique
3501 4836 3683 4875 aureae
3711 4819 3958 4875 latinita-

2341 4894 2409 4947 tis
2434 4892 2729 4963 seriptOres
2759 4893 2946 4947 dicunt
2974 4893 3097 4947 satis
3138 4908 3410 4963 superque,
3442 4902 3631 4963 contra
3662 4892 3788 4946 satis
3818 4893 3955 4947 sint-

2343 4962 2557 5032 pliciter
2598 4965 2831 5035 positum
2865 4972 3129 5033 usurpant
3156 4962 3224 5018 de
3268 4962 3646 5017 mediocritate
3703 4964 3949 5033 quadam

2339 5036 2511 5107 magis
2539 5037 2592 5090 in
2639 5034 2855 5090 defectu
2899 5049 3062 5107 quam
3093 5036 3143 5087 in
3171 5048 3398 5107 excessu
3452 5044 3735 5107 peccante,
3767 5045 3827 5090 ut
3851 5052 3957 5107 no—_

2338 5105 2511 5161 strum
2556 5123 2633 5177 so
2661 5122 2718 5160 so
2761 5108 2898 5161 nicht
2968 5106 3227 5159 allsuuiel.
3289 5105 3788 5177 Videelieusinger.
3819 5144 3835 5171 ,
3885 5105 3954 5159 ad

2336 5178 2561 5235 Cornel.
2592 5176 2811 5247 Nepot.,
2844 5177 3085 5242 Cimon.,
3132 5191 3183 5231 c.
3210 5192 3269 5244 ιι,
3300 5187 3356 5231 et
3384 5175 3451 5231 ad
3498 5175 3849 5239 Ciceronem.
3884 5178 3954 5231 de

2338 5247 2466 5317 Olli,
2502 5265 2561 5312 Il,
2592 5265 2643 5305 c.
2684 5248 2778 5313 25,
2811 5263 2864 5317 p.
2892 5248 3018 5311 563,
3047 5261 3258 5302 necnon
3317 5247 3680 5315 Bunemann.,
3708 5247 3782 5304 ad
3811 5248 3954 5303 Lae-

2340 5328 2473 5375 tant.
2500 5320 2655 5386 lnst.,
2696 5319 2733 5373 Ι.
2758 5334 2831 5385 v1,
2853 5333 2903 5373 c.
2943 5319 3030 5381 15,
3056 5333 3108 5388 p.
3143 5319 3268 5374 774.
3291 5317 3497 5374 OneLL.

2417 5390 2581 5459 Quem
2630 5406 2736 5445 esse
2780 5406 2953 5444 omnes
3002 5390 3191 5460 ignem,
3220 5400 3325 5444 etc.
3349 5389 3485 5445 Vide
3519 5389 3737 5459 Isidor.,
3768 5389 3948 5456 θήκη

2340 5461 2381 5517 I.
2431 5478 2546 5534 vni,
2594 5478 2643 5520 c.
2679 5461 2745 5517 10
2774 5478 2789 5529 ;
2819 5461 3129 5533 Augustin.,
3171 5461 3237 5516 de
3281 5461 3400 5519 Civ.
3434 5462 3548 5527 Dei,
3578 5462 3616 5516 l.
3644 5477 3744 5529 vn,
3771 5477 3825 5518 c.
3857 5464 3949 5518 It}.

3470 5532 3722 5587 ELIENB.

3520 5547 3722 5589 LIENH.

2414 5626 2565 5694 Quod
2588 5628 2657 5681 ad
2687 5639 2901 5683 cunctos
2935 5628 3121 5693 ueniat,
3161 5624 3432 5681 Venerem.
3461 5625 3678 5691 Cicero,
3709 5625 3782 5684 de
3823 5626 3948 5683 Nat.

2337 5697 2515 5767 deor.,
2540 5699 2578 5753 I.
2606 5714 2668 5763 ιι,
2695 5714 2746 5754 c.
2783 5700 2856 5754 26
2884 5716 2898 5754 :
2934 5698 3062 5764 Quae
3106 5707 3279 5752 autent
3307 5697 3420 5753 Dea
3443 5698 3511 5752 ad
3552 5714 3633 5753 res
3658 5714 3838 5754 omnes
3864 5714 3950 5751 re-

2339 5769 2492 5839 niret,
2540 5767 2787 5828 Venerem
2843 5773 3006 5831 nostri
3051 5771 3466 5828 nominaverunt.
3508 5769 3759 5828 Ειιιειιιι.
3808 5770 3955 5830 Aliis
