4258 6250
551 251 658 311 987

1687 245 2367 324 annoenjaovsasos
2404 249 2677 309 GENTES

3748 251 3856 307 988

554 369 619 424 ad
651 367 803 424 istius
826 365 1056 423 nominls
1080 363 1328 422 columen
1351 365 1504 423 vobis
1531 365 1901 423 laudatoribus
1924 368 2140 437 elevati,
2169 371 2224 432 Α
2249 368 2388 426 redit
2423 385 2437 424 :
2469 377 2527 425 ut
2571 371 2746 439 neque
2789 368 2868 425 sol
2913 366 3046 424 deus
3098 367 3198 436 sit,
3234 377 3409 440 neque
3467 369 3590 423 tuna
3614 411 3630 436 ,
3680 383 3854 441 neque

555 463 864 518 universam
891 461 1047 515 istam
1076 460 1273 515 molem
1305 459 1514 528 mundi,
1549 461 1703 532 cujus
1724 475 1914 518 omnes
1943 463 2150 533 ample-

554 557 713 613 xibus
734 556 1024 622 ambimur,
1059 556 1308 627 tegimur;
1341 571 1404 612 ac
1424 557 1782 624 sustinemur,
1805 557 2002 611 animal
2028 569 2150 612 esse

555 664 722 707 unum
743 687 756 714 ,
793 650 1042 719 sapiens,
1073 651 1392 705 rationabile
1421 659 1468 718 η,
1523 652 1828 706 consultum
1884 650 2148 722 probabili

560 740 965 797 asseveratione
991 740 1254 796 dellniuut
1281 761 1293 795 :
1318 756 1546 812 quorum
1570 743 1613 798 si
1637 752 1721 798 est
1750 757 1876 797 vera
1895 781 1911 809 ,
1939 751 1994 797 et
2020 742 2146 809 lixa,

555 843 699 891 certa
725 835 1027 899 sententia,-
1057 836 1220 890 etiam
1250 835 1325 889 illi
1349 837 1608 892 continuo
1631 837 1884 893 desinent
1907 836 1979 892 dii
2003 852 2144 904 esse,

556 942 691 1000 quos
722 927 773 983 in
803 928 920 998 ejus
948 930 1290 998 portionibus
1311 931 1473 1000 paulo
1500 939 1626 986 ante
1648 931 1944 986 immutatis
1972 933 2150 986 nomio

561 1023 723 1078 nibus
749 1022 1181 1077 constituebatis.
1212 1022 1282 1079 Ut
1303 1024 1446 1078 enim
1475 1024 1638 1079 homo
1661 1039 1796 1079 unus
1819 1026 2004 1095 nequit
2028 1035 2153 1095 per-

558 1124 814 1171 manente
843 1115 925 1169 sui
957 1115 1203 1186 corporis
1237 1117 1542 1187 integritate
1578 1118 1630 1171 in
1664 1117 1914 1172 homines
1955 1119 2153 1173 multos

559 1207 732 1263 scindi
768 1227 778 1262 :
815 1221 991 1278 neque
1035 1207 1288 1264 homines
1337 1225 1524 1264 rursus
1567 1211 1744 1277 multi,
1775 1210 2153 1280 disjunctionis

558 1299 860 1357 dilIerentia
891 1310 1232 1368 conservata,
1262 1303 1313 1356 in
1343 1303 1502 1358 unius
1530 1317 1724 1358 sensus
1752 1304 2152 1374 simplicitatem

559 1392 782 1449 conlisri
812 1411 824 1446 :
857 1393 927 1448 ita
973 1395 1017 1448 si
1063 1393 1294 1450 mundus
1323 1409 1486 1450 unum
1518 1405 1600 1451 est
1647 1396 1843 1450 animal
1867 1438 1881 1464 ,
1916 1404 1968 1452 et
1998 1397 2154 1453 unius

560 1485 758 1540 mentis
789 1484 1084 1555 agitatione
1109 1493 1346 1541 motatur
1391 1504 1403 1540 :
1437 1502 1536 1542 nec
1565 1487 1618 1541 in
1649 1488 1798 1556 plura
1851 1497 2026 1557 potest
2057 1503 2158 1543 nu-

560 1578 707 1633 mina
734 1577 1023 1647 dissipari,
1059 1593 1191 1643 nec,
1237 1579 1282 1634 si
1329 1580 1447 1649 ejus
1493 1581 1772 1650 particulae
1799 1581 1870 1634 dii
1899 1590 2053 1647 sunt,
2104 1581 2155 1636 in

561 1671 719 1726 unius
746 1669 1036 1725 animantis
1083 1671 1470 1726 conscientiam
1497 1673 1616 1742 cogi
1661 1681 1823 1742 atque
1854 1673 2010 1728 verti.
2043 1673 2155 1727 Lu-

2249 459 2438 526 tetber,
2489 460 2648 515 tellus
2669 503 2682 526 ,
2715 461 2771 515 et
2802 465 3020 515 cmtera.
3072 458 3209 515 Sunt
3240 457 3387 514 enim
3419 467 3601 530 partes
3639 461 3844 529 mundi,

2253 571 2360 610 non
2385 554 2640 624 specialia
2665 555 2941 609 numinum
2972 554 3186 609 nomina
3223 572 3234 608 :
3263 561 3424 624 atque
3454 555 3523 608 ita
3553 554 3854 626 perficitur,

2249 647 2430 702 omnia
2462 647 2618 702 vobis
2669 647 3010 701 turbantibus
3042 645 3504 717 miscentibusque
3537 647 3754 713 divina,
3789 657 3852 706 ut

2249 739 2302 793 in
2346 746 2526 793 rerum
2583 747 2773 792 natura
2827 751 2966 792 unus
2997 737 3137 792 Dctls
3169 737 3530 793 coitstituatur
3578 737 3850 808 mundus,

2251 829 2490 899 esplosis
2515 829 2766 885 omnibus
2797 829 3010 884 caneris
3035 846 3048 883 :
3077 829 3378 900 q‘uinimmd
3406 827 3434 868 δ
3469 830 3726 899 inaniter,
3759 847 3859 887 va-

2251 935 2351 976 cue
2371 962 2384 985 ,
2411 930 2465 976 et
2490 921 2607 977 sine
2638 921 2742 976 ulla
2771 921 3070 977 substantia
3101 920 3431 977 constitutis.

2325 1013 2569 1069 XXXVI.
2605 1014 2661 1070 Si
2692 1014 2913 1070 totidem
2963 1023 3064 1070 nos
3096 1013 3305 1083 modis,
3359 1013 3693 1087 totidemque
3734 1031 3861 1073 sen-

2253 1108 2438 1162 tentiis
2465 1105 2695 1162 deorum
2737 1114 3043 1162 vestrorum
3071 1105 3465 1162 subrueremus
3498 1105 3656 1162 Iidem
3679 1151 3693 1174 ,
3724 1110 3859 1164 nulli

2251 1209 2397 1254 esset
2425 1198 2676 1265 dubium,
2709 1201 2837 1270 quin
2869 1200 2944 1254 Ira
2977 1207 3030 1254 et
3060 1200 3212 1254 rabie
3241 1200 3524 1267 concitati,
3555 1200 3703 1272 ignes
3724 1245 3737 1266 ,
3769 1202 3852 1258 fe-

2254 1307 2365 1358 ras,
2402 1301 2455 1347 et
2475 1293 2702 1362 gladios,
2736 1303 2899 1362 atque
2944 1293 3048 1347 alia
3090 1293 3438 1363 postularetis
3474 1293 3859 1364 suppliciorum

2256 1385 2310 1439 in
2358 1399 2456 1438 nos
2485 1399 2718 1454 genera,
2755 1385 2949 1456 quibus
2979 1385 3126 1439 sitim
3177 1385 3364 1440 soletis
3398 1395 3633 1440 vestram
3681 1388 3858 1442 nostri

2257 1477 2534 1548 sanguinis
2566 1477 2895 1547 appetitinne
2924 1477 3198 1546 proluere.
3223 1475 3356 1530 Cum
3380 1491 3511 1530 vero
3535 1489 3631 1546 per
3656 1485 3755 1531 vos
3783 1478 3866 1547 ip-

2257 1585 2347 1626 sos
2370 1582 2537 1640 prope
2559 1567 2734 1624 oritttis
2763 1575 2896 1640 gens
2918 1571 3201 1643 numinum
3226 1570 3327 1624 Sub
3355 1570 3726 1625 ostentatione
3756 1569 3865 1624 tol-

2260 1664 2400 1720 latur
2426 1665 2763 1736 ingeniorum
2805 1674 2966 1734 atque
2993 1664 3296 1729 doctrinae,
3334 1661 3550 1718 audetis
3582 1662 3868 1719 intendere

561 1779 627 1820 na
647 1805 662 1831 ,
699 1765 777 1820 sol
797 1805 812 1832 ,
865 1765 1025 1819 tellus
1050 1804 1065 1831 ,
1117 1764 1308 1833 aether,
1359 1775 1502 1820 astra
1522 1807 1537 1831 ,
1585 1766 1830 1820 membra
1883 1763 2043 1834 sunt,
2099 1772 2153 1821 et
2185 1774 2232 1834 Β
2260 1758 2429 1814 nostri
2457 1759 2685 1813 nominis
2710 1773 2868 1812 causa
2901 1772 2986 1812 res
3009 1756 3270 1811 humanas
3291 1756 3359 1811 ab
3379 1756 3482 1810 diis
3513 1757 3682 1827 premi
3710 1773 3722 1809 :
3747 1771 3869 1811 cum

561 1857 748 1912 mundi
777 1866 960 1926 partes
991 1874 1007 1913 :
1037 1857 1178 1928 quod
1223 1858 1266 1912 si
1297 1867 1478 1928 partes
1504 1868 1558 1913 et
1585 1859 1826 1914 membra
1854 1867 2015 1924 sunt,
2045 1859 2160 1914 ani-

562 1948 721 2003 malia
753 1949 939 2018 utique
971 1949 1052 2003 sui
1080 1949 1317 2002 nominis
1348 1963 1453 2003 non
1478 1959 1603 2004 sunt
1629 1972 1640 2005 :
1667 1965 1841 2020 neque
1866 1950 2010 2006 enim
2035 1965 2160 2019 par-

563 2049 645 2096 tes
675 2039 778 2094 hoc
809 2040 982 2110 ipsum
1011 2055 1154 2105 esse,
1178 2041 1320 2111 quod
1349 2049 1516 2095 totum
1543 2051 1646 2108 est,
1671 2042 1846 2111 aliqua
1872 2043 1924 2096 in
1948 2057 2006 2097 re
2031 2055 2157 2111 pos-

562 2141 687 2186 sunt
721 2148 733 2184 :
761 2140 853 2185 aut
881 2131 982 2185 sibi
1012 2146 1236 2201 sapere,
1269 2133 1370 2187 sibi
1402 2134 1605 2188 sentire
1627 2176 1641 2201 ,
1674 2134 1817 2204 quod
1847 2133 1964 2188 sine
1998 2133 2160 2188 totius

566 2225 862 2279 animantis
893 2239 1122 2280 assensu
1155 2225 1317 2280 nullis
1359 2227 1590 2296 propriis
1620 2227 1886 2282 afﬁciatur
1931 2241 1962 2280 e
2006 2226 2158 2281 moti-

570 2319 671 2373 bus
691 2359 704 2385 ,
736 2331 842 2388 quo
872 2318 1199 2385 constituto,
1227 2333 1290 2374 ac
1321 2319 1499 2389 posito
1521 2362 1537 2390 ,
1569 2335 1778 2375 summa
1823 2319 1999 2375 omnis
2027 2317 2153 2374 illuc

2261 1851 2499 1923 quidem,
2532 1852 2575 1906 si
2606 1866 2789 1905 verum
2835 1859 2919 1904 est
2958 1865 3080 1904 esse
3109 1849 3227 1904 illos
3263 1848 3494 1919 uspiam,
3525 1856 3684 1919 atque
3725 1848 3872 1902 inca-

2262 1945 2468 2000 lescere
2489 1943 2685 1998 irarum
2711 1942 2961 2008 ﬂammis,
2993 1941 3124 1996 nihil
3154 1941 3386 1995 habeant
3407 1941 3626 2009 justins,
3655 1948 3874 2010 prepter

2261 2036 2403 2107 quod
2433 2035 2485 2088 in
2517 2049 2611 2089 vos
2638 2033 2879 2098 saeviant,
2929 2047 3088 2104 quam
3136 2032 3280 2102 quod
3327 2045 3423 2088 eos
3463 2031 3670 2101 negatis
3689 2030 3869 2086 subsi-

2262 2139 2408 2184 stere
2429 2170 2443 2193 ,
2475 2141 2649 2196 neque
2677 2141 2779 2180 una
2809 2140 2931 2180 esse
2962 2126 3013 2180 in
3048 2134 3198 2194 parte
3228 2133 3452 2178 naturas.

2333 2219 2600 2276 XXXVII.
2625 2219 2803 2275 Musas
2830 2219 3072 2276 Mnaseas
3107 2230 3190 2272 est
3219 2226 3406 2272 auctor
3429 2215 3565 2270 tilias
3592 2229 3716 2270 esse
3741 2213 3877 2270 Tel-

2262 2315 2394 2370 luris
2424 2311 2477 2368 el
2520 2310 2656 2368 Coeli
2691 2330 2704 2368 :
2754 2307 2903 2368 Jovis
2933 2314 3118 2367 cwteri
3171 2309 3467 2381 praedicant
3499 2323 3562 2365 ex
3616 2306 3882 2363 Memoria

1812 2431 2196 2492 LEGTIONES
2239 2425 2650 2487 VARIANTES.

627 2551 654 2618 ει
692 2551 772 2618 I_ta
794 2548 912 2618 sub.
939 2549 1081 2618 male.
1103 2549 1341 2618 Corrige:
1365 2550 1624 2601 rationale.

565 2616 583 2674 ἱ
627 2610 656 2655 ι»
699 2613 910 2664 Omnino
942 2610 1082 2665 Fulv.
1130 2682 1135 2687 η

1944 2714 2508 2776 COMMENTARIUS.

570 2857 644 2912 tio
691 2855 940 2927 princeps
985 2855 1334 2918 memorabili,
1364 2869 1397 2910 θ
1440 2855 1580 2910 male
1629 2853 1904 2909 intellecta
1947 2853 2163 2910 Codicis

567 2930 832 2997 scriptura
851 2968 863 2989 ,
914 2927 1005 2981 ubi
1059 2937 1141 2982 est
1184 2927 1527 2980 memorabilis
1547 2963 1562 2993 ,
1593 2927 1814 2996 antique
1843 2941 1940 2996 pro
1965 2941 2158 2980 memo-

569 3000 775 3054 rabiles.
809 2999 1072 3064 Harman,
1103 3000 1156 3052 in
1187 2998 1336 3052 Curis
1363 3015 1417 3051 ιι.

2271 2855 2404 2910 Tale
2436 2863 2737 2909 monstrum
2789 2853 2953 2920 illud,
3003 2854 3146 2924 quod
3179 2851 3428 2909 Horatius
3483 2851 3627 2921 lingit
3654 2851 3705 2924 in
3734 2851 3873 2909 Arte

2270 2926 2472 2982 Punica
2504 2927 2620 2982 init.
2656 2925 2901 2980 Humano
2926 2922 3102 2994 capiti,
3126 2936 3233 2980 etc.
3268 2925 3454 2993 Itaque
3485 2922 3764 2994 legendum
3791 2925 3878 2978 vi—

2271 2999 2428 3052 detur
2457 3015 2469 3051 :
2502 2999 2647 3051 multi
2662 2999 2948 3069 junctionis
2976 2992 3266 3069 lli/ferentia
3298 2992 3592 3069 conservata
3616 3036 3630 3058 ,
3665 2992 3718 3048 id
3750 3004 3836 3069 est
3861 3035 3880 3064 ,

640 3071 906 3125 Columen.
940 3072 1038 3124 Alii
1071 3088 1084 3123 :
1115 3070 1332 3124 culmen.
1365 3069 1492 3123 Sed.
1527 3067 1675 3136 prius
1699 3075 1843 3122 amat
1871 3067 2166 3122 Arnobius.
2199 3075 2244 3138 Ο
2279 3069 2432 3124 multi
2465 3072 2506 3122 si
2540 3074 2590 3123 in
2616 3066 2902 3139 junctione
2955 3067 3350 3132 dilI'ercntiutti,
3401 3067 3708 3120 anlmorum
3757 3066 3880 3121 scil.

569 3142 706 3197 Vide
734 3157 896 3210 supra
923 3144 990 3194 ad
1021 3142 1111 3194 lib.
1148 3157 1186 3204 ι,
1217 3155 1336 3209 cap.
1368 3141 1421 3194 8.
1452 3141 1656 3194 OnELL.

643 3213 850 3265 Animal
879 3228 984 3265 esse
1012 3228 1198 3273 unum,
1231 3212 1440 3280 sapiens
1459 3251 1474 3277 ,
1497 3210 1771 3264 rationale.
1800 3209 2172 3280 PlatoTimaeo

571 3299 692 3351 pag.
724 3284 812 3338 50.
848 3281 990 3353 (Vol.
1027 3298 1102 3336 III.
1133 3283 1221 3336 etl.
1267 3277 1330 3335 ll.
1374 3281 1559 3353 Steph.
1585 3281 1602 3352 )
1630 3281 1808 3341 Οὕτως
1842 3277 1928 3336 οὖν
1956 3281 2018 3353 δή
2046 3284 2173 3337 κατὰ

570 3357 712 3427 λόγον
733 3357 816 3408 τὸν
847 3352 1008 3408 εἰκότα
1028 3353 1109 3408 δεῖ
1133 3354 1204 3408 λό’
1223 3375 1308 3415 ειν.
1334 3352 1472 3408 τόνδε
1500 3355 1582 3408 τὸν
1611 3355 1795 3423 κόσμον
1818 3358 1964 3420 ζῶον,
1999 3352 2136 3424 studio
2154 3381 2169 3389 -

576 3447 694 3479 γον.
747 3424 914 3479 ἔννουν
961 3444 1014 3479 τε
1065 3432 1128 3479 τῆ
1158 3377 1360 3479 dinem:
1405 3425 1490 3479 διὰ
1516 3430 1606 3479 τήν
1645 3432 1732 3478 τοῦ
1778 3426 1889 3478 (leo-3
1941 3426 2169 3479 ’γενέσθαι

572 3424 694 3498 xcv,
747 3424 914 3498 ἕννογγ
961 3444 1014 3498 τε
1065 3432 1128 3498 τῇ
1158 3424 1360 3498 ἀληθείᾳ
1405 3425 1490 3480 διὰ
1516 3430 1606 3484 τὴν
1645 3432 1732 3498 τοᾷ
1778 3426 1889 3478 (leo-3
1915 3426 2170 3498 Δγενέσθαι

569 3486 824 3573 ἓρόνοιαν.
863 3495 1032 3550 Vertit
1059 3486 1247 3573 Cicero
1269 3486 1612 3573 de'universo
1636 3511 1647 3548 '.
1674 3496 1843 3573 Quam
1874 3486 2168 3573 ali'cuusant

571 3566 670 3621 nim
719 3578 790 3620 est
821 3569 1164 3620 cunctandum
1193 3568 1424 3638 proﬁteri
1443 3611 1456 3633 ,
1493 3570 1533 3620 si
1566 3567 1715 3620 modo
1742 3567 2037 3636 investigari
2065 3566 2166 3619 ali-

570 3639 707 3709 quod
735 3645 1028 3709 conjectura
1068 3647 1262 3708 potest,
1314 3643 1448 3692 hunc
1493 3639 1744 3690 mundum
1789 3638 1986 3690 animal
2023 3654 2166 3702 esse,

571 3713 727 3779 idque
778 3711 1066 3779 intelligens
1123 3719 1170 3763 et
1225 3711 1396 3763 divina
1451 3710 1770 3779 providentia
1817 3709 2165 3763 constitutum.

571 3781 1082 3848 th.Philostratus,
1113 3783 1179 3836 (le
1210 3781 1326 3835 Vita
1354 3780 1661 3850 Apollonii,
1695 3780 1790 3834 lib.
1820 3795 1895 3845 ιιι,
1925 3796 2044 3848 cap.
2079 3781 2165 3834 il.

572 3852 1000 3907 Eanum—Pro
1022 3853 1275 3906 rationale
1299 3852 1437 3906 Edit.
1467 3853 1624 3906 Rom.
1653 3863 1705 3905 et
1724 3851 1916 3906 Gelen.
1935 3853 2164 3905 rationa-

571 3925 690 3978 bile.
716 3940 734 3977 :
758 3925 918 3977 male.
943 3923 1050 3976 Pro
1068 3924 1264 3976 animal
1280 3926 1454 3978 codex
1480 3938 1582 3978 ms.
1605 3924 1766 3976 habet
1783 3923 2003 3987 animas,
2024 3923 2168 3992 quod

571 3995 812 4050 defendit
851 3995 1116 4048 Meursius
1148 3996 1198 4048 in
1232 3995 1546 4065 Appendicc
1592 4004 1862 4063 tamquam
1912 3994 2167 4062 loquendi

571 4082 738 4137 genus
760 4068 1039 4136 antiquum
1064 4081 1165 4138 pro
1185 4068 1442 4131 animans,
1461 4066 1677 4130 animal,
1693 4065 1944 4135 exemplo
1964 4065 2122 4121 Ennii
2151 4083 2164 4121 :

665 4179 769 4290 1(sva
795 4181 958 4254 parire
995 4180 1123 4230 solet
1147 4181 1296 4244 genu'
1324 4181 1499 4244 pennis
1524 4178 1919 4240 condecoratum,

697 4254 772 4290 ὀη
797 4255 1000 4290 animas.

697 4254 772 4291 iOIl
797 4255 1000 4294 animas.

570 4348 645 4420 Ita
664 4347 907 4420 VCosules,
937 4367 1203 4420 praegnas,
1229 4352 1445 4403 damnas
1465 4392 1479 4416 ,
1515 4347 1752 4414 Cesores,
1799 4351 1938 4403 istila
1972 4348 2090 4406 sine
2110 4367 2162 4405 n-

569 4418 676 4474 Sed
711 4420 848 4474 haud
875 4418 1183 4476 verosimile
1229 4431 1308 4476 est
1362 4422 1660 4476 Arnobium
1717 4422 1786 4474 ita
1843 4421 2163 4490 scripsisse,

2273 3151 2326 3195 et
2353 3142 2714 3211 ingeniorum,
2739 3150 3086 3195 eonservant.
3113 3139 3177 3193 Et
3201 3141 3271 3192 ita
3297 3139 3581 3211 legendum
3601 3139 3883 3206 sequentia

2275 3210 2504 3266 suadent
2532 3231 2543 3265 :
2570 3229 2660 3265 nec
2704 3213 2748 3265 si
2778 3215 2889 3281 ejus
2915 3213 3182 3280 particula:
3211 3211 3284 3263 dii
3313 3220 3430 3263 sum
3455 3252 3466 3270 ,
3498 3210 3549 3261 in
3582 3211 3735 3262 unius
3763 3211 3880 3263 ani-

2273 3286 2459 3337 mantis
2487 3285 2848 3337 conscientiam
2875 3283 2989 3353 cogi
3016 3289 3164 3350 atque
3192 3282 3338 3353 uerti.
3377 3283 3588 3353 Ulli-11L.

2343 3353 2412 3408 In
2461 3356 2610 3408 unius
2641 3369 2817 3408 sensus
2861 3351 3264 3418 simplicitatem.
3302 3352 3451 3406 Fulv.
3488 3351 3722 3406 Ursinus
3755 3366 3878 3405 ma-

2273 3427 2424 3480 vult:
2454 3427 2504 3480 in
2536 3428 2686 3479 unius
2727 3441 2928 3480 censum
2965 3425 3312 3496 simplicitatis
3337 3469 3350 3488 ,
3399 3437 3517 3492 qttzt'.
3564 3424 3881 3493 conjectura

2272 3499 2575 3552 necessaria
2630 3513 2734 3551 non
2792 3509 2908 3562 est,
2961 3497 3005 3550 si
3039 3497 3354 3566 praecedens
3388 3495 3679 3564 junctionis
3714 3496 3875 3548 intel-

2274 3569 2502 3640 ligamus
2555 3569 2621 3624 de
2674 3568 2955 3638 junctione
3009 3567 3347 3623 diversarum
3400 3569 3635 3692 parbium
3689 3567 3874 3620 animi.

3542 3651 3698 3691 RELL.

3542 3651 3698 3691 RELL.‘

2348 3711 2414 3766 Ut
2446 3727 2603 3781 neque
2658 3711 2738 3766 sol
2784 3711 2909 3766 deus
2961 3711 3062 3778 sit,
3112 3711 3458 3775 nequeluna,
3510 3708 3884 3781 etc.Almnde

2273 3782 2374 3838 hoc
2423 3780 2617 3837 docent
2669 3783 2780 3838 Jul.
2839 3783 3103 3837 Firmicus
3151 3782 3220 3836 de
3271 3781 3473 3835 Errore
3522 3780 3873 3848 profanarum

2272 3854 2423 3924 relig.
2460 3854 2700 3909 Lactant.
2735 3854 2890 3917 Inst.,
2927 3855 3017 3907 lib.
3047 3870 3101 3920 ιι,
3129 3867 3249 3922 cap.
3282 3855 3336 3906 5.
3373 3853 3619 3906 Ecueuu.

2343 3925 2582 3980 XXXVI.
2619 3927 2815 3992 Quibus
2855 3926 2991 3980 sitim
3025 3926 3197 3979 soletis
3236 3931 3712 3978 vestram...........
3746 3937 3874 3993 pro-

2272 3997 2742 4069 luere._Virgilius,
2770 3997 2895 4052 Ain.
2926 4015 2964 4065 I,
2992 3998 3097 4053 759
3129 4013 3142 4050 :

2273 4148 2290 4164 .
2359 4151 2372 4163 .
2442 4147 2455 4160 .
2528 4152 2538 4162 .
2608 4147 2623 4161 .
2691 4149 2705 4160 .
2773 4148 2785 4162 .
2851 4110 2914 4161 Et
2937 4111 3086 4175 pleno
3108 4123 3168 4161 se
3192 4109 3376 4173 proluit
3400 4121 3537 4159 auro.

2271 4217 2599 4274 Prudentius
2627 4217 2724 4274 lib.
2749 4233 2788 4285 ι,
2816 4225 3006 4272 contra
3029 4216 3342 4287 Symmach.
3374 4234 3387 4270 :

2692 4331 2877 4384 Avidus
2899 4331 2998 4381 viui
3029 4329 3181 4392 multo
3203 4343 3259 4380 se
3285 4327 3466 4392 proluit
3494 4328 3688 4378 haustu.

3076 4391 3296 4443 lienam.
3321 4399 3371 4442 et
3395 4391 3612 4442 Eunus.

570 4504 693 4544 cum
743 4492 793 4544 in
847 4501 961 4568 toto
1008 4492 1110 4546 hoc
1132 4507 1319 4568 __opere
1349 4502 1666 4546 constanter
1697 4493 1898 4547 scribat
1927 4494 2159 4560 animal,
2192 4499 2247 4561 D
2345 4499 2578 4567 Quidem.
2608 4498 2684 4553 Ita
2713 4497 2994 4553 Meursius.
3027 4496 3208 4552 Editio
3253 4497 3512 4568 princeps
3547 4494 3724 4553 Sabazi
3764 4497 3894 4567 qui-

572 4577 846 4632 nnnqoam
875 4565 1091 4618 animas.
1123 4564 1326 4619 ORELL.

644 4633 966 4689 Consultant.
995 4634 1141 4690 Idem
1169 4636 1312 4706 quod
1336 4635 1592 4707 prudens.
1619 4633 1761 4689 Nihil
1799 4635 2052 4707 amplius.

648 4777 875 4840 Quorum
900 4778 943 4830 si
964 4786 1037 4830 est
1059 4793 1176 4831 vera
1216 4788 1262 4831 et
1289 4778 1417 4847 ﬁxa,
1448 4789 1586 4832 certa
1614 4706 2166 4834 senten‘gigfbéorsitan

2273 4572 2414 4635 dam,
2450 4571 2610 4626 male.
2639 4570 2844 4626 Οιιειι.

2346 4643 2523 4714 Neque
2551 4657 2651 4696 una
2681 4655 2792 4714 esse
2809 4643 2860 4714 in
2885 4649 3029 4714 parte
3063 4650 3279 4714 naturae.
3308 4638 3384 4694 Ita
3423 4639 3544 4694 cod.
3578 4653 3678 4714 ms.
3713 4653 3890 4714 quam

2273 4709 2560 4770 lectionem
2597 4723 2744 4768 recte
2765 4711 3061 4767 defendunt
3087 4710 3187 4764 Th.
3221 4712 3484 4766 Canterus
3511 4721 3565 4766 et
3596 4709 3894 4775 lIeraldus,

2273 4797 2326 4840 ut
2361 4789 2427 4840 sit
2461 4785 2598 4840 idem
2629 4784 2771 4854 quod
2798 4799 2956 4854 neque
2995 4784 3105 4836 ulla
3149 4799 3255 4837 esse
3292 4783 3343 4854 in
3390 4791 3536 4852 parte
3579 4793 3805 4854 naturw,
3841 4785 3896 4835 ba

572 4848 859 4920 legendum
891 4866 902 4901 :
935 4865 1151 4920 quantm
1178 4850 1222 4902 si
1249 4860 1322 4904 est
1345 4865 1480 4914 vera,
1527 4851 1634 4918 ﬁxa
1657 4859 1704 4904 et
1733 4862 1870 4904 certa
1896 4853 2165 4905 sententia.

573 4919 673 4974 Tn.
707 4921 948 4976 CANTER.
971 4921 1202 4975 —Nihil
1249 4923 1585 4986 mutandum,
1618 4922 2052 4993 distinguendum
2085 4933 2167 4976 ta-

574 5008 696 5046 men
719 5009 740 5065 με
767 5003 811 5045 et
842 4994 970 5061 ﬁxa,
1003 5003 1158 5065 certa,
1184 4995 1453 5047 sententia.
1488 4995 1613 5049 llaec
1647 4997 1718 5049 ita
1744 4995 2000 5065 Copulare
2025 5004 2170 5049 amat

573 5063 838 5134 Arnobius
864 5066 980 5118 sine
1005 5064 1221 5134 copula.
1253 5065 1496 5120 lienam.

649 5133 831 5201 Neque
853 5133 1089 5209 homines
1105 5153 1286 5209 rursus
1313 5140 1460 5191 multi
1488 5136 1850 5209 disjunctionis
1878 5134 2174 5209 (li/ferentia

574 5217 888 5261 conservata.
932 5207 1005 5261 Ita
1046 5207 1309 5262 Meursius
1335 5219 1388 5262 et
1417 5207 1596 5262 (ueteri
1627 5207 1774 5262 illum
1805 5207 1976 5261 secuti
2008 5221 2174 5278 u5qne

574 5278 640 5332 ad
663 5279 750 5332 ed.
776 5277 946 5348 Lugd.
973 5278 1088 5332 Bat.
1115 5279 1476 5349 corrigentem
1501 5279 1832 5348 dijunctionis
1851 5279 2170 5334 dissidentia.

576 5355 746 5405 Antea
780 5352 1098 5420 legebatur:
1126 5366 1287 5419 neque
1338 5353 1566 5404 homines
1613 5365 1791 5402 rursus
1823 5351 2174 5404 multitudinis

565 5419 852 5491 junctionis
883 5419 1173 5488 (li/ferentia
1218 5433 1536 5477 conservata.
1573 5420 1772 5475 Vocem
1827 5423 2173 5476 multitudinis

575 5493 825 5548 vitiasant
857 5507 978 5547 esse
1011 5508 1171 5547 nemo
1213 5508 1319 5548 non
1354 5494 1521 5548 videt.
1557 5493 1662 5548 Sed
1700 5495 1986 5563 jnnctionis
2017 5492 2171 5559 (li/fe-

575 5565 646 5635 tia
679 5566 817 5618 male
870 5574 1133 5619 mutatum
1178 5576 1307 5634 pulo
1350 5567 1400 5619 in
1449 5565 1806 5635 tlisjunctionis
1858 5563 2167 5630 (li/ferentia.

571 5633 868 5690 Junctianis
923 5633 1216 5703 sli/ferentia
1261 5633 1684 5706 estjunctarum
1735 5638 1969 5703 partium
2018 5635 2173 5691 dilic-

574 5708 788 5770 rentia,
819 5709 1110 5762 discordia.
1151 5707 1226 5761 Ita
1259 5710 1440 5772 0vid.,
1473 5709 1628 5772 Met.,
1665 5723 1699 5771 ι,
1735 5708 1769 5760 9
1801 5723 1816 5758 :

569 5825 590 5862 ι
696 5795 807 5848 Non
833 5797 964 5852 bene
985 5796 1260 5860 iunctarum
1286 5797 1519 5853 discordia
1543 5795 1730 5850 semina
1756 5805 1942 5848 rerum.

2271 4857 2427 4914 οὐδενὶ
2473 4853 2676 4931 φύσεως
2721 4853 2882 4932 μέρειέ
2938 4853 3194 4911 Gelenius
3246 4853 3333 4908 ed.
3383 4870 3541 4980 ntiqua
3589 4853 3718 4920 tilla,
3774 4864 3895 4908 etc.

3477 4939 3632 4980 RELL.

3477 4939 3632 4980 ιιειι..

2351 4999 2615 5054 XXXVII.
2651 5027 2714 5040 --
2774 4997 3030 5051 Mnaseas.
3092 4995 3400 5051 Patarensis
3442 5011 3473 5051 e
3527 4997 3708 5054 chia:
3758 4995 3899 5052 civi.

2281 5081 2407 5127 tate.
2461 5072 2629 5140 Hujus
2670 5070 2873 5144 librum
2915 5084 2970 5122 ιιι
3008 5070 3340 5144 Εὐρωπιᾳκῷν
3385 5069 3516 5144 citat
3562 5067 3899 5144 Athenaeus,

2279 5145 2371 5198 lib.
2405 5159 2475 5204 iV,
2511 5139 2560 5212 p.
2594 5143 2716 5204 l58.
2748 5151 2802 5196 et
2825 5141 3015 5212 librum
3039 5139 3095 5197 ιι,
3120 5141 3192 5212 de
3223 5141 3372 5203 Asia,
3402 5139 3645 5212 libavnt,
3674 5155 3729 5208 p.
3755 5139 3898 5206 5&6;

2279 5209 2522 5284 denique
2553 5214 2822 5283 Periplum
2855 5209 3042 5265 eodem
3076 5211 3212 5265 libro
3242 5227 3294 5278 p.
3323 5211 3448 5284 .551.
3480 5209 3684 5284 Graeca}
3705 5215 3908 5284 gentis

2280 5303 2388 5342 non
2429 5282 2690 5341 Obscurus
2717 5284 2945 5343 scriptor
2975 5293 3196 5336 vocatur
3235 5295 3264 5335 a
3301 5282 3616 5345 Columella,
3662 5282 3760 5335 lib.
3795 5298 3902 5351 xit,

2280 5373 2398 5427 cap.
2434 5357 2488 5423 4,
2521 5359 2758 5427 quicum
2790 5353 3034 5410 Varrone
3081 5370 3231 5427 enm_
3256 5354 3398 5407 inter
3437 5354 3735 5427 scriptorcs
3795 5354 3907 5411 Rei

2276 5423 2490 5484 rustica:
2522 5423 2729 5491 laudat,
2774 5427 2871 5480 lib.
2898 5442 2932 5490 i,
2965 5441 3081 5494 cap.
3113 5428 3164 5480 I.
3189 5423 3738 5479 Noriconfundendos
3766 5439 3907 5481 cum

2278 5501 2490 5555 Mnasea
2522 5500 2758 5570 Berytio,
2789 5497 2880 5568 qui
2919 5497 2987 5552 de
3015 5508 3133 5570 arte
3164 5496 3432 5570 rhetorica
3476 5503 3531 5570 et
3574 5497 3914 5552 nominibus

2277 5572 2470 5628 Atticis
2499 5567 2732 5639 scripsit,
2759 5567 2895 5623 teste
2923 5569 3110 5633 Suida,
3144 5578 3196 5622 et
3227 5567 3332 5622 alio
3369 5567 3610 5636 ejusdem
3648 5570 3911 5625 nominis

2278 5643 2454 5698 [moro
2482 5656 2576 5695 Seu
2606 5642 2962 5710 Colophonio,
2989 5641 3078 5710 qui
3105 5641 3185 5712 (ut
3208 5639 3348 5712 idem
3370 5641 3668 5712 Atltcntrus
3689 5639 3910 5710 refert)

2276 5709 3190 5782 inscriptoslususcomposuit,ob
3206 5711 3524 5782 varietatem
3535 5709 3762 5782 Διςιιιριεηι
3794 5709 3910 5768 no-

2277 5775 2526 5844 minutos.
2547 5780 2703 5839 Cotti.
2726 5775 2946 5853 Νουιιῖη
2975 5796 3026 5857 p.
3053 5775 3179 5841 3M.
3209 5777 3394 5851 νοις..
3419 5779 3485 5839 de
3507 5775 3653 5838 Hist;
3673 5779 3867 5840 Graec.
3883 5821 3900 5852 .
