4224 6264
572 274 694 333 99f

1721 278 2002 338 ARNOBII
2040 276 2406 337 ADVERSUS
2441 275 2714 335 GENTES

3788 272 3895 331 993

589 406 734 480 apud
758 407 1013 465 Trebiam
1037 407 1382 464 constitutos.
1408 405 1523 463 Hos
1552 404 1788 465 Granius
1812 406 1992 464 Musas
2016 415 2193 480 putat,
2224 418 2277 479 Α
2298 404 2423 479 quis
2448 402 2674 460 deorum
2696 401 3035 459 multitudine
3057 411 3150 458 aut
3172 400 3478 474 ignorantia
3503 398 3891 470 praeteriretur,

588 517 917 560 consensum
930 502 1350 560 accommodans
1361 502 1523 562 Elio:
1541 504 1892 560 novenarium
1909 517 2194 559 numerum

589 594 757 651 tradit
784 594 990 663 Varro,
1022 594 1168 667 quod
1216 596 1268 651 in
1318 597 1603 653 movendis
1630 605 1657 633 ι
1684 595 1848 652 rebus
1880 594 2194 665 potentissi-

587 701 711 743 mus
736 701 957 758 semper
983 686 1250 744 habeatur
1274 697 1331 744 et
1353 689 1642 753 maximus,
1677 688 1976 744 novitatum
2001 685 2195 743 Corni-

589 779 751 837 ficius
772 780 1038 852 pratsidcs
1058 823 1074 848 ,
1102 782 1249 853 quod
1273 783 1591 839 curantibus
1622 782 1707 837 his
1737 782 1920 836 omnia
1951 780 2194 838 novitate

590 871 957 944 integrentur,
981 883 1038 930 et
1066 884 1319 932 constent
1348 893 1362 931 :
1388 875 1522 932 deos
1542 889 1737 931 novem
1764 873 2014 929 Manilius
2031 914 2046 941 ,
2078 872 2196 946 qui-

587 967 689 1026 bus
716 969 850 1025 solis
895 969 1109 1043 Jupiter
1135 982 1459 1043 potestatem
1481 972 1719 1044 jaciendi
1749 972 1834 1028 sui
1877 972 2192 1043 permiserit

585 1060 853 1119 fulminis.
884 1063 1107 1121 Cincius
1135 1066 1355 1122 numina
1385 1067 1675 1138 peregrina
1704 1066 1947 1122 novitate
1971 1081 2039 1121 ex
2067 1065 2186 1136 ipsa

585 1152 854 1223 appellata
897 1158 1214 1224 pronuntiat
1245 1174 1259 1212 :
1291 1172 1416 1212 nam
1457 1157 1638 1213 solere
1666 1156 1944 1213 Romanos
1969 1155 2192 1227 religio-

586 1258 689 1300 nes
740 1246 955 1302 urbium
987 1259 1367 1321 superatarum
1397 1251 1594 1322 partim
1626 1250 1878 1322 privatim
1914 1264 2010 1321 per
2036 1247 2193 1304 fami-

2296 495 2576 553 brevitatis
2621 504 2677 551 et
2714 493 3023 566 compendii
3071 508 3234 550 causa
3286 507 3398 549 uno
3427 492 3633 564 pariter
3674 492 3896 547 nomine

2295 598 2523 648 cunctos
2549 588 2866 644 Novensiles
2891 587 3153 643 invocari.

2367 682 2615 739 XXXIX.
2648 684 2781 738 Sunt
2830 690 3090 752 praeterea
3116 679 3398 747 nonnulli,
3428 678 3520 751 qui
3546 694 3614 734 ex
3640 676 3887 733 homini-

2295 774 2400 831 bus
2430 774 2586 830 divos
2614 772 2788 829 factos
2818 772 2920 828 hac
2950 771 3245 843 praedicant
3273 770 3637 841 appellatione
3670 769 3890 839 signari,

2294 879 2355 926 ut
2370 879 2454 926 est
2470 868 2753 938 Hercules,
2771 868 3057 937 Romulus,
3077 864 3445 936 .lEsculapius,
3463 864 3650 932 Liber,
3669 863 3890 921 Encas.

2294 963 2628 1030 Sententiae,
2673 972 2735 1018 ut
2778 969 3039 1032 apparet,
3088 959 3324 1015 diversae
3367 967 3498 1014 sunt
3539 957 3625 1013 ha:
3655 971 3889 1013 omnes:

2295 1072 2478 1130 neque
2505 1057 2619 1113 lieri
2643 1071 2741 1127 per
2763 1070 2945 1111 rerum
2974 1061 3220 1109 naturam
3251 1060 3452 1122 poteSI,
3485 1060 3543 1106 ut
3567 1051 3657 1123 qui
3688 1050 3895 1121 opinio-

2296 1153 2457 1209 nibus
2500 1150 2773 1218 dill'erunt,
2799 1148 3041 1204 veritatis
3088 1147 3249 1202 unius
3294 1144 3592 1201 habeantur
3610 1154 3888 1199 auctores.

2298 1248 2355 1305 Si
2404 1247 2550 1304 enim
2582 1244 2796 1301 Pisonis
2823 1242 3092 1300 sententia
3120 1255 3249 1296 vera
3283 1248 3403 1305 est,
3447 1236 3620 1294 Elius
3670 1247 3721 1292 et
3752 1236 3894 1293 Gra-

585 1336 686 1395 lias
715 1354 972 1414 Spargere
991 1382 1006 1409 ,
1040 1343 1239 1415 partim
1270 1344 1488 1416 publice
1509 1358 1835 1402 consecrare
1865 1360 1879 1398 :
1908 1357 1973 1399 ac
1993 1357 2063 1398 ne
2091 1341 2193 1397 ali-
2223 1334 2271 1395 B
2299 1342 2422 1397 nius
2448 1341 2817 1396 mentiuntur:
2848 1338 2892 1394 si
2919 1337 3063 1410 quod
3091 1335 3290 1393 dicitur
3314 1334 3385 1391 ab
3415 1334 3498 1390 his
3528 1342 3738 1390 certum
3765 1340 3892 1401 est,

1829 1457 2213 1518 LECTIONES
2250 1455 2671 1515 VARIANTES.

659 1582 689 1614 ⁸
721 1579 1017 1633 Iunovandis
1037 1579 1181 1632 Fulv.

1973 1686 2536 1748 COMMENTARIUS.

581 1825 777 1953 νὶιῖιιη
831 1826 927 1883 lib.
958 1842 1038 1892 tv.
1061 1842 1181 1901 cap.
1225 1830 1315 1888 l5.
1359 1831 1414 1917 in
1442 1832 1714 1918 Lampade
1733 1830 1933 1889 Critica
1962 1827 2179 1885 Gruteri

581 1912 652 1953 vo
680 1937 695 1953 .
723 1914 775 1953 v.
807 1913 928 1953 Dan.
952 1898 1082 1953 421.
1127 1916 1271 1953 sem.
1321 1919 1412 1953 nm
1452 1919 1632 1953 omnia
1675 1912 1917 1953 veterum
1966 1902 2084 1953 loca
2110 1899 2179 1953 de

580 1898 695 1982 Ἶρι·
723 1913 928 2024 ﬁlias,-
951 1898 1082 1983 ρἳι
1127 1898 1271 1973 aequ
1321 1904 1413 1972 qui
1452 1898 1635 1960 omnia
1675 1912 1917 1960 veterum
1952 1902 2084 1967 loca
2110 1899 2179 1983 de

580 1968 686 2054 dtis
730 1969 833 2054 Illis
910 1970 1158 2054 urgenter
1208 1975 1619 2054 excussit._(_3um
1663 1975 2181 2054 PisoneAconsen‘ttt

580 2041 744 2097 etiam
774 2039 950 2118 Yarro
976 2039 1046 2099 de
1079 2043 1234 2118 Ling.
1266 2045 1404 2118 _lat.,
1452 2047 1545 2104 lib.
1577 2063 1654 2115 tv,
1678 2062 1797 2118 pag.
1833 2046 1928 2112 22,
1957 2045 2070 2118 eda
2093 2043 2183 2098 Bi-

580 2122 736 2188 pont.
766 2111 1132 2188 Caeterumﬁe
1158 2111 1220 2171 [ἶ.
1252 2111 1545 2188 Calpurnio
1573 2111 1775 2175 Pisone
1801 2111 1984 2188 Frugi.
2039 2117 2181 2173 Con-

580 2184 709 2255 sule
748 2198 893 2262 anno
923 2183 991 2241 U.
1019 2183 1081 2262 _C.
1114 2203 1241 2244 nu.
1295 2183 1468 2246 latore
1496 2190 1630 2262 legis
1655 2183 1966 2262 Calpurni};
1994 2189 2064 2245 de
2090 2203 2184 2262 re-

619 2255 834 2331 etundis
855 2265 916 2331 et
925 2258 1197 2331 scriptore
1227 2255 1705 2325 Annaliumfvide
1724 2255 1788 2319 G.
1822 2261 1872 2317 J.
1900 2259 2086 2331 Voss.,
2115 2261 2183 2318 de

635 2327 724 2401 ist.
753 2327 876 2393 lat.,
902 2326 999 2382 lib.
1030 2326 1069 2397 t',
1099 2344 1220 2401 cap.
1243 2332 1296 2386 6.
1328 2332 1533 2390 ORELL.

655 2397 971 2472 Consensum
982 2397 1393 2472 accommodans
1417 2405 1587 2461 Elia.
1610 2404 1707 2461 Hic
1726 2415 1812 2461 est
1828 2403 2006 2461 {Elius
2021 2404 2177 2472 Stilo,

586 2470 678 2542 qui
706 2484 929 2526 carmen
971 2470 1178 2546 saliere
1219 2475 1556 2545 explanarat,
1604 2477 1819 2546 aliaque
1863 2470 2179 2546 scripserat,

586 2556 819 2618 quorum
866 2544 1071 2618 mentio
1103 2546 1299 2618 passim
1344 2548 1486 2617 apud
1523 2544 1927 2618 grammaticos,
1977 2544 2179 2603 Varro-

582 2627 734 2740 ;tflnlt),
762 2615 828 2672 A.
863 2612 1122 2684 Gellium,
1155 2612 1401 2675 Festum:
1440 2612 1596 2676 Alius
1637 2619 1812 2677 Elius
1840 2618 2049 2676 Gallus.
2074 2618 2185 2675 Hs-

654 2755 1004 2833 Novenarium
1026 2775 1289 2833 numerum
1309 2762 1467 2816 tradit
1514 2761 1701 2829 Varro,
1732 2762 1870 2833 quod
1903 2762 1959 2817 id
1987 2777 2187 2816 moven-

581 2827 662 2900 dis
683 2828 831 2884 rebus
877 2832 1259 2900 potentissimus
1301 2849 1501 2900 semper
1547 2827 1794 2888 habeatur
1833 2841 1878 2888 et
1907 2835 2183 2888 maximus.

579 2899 912 2976 Censorinus
949 2902 1018 2976 de
1042 2902 1135 2958 Die
1162 2911 1298 2970 nat.,
1326 2899 1450 2973 cap.
1492 2905 1559 2960 14
1593 2924 1606 2960 :
1654 2904 1894 2972 Plerique
1920 2904 2183 2976 (Geneth-

581 2970 741 3044 liaci)
773 2972 903 3048 duos
950 2974 1076 3028 istos
1097 2991 1333 3048 numeros
1365 2970 1431 3048 (7
1462 2986 1516 3048 et
1552 2976 1621 3047 9)
1646 2970 1898 3031 subtiliter
1927 2970 2180 3031 discreve-

582 3053 727 3107 runt,
775 3044 999 3100 dicentes
1026 3044 1384 3116 septenarium'
1401 3047 1470 3101 ad
1500 3044 1708 3114 corpus,
1748 3048 2079 3102 novenarinm
2112 3047 2180 3100 ad

2282 1839 2524 1888 manum.
2568 1821 2881 1888 Saturnum,
2926 1819 3170 1887 Martem,
3221 1819 3536 1889 Herculem,
3574 1819 3893 1882 Vulcanum.

2282 1895 2599 1962 Minervam,
2627 1892 2917 1959 lunonem,
2974 1892 3199 1948 Matrem
3241 1891 3429 1961 deum,
3462 1892 3768 1962 Apollinem
3810 1893 3892 1947 vel

2284 1967 2490 2033 Solem,
2521 1974 2577 2021 et
2614 1965 2909 2037 flagraeum
2955 1964 3072 2037 sive
3102 1963 3494 2037 Bacchumab
3519 1964 3895 2037 antiquisme~

2285 2048 2579 2095 moratos.»
2609 2033 2738 2092 Haec
2765 2036 2918 2093 Gibs.
2950 2033 3219 2106 Cuperus,
3251 2034 3343 2105 qui
3369 2034 3440 2106 de
3482 2034 3566 2090 bis
3597 2034 3699 2090 diis
3734 2035 3894 2091 docte

2286 2121 2341 2167 et
2368 2109 2484 2166 fuse
2521 2109 2759 2178 disputat
2781 2110 2832 2162 in
2867 2105 3199 2177 Harpocrate
3228 2121 3354 2178 pag.
3385 2105 3456 2162 99
3484 2120 3641 2178 seqq.
3670 2105 3756 2163 ed.
3792 2106 3893 2162 Ul-

2288 2181 2501 2246 traject.
2532 2178 2705 2235 in-4°.
2735 2179 2943 2236 OBELL.

2359 2252 2584 2308 Cincius.
2636 2251 2697 2306 L.
2728 2250 2948 2306 Cincius
2977 2249 3301 2314 Alimentus,
3344 2249 3569 2319 aequalis
3593 2247 3744 2304 Fabii
3773 2248 3897 2303 Pic-

2291 2327 2424 2379 toris
2475 2332 2531 2378 et
2579 2332 2701 2392 post
2748 2320 3090 2377 Cannensem
3143 2322 3355 2376 cladem
3417 2328 3617 2392 praetor
3670 2320 3895 2392 Sicilitc,

2288 2396 2503 2465 scripsit
2535 2390 2826 2449 Historiam
2853 2390 3441 2465 Annibalicam.grteca
3469 2390 3672 2465 lingua,
3706 2390 3896 2465 Latina

2287 2462 2466 2521 autem
2500 2465 2792 2521 Historiam
2825 2465 2894 2520 de
2941 2463 3138 2535 Gorgia
3193 2462 3495 2535 Leontino,
3524 2462 3698 2535 libros
3726 2464 3796 2535 de
3824 2463 3900 2535 lie

2288 2538 2527 2601 militari,
2575 2537 2744 2607 (unde
2779 2537 2928 2606 plura
2958 2531 3137 2590 hausit
3167 2531 3474 2607 Vegetius.)
3507 2532 3576 2588 de
3592 2531 3793 2607 Fastis,
3828 2534 3900 2589 de

2290 2608 2485 2665 Verbis
2509 2603 2720 2677 priscis.
2750 2603 2995 2678 e'quibus
3020 2607 3141 2678 haec
3158 2605 3320 2678 petita
3340 2603 3628 2678 videntur:
3659 2603 3899 2678 Diligens

2289 2690 2469 2734 auctor
2512 2674 2962 2733 monumentorum
3004 2674 3169 2733 Livio
3191 2676 3465 2743 laudatus,
3510 2674 3646 2730 Hist.
3672 2674 3896 2742 lib.'vt|,

2288 2751 2407 2806 init.
2439 2750 2575 2806 Vide
2622 2751 2688 2805 G.
2733 2750 2783 2805 J.
2809 2749 2994 2816 Voss,
3039 2748 3106 2804 de
3138 2748 3273 2803 llist.
3304 2747 3509 2811 Graec,
3540 2745 3633 2802 lib.
3666 2763 3738 2814 tv,
3768 2764 3893 2819 cap.

2288 2837 2366 2877 tn.
2400 2835 2454 2877 et
2484 2822 2551 2877 de
2579 2822 2719 2878 Hist.
2749 2822 2869 2888 lat.,
2894 2822 2988 2874 lib.
3012 2836 3049 2874 ι.
3079 2835 3200 2887 cap.
3230 2834 3303 2873 tv.
3336 2820 3541 2874 υκαι..

2363 2892 2501 2947 Nam
2533 2894 2695 2948 solere
2721 2894 2980 2948 Romanos
3013 2891 3287 2963 religiones
3307 2890 3894 2963 urbiumgsuperatarum

2325 2967 2476 3019 artim
2496 2966 2733 3033 privatim
2756 2981 2844 3033 per
2865 2964 3090 3034 familias
3110 2960 3374 3034 spargere,
3395 2973 3501 3017 etc.
3519 2961 3592 3016 [ta
3606 2961 3695 3016 ed.
3717 2960 3894 3033 Lugd.

2325 2983 2476 3019 arum
2496 2983 2733 3033 privatim
2756 2983 2844 3033 ρετ
2865 2983 3090 3034 [amittas
3110 2983 3374 3034 spargere,
3395 2983 3501 3017 CIC.
3520 2983 3592 3016 lla
3606 2983 3695 3016 eu.
3719 2983 3894 3033 Lugd.

2287 2983 2406 3091 ﬁat.
2441 3053 2505 3091 ex
2536 3036 2916 3090 emendatione
2948 3034 3036 3089 Fr.
3068 3034 3229 3089 Modii
3254 3035 3319 3088 ad
3346 3034 3469 3087 cod.
3506 3047 3608 3087 ms.
3644 3035 3896 3103 vestigia,

582 3104 808 3188 animum
832 3104 1120 3188 pertinere;
1151 3117 1286 3171 Itunc
1313 3104 1842 3185 medicinte'cor'poris
1869 3128 1916 3172 et
1944 3118 2177 3188 Apollini
2206 3107 2252 3169 C
2282 3108 2370 3188 {illi
2398 3108 2557 3163 llilbel
2585 3109 2859 3179 "09501188;
2885 3106 3027 3188 unde
3054 3105 3316 3188 Gelenius
3338 3104 3537 3188 fecerat
3556 3120 3732 3187 omnes
3750 3105 3895 3188 deos.

580 3185 907 3262 attributum,
944 3186 1096 3262 illum
1125 3188 1312 3262 Musis,
1341 3189 1462 3257 quia
1488 3190 1691 3244 morbos
1725 3190 1909 3254 animi,
1941 3185 2067 3262 quos
2096 3208 2184 3262 ap-

581 3254 776 3327 pellant
799 3259 934 3316 πάθη
966 3258 1159 3312 musica
1187 3254 1428 3314 lenire'ac
1448 3276 1633 3315 sanare
1659 3254 1992 3315 consueverit.
2023 3254 2181 3316 Con'l‘.

582 3325 806 3382 Ausonii
831 3327 991 3400 Aldyll.
1018 3343 1091 3400 xi.
1122 3329 1227 3385 Pro
1245 3330 1506 3386 movendis
1534 3330 1695 3387 Fulv.
1722 3331 1953 3389 Ursinus
1980 3334 2184 3387 mavult

580 3397 912 3525 ignoranda,
939 3399 1083 3456 male
1113 3418 1127 3456 :
1157 3402 1419 3458 movendis
1431 3411 1515 3458 est
1541 3402 1683 3459 idem
1713 3405 1856 3475 quod
1879 3420 2175 3475 promoven-

633 3485 697 3524 is.
776 3486 930 3525 nunc.

633 3485 697 3524 18.
727 3485 930 3526 UBELL.

618 3538 986 3623 Lcorniﬁcius.
1023 3541 1422 3623 Grammaticus
1452 3547 1636 3623 potius
1662 3561 1823 3623 quam
1866 3545 2178 3623 historicus,

582 3612 779 3667 citatus
800 3612 1030 3689 a__Festo_
1061 3616 1425 3689 et‘Macrobio
1450 3612 1759 3689 aliquoties,
1789 3618 1879 3689 qui
1908 3618 2027 3687 ejus
2053 3617 2184 3689 Ety-

583 3697 795 3765 ntorum
822 3684 991 3765 libros
1016 3686 1219 3765 laudat.
1254 3684 1616 3765 Vossius,__de
1655 3684 1951 3765 HiStIlat;
1982 3684 2181 3765 lib._t_it,

581 3755 640 3836 in
666 3755 974 3836 appendice
999 3760 1328 3836 scriptorum
1351 3758 1418 3836 de
1442 3755 1640 3836 quibus
1666 3761 1934 3836 incertum
1960 3775 2027 3814 an
2074 3759 2186 3815 his-

583 3828 752 3903 torica
783 3828 1125 3903 scripserint.
1161 3832 1264 3901 ορ.
1306 3831 1396 3887 ed.
1429 3828 1750 3897 A‘mstelodq
1779 3840 1916 3887 tom.
1940 3846 2028 3903 71v,
2059 3847 2182 3903 pag.

581 3895 717 3973 260,
757 3913 881 3973 eum
900 3895 1163 3958 ﬂoruisse
1189 3895 1614 3973 a'ittemporibus
1639 3895 1887 3973 Augusti.
1906 3902 2024 3959 Non
2053 3895 2186 3958 con-

583 3966 1044 4045 fundenduscum
1097 3973 1159 4028 L.
1190 3966 1483 4045 Corniﬁcio
1514 3966 1762 4042 rhetore',
1793 3973 1860 4029 ad
1902 3990 2061 4045 quem
2089 3973 2183 4030 Ci-

585 4041 805 4111 ceronis
828 4044 1074 4111 epistolae
1115 4054 1354 4100 exstant.
1383 4044 1587 4102 ORELL.

657 4110 793 4167 Deos
817 4130 998 4186 novem
1021 4115 1288 4181 Manilius,
1314 4126 1421 4173 etc.
1450 4118 1512 4171 Τ.
1539 4116 1809 4181 Manilius,
1837 4132 1997 4186 quem
2015 4116 2187 4172 citant

581 4181 867 4265 Xarronde
911 4186 1066 4265 [_._i_ng.
1105 4188 1225 4255 lat.,
1271 4188 1481 4265 lib.__tv,
1513 4199 1569 4245 et
1594 4204 1647 4265 vr
1676 4202 1777 4243 nec
1815 4181 1919 4242 non
1953 4188 2182 4265 Plinius,

582 4252 721 4329 Hist.
746 4254 891 4322 Nat.,
927 4252 1039 4313 lib:
1056 4275 1110 4322 κ,
1137 4252 1259 4328 cap.
1280 4274 1340 4325 tt,
1360 4252 1509 4314 illum
1535 4260 1759 4329 primum
1784 4268 1937 4329 atque
1967 4252 2186 4329 diligetu-

585 4326 837 4400 tissjmunt
855 4337 1147 4397 togatorum
1178 4326 1418 4385 laudans.
1436 4326 1646 4386 Flornit
1675 4326 2010 4400 temporibus
2034 4326 2186 4386 Marii

583 4396 840 4471 e_tSyll:e.
867 4396 986 4455 Vid.
1015 4400 1081 4457 G.
1111 4401 1162 4456 J.
1185 4400 1372 4467 Voss.,
1396 4402 1465 4457 de
1482 4402 1619 4457 Hist.
1641 4396 1868 4464 lat.,lib.
1901 4418 1934 4454 I.
1956 4417 2074 4471 cap.
2109 4417 2183 4457 ix.

587 4464 909 4542 Vcl'potest
957 4472 1182 4541 intelligi
1235 4464 1484 4527 Manilius
1545 4471 1829 4532 Chrestus,
1865 4473 1953 4542 qui
1986 4464 2183 4528 librum

582 4538 802 4609 scripsit
826 4542 893 4596 de
925 4538 1424 4613 Hymnis'dcorum,
1451 4538 1895 4612 testanlgentio‘
1910 4544 1978 4599 de
2012 4545 2190 4612 prisco

583 4620 867 4687 sermone;
884 4627 939 4667 v.
976 4612 1198 4687 ’lnjages
1220 4614 1389 4687 boves,
1424 4615 1580 4684 cujus
1641 4614 1938 4687 fragmenta
1988 4615 2193 4687 aliquot

583 4679 814 4756 i_ns_eruit
839 4679 1076 4756 Joannes
1111 4679 1311 4756 'Mydus
1339 4679 1602 4756 opusculo
1627 4679 1747 4741 suo'
1764 4684 1831 4740 de
1858 4679 2134 4742 Mensibus
2158 4701 2190 4742 a

585 4749 844 4809 Schowio
866 4755 1034 4811 edito.
1062 4749 1266 4812 Οιιιῖὶι.

660 4822 1008 4899 ρυίὺριεᾼδοιὶε
1044 4828 1251 4897 Jupiter
1286 4838 1584 4897 potestatem
1614 4830 1844 4899 jaciendi
1871 4829 1951 4885 sui
1997 4830 2189 4899 permi-

581 4896 702 4948 serit
723 4897 977 4967 fulminis.
1004 4896 1202 4955 Lucem
1226 4896 1414 4955 nOstro
1445 4896 1674 4956 aﬂ'undit
1695 4901 1850 4957 Plinii
1875 4896 2025 4956 locus
2050 4900 2188 4958 Hist.

584 4973 725 5048 nat.,
758 4968 852 5024 lib.
873 4985 944 5048 tt,
981 4986 1101 5048 cap.
1138 4988 1208 5048 ιι)
1240 4989 1259 5048 :_
1295 4971 1578 5028 Tuscorum
1625 4973 1806 5029 littera:
1848 4989 2023 5048 novem
2069 4973 2190 5028 deos

584 5041 824 5115 emittere
861 5041 1083 5110 fulmina
1112 5044 1424 5111 existimant,
1444 5060 1603 5115 eaque
1631 5061 1737 5099 esse
1767 5044 2003 5099 undecim
2031 5060 2188 5115 gene-

583 5122 740 5192 rant:
786 5108 966 5166 Jovem
995 5116 1129 5192 enim
1174 5116 1309 5169 trina
1331 5108 1573 5192 iaculari.
1615 5115 1962 5192 Hontaniduo
1992 5108 2190 5192 (datum

583 5194 647 5231 ea:
670 5186 733 5234 iis
757 5198 1036 5251 servavere,
1054 5186 1240 5239 diurna
1265 5186 1593 5242 attribuentes
1608 5186 1749 5251 Iovi,
1767 5196 2015 5241 nocturna
2038 5187 2186 5240 Sum-

583 5264 757 5316 mano,
812 5264 943 5320 etc.,
999 5256 1087 5312 ubi
1147 5257 1269 5313 vide
1326 5257 1587 5312 Harduin.
1645 5258 1799 5314 Conf.
1843 5258 2036 5313 Senec.
2067 5257 2186 5312 Nat.

583 5319 816 5405 Qt_l:l!§l.,
850 5319 946 5379 lib.
980 5342 1040 5391 tt,
1074 5342 1196 5399 cap.
1225 5328 1334 5405 4i:
1370 5347 1390 5380 ι
1430 5327 1639 5399 Jupiter
1656 5330 1875 5400 quidem
1897 5329 2190 5405 praecipue

582 5390 811 5476 fulmine
831 5468 842 5476 _
862 5407 1122 5461 armatur,
1144 5390 1549 5476 'ptttabaturqtie
1603 5390 1813 5476 tantum
1838 5390 2185 5476 miiterel‘ul-

583 5468 729 5547 mina
763 5468 1212 5547 rubra,_cum_alii
1232 5471 1324 5547 pii
1354 5468 1722 5547 jacularentur
1746 5473 1865 5528 alba
1893 5483 1985 5527 aut
2013 5474 2185 5547 nigra,

586 5539 658 5617 uti
689 5552 754 5617 es
790 5539 1031 5617 Horatio,
1080 5539 1699 5617 ClaudianoetAcrune
1725 5546 1980 5617 observat
2010 5539 2189 5617 Meur—

591 5610 704 5689 sius
733 5610 785 5689 in
835 5610 1267 5689 Lycophronem.
1297 5614 1425 5689 Inde
1453 5616 1590 5689 forte
1620 5626 1724 5679 est.
1769 5616 1913 5689 quod
1940 5613 2077 5684 apud
2102 5614 2188 5669 Liv

592 5681 737 5757 vium
768 5681 1009 5757 legamus
1036 5684 1129 5740 lib.
1161 5696 1335 5757 xxxii”,
1375 5685 1711 5757 Jovidonum
1761 5681 1956 5757 fulmen
1977 5681 2188 5739 aureum

589 5752 760 5871 genito
785 5751 843 5805 L’
872 5758 1064 5823 factum
1084 5772 1209 5823 esse,
1256 5751 1456 5813 lunoni
1484 5751 1826 5829 Minervaeque
1848 5773 1911 5812 ea:
1953 5766 2185 5827 argento.

640 5826 797 5871 t'uater
816 5822 1010 5871 JOVEm
1038 5835 1217 5871 autem
1248 5828 1383 5871 deni
1411 5827 1761 5871 fulminanpr
1787 5828 2006 5871 inuenio
2030 5827 2185 5871 Sinni.

640 5826 797 5877 raeter
816 5822 1011 5883 levem
1038 5822 1217 5886 autem
1248 5828 1383 5887 deos
1411 5822 1761 5891 lulminantes
1787 5822 2189 5890 invenio'Suni-

2335 3193 2429 3233 eos
2456 3188 2581 3234 ante
2607 3176 3063 3249 eipugnationem
3094 3178 3304 3232 urbium
3335 3193 3361 3229 a
3386 3176 3900 3249 Romaniscvocari

2286 3250 2476 3305 solitos
2521 3261 2575 3305 et
2622 3245 2845 3304 Ruinam
2893 3249 3108 3304 invitari
3159 3263 3248 3303 res
3288 3247 3591 3302 notissima.
3639 3245 3901 3303 Videatur

2287 3320 2514 3376 formula
2548 3322 2622 3376 illi
2653 3322 2729 3377 rei
2752 3320 2989 3375 adhibita
3021 3318 3162 3388 apud
3208 3319 3470 3384 Macrob.,
3504 3322 3759 3387 Saturn.,
3795 3320 3894 3373 lib.

2286 3408 2368 3459 tu,
2400 3407 2520 3461 cap.
2545 3392 2609 3459 9;
2647 3393 2899 3459 Plinium,
2930 3393 3022 3448 lib.
3053 3406 3239 3454 xxvut,
3266 3405 3389 3460 cap.
3418 3391 3487 3457 2;
3525 3390 3761 3460 Livium,
3789 3402 3899 3447 etc.

2290 3464 2427 3520 Hinc
2458 3464 2781 3519 Prudentius
2806 3472 2999 3519 contra
3031 3462 3442 3534 Symmachum,
3478 3462 3573 3519 lib.
3611 3478 3649 3517 tt
3681 3481 3695 3515 :

2412 3556 2704 3619 [itttttmeros
2728 3562 2837 3619 post
2858 3556 3043 3606 deinde
3065 3555 3205 3619 deos,
3230 3555 3410 3619 virtute
3433 3555 3656 3619 subactis

2422 3617 2654 3681 Urbibus,
2682 3615 2745 3668 ei
2772 3618 2918 3668 claris
2940 3620 3137 3681 peperit
3158 3618 3250 3667 sibi
3273 3615 3426 3666 Roma
3450 3618 3734 3681 triumphis.

2412 3680 2551 3730 Inter
2573 3677 2822 3730 fumantes
2838 3677 3132 3743 templorum
3152 3687 3337 3743 armata
3357 3682 3529 3729 ruinas

2412 3743 2635 3792 Dextera
2660 3743 2859 3793 victoris
2880 3742 3140 3793 simulacra
3165 3742 3357 3792 hostilia
3383 3745 3536 3804 cepit,

2413 3804 2477 3856 Et
2490 3807 2681 3869 captiva
2704 3806 2903 3869 domum
2926 3818 3171 3869 venerans
3187 3817 3280 3853 ceu
3300 3807 3495 3869 numina
3522 3806 3685 3855 vexit.

2793 3867 2994 3930 Οιιειι..,
3015 3868 3267 3917 Snwscu.
3293 3876 3347 3917 et
3365 3866 3586 3917 Harum.

2361 3974 2433 4028 Ac
2458 3990 2521 4028 ne
2540 3973 2726 4043 aliquis
2752 3974 2963 4027 deorum
2985 3972 3310 4027 multitudine
3339 3982 3426 4043 aut
3453 3971 3909 4043 ignorantia_pr¢r~-

2288 4047 2544 4100 teriretur.
2576 4040 2668 4100 Sic
2699 4044 2840 4099 edidi
2872 4059 2939 4099 ex
2986 4044 3366 4099 emendatione
3396 4040 3613 4097 Hei-aldi
3643 4043 3696 4095 in
3726 4040 3903 4097 Curis

2289 4132 2346 4172 ll.
2378 4116 2574 4171 Caeteri
2599 4133 2612 4171 :
2637 4132 2698 4170 ac
2719 4133 2780 4169 ne
2818 4115 3016 4185 aliquid
3044 4115 3278 4180 deorum,
3303 4125 3410 4169 etc.
3440 4113 3636 4185 Οκειι..

2288 4206 2309 4251 μ
2360 4187 2609 4244 XXXIX.
2646 4217 2719 4228 —
2759 4184 2910 4243 Sunt
2942 4194 3192 4256 prwterea
3247 4184 3505 4256 nonnulli,
3558 4184 3646 4254 qui
3694 4199 3759 4237 ea:
3805 4187 3911 4238 Ito-

2287 4259 2507 4332 minibus
2529 4260 2671 4314 divos
2693 4263 2876 4332 factos.
2898 4254 3121 4332 servius
3143 4258 3209 4313 ad
3240 4257 3422 4332 Yirgil.
3445 4254 3708 4332 @n._vttt,
3738 4270 3902 4332 vers.

2288 4330 2391 4387 187
2423 4348 2437 4383 :
2473 4331 2613 4387 Sane
2630 4327 2841 4400 quidam
2863 4339 3052 4384 veteres
3077 4329 3199 4384 deos
3229 4327 3532 4384 Novensiles
3559 4327 3760 4392 dicunt,
3787 4329 3913 4398 qui-

2286 4402 2379 4457 bus
2408 4405 2591 4457 merita
2617 4402 2818 4456 virtutis
2847 4401 3079 4456 dederint
3108 4401 3335 4455 numinis
3379 4400 3715 4471 dignitatem.
3736 4400 3906 4471 Conf.

2214 4501 2267 4568 Ι)
2294 4472 2783 4568 MartiaurLCapella
2803 4473 2871 4529 de
2890 4472 3052 4543 Nupt.
3078 4472 3275 4528 Philol.
3293 4514 3310 4543 ,
3336 4468 3505 4539 libft,
3536 4486 3658 4543 pag.
3690 4468 3788 4539 27,
3809 4473 3907 4527 ed.

2295 4543 2457 4600 Bern.
2488 4543 2692 4600 0am.

2369 4616 2471 4684 Qui
2492 4617 2640 4671 rebus
2665 4616 2718 4671 in
2743 4613 3027 4670 substantia
3050 4612 3334 4669 constitutis
3359 4613 3690 4669 iuanissimas
3730 4614 3914 4669 subdit

2294 4696 2342 4741 et
2368 4704 2449 4741 res
2478 4703 2672 4742 cassus.
2706 4687 2835 4742 Hzcc
2863 4696 2945 4741 est
2995 4687 3156 4742 lectio
3187 4696 3378 4749 vetus,
3410 4701 3532 4755 rpite
3579 4686 3800 4741 tolerari
3855 4696 3915 4742 et

2294 4760 2553 4829 explicari
2604 4765 2800 4829 p0test.
2857 4758 3077 4813 Dicebat
3131 4757 3275 4812 enim
3324 4756 3497 4829 Varro
3532 4775 3545 4810 :
3579 4756 3913 4813 Novensiles

2293 4828 2429 4885 deus
2450 4845 2571 4886 esse
2602 4845 2884 4885 numerum
2917 4830 3267 4884 novenarium
3290 4845 3305 4891 ς
3332 4839 3386 4882 et
3424 4828 3499 4883 ita
3530 4843 3619 4884 res
3647 4829 3913 4885 inanissi-

2293 4916 2411 4974 mas
2449 4913 2505 4958 et
2535 4916 2716 4974 cassas
2747 4900 2911 4974 (quid
2939 4901 3083 4955 enim
3124 4898 3712 4974 _numeris_iuanius?)
3744 4901 3916 4957 rebus

2292 4972 2347 5028 in
2380 4972 2680 5027 substantia
2710 4970 3023 5028 constitutis
3051 4972 3336 5026 subdebat.
3377 4970 3700 5027 Obscuritas
3724 4986 3912 5028 autem

2293 5042 2455 5114 hujus
2485 5043 2590 5098 loci
2617 5055 2740 5099 nata
2761 5055 2845 5099 est
2866 5060 2928 5097 cx
2965 5043 3282 5113 traiectione
3308 5045 3518 5111 captata:
3543 5060 3640 5113 pro
3661 5045 3916 5099 inanissi-

2292 5130 2404 5186 mas
2420 5114 2590 5169 subdit
2616 5132 2697 5169 res
2725 5126 2770 5169 et
2791 5130 2986 5169 cassos.
3004 5114 3666 5186 chAALnus.—Trajectio
3694 5117 3915 5186 copulae

2291 5184 2573 5242 familiaris
2616 5186 2757 5253 apud
2791 5187 3112 5241 Arnobium.
3150 5184 3227 5239 lta
3254 5185 3344 5240 lib.
3379 5202 3420 5250 1,
3446 5201 3568 5256 cap.
3601 5188 3674 5241 64
3706 5204 3721 5241 :
3756 5184 3915 5242 ludo-

2290 5273 2407 5311 rum
2434 5268 2480 5311 et
2502 5257 2791 5313 celebritate
2815 5258 3089 5320 natalium,
3124 5271 3222 5325 pro
3255 5258 3543 5312 celebritate
3571 5259 3822 5313 ludorum
3864 5271 3914 5313 et

2291 5330 2570 5399 natalium,
2602 5328 2693 5384 ubi
2715 5328 2833 5384 vide
2866 5338 3044 5383 notas.
3090 5328 3277 5399 Itaque
3326 5330 3429 5384 hoc
3467 5330 3585 5385 loco
3617 5344 3761 5399 opus
3800 5347 3912 5386 non

2292 5397 2569 5465 habemus
2589 5401 2933 5457 correctione
2962 5397 3379 5467 edituris'Lugd.
3402 5400 3518 5455 But.
3550 5397 3914 5457 :lnanissima

2291 5471 2560 5545 subdit,_et
2584 5489 2639 5526 re
2667 5488 2839 5539 cassa,
2870 5472 3042 5545 multo
3070 5472 3247 5545 minus
3278 5470 3651 5545 Fulv._Ur.~ini
3682 5475 3911 5545 conjec-

2293 5553 2411 5598 tura
2440 5561 2452 5596 :
2477 5542 2819 5598 lnanissimas
2840 5543 3008 5598 subdit
3028 5544 3273 5608 rationes,
3306 5544 3389 5599 vel
3413 5542 3633 5598 Meursii
3664 5562 3677 5599 :
3710 5542 3906 5600 iniistis.

2292 5615 2447 5668 simas
2490 5616 2661 5669 subdit
2704 5632 2784 5670 res
2824 5625 2870 5669 et
2900 5631 3092 5669 cassus.
3143 5615 3249 5669 Pro
3277 5615 3331 5668 in
3368 5614 3656 5669 substantia
3696 5616 3911 5672 Modius

2292 5686 2509 5741 reﬁnxit
2556 5687 2611 5741 in
2650 5687 2886 5741 essentia.
2934 5686 3042 5742 Sed
3090 5685 3212 5740 end.
3263 5700 3365 5740 ms.
3427 5687 3589 5741 habet
3632 5688 3907 5752 instantia,

2290 5755 2436 5828 quod
2468 5772 2563 5828 per
2603 5757 2984 5828 compendium
3028 5755 3305 5828 scribendi
3334 5758 3390 5814 in
3425 5759 3614 5814 stantia
3668 5758 3909 5817 fortasse

2291 5827 2549 5899 Scriptum
2576 5840 2680 5899 pro
2703 5827 2760 5884 in
2785 5827 3086 5886 substantia.
3113 5828 3320 5885 ORELL.
