4224 6264
376 249 487 309 993

1740 245 1949 308 LIBER
1986 243 2309 308 TERTIUS.

3579 251 3687 312 994

377 362 738 436 peritissimus
791 368 936 419 errat
979 360 1185 430 Varro,
1230 362 1322 434 qui
1369 362 1532 420 rebus
1575 364 1629 420 in
1677 365 1973 421 substantia
2005 371 2054 430 Α
2083 381 2176 421 sus
2205 365 2526 422 Novensiles
2549 364 2624 420 dii
2653 372 2798 420 sunt.
2831 363 2907 421 Ut
2934 363 3078 421 enim
3110 363 3290 432 servi,
3319 363 3542 430 milites,
3572 381 3688 420 ma-

374 457 684 513 constitulis
708 457 1052 512 inanissimas
1081 456 1268 512 subdit
1292 467 1345 512 et
1369 473 1459 514 res
1489 473 1696 514 cassas.
1729 460 1784 515 Si
1817 475 1975 515 nove-

379 549 565 605 narius
595 565 854 604 numerus
878 564 1180 620 cognomen
1213 549 1584 606 Novensilium
1633 550 1815 616 ducit,
1842 551 1978 605 Cor-

375 641 590 698 niﬁcius
641 641 828 698 labare
872 642 1236 709 convincitur,
1267 643 1356 714 qui
1389 643 1611 698 novitati
1641 642 1976 711 praesidenti-

375 736 479 791 bus
505 735 642 791 divis
669 735 861 790 alienae
891 735 1148 805 potentiae
1178 735 1284 790 vim
1313 735 1503 790 donat.
1534 735 1685 803 Quod
1715 736 1758 790 si
1791 735 1974 804 opinio

381 828 655 884 Corniﬁcii
686 842 812 884 vera
844 837 945 895 est,
980 828 1294 898 imprudens
1316 826 1535 884 Cincius
1559 828 1850 894 invenitur,
1881 827 1973 897 qui

373 919 590 975 urbium
621 919 886 974 victarum
914 918 1050 974 deos
1090 927 1359 990 potestate
1407 919 1573 974 afﬁcit
1603 918 1972 974 Novensilium

375 1013 675 1068 numinum.
708 1011 864 1080 Quod
906 1014 951 1068 si
980 1013 1033 1068 hi
1066 1024 1228 1081 sunt,
1258 1029 1395 1084 quos
1421 1014 1637 1070 Cincius
1669 1013 1960 1084 praedicat,

373 1105 621 1162 Manilius
647 1105 832 1162 dicere
853 1107 1164 1176 reperietur
1193 1105 1390 1162 falsum
1415 1148 1430 1173 ,
1464 1107 1555 1178 qui
1580 1107 1743 1162 alieni
1788 1107 1970 1161 fulmio

370 1199 454 1255 nis
470 1199 799 1269 jaculatores
821 1200 924 1254 sub
950 1200 1107 1255 istius
1129 1201 1428 1255 vocaminis
1449 1200 1816 1270 appellatione
1843 1215 1976 1256 con-

368 1291 558 1347 cludit.
593 1291 751 1360 Quod
773 1292 818 1348 si
844 1293 1185 1362 exploratum
1214 1302 1269 1349 et
1294 1308 1480 1348 verum
1511 1301 1594 1349 est
1618 1292 1670 1348 id
1691 1291 1834 1364 quod
1861 1293 1976 1347 Ma-

369 1385 538 1440 nilius
565 1393 846 1454 autumat,
901 1386 954 1440 in
983 1401 1170 1442 errore
1215 1398 1340 1441 sunt
1368 1385 1422 1440 hi
1455 1386 1727 1452 maximo,
1758 1387 1846 1457 qui
1880 1385 1979 1440 ho-

372 1481 598 1537 noribus
626 1479 827 1534 divinis
873 1488 1094 1545 auctos,
1125 1490 1582 1550 consecratusque
1614 1481 1870 1534 mortales
1902 1478 1973 1534 ob

370 1573 664 1629 novitatem
694 1571 917 1628 honoris
939 1571 1250 1627 existimant
1267 1572 1588 1644 nuncupari.
1614 1571 1768 1640 Quod
1791 1573 1834 1626 si
1865 1571 1971 1626 No-

369 1667 604 1724 vensiles
635 1666 688 1722 hi
714 1675 874 1733 sunt,
906 1666 997 1736 qui
1028 1675 1348 1722 meruerunt
1371 1665 1439 1721 ad
1460 1666 1637 1722 sidera
1670 1665 1965 1730 sublevari,

2077 459 2265 528 gistri,
2314 472 2420 512 non
2449 465 2573 512 sunt
2601 472 2954 527 personarum
2985 455 3382 526 subjacentium
3416 457 3636 513 nomina
3664 497 3682 528 ,

2079 551 2176 606 sed
2199 550 2504 606 ofticiorum
2524 591 2539 615 ,
2567 549 2972 617 conditionum,
3007 559 3064 605 et
3087 564 3376 605 munerum
3413 567 3426 602 :
3458 551 3528 603 ita
3560 563 3686 604 cum

2077 641 2400 697 Novensiles
2425 641 2656 696 dicimus
2686 656 2883 697 nomen
2916 656 3037 697 esse
3078 640 3340 708 deorum,
3374 641 3468 711 qui
3498 656 3566 696 ex
3590 641 3687 696 lto-

2079 735 2312 790 minibus
2333 743 2648 790 meruerunt
2673 735 2747 789 dii
2770 750 2912 803 esse,
2930 732 3277 790 manifestum
3303 743 3356 790 et
3377 743 3686 805 promptum

2075 835 2160 882 est
2188 840 2294 880 non
2330 841 2592 896 personas
2622 826 2929 896 specialiter
2957 825 3229 892 delinitas,
3261 826 3356 882 sed
3387 827 3682 882 novitatem

2075 919 2248 990 ipsam
2279 921 2604 989 cognomine
2633 918 3004 974 Novensilium
3034 921 3358 990 nuncupari.

2150 1012 2264 1067 XL.
2299 1012 2546 1086 Nigidius
2593 1014 2827 1068 Penates
2848 1013 2982 1068 deos
3023 1011 3331 1083 Neptunum
3360 1027 3483 1068 esse
3517 1022 3683 1084 atque

2078 1103 2385 1175 Apollinem
2439 1104 2718 1175 prodidit,
2778 1106 2868 1176 qui
2939 1104 3212 1176 quondam
3268 1105 3437 1160 muris
3492 1106 3682 1162 urbem

2079 1197 2238 1253 llium
2271 1208 2296 1236 α
2326 1199 2637 1254 conditione
2665 1198 2916 1268 adjuncta
2943 1199 3252 1253 cinxerunt.
3303 1198 3448 1254 Idem
3491 1213 3684 1256 rursus

2081 1290 2135 1345 in
2164 1290 2305 1346 libro
2335 1300 2492 1347 sexto
2517 1291 2742 1360 exponit
2769 1301 2820 1347 et
2845 1291 3080 1356 decimo,
3109 1291 3424 1362 disciplinas
3448 1291 3681 1347 Etbrus-

2078 1399 2171 1440 cas
2200 1399 2466 1456 sequens,
2508 1401 2708 1457 genera
2737 1400 2857 1440 esse
2886 1385 3170 1441 Penatium
3200 1396 3449 1457 quatuor,
3479 1396 3534 1444 et
3557 1402 3684 1444 esse

2075 1479 2226 1535 lovis
2247 1496 2310 1536 ex
2340 1480 2422 1535 bis
2473 1481 2631 1546 alios,
2680 1481 2818 1536 alios
2849 1479 3102 1554 Neptuni,
3135 1481 3434 1537 inlerorum
3464 1483 3676 1551 tertios,

2077 1573 2387 1628 mortalium
2404 1572 2681 1628 hominum
2697 1583 2942 1644 quartos,
2960 1573 3340 1644 inexplicabile
3356 1575 3540 1631 nescio
3554 1574 3681 1646 quid

2068 1663 2272 1720 dicens.
2303 1663 2508 1722 Caesius
2527 1674 2582 1721 et
2603 1666 2716 1736 ipse
2737 1666 2835 1721 has
2859 1682 3090 1738 sequens
3114 1667 3408 1723 Fortunam
3431 1669 3665 1724 arbitra-

366 1772 653 1837 postquam
682 1771 812 1818 sunt
833 1763 958 1818 vitae
985 1761 1317 1817 mortalitate
1341 1759 1619 1830 defuncti,
1644 1760 1777 1815 nulli
1807 1773 1968 1829 pror-
1999 1748 2048 1809 B
2081 1766 2190 1824 tur,
2236 1764 2291 1812 et
2329 1755 2608 1828 Cererem,
2641 1759 2874 1814 Genium
2903 1759 3197 1828 Jovialem,
3229 1775 3295 1817 ac
3332 1761 3539 1829 Palem,
3574 1761 3674 1819 sed

1613 1870 2000 1933 LECTIONES
2037 1869 2458 1929 VARIANTES.

425 1995 454 2025 ⁸
486 1991 840 2044 Immortalium
872 2003 965 2042 ms.
989 1987 1308 2042 vitiosissime.

1754 2093 2314 2153 COMMENTARIUS.

435 2216 740 2284 Corniﬁcius
772 2215 944 2270 labare
963 2215 1295 2270 convincitur.
1328 2212 1557 2270 Restitui
1587 2213 1831 2269 Aruobio
1857 2229 1954 2268 ve-

361 2291 628 2346 rissimam
654 2288 790 2343 hanc
815 2297 870 2342 et
895 2289 1168 2343 contextui
1187 2287 1762 2342 convenientissimam
1805 2285 1956 2340 codi-

360 2363 439 2416 cis
485 2375 584 2415 ms.
631 2361 936 2424 lectionem,
981 2360 1119 2415 bene
1167 2359 1496 2414 delensama
1544 2357 1856 2413 Stewechio
1903 2363 1960 2411 et

361 2433 422 2489 P.
442 2433 629 2487 Colvio
658 2432 722 2484 ad
747 2432 980 2500 Apulei.,
1018 2431 1168 2493 Met.,
1211 2431 1304 2484 lib.
1335 2445 1387 2492 v,
1423 2444 1542 2500 pag.
1567 2429 1694 2494 568,
1725 2429 1812 2484 ed.
1846 2429 1957 2483 Ott-

359 2504 622 2571 dendorp.
649 2499 868 2557 Sabaeus
916 2504 970 2557 in
997 2503 1082 2556 ed.
1130 2503 1372 2572 principe
1416 2499 1658 2559 Romana
1687 2501 1955 2572 deditiba-

361 2579 488 2637 lare.
518 2574 658 2645 quod
680 2575 916 2629 editores
938 2575 1117 2628 caeteri
1134 2571 1508 2645 retinuerunt,
1528 2571 1768 2645 defendit
1793 2571 1954 2625 etiam

362 2643 643 2711 lleraldus,
675 2656 869 2715 putans
898 2645 1192 2698 Arnobium
1239 2645 1339 2698 hoc
1374 2644 1541 2699 verbo
1585 2643 1815 2698 illudcre
1861 2657 1955 2697 vo-

361 2717 528 2773 luisse
555 2717 760 2771 nomini
787 2716 1082 2770 Cornilicii.
1124 2716 1313 2770 Balare
1360 2716 1566 2770 scilicet
1600 2715 1781 2768 ovium
1812 2731 1949 2782 vox;

359 2793 502 2860 quod
533 2788 788 2860 quoniam
810 2787 1267 2860 simplicissimum
1289 2787 1618 2860 est‘animal,
1649 2786 1956 2860 hominibus

362 2856 564 2930 parum
599 2857 807 2914 callidis
836 2859 1073 2930 etpaulo
1113 2857 1484 2930 stolidioribus
1531 2857 1822 2930 appellatio
1853 2856 1954 2913 ista

361 2927 559 2985 tributa
577 2940 661 2983 est
682 2946 710 2982 a
734 2929 1024 2994 veteribus,
1056 2945 1106 2984 v.
1131 2945 1179 2984 c.
1214 2928 1573 2998 Aristophane
1599 2931 1650 2982 in
1680 2927 1952 2984 Nubibus:

361 3004 518 3077 Λίθρι,
573 3001 801 3077 ᾁριθμρς,
856 3001 1144 3077 irpégotrot.“
1164 3001 1346 3077 Itaque
1391 3000 1565 3077 balare
1604 3000 1764 3077 etiam
1808 3010 1958 3057 recte

360 3073 490 3139 dici,
514 3071 822 3167 quistdlide
846 3071 1046 3142 aliquid
1063 3071 1710 3167 Iell'utiuntpotiuscquanlt
1729 3071 1955 3167 loqtiun-

362 3155 470 3199 tur.
508 3142 578 3197 At
609 3157 735 3198 vero
773 3144 1170 3199 observandum
1202 3155 1305 3210 est,
1329 3142 1645 3197 ‘Arnobium
1679 3142 1781 3196 hoc
1836 3144 1955 3198 loco

359 3217 547 3272 tloctos
579 3215 700 3269 illos
729 3230 865 3284 quos
904 3225 1254 3271 recensuerat
1301 3215 1444 3268 viros
1476 3213 1876 3270 modestissime
1901 3224 1956 3269 et

359 3290 476 3342 sine
507 3286 610 3341 ulla
640 3286 935 3340 acerbitate
963 3298 1055 3341 aut
1078 3287 1361 3341 virulentia
1408 3285 1662 3349 refutare,
1695 3302 1865 3339 errare
1890 3286 1957 3339 il-

363 3359 438 3413 los
468 3359 758 3421 dicentem,
790 3358 1140 3426 imprudentes
1164 3358 1398 3420 inveniri,
1432 3358 1620 3426 falsum
1648 3358 1832 3422 dicere,
1848 3367 1952 3412 etc.

358 3429 546 3501 Itaque
570 3429 742 3483 balare
757 3427 872 3501 _hoc
902 3430 1022 3484 loco
1055 3446 1274 3499 prorsus
1305 3430 1563 3501 alienum.
1592 3428 1732 3501 Gu‘il.
1761 3429 1956 3501 Cantee

361 3498 474 3566 rus,
507 3500 704 3555 Novar.
752 3499 952 3568 Lectt.,
999 3498 1092 3556 lib.
1150 3517 1227 3568 nt,
1259 3515 1375 3567 cap.
1426 3498 1498 3551 22
1552 3498 1602 3553 in
1648 3499 1698 3554 J.
1739 3499 1955 3555 Gruteri

359 3572 616 3641 Lampad.
647 3570 808 3643 Crit.,
842 3573 948 3626 vol.
983 3587 1062 3638 ιιι,
1107 3588 1226 3643 pag.
1261 3572 1386 3638 584,
1428 3570 1709 3640 legendum
1737 3572 1957 3642 conjicit

359 3645 558 3707 lmlare,
587 3641 732 3712 quod
761 3643 966 3712 antiqui
994 3641 1320 3713 usurparunt
1351 3658 1450 3712 pro
1476 3643 1701 3708 mentiri,
1732 3641 1956 3698 auctore

360 3715 543 3769 Festo.
567 3713 674 3768 Sed
702 3723 917 3782 prastat
960 3716 1152 3769 labare.
1178 3714 1253 3769 lla
1275 3730 1392 3784 cap.
1437 3715 1680 3783 sequenti
1712 3730 1726 3767 :
1753 3713 1954 3768 Labant

355 3785 640 3847 sententia,
673 3795 725 3838 et
751 3800 869 3855 cap.
899 3785 991 3855 M,
1019 3803 1134 3840 cum
1178 3803 1243 3842 ea:
1271 3803 1372 3840 uno
1401 3795 1448 3838 et
1475 3800 1537 3838 ex
1575 3784 1738 3838 altera
1789 3787 1956 3838 mani-

357 3863 546 3929 festum
583 3857 676 3925 ﬁat
710 3866 758 3910 et
799 3867 967 3926 pateat
997 3859 1252 3924 Iuesitare,
1304 3856 1956 3929 labare,_nec_gqttidquam

356 3927 444 3983 vos
474 3929 596 3982 certi
624 3930 688 3982 de
717 3929 795 3981 Itis
825 3932 992 3994 rebus,
1017 3947 1142 3999 quas
1174 3930 1422 3992 asseritis,
1451 3927 1597 3999 scire.
1627 3927 1831 3981 ORELL.

429 3999 507 4053 0b
531 4000 806 4053 novitatem
844 3998 1070 4054 honoris.
1121 4001 1297 4055 Editio
1326 3998 1494 4069 Lugd.
1538 3999 1654 4052 Bal.
1708 3999 1784 4052 Ab
1812 4000 1956 4053 novi-

355 4082 457 4127 tate
476 4071 704 4124 honoris.
741 4070 1001 4126 Meursius
1030 4091 1042 4125 :
1077 4072 1154 4126 0b
1185 4072 1420 4125 novitatis
1469 4072 1732 4134 honorem,
1776 4071 1952 4140 respi-

355 4144 508 4198 ciens
530 4142 596 4196 ad
627 4142 900 4197 Corniﬁcii
951 4144 1294 4210 sententiam,
1323 4141 1414 4213 qui
1445 4142 1654 4197 dicebat
1682 4157 1776 4197 eos
1803 4144 1956 4197 novi-

359 4223 528 4270 totum
554 4213 830 4282 prmsides.
857 4215 1058 4270 Οιιειι.

426 4285 513 4338 Ita
548 4301 663 4339 cum
692 4283 992 4340 Novensiles
1023 4287 1238 4342 dicimus
1265 4301 1444 4340 nomen
1471 4302 1576 4339 esse
1602 4285 1834 4350 deorum,
1866 4285 1953 4351 qui

353 4375 416 4413 ea:
446 4357 733 4411 hominibus
772 4370 1060 4412 meruerunt
1089 4359 1163 4412 dii
1191 4375 1317 4412 esse.
1374 4359 1444 4410 Ita
1477 4356 1733 4412 Gelenius
1775 4357 1950 4411 locum

2060 2211 2198 2295 με,
2258 2227 2344 2295 eas
2383 2228 2616 2295 sequens.
2663 2214 2761 2270 Ed.
2819 2214 2993 2295 Lugd.
3025 2217 3154 2295 Bat_._
3202 2221 3259 2274 id
3283 2239 3539 2295 _sequens.
3571 2225 3678 2285 Sed

2058 2283 2282 2366 Canteri
2331 2283 2950 2366 emendatiouproxjme
2972 2290 3184 2366 accedit
3231 2293 3300 2366 ad
3347 2283 3670 2366 scripturam

2059 2353 2297 2438 Codicis.
2329 2355 2434 2438 Pro
2462 2355 2625 2438 Cresia
2653 2353 2793 2438 idem
2817 2358 3390 2438 Canterusjegendum
3420 2353 3674 2438 sitSpieaQ

2061 2434 2147 2510 tur
2171 2425 2718 2510 Catius,nititell_igens
2740 2431 2857 2486 sine
2895 2432 3058 2510 dubio
3085 2425 3418 2510 LCCatlium
3453 2425 3676 2510 Αιὶιίμει-

2063 2498 2354 2584 μςυιῐιηῳιί
2377 2497 2743 2584 Gracchorum
2770 2505 3105 2584 temporibus
3134 2506 3320 2584 floruit
3349 2497 3674 2584 scripsitque

2063 2568 2367 2652 historiam“
2389 2570 2734 2652 bglliﬂPUIliCi
2764 2585 2818 2630 et
2872 2568 2995 2652 alia.
3027 2576 3179 2652 Cotti.
3212 2579 3361 2652 Li_v.,
3406 2568 3501 2637 liii.
3552 2568 3670 2652 sin,

2061 2655 2181 2709 cap.
2209 2643 2294 2695 58.
2329 2640 2393 2696 G.
2427 2641 2735 2722 J..Vossius
2767 2655 2944 2702 autem
2979 2648 3231 2722 intelligit
3259 2640 3490 2708 Cassium
3538 2640 3672 2712 Bas:

2061 2726 2200 2794 sum,
2238 2722 2448 2794 poetam
2484 2714 2709 2794 lyricum
2739 2714 3508 2794 ct,secundum'nonnullos,
3541 2744 3670 2784 auc-

2063 2790 2234 2856 torem
2265 2784 2792 2842 Commentariorutn
2825 2791 2874 2843 itt
2905 2791 3051 2845 Arati
3086 2792 3449 2853 Phwnomena
3473 2784 3506 2852 εἰ
3536 2799 3672 2856 Ger.

2060 2855 2274 2931 rnani_c_o
2286 2871 2577 2931 conversa,
2597 2860 2683 2931 qui
2711 2861 2838 2914 vixit
2865 2864 3196 2931 temporibus
3214 2866 3441 2924 Neronis
3462 2879 3515 2925 et
3539 2855 3669 2926 Gal-

2062 2923 2164 3012 ne.
2199 2926 2428 3012 Videnth
2451 2928 2585 3010 llisl.
2604 2923 2753 3012 ρει,
2808 2931 2899 2985 lib.
2914 2923 3238 3012 _i,'cap._22,
3262 2948 3324 3012 _et
3344 2939 3406 3012 in
3425 2923 3433 2924 ί
3452 2923 3672 3012 ipsa-

2061 2997 2202 3082 dice.
2217 2997 2883 3082 _ll_I._Del-rio_inSyntagm.
2913 2997 3234 3082 'l‘ragt'edize
3261 3009 3462 3082 latina},
3497 2997 3555 3066 βξ
3585 2997 3667 3082 ιιι,

2063 3081 2184 3151 pag.
2216 3069 2353 3151 577_,_
2375 3070 2462 3124 ubi
2592 3069 2673 3151 bis
2703 3069 3049 3151 diis-"multus"
3067 3091 3178 3148 est,
3210 3069 3670 3151 corrigit'Cassius

2057 3143 2260 3223 cnloco
2306 3141 2561 3223 hlacrohii
2613 3144 2751 3223 sat.,
2784 3146 2879 3223 lib.
2928 3163 3005 3212 ιιι,
3039 3141 3249 3219 θυρίδι,
3304 3141 3512 3209 Cassius
3553 3141 3669 3213 vero

2058 3209 2280 3291 {limina
2297 3213 2443 3279 dicit,
2463 3209 2831 3291 Santotltracas
2845 3218 2966 3271 deos
2987 3209 3290 3291 eosdemque
3315 3209 3667 3284 Romanorum

2058 3279 2279 3373 fetiales
2311 3285 2658 3373 proprie‘dici
2701 3289 2841 3373 θεούς
2890 3294 3157 3373 μεγάλους,
3194 3279 3336 3373 ὀεοτξς

2056 3354 2206 3436 ςηεεοὺς⁹
2229 3353 2492 3436 δυῖαςτοιξς.
2520 3360 2588 3412 At
2605 3371 2846 3436 vero,_ut
2874 3353 3672 3436 videntus-,'tllaxiinsul-ssetll'ii

2057 3421 2276 3480 Cassius
2309 3427 2394 3481 hic
2422 3428 2674 3484 Macrobii
2702 3421 2934 3487 a'Caesio
2965 3421 3210 3492 Arnobii.
3242 3421 3447 3494 οιιείιῖ

2082 3567 2092 3578 .
2132 3495 2348 3580 Genium
2369 3498 2647 3580 {cuiatem
2683 3501 2828 3580 Deus
2854 3505 3012 3580 valde
3033 3509 3318 3580 obscurus,
3349 3512 3502 3579 cujus
3525 3515 3666 3569 noti-

2059 3569 2186 3652 tiam
2217 3570 2359 3652 alibi
2374 3569 2572 3652 frustra
2604 3574 2942 3652 quasiveris.
2963 3569 3314 3652 CLBat‘lhillS'
3334 3582 3387 3635 iit
3413 3569 3666 3652 Disputa-

2059 3641 2206 3719 tione
2223 3641 2291 3695 de
2321 3641 2664 3719 Geniissatis
2693 3646 2899 3719 prolixa
2924 3647 2990 3701 ad
3019 3649 3186 3706 Rutil.
3211 3651 3484 3719 ltinerar.,
3511 3641 3660 3712 'vers.

2057 3709 2182 3796 ἦξε,
2242 3727 2308 3793 ex
2363 3709 2828 3796 inscriptionibus
2858 3719 3088 3787 probare
3135 3734 3384 3796 conatur,
3433 3709 3664 3796 gentiles

2059 3781 2166 3835 diis
2195 3784 2306 3864 suis
2347 3781 2636 3864 peculiaria
2685 3781 2903 3864 immitia
2945 3800 3000 3864 et
3028 3795 3218 3862 genios
3253 3781 3514 3864 quosdam
3567 3781 3666 3852 ad-

2056 3855 2339 3938 scripsisse
2364 3899 2378 3920 ,
2419 3855 2658 3938 ideoque
2704 3858 2930 3938 Geniutn
2965 3855 3221 3938 ἶΙοῖήαιςιη
3270 3855 3661 3938 interpretatur

2057 3921 2265 4003 Numen
2290 3925 2433 4003 quo_d
2464 3921 2586 4003 Iovi
2609 3941 2756 4003 esset
2791 3932 2934 4001 genii
2965 3933 3106 3989 loco.
3137 3937 3292 4003 Quod
3314 3921 3662 3996 falsissimum

2057 4009 2178 4048 esse
2201 3995 2463 4078 docetJu.
2496 3996 2760 4078 Clericus.
2784 3995 2844 4078 iit
2861 4004 2976 4078 Art:
3000 3995 3182 4072 Crit.,w
3190 4017 3326 4077 part.
3353 4025 3414 4076 ιι,
3435 4019 3570 4067 sect.
3597 3995 3658 4077 tt,

2057 4080 2198 4146 ca_p._
2230 4069 2282 4121 5.
2331 4067 2531 4124 Genius
2556 4071 2700 4125 enim
2729 4072 2896 4146 .lovis,
2949 4067 3220 4145 Jttnonis',
3255 4067 3498 4136 Plutonis
3525 4067 3661 4138 nihil

2057 4137 2200 4218 aliud
2231 4154 2382 4222 esse,
2434 4156 2593 4222 quam
2624 4144 2828 4222 genios_
2851 4137 3033 4222 a'_d_iis
3073 4148 3178 4204 illis
3207 4137 3521 4222 progenitos
3569 4137 3662 4210 aut

2058 4210 2271 4290 missos.
2318 4210 2533 4290 Genium
2574 4210 2763 4290 itaque
2795 4214 3048 4290 Jovinlem
3092 4210 3245 4289 puta't
3300 4210 3422 4278 esse
3464 4239 3660 4281 nomen

2058 4278 2210 4359 Laris
2239 4282 2540 4359 domestici,
2577 4278 2696 4359 ideo
2722 4287 2800 4341 sic
2826 4289 2978 4355 dicti,
3005 4278 3146 4359 quod
3174 4308 3205 4347 a
3229 4292 3360 4350 Jove
3390 4278 3548 4351 datus
3573 4278 3658 4352 fa:

2060 4353 2599 4434 ntilia:_credcrct_tir.
2656 4353 3160 4434 Equideurneutri
3213 4366 3504 4434 assentior,
3560 4367 3658 4424 sed

352 4431 604 4509 restituit.
635 4428 767 4483 Cod.
803 4444 904 4483 ms.
929 4447 940 4482 :
969 4429 1050 4509 ita
1071 4447 1185 4509 cum
1219 4429 1518 4509 Novensiles
1550 4429 1956 4509 dicimusontnes

2061 4425 2382 4509 crediderim
2413 4430 2620 4509 potius,
2655 4425 2757 4484 hoc
2787 4431 2906 4485 loco
2933 4431 3156 4509 indicari
3186 4436 3254 4491 ab
3278 4425 3522 4494 Arnobio
3549 4442 3659 4509 pri-

352 4502 396 4555 si
436 4516 613 4554 novem
638 4517 746 4553 esse
767 4517 961 4566 eorum,
1003 4502 1214 4555 vitiose.
1243 4500 1419 4566 Fulv.,
1448 4499 1671 4555 Ursinus
1696 4517 1707 4553 :
1734 4501 1948 4555 dicimus

353 4589 525 4627 omnes
548 4587 723 4625 novem
745 4588 940 4626 eorum.
959 4572 1220 4627 Meursius
1239 4590 1249 4624 :
1266 4573 1338 4626 ita
1359 4589 1473 4626 cum
1495 4569 1795 4625 Novensiles
1822 4571 1948 4625 dici-

353 4661 465 4698 mus
496 4660 670 4697 omnes
698 4645 801 4711 qui,
833 4652 938 4698 etc.
973 4643 1166 4699 deletis
1192 4644 1415 4698 vocibus
1446 4644 1489 4695 si
1521 4659 1695 4695 novem
1725 4659 1832 4696 esse
1857 4660 1947 4696 eo-

351 4732 486 4769 rum.
519 4715 615 4769 Etl.
661 4715 830 4784 Lugd.
863 4715 979 4768 Bal.
1013 4733 1024 4768 :
1057 4716 1128 4768 ita
1154 4732 1267 4768 cum
1309 4713 1607 4767 Novensiles
1634 4714 1870 4779 dicimus,
1903 4714 1948 4768 si

351 4803 534 4841 nomen
549 4797 623 4840 est
640 4787 777 4841 istud
802 4788 1033 4854 deorum,
1057 4797 1160 4842 etc.
1181 4789 1584 4854 Quamcumque
1606 4784 1706 4838 loci
1731 4799 1949 4854 corrup-

351 4859 545 4912 tissimi
579 4858 1006 4913 emendationem
1037 4858 1317 4928 eligattius,
1373 4873 1548 4928 novent
1583 4866 1729 4911 certe
1770 4855 1946 4911 locum

349 4928 554 4984 habere
579 4930 799 4983 minime
831 4939 1022 4998 potest,
1058 4926 1178 4983 cuin
1208 4943 1418 4990 eorum,
1460 4926 1552 4993 qui
1593 4943 1657 4981 ex
1713 4928 1948 4981 homini-

349 5000 455 5054 bus
484 5007 797 5055 uteruerunt
825 4997 895 5054 dii
924 5015 1066 5064 esse,
1102 5016 1206 5054 non
1247 4999 1588 5066 novenarius,
1642 4997 1736 5054 sed
1775 4999 1947 5053 multo

346 5072 523 5138 major
552 5082 606 5126 et
635 5073 874 5126 incertus
901 5075 969 5127 sit
998 5088 1272 5126 numerus.
1297 5069 1502 5126 ORELL.

421 5142 892 5215 XL.—-Nigidius
930 5141 1150 5198 Penates
1191 5144 1323 5215 deos
1360 5140 1665 5215 Neptunum
1710 5156 1816 5194 esse
1868 5149 1944 5194 at-

345 5233 445 5288 que
473 5212 774 5288 ﬁpollinein
823 5215 1068 5288 prodidit.
1097 5214 1416 5288 Macrobius,
1441 5216 1558 5288 Sat.
1593 5212 1942 5288 lib.“|_ll,_cap.

343 5281 378 5342 ἄ
413 5304 427 5340 :
461 5281 707 5358 Nigidius
738 5286 800 5339 de
823 5281 967 5352 Diis,
997 5285 1084 5340 lib.
1118 5286 1492 5358 xtxtrequirit,
1525 5301 1647 5338 num
1675 5283 1747 5336 dii
1773 5281 1944 5358 Pena-

345 5369 419 5414 tes
445 5359 544 5412 sint
569 5357 913 5428 Trojanorum
954 5357 1139 5428 Apollo
1159 5368 1203 5411 et
1229 5357 1531 5428 Neptunus,
1562 5358 1646 5425 qui
1676 5370 1848 5408 muros
1866 5357 1948 5428 eis

346 5431 526 5499 fecisse
556 5425 817 5483 dicuntur.
843 5425 1009 5483 Conf.
1034 5427 1187 5484 Serv.
1219 5429 1285 5482 ad
1313 5425 1550 5493 'IEneid.,
1572 5432 1645 5492 tit,
1675 5441 1817 5481 vers.
1856 5425 1945 5480 12.

346 5500 740 5557 Eutennoasr.

421 5575 612 5627 Ctesius
637 5583 684 5627 et
710 5573 824 5643 ipse
843 5573 936 5627 hos
974 5587 1202 5642 sequens.
1259 5571 1492 5626 Omnino
1515 5569 1632 5625 sine
1659 5569 1762 5624 ulla
1792 5568 1948 5643 dubi—

345 5644 551 5714 tatione
579 5645 648 5699 ita
678 5640 963 5714 legendum
991 5640 1362 5698 contenderim
1395 5657 1412 5696 :
1462 5643 1554 5696 Itas
1571 5659 1800 5712 sequens,
1827 5640 1941 5696 scil.

343 5713 659 5786 disciplinas
702 5713 996 5781 Etruscas;
1023 5723 1376 5786 praecesserat
1416 5715 1559 5768 enim
1612 5714 1769 5786 paulo
1798 5723 1941 5768 ante.

343 5785 553 5856 Tuaen.
611 5788 852 5843 Csarea.
901 5784 1040 5846 Cod.
1083 5802 1186 5844 ms.
1240 5802 1532 5856 assequeris,
1560 5784 1708 5842 nullo
1758 5798 1942 5843 sensu.

2062 4496 2410 4581 tttuin'illum
2466 4499 2870 4581 maximumque
2919 4505 3246 4581 geniorum,
3317 4509 3407 4580 qui
3466 4496 3658 4581 genius

2052 4568 2158 4650 καῖ’
2183 4569 2366 4650 ἐξοχὴν
2387 4569 2755 4650 appellabatur
2781 4568 3040 4650 Martiano
3064 4568 3296 4648 Capella:
3319 4568 3368 4634 iit
3401 4568 3519 4636 Ιοέο
3547 4598 3654 4638 non

2050 4643 2230 4694 minus
2255 4647 2524 4707 obscuro,
2559 4643 2645 4698 ubi
2681 4643 2750 4698 de
2787 4661 2844 4699 re
2887 4647 3098 4702 ionibtts
3131 4643 3215 4704 vel
3244 4652 3461 4708 circulis
3499 4653 3650 4719 coeli,

2050 4712 2376 4771 aedibusque
2415 4713 2637 4767 deorum
2662 4715 2806 4771 agit.
2838 4661 2904 4771 ge
2936 4719 3094 4771 Nunt.
3131 4720 3396 4771 Pltilolmz.
3422 4766 3435 4771 -
3486 4724 3576 4771 lib.
3613 4740 3650 4771 i-

2050 4712 2376 4794 aedibusque
2407 4713 2637 4794 deorum
2662 4715 2771 4794 agit
2791 4756 2806 4782 ,
2838 4712 3094 4794 de___Nupt.
3131 4720 3396 4794 Pliilolog.
3421 4766 3436 4790 ,
3485 4724 3576 4778 lib.
3612 4712 3652 4790 ι,

2051 4797 2174 4861 pag.
2221 4785 2319 4861 lli,
2369 4783 2457 4861 ubi
2501 4784 2611 4838 vid.
2667 4785 2819 4840 Grot.
2854 4783 3252 4861 :ACorfogantur
3298 4783 3372 4848 ea?
3410 4783 3656 4861 proxime

2051 4851 2297 4934 (sexta)
2343 4855 2565 4934 reg/igne,
2619 4859 2926 4911 transcursis
2971 4851 3209 4934 domibus
3223 4851 3528 4934 rcottjuqum
3571 4883 3652 4921 re-

2049 4922 2169 5005 gum
2188 4965 2203 4991 ,
2233 4922 2413 5005 geres,
2444 4923 2684 5005 Tellurus
2703 4970 2716 4993 ,
2744 4937 2990 5005 terrteque
3017 4943 3162 5005 pater
3196 4922 3450 4989 Vulcaniis
3476 4946 3523 4989 et
3553 4936 3647 4991 Ge-

2051 4995 2187 5050 nius.
2227 4995 2456 5050 Genium
2498 4996 2758 5052 Jovialem
2791 4998 2876 5053 ltic
2904 4995 3051 5054 innui
3084 5005 3348 5061 concludo
3377 5022 3439 5061 ex
3472 5010 3653 5064 verbis

2049 5066 2296 5142 Martiani
2338 5068 2486 5142 brevi
2528 5069 2811 5124 intervallo
2850 5072 3201 5142 sequentibus
3235 5093 3249 5131 :
3281 5077 3504 5134 lunonis
3532 5095 3650 5135 vero

2052 5139 2266 5222 [iaspitte
2293 5140 2470 5220 genius
2510 5142 2709 5222 accitus
2739 5157 2806 5222 ea;
2833 5139 2969 5222 nona
2994 5145 3012 5214 (
3038 5148 3344 5222 regione),
3379 5160 3650 5222 tamquam

2051 5209 2277 5288 inferior
2296 5209 2485 5288 priore
2509 5212 2618 5288 illo.
2650 5213 2807 5288 Genii
2831 5209 3014 5288 itaque
3042 5209 3192 5286 quasi
3219 5209 3474 5288 ministri,
3504 5209 3650 5277 iiun-

2051 5281 2109 5334 tii
2139 5280 2288 5354 iovis
2313 5293 2366 5354 et
2391 5281 2634 5339 Junonis.
2662 5290 2730 5338 At
2749 5280 2993 5354 judice-nt
3021 5280 3309 5345 doctiores.
3344 5280 3547 5347 ORELL.

2123 5352 2196 5404 Ac
2229 5351 2522 5433 Palem”...
2549 5356 2638 5409 sed
2660 5351 2932 5433 ntusculint'
2957 5361 3124 5433 nescio
3149 5377 3296 5430 quem
3325 5366 3522 5433 generis
3549 5366 3650 5420 mi-

2051 5423 2272 5501 nistrum
2294 5425 2439 5501 {ovis
2459 5436 2611 5501 atque
2632 5427 2880 5501 villicum.
2902 5428 3044 5484 Palis
3067 5423 3349 5501 tamquani
3368 5437 3651 5492 masculini

2051 5495 2265 5576 generis
2302 5495 2390 5576 dei
2437 5498 3016 5576 meminitaglartianus
3065 5495 3281 5576 Capella
3321 5505 3443 5560 loco
3489 5523 3654 5576 supra

2049 5567 2289 5644 laudato,
2327 5567 2418 5621 lib.
2447 5583 2465 5621 ι
2491 5609 2506 5635 ,
2541 5584 2658 5644 pag.
2688 5568 2759 5622 27
2795 5588 2826 5644 :_
2855 5569 2952 5644 Vos
2978 5567 3174 5644 quoque
3198 5573 3343 5630 lovis
3367 5579 3466 5644 ﬁlii
3498 5567 3655 5633 Pales

2052 5649 2100 5716 et
2140 5637 2312 5716 Favor
2341 5654 2457 5716 cum
2487 5637 2748 5716 celeritate
2788 5640 2929 5716 Solis
2964 5637 3166 5716 ﬁlia'ex
3191 5637 3380 5716 δείδια(
3403 5648 3528 5702 ρωὶί
3566 5664 3660 5704 τες

2051 5711 2211 5786 gione
2235 5708 2263 5786 )_
2284 5711 2575 5786 pascimini,
2614 5723 2668 5766 et
2698 5713 2856 5781 paulo
2885 5708 3007 5782 posit
3038 5732 3051 5767 :
3087 5715 3195 5771 Sed
3237 5708 3399 5773 etiam
3425 5717 3580 5772 Liber
3604 5736 3667 5786 ac

2055 5782 2395 5840 Secundam»
2418 5781 2576 5838 Pales
2603 5793 2845 5841 vocantur
2865 5781 2928 5840 ea:
2945 5787 3166 5856 septima
3178 5802 3198 5859 ;
3222 5789 3319 5848 ubi
3346 5790 3458 5845 vid.
3491 5781 3678 5866 Croti,
