4224 6260
468 205 604 260 Ill-l5

1611 206 1888 265 ARNOBll
1930 208 2298 266 ADVERSUS
2337 208 2608 268 GENTES

3627 195 3782 271 l0l76

459 333 542 377 est
583 337 612 377 e
644 324 838 393 populo
867 325 1167 391 numinum,
1198 339 1315 394 quia:
1343 323 1626 381 obscoenas
1655 326 1772 381 illas
1795 335 1851 382 et
1883 326 2054 382 luteas
2083 343 2136 402 Α
2159 343 2276 384 rum
2307 329 2681 390 Nemestrinus
2708 337 2792 385 est
2835 348 2846 384 :
2892 330 3168 388 Patellana
3207 342 3408 388 numen
3437 341 3543 400 est,
3591 343 3645 388 et
3671 336 3778 390 Pa-

461 416 765 486 volnptatcs
827 417 892 490 ad
946 419 1146 472 exitum
1203 419 1410 488 perlicit
1453 420 1738 478 dulcedine
1799 421 2058 478 inoffensa

411 581 413 584 g
463 509 800 578 procedere?
828 507 1077 564 Etiamne
1103 508 1392 574 Pertunda,
1423 526 1540 581 qum
1564 512 1617 566 in
1640 512 1904 568 cubiculis
1927 529 2061 584 prae-

463 609 550 655 sto
597 609 713 666 est,
757 601 1071 671 virginalem
1101 605 1349 660 scrobem
1396 603 1771 662 eﬂ‘odientibus
1811 608 2060 664 maritis?

463 691 714 747 Etiamne
743 692 1014 761 Tutunus,
1046 695 1564 765 cujnsiminanibus
1614 698 1900 769 pudendis,
1935 700 2061 755 lior-

461 785 712 854 rentique
735 784 960 853 fascino,
985 771 1191 842 vestras
1231 788 1529 859 inequitare
1561 802 1854 857 matronas,
1887 801 1939 847 et
1969 806 2063 846 au-

465 879 724 949 spicabile
768 881 993 947 ducitis,
1025 891 1080 938 et
1133 885 1369 949 optatis?
1418 885 1571 954 Quod
1617 885 1662 942 si
1704 887 1923 942 minime
1966 902 2062 944 vos

464 971 760 1028 admonent
798 972 863 1026 ad
886 973 1237 1029 ‘intellectum
1270 975 1509 1031 veritatis
1535 992 1622 1031 res
1661 977 1791 1049 ipsae
1821 995 1834 1032 :
1868 993 1967 1034 nec
1994 995 2062 1035 ex

461 1066 596 1135 ipsis
622 1068 812 1120 saltem
846 1067 1067 1136 potestis
1115 1070 1423 1125 nominibus
1465 1085 1694 1127 noscere
1732 1072 2063 1148 inanissima:

463 1162 861 1230 superstitionis
894 1161 1144 1232 figmenta
1174 1162 1290 1220 lucc
1315 1180 1469 1232 esse,
1497 1175 1551 1220 et
1577 1165 1834 1221 falsorum
1867 1166 2061 1236 imagi-

468 1253 716 1308 nationes
740 1253 1004 1309 deorum?
1048 1255 1420 1312 Putationibus
1441 1258 1693 1312 arborum
1718 1257 1874 1323 Puta,
1905 1258 2077 1329 inqui-

465 1345 568 1413 tis,
603 1356 800 1415 praesto
839 1355 922 1401 est
945 1389 958 1412 ,
994 1347 1158 1403 rebus
1210 1348 1454 1418 petendis
1494 1350 1621 1405 Pela
1652 1367 1664 1403 :
1711 1349 1851 1404 Deus
1879 1365 2067 1405 nemo-

2166 422 2310 490 tella,
2339 437 2405 477 ex
2447 423 2642 495 quibus
2670 439 2776 479 una
2803 433 2886 480 est
2911 424 3221 495 patefactis,
3255 424 3646 494 patefaciendis
3678 443 3775 484 re—

2167 512 2266 568 bus
2295 513 2463 569 altera
2489 516 2810 584 praestituta.
2850 512 3076 571 Nodutis
3114 516 3314 572 dicitur
3351 519 3513 585 Deus,
3547 520 3674 590 quia
3705 520 3779 576 ad

2166 603 2336 659 nodos
2367 605 2612 676 perducit
2647 621 2736 663 res
2765 615 2945 662 satas:
2973 617 3029 664 et
3058 624 3178 679 quae
3200 620 3401 679 praeest
3422 610 3670 683 frugibus
3690 613 3778 669 fe-

2165 697 2366 764 rendis,
2392 698 2683 756 Terensis:
2716 701 2785 756 ab
2823 701 3096 757 erroribus
3118 702 3323 758 viarum
3355 704 3465 760 Dea
3499 705 3693 762 Vibilia
3746 718 3772 746 ι

2167 790 2360 846 liberat
2392 809 2405 846 :
2446 791 2498 845 in
2527 792 2690 848 tutela
2721 801 2849 848 sunt
2874 791 3110 849 Orbonae
3137 794 3310 850 orbati
3350 795 3540 852 liberis
3571 812 3778 868 paren-

2169 891 2249 938 tes
2281 900 2295 936 :
2327 883 2379 936 in
2410 882 2630 947 Naenize,
2665 884 2858 953 quibus
2881 895 3123 941 extrema
3149 894 3277 940 sunt
3304 884 3333 923 ιι
3367 897 3628 956 tempora.
3654 888 3778 945 Jam

2166 991 2287 1046 quae
2308 976 2464 1030 durat
2489 986 2541 1032 et
2570 976 2763 1032 solidat
2787 976 3084 1034 infantibus
3114 978 3296 1048 parvis
3317 992 3493 1047 ossae,
3519 982 3774 1054 Ossilago

2166 1069 2282 1136 ipso
2330 1076 2680 1123 memoratur.
2733 1068 2983 1123 Mellonia
3030 1069 3140 1124 Dea
3185 1078 3270 1124 est
3313 1071 3511 1139 pollens
3538 1081 3772 1143 potens.

2166 1176 2270 1232 que
2316 1160 2368 1215 in
2417 1160 2643 1231 apibus,
2680 1160 2855 1216 mellis
2900 1175 3098 1216 curans
3137 1161 3548 1233 custodiensque
3576 1163 3776 1220 dulce-

2179 1253 2382 1310 dinem.

2248 1347 2386 1402 Vlll.
2440 1345 2643 1414 Dicite,
2671 1360 2704 1401 ο
2741 1360 2957 1418 ρυεεεο,
2987 1354 3046 1403 ιιι
3095 1345 3166 1402 ita
3209 1347 3362 1405 vobis
3403 1349 3648 1422 propitia:
3697 1349 3780 1406 fa-

1687 1444 2075 1502 I.ECTIONES
2108 1441 2534 1510 ,VARIANTES.

543 1561 568 1588 ³
603 1559 833 1618 leibilia
859 1560 972 1610 Sub.

543 1623 572 1661 ιι
609 1621 778 1673 Addit.
805 1638 895 1674 ms.
924 1621 1106 1673 Omittit
1141 1622 1255 1673 Sub.

2239 1561 2262 1589 ο
2282 1557 2402 1609 Esse
2420 1570 2509 1609 ms.
2533 1558 2636 1620 ipsa
2654 1557 2772 1607 Sab.

1793 1705 2357 1768 COMMENTARIUS.

470 1817 672 1899 tolinus
726 1817 999 1899 Maximin.
1021 1859 1036 1884 ,
1083 1833 1212 1899 capl
1242 1818 1299 1899 ιλ
1334 1819 1420 1874 ubi
1451 1818 1571 1875 vide
1603 1819 1832 1876 Salinas.
1869 1821 2066 1894 Script.
2100 1829 2148 1889 B
2176 1828 2357 1881 mentis
2384 1826 2733 1899 folliculorum
2755 1827 2902 1882 deam
2933 1826 3228 1899 Volutinam
3253 1844 3273 1883 :
3299 1843 3414 1882 cum
3438 1830 3660 1898 folliculi
3684 1849 3784 1899 pa-

469 1887 609 1960 Hist.
635 1888 794 1958 Aug,
825 1889 930 1943 vol.
966 1905 1024 1957 ιι,
1057 1904 1110 1960 p.
1148 1887 1236 1944 18.
1261 1888 1462 1946 Οιιειι.

543 1958 732 2013 Luteas
773 1958 1073 2030 voluptates;
1099 1960 1311 2028 Luteas,
1342 1963 1393 2014 id
1425 1970 1508 2016 est
1538 1963 1874 2031 turpissimus
1895 2005 1910 2027 ,
1943 1979 2073 2019 con-

470 2031 855 2105 temptissimus
877 2075 892 2097 ,
933 2033 1044 2086 luto
1077 2033 1314 2087 viliores.
1353 2033 1443 2088 Sic
1469 2049 1555 2105 ap.
1590 2034 1835 2090 Plautum
1865 2035 2072 2092 Trucu-

473 2103 628 2167 lcnt.,
660 2112 762 2156 act.
799 2118 869 2166 tv,
901 2117 1048 2157 scen.
1083 2119 1152 2169 ιν,
1188 2119 1328 2159 vers.
1363 2121 1375 2158 ι
1405 2124 1417 2159 :

689 2194 848 2244 Blitea
873 2204 925 2244 et
949 2195 1082 2245 lutea
1109 2204 1185 2245 est
1217 2198 1475 2249 meretrix.

471 2303 561 2376 ubi
592 2301 909 2376 videintpp.
959 2303 1160 2358 lfodcm
1209 2320 1372 2359 sensu
1397 2314 1680 2360 stercoreus
1705 2319 1790 2376 ap.
1822 2305 2072 2362 eumdem

476 2374 646 2428 Plant.
683 2372 790 2427 Mil.
816 2373 986 2439 Glor.,
1019 2384 1122 2430 act.
1153 2392 1209 2440 tt,
1237 2391 1384 2431 scen.
1416 2393 1452 2441 ι,
1487 2392 1627 2432 vers.
1662 2372 1768 2431 127:

1322 2471 1467 2521 Miles
1490 2485 1632 2520 meus
1653 2473 1824 2532 herus,

569 2533 664 2590 Qui
690 2532 804 2582 hinc
821 2532 882 2581 ad
907 2532 1062 2581 forum
1087 2533 1226 2588 abiit,
1245 2533 1504 2596 gloriosus,
1533 2535 1809 2596 impudens,

574 2596 889 2656 Stercoreus,
919 2596 1098 2658 plenus
1114 2595 1318 2658 perjurii
1341 2603 1490 2659 atque
1515 2595 1766 2646 adulterii.
1802 2595 1980 2647 Οιιειι..

555 2698 840 2752 Pertunda.
877 2699 1234 2754 'l‘ertnllinnns
1263 2699 1522 2754 adversus
1553 2699 1808 2756 Nationes
1831 2743 1844 2764 ,
1878 2700 1970 2754 lib.
2006 2715 2038 2755 ιι
2061 2741 2076 2767 ,

479 2786 598 2840 cap.
632 2771 692 2823 ll
732 2790 743 2825 :
784 2771 848 2824 Et
876 2772 970 2824 dea
995 2770 1260 2824 Pertuuda
1291 2783 1336 2825 et
1369 2771 1592 2841 Subigus
1622 2782 1668 2824 et
1701 2772 1886 2825 Prema
1920 2813 1932 2824 .
1958 2813 1970 2824 .
1995 2813 2007 2825 .
2029 2813 2041 2824 .
2064 2813 2076 2825 .

481 2842 676 2912 parcite
699 2843 780 2913 dei
807 2842 1126 2908 impudentes
1149 2883 1164 2908 ,
1195 2843 1506 2896 lactantibus
1531 2843 1732 2913 sponsis
1753 2859 1898 2896 nemo
1925 2845 2082 2897 inter-

479 2915 633 2967 venit.
680 2912 957 2980 Augustin.
981 2955 995 2978 ,
1037 2913 1105 2967 de
1147 2913 1262 2968 Civ.
1297 2914 1420 2978 Dei,
1447 2913 1540 2967 lib.
1563 2912 1650 2975 vr.
1683 2929 1800 2979 cap.
1827 2914 1896 2969 9:
1929 2915 2084 2968 Adest

2175 1897 2393 1972 lescunt,
2410 1907 2464 1972 ut
2489 1899 2632 1968 spica
2645 1907 2810 1964 exeat,
2828 1899 2983 1972 deam
2999 1897 3301 1954 Patelenam
3315 1917 3334 1972 ς
3351 1897 3466 1952 cum
3486 1911 3673 1972 segetes
3684 1897 3788 1957 uo-

2175 1968 2248 2022 vis
2271 1969 2446 2041 aris_t_is
2461 1981 2728 2040 aequantur
2752 1971 2871 2041 quia
2893 1981 3078 2024 veteres
3095 1987 3296 2035 requare
3312 1971 3505 2025 hostire
3521 1968 3780 2041 dixerunt,

2176 2041 2324 2093 deam
2358 2038 2706 2094 Hostilinam:
2731 2038 3027 2111 ﬂorentibus
3045 2044 3310 2111 frumentis
3329 2043 3478 2095 deam
3513 2039 3730 2097 Florum
3767 2060 3786 2098 :

2177 2112 2560 2166 lactescentibus
2590 2111 2739 2165 deam
2770 2111 3086 2167 Lacturtiam
3106 2128 3125 2166 :
3155 2115 3608 2167 utaturesceutibus
3636 2116 3786 2169 deam

2179 2181 2472 2246 Maturam;
2521 2199 2634 2236 cum
2679 2194 2980 2250 runcantur,
3031 2185 3087 2238 id
3117 2194 3241 2238 esta
3267 2195 3404 2238 terra
3454 2185 3782 2250 auferuntur,

2178 2256 2326 2308 deam
2366 2255 2680 2308 Runcinam.
2709 2255 2974 2310 Caeterum
3004 2256 3151 2310 varie
3176 2256 3466 2311 scribitur:
3500 2253 3749 2312 Nodotus
3773 2301 3786 2324 ,

2182 2325 2442 2392 Nodutus,
2471 2324 2717 2381 Nodutis.
2745 2328 2947 2383 Οιιιῖιι.

2253 2397 2320 2451 Ει
2340 2415 2454 2468 qute
2485 2410 2664 2466 praeest
2694 2399 2926 2471 frugibus
2945 2400 3190 2466 terendis,
3227 2398 3483 2454 Terensis.
3533 2399 3791 2456 Terendis

2183 2484 2280 2540 pro
2311 2472 2556 2542 ferendis,
2604 2472 2744 2541 quod
2783 2482 2940 2526 antea
2969 2472 3269 2538 legebatur,
3299 2471 3536 2526 restituit
3562 2472 3788 2528 Grotius

2181 2541 2322 2610 apud
2351 2541 2662 2597 Menrsium.
2702 2542 3135 2599 Elmenhorstius
3167 2553 3220 2598 et
3249 2543 3590 2598 Stewecbius
3615 2545 3788 2600 dede-

2182 2623 2313 2685 runt
2341 2633 2360 2685 A:
2395 2623 2440 2667 et
2461 2616 2581 2683 quia
2629 2626 2809 2684 prwest
2835 2613 3068 2685 frugibus
3093 2615 3335 2678 tereudis,
3387 2612 3782 2671 Noduterensis.

2183 2683 2444 2756 Equidem
2487 2683 2652 2756 nolim
2677 2683 2874 2756 aliquid
2906 2686 3133 2740 delinire
3166 2687 3215 2739 itt
3245 2701 3303 2741 re
3333 2685 3532 2741 incerta
3562 2702 3786 2756 prorsus

2184 2769 2247 2810 ac
2271 2755 2453 2810 dubia.
2484 2755 2686 2811 ORELL.

2270 2825 2474 2881 Vibilio.
2505 2828 2650 2896 Lego
2694 2827 2890 2882 Vehilia
2918 2844 2986 2884 ex
3012 2829 3345 2896 conjectura.
3382 2827 3511 2882 Nam
3539 2829 3661 2882 eeha
3685 2845 3782 2883 vc-

2189 2898 2395 2952 teribus
2452 2900 2653 2953 Latinis
2683 2900 2784 2964 via,
2815 2909 2952 2954 teste
2987 2901 3247 2964 Varrone,
3273 2899 3342 2954 de
3392 2900 3473 2954 Rc
3501 2911 3659 2961 rust.,
3682 2901 3784 2954 lib.

483 2985 618 3037 enim
646 2984 742 3056 dea
765 2969 1162 3056 ‘l’irginiensist
1187 2995 1233 3038 et
1281 2969 1419 3039 deus
1447 2994 1597 3056 pater
1625 2969 1878 3056 Subigusi.
1912 2994 1958 3038 et
1988 2985 2084 3040 dea

2190 2983 2234 3056 ιι
2252 2983 2372 3038 cap.
2407 2970 2462 3023 2.
2491 2972 2597 3056 Aut
2620 2981 2768 3056 certe
2794 2969 3107 3056 γ’ςηὶιίαῇρθ
3123 2981 3336 3056 quauest
3361 2971 3503 3039 apud
3534 2971 3790 3027 eumdem

484 3065 649 3108 mater
675 3053 896 3120 Prema,
927 3067 972 3108 et
999 3055 1093 3108 dea
1127 3055 1390 3109 Perlunda
1409 3097 1425 3121 ,
1450 3053 1517 3110 et
1561 3054 1726 3109 Venus
1753 3053 1795 3108 et
1823 3055 2050 3123 Priapus
2070 3099 2086 3124 ,

487 3136 541 3179 et
566 3141 688 3195 qua:
715 3136 1032 3193 sequuntur,
1067 3127 1318 3181 obscaena
1351 3141 1482 3182 sane
1514 3142 1575 3179 ac
1600 3127 1795 3195 turpia.
1827 3125 2029 3182 ORELL.

568 3194 878 3266 Virgiualem
900 3197 1232 3268 scrobemJta
1257 3198 1500 3268 Euripid.
1518 3194 1811 3264 Ριιωιιίεε.,
1841 3213 1980 3253 vers.
2001 3200 2086 3255 18.

491 3270 719 3341 σπξξρειν
747 3270 925 3341 τὲκνῳν
954 3266 1130 3341 ἅλοξςατ
1151 3269 1352 3324 Otii-21.1..

564 3336 817 3392 Tutunus.
866 3339 938 3392 Ita
965 3355 996 3393 e
1023 3338 1156 3394 Cod.
1211 3355 1313 3394 ms.
1371 3339 1540 3396 edidit
1584 3339 1880 3400 Salmasius
1921 3340 1972 3394 in
2001 3340 2087 3395 ed.

490 3407 662 3478 Lugd.
697 3408 812 3481 Bat.
846 3421 898 3463 ct
927 3410 990 3464 ad
1018 3410 1214 3476 Solin.,
1247 3427 1366 3481 cap.
1404 3413 1505 3475 26.
1539 3428 1588 3480 p.
1622 3412 1753 3466 219.
1778 3411 1922 3465 Alii:
1968 3411 2090 3464 Mu-

492 3491 664 3533 tunus.
684 3481 757 3534 De
777 3479 1071 3537 fmdissimo
1090 3481 1192 3537 hoc
1211 3479 1462 3538 Deo7vide
1490 3479 1627 3538 infra
1661 3483 1724 3536 ad
1753 3498 1873 3550 cap.
1907 3484 1992 3537 ll.
2013 3484 2088 3538 In.

567 3551 727 3621 Cujus
755 3553 1060 3608 immunibus
1084 3555 1356 3623 pudendis,
1378 3566 1482 3608 etc.
1509 3553 1661 3609 Conf.
1694 3553 2005 3622 Augttstin.,
2025 3555 2094 3609 de

491 3620 607 3677 Civ.
639 3620 758 3687 Dei,
795 3626 885 3680 lib.
919 3642 991 3687 xu,
1028 3620 1146 3686 cap.
1180 3627 1240 3687 9;
1274 3627 1364 3680 lib.
1396 3643 1490 3688 xu,
1522 3641 1639 3692 cap.
1668 3627 1736 3680 *24
1760 3620 2089 3690 ;7Lactant.,

492 3694 626 3767 Inst.
652 3711 689 3758 ι,
720 3710 838 3763 cap.
873 3696 962 3759 ‘22,
997 3697 1024 3767 §
1053 3697 1142 3752 56.
1180 3697 1425 3751 ELIIENH.
1459 3707 1513 3752 et
1539 3697 1777 3752 "ERALD.
2083 3727 2086 3734 -

570 3765 720 3832 Quod
746 3769 790 3820 si
817 3765 1121 3821 minimeros
1143 3768 1416 3822 admouent
1437 3769 1504 3821 ad
1525 3770 1830 3822 intellectum
1870 3769 2097 3822 veritatis

493 3853 574 3892 res
603 3838 746 3907 ipste.
805 3838 1011 3894 Sensus
1047 3849 1129 3892 est
1162 3857 1175 3892 :
1207 3839 1359 3906 Quod
1388 3841 1429 3892 si
1461 3855 1547 3893 res
1569 3839 1720 3908 ipsre,
1747 3839 1798 3893 id
1819 3849 1902 3893 est
1934 3849 2096 3893 tanta:

493 3925 676 3963 rerum
711 3908 978 3966 fteditates
1003 3951 1016 3975 ,
1052 3912 1246 3979 quibus
1275 3910 1584 3979 praesidere,
1615 3911 1908 3965 creduntur
1934 3912 2096 3964 vestri

496 3981 615 4033 sive
644 3979 736 4046 dii,
763 3982 875 4037 sive
900 3982 1017 4037 dea:
1037 4023 1051 4043 ,
1081 3983 1124 4035 si
1153 3983 1392 4045 inquom,
1429 3998 1605 4036 rerum
1638 3982 1872 4050 ipsawm
1901 3980 2098 4049 ﬂagitia

500 4050 721 4104 minime
747 4067 842 4105 vos
871 4053 1161 4106 admonent
1181 4053 1247 4106 ad
1268 4053 1596 4107 intellectum
1620 4050 1857 4107 veritaiis
1875 4050 2002 4176 Sboc
2017 4062 2100 4107 est

500 4121 566 4175 ad
599 4121 1045 4176 intelligendum.
1087 4139 1333 4176 nua-nam
1367 4139 1489 4176 vera
1521 4134 1821 4176 vestrorum
1870 4139 2097 4176 (eorum

499 4121 566 4175 ad
599 4121 1008 4190 intelligendum
1031 4164 1045 4185 ,
1087 4139 1333 4193 qna-nam
1367 4139 1489 4178 vera
1521 4134 1821 4177 veSIrorum
1870 4121 2097 4193 deorum

500 4193 570 4245 sit
600 4193 856 4258 conditio,
888 4211 988 4248 was
1014 4211 1079 4247 an
1109 4192 1202 4247 der
1227 4194 1396 4249 Sache
1421 4211 1504 4264 sey
1526 4211 1539 4258 ;
1579 4210 1681 4246 was
1701 4211 1768 4246 an
1794 4210 1946 4247 euern
1971 4192 2098 4246 Got-

502 4267 764 4334 ternsey),
799 4281 864 4318 ex
888 4267 1016 4334 ipsis
1043 4266 1232 4319 saltem
1259 4266 1533 4318 nominum
1554 4264 1972 4319 absurditatibus
2005 4278 2102 4332 po-

2198 3038 2514 3110 Varroncm,
2548 3041 2614 3095 de
2647 3041 2799 3110 Ling.
2837 3041 2954 3108 lat.,
2991 3042 3082 3096 lib.
3113 3038 3190 3095 tv.
3220 3038 3425 3096 Menas.

2269 3109 2506 3167 Orbonte.
2544 3109 2765 3179 Plinius,
2793 3113 2928 3168 Hist;
2976 3123 3111 3179 nat._.
3142 3114 3234 3167 lib.
3263 3129 3322 3178 ιι,
3351 3129 3469 3183 cap.
3499 3116 3530 3168 7
3563 3133 3577 3169 :
3622 3115 3789 3169 Orbo-

2196 3197 2275 3236 nae
2305 3183 2509 3252 (fanum
2536 3187 2642 3253 est)
2669 3184 2736 3237 ad
2760 3185 2921 3238 cedem
2944 3184 3195 3248 Larium;
3242 3186 3332 3239 ubi
3353 3196 3537 3240 autem
3569 3184 3788 3242 Orbona

2195 3262 2278 3327 est
2304 3269 2409 3308 non
2442 3255 2699 3310 orborum
2749 3256 2963 3310 tntatrix
2986 3298 3000 3322 ,
3043 3257 3137 3310 sed
3179 3257 3355 3326 potius
3383 3257 3483 3310 dea
3509 3297 3524 3322 ,
3557 3273 3680 3327 qua:
3706 3257 3793 3312 af-

2196 3322 2298 3398 fert
2320 3327 2628 3381 orbitatem.
2676 3327 3033 3398 Conjungitur
3081 3322 3225 3382 enim
3255 3342 3376 3381 cum
3404 3322 3631 3390 morbis.
3663 3343 3792 3398 pes-

2197 3395 2338 3468 tibus
2363 3397 2544 3468 ,ifebri
2589 3398 2838 3468 malaque
2863 3397 3073 3452 fortuna
3111 3400 3161 3452 in
3203 3400 3428 3452 deorum
3457 3395 3678 3455 censuni
3705 3415 3791 3454 rc-

2199 3465 2339 3521 latis.
2371 3467 2573 3522 Eodem
2615 3465 2776 3524 sensu
2803 3477 2858 3523 et
2899 3469 3267 3524 Tertullianns
3316 3472 3381 3523 ad
3421 3471 3564 3533 Nan,
3598 3471 3688 3525 lib.
3725 3487 3786 3532 ll,

2195 3550 2314 3605 cap.
2347 3539 2412 3594 ‘14
2438 3555 2452 3592 :
2485 3539 2742 3593 Orbonam
2768 3541 2945 3604 deam,
2975 3556 3091 3608 qua:
3115 3543 3168 3594 in
3196 3541 3460 3595 orbitatem
3485 3543 3673 3594 semina
3698 3559 3792 3594 ea:-

2199 3607 2414 3683 tjnguat.
2445 3609 2578 3683 Vide
2604 3611 2892 3683 Allargduinu
2924 3607 2995 3666 ad
3044 3611 3206 3677 Plin.,
3241 3613 3274 3666 Ι.
3297 3628 3336 3677 ι,
3373 3629 3491 3683 pag.
3524 3612 3614 3676 72,
3641 3613 3788 3668 etC.

2197 3677 2246 3733 J.
2278 3677 2432 3746 7Vos.,
2465 3680 2533 3753 de
2558 3679 2774 3743 Idolol.,
2809 3677 2901 3737 lib.
2928 3699 3050 3743 vin.
3089 3697 3207 3753 cap.
3246 3686 3328 3746 l7,
3516 3684 3639 3739 759.
3669 3684 3793 3738 Ca:-

2201 3759 2395 3813 terum,
2440 3762 2496 3804 ιιι
2527 3752 2663 3807 bene
2681 3754 2936 3809 observat
2958 3752 3316 3825 Stcwecltius,
3343 3752 3518 3807 orbum
3546 3757 3797 3810 dixerunt

2198 3833 2412 3878 veteres
2437 3835 2542 3896 tam
2577 3834 2779 3891 patrem
2800 3826 2887 3894 qui
2923 3826 3316 3896 Iiberos,quant
3351 3825 3550 3879 liberos
3579 3827 3669 3896 qui
3701 3841 3795 3895 pa-

2202 3901 2357 3958 trem,
2393 3895 2719 3948 amisissent.
2755 3896 2875 3950 Vid.
2907 3896 3052 3950 Fest.
3107 3895 3187 3951 v.7
3213 3896 3370 3950 Orba.
3423 3896 3578 3950 Plinii
3602 3895 3609 3896 7
3631 3898 3792 3951 verba

2200 3962 2469 4032 descripta
2504 3965 2749 4021 videntur
2773 3967 3107 4034 eCicerOne,
3139 3969 3206 4024 de
3234 3968 3352 4023 Nat.
3379 3966 3555 4032 dcor.,
3589 3967 3682 4022 lib.
3715 3985 3795 4034 in,

2200 4049 2321 4104 cap.
2354 4036 2444 4102 25,
2478 4037 2564 4090 ubi
2593 4038 2700 4092 vid.
2731 4038 2905 4093 Davis.
2939 4040 3140 4094 ORELL.

2276 4105 2498 4162 Namice.
2534 4108 2656 4162 Dem
2686 4109 2903 4176 Nrenizr,
2953 4111 3211 4166 extremis
3241 4111 3361 4164 vitae
3392 4125 3488 4165 seu
3520 4111 3798 4165 funeribus

2204 4180 2492 4252 przelectte,
2522 4180 2961 4252 sacellttmcxn'a
3014 4193 3224 4252 portam
3258 4181 3604 4245 Viminalem,
3637 4183 3798 4235 sicuti

2201 4264 2266 4303 ex
2285 4249 2472 4304 Paullo
2497 4261 2549 4304 et
2577 4251 2738 4305 Festo
2765 4249 3042 4318 discimus,
3067 4263 3438 4309 consecratum
3464 4254 3579 4306 fuit.
3604 4254 3676 4306 De
3702 4253 3800 4304 hac

502 4333 669 4412 testis
688 4319 941 4412 idinisse,
972 4346 1076 4412 etc.
1107 4336 1410 4412 Adntoneut,
1442 4336 1585 4412 quod
1618 4319 2086 4412 habentﬁceletii-ns

2205 4319 2559 4412 l'k’ngustinns,
2593 4322 2659 4377 de
2685 4320 2799 4376 Civ.
2838 4325 2951 4387 Dei,
2986 4325 3078 4379 lib.
3107 4343 3181 4389 vi,
3213 4341 3331 4412 etip.
3366 4325 3500 4387 9,cx
3535 4324 3798 4406 \_-'arronc:

503 4413 558 4457 et
584 4402 877 4457 Salmasius
903 4446 915 4466 ,
959 4406 1167 4459 videtur
1196 4423 1225 4460 c
1255 4406 1388 4460 Cod.
1423 4402 1522 4460 ms.
1557 4407 1791 4459 fluxisse.
1817 4404 1968 4458 Fulv.
1999 4404 2095 4460 Ur-

503 4474 610 4528 sin.
642 4475 783 4540 conj.
815 4475 1121 4542 admovent,
1175 4477 1436 4543 probante
1483 4475 1733 4530 Heraldo.
1781 4473 1886 4530 Sed
1915 4490 2102 4543 parum

505 4553 598 4597 aut
629 4543 758 4598 nihil
783 4546 968 4610 refert,
994 4555 1114 4600 utro
1143 4548 1304 4602 modo
1326 4548 1582 4615 legamus.
1609 4546 1893 4611 Meursius,
1928 4547 2101 4600 locum

507 4615 756 4670 luxatum
799 4617 1051 4683 credens,
1092 4617 1251 4671 verba
1283 4635 1294 4669 :
1329 4616 1478 4682 Quod
1505 4618 1549 4670 si
1578 4617 1784 4671 minime
1803 4634 1889 4671 eos
1919 4617 2102 4670 admo-

507 4695 761 4758 nent_.....
787 4697 831 4740 et
858 4689 1104 4758 falsorum
1143 4688 1531 4757 imaginationes
1573 4688 1783 4742 deorum
1807 4729 1821 4754 ,
1854 4697 2105 4758 transpo-

512 4756 686 4812 nenda
726 4756 914 4814 censet
938 4761 991 4813 in
1022 4760 1180 4814 linem
1213 4756 1416 4829 Capitis
1440 4769 1562 4830 post
1591 4760 1753 4816 verba
1783 4777 1796 4814 :
1828 4759 1992 4814 mellis
2005 4756 2110 4813 7w-

507 4845 632 4899 rans
661 4832 1044 4899 custodiensque
1067 4831 1403 4885 dulcedinem.
1435 4831 1638 4886 ORELL.

586 4898 855 4954 Puta.....
909 4898 1146 4957 Peta.....
1199 4900 1571 4957 Nemcstrinus.
1627 4903 1828 4958 Horum
1882 4902 2108 4958 deorum

513 4971 636 5044 alib_i
668 4972 811 5044 nulla
841 4974 1046 5028 notitia.
1075 4973 1208 5029 Vide
1234 4973 1417 5035 Voss,
1451 4975 1518 5029 de
1545 4974 1756 5036 Idolol.,
1788 4974 1991 5044 p.236.
2027 4973 2102 5027 In.

593 5040 864 5097 Patellana
893 5061 1075 5100 numen
1126 5055 1198 5100 est
1227 5055 1274 5098 et
1323 5044 1544 5099 Patella.
1578 5040 1801 5115 Papiasi
1832 5043 2110 5098 Patellana

519 5112 630 5164 Dea
673 5130 705 5165 a
751 5117 966 5185 paganis
1005 5116 1218 5181 dicitur,
1257 5132 1371 5168 cum
1401 5115 1622 5186 folliculi
1650 5112 1909 5186 )nessium
1941 5126 2110 5186 pates-

519 5192 661 5256 cunt,
686 5195 772 5237 aut
803 5203 829 5238 e
856 5187 1008 5256 spicis
1036 5197 1237 5241 exeunt.
1267 5187 1512 5240 Emesa.
1538 5217 1608 5227 —
1637 5185 1940 5240 Patelcnam
1982 5185 2110 5241 dicit

520 5254 849 5325 Augustinus
879 5254 998 5310 loco
1028 5273 1184 5325 quem
1215 5273 1336 5310 mox
1372 5258 1677 5311 citabimus.
1705 5260 1909 5312 Οιιιῖιι..

592 5323 974 5398 Patefaciendis
997 5323 1162 5382 rebus.
1209 5329 1402 5381 Annon
1432 5329 1714 5398 legendum
1748 5329 2112 5398 patefaciendis

516 5395 833 5467 seminibus?
890 5397 1021 5453 Nam
1071 5399 1177 5454 Dea
1217 5395 1810 5467 agrorunfhtellaria.
1850 5395 1980 5455 Vide
2011 5401 2112 5456 Pa-

518 5465 620 5533 piae
651 5466 822 5520 locum
847 5470 1004 5524 modo
1031 5465 1323 5524 laudatum.
1353 5468 1558 5526 Οιιειι..

595 5533 839 5591 Nodutis.
893 5539 1242 5610 Augustinus,
1271 5541 1336 5596 de
1358 5541 1475 5596 Civ.
1507 5542 1644 5608 l)ei.,
1682 5542 1776 5596 lib.
1807 5558 1882 5607 1v,
1904 5555 2024 5608 cap.
2054 5541 2108 5597 8:

518 5604 870 5684 Prtefecerunt
890 5604 1008 5684 ergo
1033 5604 1391 5682 Proserpinam
1409 5604 1674 5684 frumentis
1688 5604 2113 5684 ger-minantibus:

510 5677 758 5741 geniculis
804 5677 1049 5750 nodisque
1085 5677 1367 5738 culmorum
1391 5677 1542 5739 deum
1570 5677 1834 5740 Nodbtum
1858 5699 1877 5738 :
1901 5683 2108 5738 involu-

2218 4390 2379 4444 Vurro
2432 4408 2830 4448 commemorare
2859 4407 2903 4449 et
2933 4413 3230 4450 enumerare
3280 4390 3402 4449 deos
3434 4397 3584 4463 erepit
3612 4412 3644 4447 a
3671 4411 3767 4447 con
3785 4424 3802 4435 -

2205 4463 2440 4538 ceptionc
2460 4465 2701 4538 hominis,
2733 4481 2942 4536 eamque
2965 4470 3143 4521 seriem
3173 4468 3413 4538 produxit
3437 4483 3593 4538 usque
3615 4466 3684 4538 ad
3709 4466 3828 4531 de:

2205 4534 2385 4606 crepiti
2420 4535 2640 4590 hominis
2669 4534 2879 4591 mortem
2907 4580 2920 4599 ,
2970 4549 3016 4591 et
3045 4534 3183 4593 deos
3211 4537 3280 4592 ad
3332 4534 3517 4606 ipsum
3543 4536 3793 4588 hominem

2207 4605 2509 4672 pertinentes
2562 4609 2744 4679 clausit
2764 4608 2833 4661 ad
2863 4608 3103 4664 Na'niant
3130 4611 3297 4675 deam,
3321 4623 3432 4679 qua:
3455 4608 3505 4660 in
3531 4606 3795 4674 funeribus

2206 4691 2383 4751 senum
2401 4686 2656 4734 cantatur.
2683 4677 2854 4751 Noun.
2886 4697 2938 4751 p.
2974 4682 3097 4736 426.

2278 4746 2400 4821 lam
2421 4765 2536 4821 qua:
2587 4751 2760 4804 durat.
2781 4746 3036 4809 Sic'cdidi
3090 4768 3156 4809 ex
3187 4749 3558 4808 emendatione
3575 4747 3799 4804 Meursii

2209 4833 2308 4889 pro
2332 4817 2473 4872 Nam
2499 4838 2612 4889 qua:
2634 4823 2806 4876 durat.

2286 4889 2542 4964 Ossilugo.
2579 4893 2887 4964 Legendum
2911 4894 2992 4951 vel
3025 4910 3144 4950 eum
3164 4896 3398 4952 Cantero
3418 4892 3690 4963 Ossipago,
3715 4892 3804 4948 vel

2211 4961 2998 5089 ggtttOSteweclti070ssiptmgu.
3029 4967 3157 5023 Vide
3184 4983 3346 5039 supra
3366 4967 3432 5021 ad
3453 4961 3547 5021 lib.
3571 4979 3650 5031 ιιι,
3679 4978 3800 5035 cap.

2288 5073 2300 5085 .
2379 5049 2531 5088 nsLL.

2247 5038 2300 5089 0.
2329 5038 2531 5088 URELL.

2287 5103 2554 5161 Mellonia.
2588 5109 2982 5176 Augustin.,dc
3005 5109 3121 5164 Civ.
3155 5110 3272 5175 Dei,
3295 5109 3390 5163 lib.
3417 5113 3490 5176 iv,
3539 5121 3659 5175 cap.
3692 5107 3762 5162 5-4
3790 5126 3805 5163 :

2213 5175 2343 5250 Siue
2372 5176 2578 5247 Segetia
2619 5175 2828 5250 segetes,
2858 5181 2982 5250 sine
3036 5180 3242 5236 Bobova
3287 5183 3454 5244 boves,
3480 5175 3483 5176 7
3506 5181 3659 5234 mella
3699 5181 3810 5232 sine

2215 5246 2476 5314 Mellona,
2525 5246 2810 5318 poma7sine
2839 5249 3090 5307 Pomona.
3135 5255 3381 5308 ELIIBNH.
3409 5283 3482 5293 —
3510 5251 3771 5308 Meursius
3789 5291 3806 5318 ,

2213 5318 2318 5389 leg.
2341 5318 2599 5389 Mellona.
2626 5321 2830 5378 OnELL.

2290 5388 2500 5445 Vlll.——
2531 5394 2714 5459 Dicite,
2755 5411 2784 5448 ο
2823 5410 3015 5463 quaeso,
3053 5406 3108 5478 ut
3152 5397 3224 5480 ita
3253 5395 3413 5479 .vobis.
3453 5395 3692 5466 prapitite
3734 5395 3808 5518 {a-

2290 5472 2361 5518 mt
2388 5463 2538 5518 Peto.
2575 5464 2732 5518 Puta.
2759 5464 2984 5518 Patella.
3017 5467 3106 5518 Sic
3134 5467 3305 5518 editio
3335 5482 3524 5518 prima.
3559 5471 3627 5518 At
3651 5465 3728 5518 Fu
3755 5481 3803 5518 v.

2215 5472 2361 5520 veant
2388 5463 2538 5530 Peto,
2575 5464 2732 5529 Puta,
2759 5464 2984 5521 Patella.
3017 5467 3106 5521 Sic
3134 5467 3305 5523 editio
3335 5463 3524 5536 prima.
3552 5463 3627 5520 Ἀι
3651 5463 3803 5520 Fulv.

2217 5536 2445 5608 Ursinus
2496 5538 2812 5608 particulam
2861 5549 2915 5591 ut
2959 5539 3374 5603 exterminavit,
3414 5553 3535 5608 quae
3564 5551 3694 5592 sane
3718 5553 3807 5591 re-

2217 5605 2432 5665 tinenda
2461 5616 2596 5661 erat.
2631 5607 2722 5662 Sic
2753 5610 2972 5678 passim,
3003 5609 3203 5664 veluti:
3253 5621 3309 5664 ut
3343 5605 3488 5665 itlum
3507 5610 3578 5662 dii
3604 5607 3812 5679 deaque

2215 5679 2408 5736 senium
2457 5679 2693 5748 perdant,
2741 5690 2795 5735 et
2823 5681 3036 5737 similia.
3068 5681 3334 5739 Observat
3367 5680 3810 5753 diligentissimus
