4224 6264
408 314 557 377 1045

1710 315 1919 376 LIBER
1957 318 2311 389 QUARTUS.

3570 320 3718 380 1046

402 432 620 492 foedera
635 432 866 505 genialis
895 445 954 489 se
982 432 1165 488 lectuli
1196 434 1597 504 expugnatione
1620 434 1841 505 iecisse.
1866 436 2012 494 Sub-
2039 441 2095 502 Α
2192 437 2383 495 XXIV.
2406 435 2464 493 Si
2481 436 2695 507 aperire
2724 436 2911 493 oculos
2941 438 3136 493 mentis
3156 480 3169 504 ,
3202 443 3256 493 et
3280 436 3561 494 veritatem
3583 452 3715 509 pro-

407 528 648 586 sessoris
676 537 734 585 et
760 527 990 585 adulteri
1009 540 1242 599 persona
1269 528 1424 599 cujus
1459 538 1608 585 esset
1637 530 2008 601 turpitudinis,

406 634 556 680 notat
585 624 761 695 cujus,
792 635 982 694 regum
1010 623 1280 679 maximus
1305 622 1618 691 nesciebat,
1669 634 1724 679 et
1761 625 2009 696 specula-

406 727 499 775 tor
532 717 654 786 ille,
687 725 746 772 ut
774 715 919 772 fama
950 724 1072 782 est,
1104 717 1245 772 bene
1273 719 1590 772 meritorum
1610 760 1623 783 ,
1656 731 1723 773 ac
1746 718 2003 787 pessime,

406 812 667 883 quidnam
710 809 930 866 deceret
985 810 1211 865 sevelle
1268 807 1569 865 rationibus
1613 811 1852 880 pectoris
1898 822 2005 866 non

2117 533 2286 603 priam
2318 530 2515 586 intueri
2547 532 2666 586 sine
2708 529 2814 585 ulla
2841 530 3002 585 vultis
3028 528 3426 601 gratiﬁcatione
3455 530 3666 600 privata
3696 572 3713 599 ,

2115 626 2457 682 miseriarum
2497 625 2741 679 omnium
2761 638 2973 690 causas,
2993 623 3189 693 quibus
3212 638 3404 694 genus,
3424 632 3483 678 ut
3509 622 3711 694 dicitis,

2108 717 2425 790 jamdudum
2452 716 2743 774 aliIictatur
2769 726 2793 754 α
2820 718 3113 773 humanum
3138 761 3153 785 ,
3182 732 3251 772 ex
3281 716 3591 788 huiusmodi
3623 734 3711 774 re-

2112 811 2333 881 perietis
2363 810 2761 880 opinationibus
2781 809 2972 876 ﬂuere,
3001 825 3137 880 quas
3161 808 3443 865 habebatis
3466 810 3703 882 antiqui-

404 902 771 976 perspic‘iebat
792 901 1024 957 amissis.
1048 901 1118 957 Et
1145 902 1362 958 tolerari
1384 901 1609 958 forsitan
1636 903 1780 958 male
1808 911 2009 959 tracta-
2109 911 2200 957 tus
2225 901 2294 957 de
2321 900 2427 956 diis
2470 902 2692 966 vestris';
2728 911 2785 957 et
2803 916 2937 971 quas
2965 901 3018 955 in
3040 901 3232 956 melius
3256 900 3557 957 reformare
3584 911 3710 959 ante
3740 974 3743 977 _

404 996 484 1051 tio
512 995 627 1049 haec
656 1001 864 1066 posset,
896 993 943 1048 si
970 1009 1091 1050 cum
1110 994 1303 1051 saltem
1326 995 1575 1065 personis
1599 997 2006 1067 conjungeretis

406 1089 771 1159 comparibus,
800 1096 856 1143 et
882 1086 1096 1145 adulter
1121 1103 1150 1142 a
1181 1090 1334 1145 vobis
1364 1089 1753 1144 immortalium
1794 1089 2002 1144 euasti.

401 1187 645 1238 tueretur
684 1178 930 1235 dearum.
964 1180 1022 1235 In
1060 1180 1310 1236 humanis
1342 1196 1473 1237 vero
1498 1183 1817 1253 corporibus
1841 1182 2002 1252 quid-

398 1287 547 1337 nam,
567 1286 779 1343 quaeso,
797 1272 974 1329 inerat
988 1272 1426 1343 pulchritudinis,
1450 1274 1580 1345 quid
1601 1274 1837 1342 decoris,
1856 1274 2000 1346 quod

397 1366 652 1433 irritare,
702 1366 847 1436 quod
890 1364 1112 1424 ﬂectere
1150 1368 1351 1435 oculos
1379 1377 1563 1439 posset
1614 1368 1669 1424 in
1708 1382 1769 1425 se
1814 1356 2002 1425 lovis?

398 1460 595 1530 Cutes,
624 1462 832 1518 viscera
853 1503 868 1529 ,
898 1464 1085 1532 pituita
1115 1502 1129 1529 ,
1170 1474 1333 1534 atque
1374 1464 1552 1519 omnis
1593 1463 1685 1518 illa
1718 1464 2001 1533 proluvies

395 1553 776 1609 intestinorum
790 1555 892 1610 sub
905 1550 1197 1610 involucris
1210 1556 1523 1621 constituta,
1541 1568 1821 1626 quamnon
1836 1553 2000 1612 modo

391 1645 642 1718 Lynceus
662 1648 753 1703 ille
770 1648 1091 1716 penetrabili
1110 1649 1228 1705 acie
1251 1654 1423 1719 possit
1439 1649 1782 1717 horrescere,
1807 1665 1997 1705 verum

390 1738 554 1792 etiam
572 1739 750 1809 quivis
774 1738 915 1794 alter
941 1739 1054 1793 sola
1074 1740 1156 1795 vel
1171 1742 1497 1811 cogitatione
1512 1744 1706 1798 vitare.
1722 1744 1766 1798 Ο
1779 1744 1996 1814 egregia

386 1842 600 1886 merces
644 1830 838 1902 culpae,
872 1846 906 1886 ο
931 1828 1091 1903 digna
1120 1843 1172 1888 et
1196 1835 1432 1903 pretiosa
1466 1835 1729 1902 dulcedo,
1763 1844 1991 1907 propter

2108 995 2293 1050 oculos
2339 995 2515 1065 posita
2569 994 2797 1049 veritate
2840 992 3119 1048 renuistis.
3152 992 3283 1048 Nam
3337 1008 3437 1049 nos
3488 994 3707 1065 quidem

2104 1089 2362 1161 quidnam
2392 1088 2462 1145 de
2500 1088 2609 1143 illis
2632 1087 2921 1158 aliquando
2942 1129 2956 1154 ,
2988 1097 3080 1143 aut
3107 1087 3494 1142 inconveniens
3535 1088 3711 1144 sensi-

2107 1198 2248 1249 mus,
2278 1192 2371 1236 aut
2400 1181 2892 1251 conscriptionibus
2924 1180 3194 1236 edidimus
3226 1180 3531 1247 indecoris,
3559 1192 3617 1235 ut
3652 1182 3705 1237 in

2107 1274 2370 1330 invidiam
2392 1274 2662 1344 jaciantur
2693 1282 2934 1328 nostram
2966 1272 3179 1328 labores
3204 1272 3421 1343 generis
3461 1272 3705 1343 humani,

2108 1378 2164 1424 et
2179 1367 2611 1435 commoditates,
2634 1367 2829 1438 quibus
2850 1367 3066 1435 vivitur,
3091 1366 3708 1440 imminutae?Numquid

2107 1477 2140 1516 a
2171 1461 2329 1518 nobis
2353 1460 2574 1530 dicitur,
2607 1473 2665 1516 ut
2702 1461 2941 1517 ciconiae
2964 1504 2980 1530 ,
3029 1469 3088 1516 ut
3134 1461 3446 1531 palumbes,
3477 1476 3545 1517 ex
3589 1464 3706 1518 ovis

2105 1568 2229 1611 esse
2267 1554 2578 1627 progenitos
2617 1555 2878 1626 quosdam
2908 1555 3083 1610 deos?
3118 1555 3387 1626 Numquid
3425 1569 3491 1610 ex
3530 1555 3704 1626 pelagi

2106 1662 2333 1717 spuma,
2378 1657 2432 1703 ct
2472 1664 2537 1703 ex
2578 1648 2699 1704 ειειί
2746 1647 3072 1717 genitalibus
3108 1651 3398 1718 amputatis
3434 1646 3702 1702 Cithereaa

2105 1741 2336 1797 Veneris
2381 1748 2696 1796 concretum
2749 1741 3018 1795 coaluisse
3057 1740 3394 1796 candorem?
3434 1738 3702 1809 Numquid

2102 1835 2373 1905 parricidii
2400 1847 2560 1889 causa
2582 1835 2820 1889 vinctum
2851 1847 2973 1888 esse
3001 1832 3292 1888 Saturnum
3314 1874 3328 1897 ,
3362 1841 3416 1887 et
3436 1833 3547 1887 suis
3581 1830 3701 1887 die-

386 1936 548 1991 quam
573 1922 789 1994 Jupiter
828 1925 1096 1980 maximus
1142 1942 1347 1998 cygnus
1395 1927 1580 1997 lieret,
1606 1939 1661 1984 et
1693 1938 1900 1997 taurus,
1932 1936 1989 1983 et
2021 1919 2070 1977 Β
2096 1930 2197 1986 bus
2229 1938 2435 1984 tantum
2478 1927 2819 1984 vinculorum
2860 1925 3187 1997 ponderibus
3233 1924 3497 1983 relevari?
3533 1922 3699 1980 Num-

386 2013 744 2070 candidorum
771 2026 1088 2085 procreator
1116 2031 1361 2073 ovorum.

443 2108 473 2138 ⁸
504 2105 745 2162 Flictatur
766 2122 859 2162 ms.

1574 2019 2001 2093 anemonas
2031 2020 2449 2080 VARIAN'I‘ES.

1738 2195 2311 2255 COMMENTARIUS.

373 2312 564 2384 Romae
595 2321 769 2369 morte
798 2314 1042 2384 punitum
1075 2328 1183 2369 non
1223 2322 1327 2381 est,
1361 2312 1456 2369 sed
1480 2312 1835 2384 relegatione.
1870 2313 1969 2368 'I‘i-

370 2383 558 2438 berius
584 2383 878 2453 imperator
905 2388 1111 2455 primus
1143 2399 1358 2454 poenam
1381 2385 1534 2440 auxit
1561 2402 1574 2439 :
1607 2383 1751 2440 ’viris
1781 2384 1974 2440 videli-

370 2464 458 2509 cet
482 2455 937 2525 deportatiouem,
972 2457 1209 2512 fmminis
1247 2457 1677 2526 deportatiouem
1702 2466 1757 2510 ct
1786 2456 1968 2526 publi-

369 2527 639 2597 cationem
699 2528 988 2582 bonorum.
1047 2528 1259 2582 Primus
1308 2526 1697 2597 Constantinus
1745 2527 1971 2597 Magnus

368 2595 622 2651 adulterii
652 2598 857 2653 crimen
889 2598 1084 2668 capitis
1102 2610 1259 2668 pinna
1281 2596 1614 2663 vindicavit,
1644 2595 1969 2668 sacrilegos-

366 2682 475 2739 que
504 2669 812 2739 nuptiarum
842 2667 1199 2726 temeratores
1226 2669 1409 2739 gladio
1436 2668 1666 2736 punivit.
1701 2667 1838 2739 Vide
1858 2669 1968 2721 Cu-

363 2737 499 2810 j_ac.,
530 2738 625 2810 lib.
652 2755 704 2793 VI
732 2738 1068 2804 Observatt.,
1101 2737 1336 2810 capClI;
1359 2739 1690 2810 Brissonius,
1712 2738 1779 2792 ad
1798 2738 1972 2808 legem

363 2807 476 2881 Jul.
511 2809 580 2864 de
614 2810 923 2881 adulteriis,
959 2826 1078 2881 pag.
1118 2807 1220 2872 9i;
1252 2808 1573 2866 Theodorus
1609 2807 1879 2864 Marcilius
1903 2810 1972 2864 ad

363 2876 600 2954 Instituit.
635 2876 1092 2954 Iustiniang’pa'g.
1130 2883 1254 2938 755.
1287 2882 1532 2954 Eunus.
1556 2912 1627 2923 —
1649 2884 1717 2934 At
1744 2896 1867 2935 cum
1888 2881 1971 2954 vi-

365 2949 516 3022 libus
540 2951 779 3007 lmininis
807 2964 864 3008 et
896 2949 1198 3022 publicanis
1240 2953 1615 3009 meretricibus
1633 2950 1973 3007 consuetudo

364 3018 467 3074 fuit
509 3021 811 3094 impunita:
860 3018 1016 3094 cujus
1048 3027 1124 3079 rei
1155 3025 1294 3079 ratio
1335 3033 1460 3089 est,
1505 3023 1648 3094 quod
1694 3023 1972 3094 nemiuem

2084 2312 2240 2379 neb.,
2273 2312 2596 2380 Adversar.,
2621 2313 2713 2368 lib.
2738 2328 2813 2377 xi,
2843 2326 2963 2383 cap.
2995 2311 3091 2378 20,
3116 2318 3173 2368 et
3197 2312 3453 2379 Pontan.,
3483 2313 3550 2367 ad
3577 2312 3692 2368 Ma-

2087 2384 2263 2448 crob.,
2289 2384 2470 2440 Satur.
2503 2402 2556 2452 v,
2582 2399 2702 2454 cap.
2733 2384 2823 2448 I7,
2849 2398 2968 2453 pag.
2994 2384 3124 2449 545,
3155 2384 3244 2454 ed.
3274 2383 3442 2454 Zeun.
3479 2383 3688 2441 Osann.

2165 2456 2316 2521 Quod
2349 2456 2550 2524 ﬂectere
2577 2453 2751 2510 oculos
2801 2458 2960 2526 possit
2991 2456 3045 2508 in
3070 2470 3124 2508 se
3151 2453 3318 2526 lovis.
3353 2453 3445 2509 Sic
3474 2456 3690 2524 egregie

2087 2526 2266 2582 locum
2296 2527 2531 2582 restituit
2560 2525 2847 2580 Meursius.
2873 2528 3045 2580 Antea
3067 2525 3344 2595 legebatur
3369 2545 3383 2581 :
3405 2526 3542 2596 quod
3568 2527 3695 2595 ﬂec-

2088 2605 2193 2650 tere
2218 2597 2396 2651 oculos
2424 2597 2583 2665 possit
2609 2596 2729 2651 inde
2754 2596 2918 2650 Jovis.
2948 2596 3151 2651 OBELL.

2159 2666 2205 2720 0
2234 2671 2439 2739 egregia
2481 2684 2673 2739 merces
2708 2667 2895 2736 culpae.
2915 2670 3067 2733 Quod
3090 2672 3149 2727 in
3166 2668 3497 2723 membranis
3513 2678 3688 2725 esset:

2084 2754 2115 2790 ο
2136 2752 2231 2808 gra
2253 2738 2465 2806 merces,
2494 2738 2800 2793 arbitrabar
2828 2740 2930 2809 legi
2952 2754 3111 2809 posse
3136 2758 3148 2791 :
3178 2755 3207 2792 ο
3234 2740 3448 2810 grandis
3476 2756 3688 2796 merces.

2081 2807 2161 2862 lla
2192 2811 2405 2867 arandis
2434 2811 2653 2867 pecunia
2683 2826 2770 2867 an.
2802 2808 3072 2863 Plautum.
3096 2808 3234 2864 Vide
3254 2811 3688 2867 Commentarios

2084 2826 2161 2862 lla
2191 2826 2405 2879 grandis
2434 2827 2653 2881 pecunia
2683 2826 2770 2878 8|).
2802 2826 3072 2863 rtautum.
3106 2826 3234 2864 Vllle
3254 2826 3688 2867 Commentarios

2084 2877 2418 2950 Vegetianos
2460 2882 2553 2953 (ad
2586 2881 2681 2935 lib.
2711 2895 2791 2947 tu,
2821 2895 2939 2950 cap.
2974 2881 3029 2948 7,
3061 2896 3184 2951 pag.
3222 2879 3351 2953 289,
3382 2880 3689 2953 ed.Vesa|.)

2474 2952 2478 2953 ί
3243 2952 3535 3008 Srawscn.
3668 2952 3673 2953 ⁷

2155 3022 2348 3077 XXIV.
2380 3054 2449 3064 -—
2500 3022 2782 3077 Veritatem
2831 3023 3094 3093 propriam
3129 3023 3338 3078 intueri.
3381 3023 3512 3079 Mire
3560 3024 3679 3094 pla-

365 3084 600 3162 proprie'
625 3093 748 3149 lardi
778 3084 1174 3151 existimarent.
1230 3084 1477 3161 Plautus,
1517 3084 1570 3149 in
1603 3093 1969 3149 Curculione:
1998 3084 2046 3173 AC
2080 3100 2171 3147 cet
2220 3094 2512 3150 Stewechii
2559 3084 2898 3163 conjectura:
2929 3084 3223 3173 'veritatem
3273 3084 3598 3173 promptam}
3628 3095 3680 3149 id

863 3186 1022 3237 Nemo
1044 3186 1428 3249 hcicprobibet,
1454 3198 1548 3234 nec
1568 3192 1720 3241 vetat,

456 3244 586 3310 Quin
608 3247 739 3310 quod
762 3248 915 3310 palam
935 3254 1013 3299 est
1038 3244 1233 3307 venale,
1258 3250 1301 3296 si
1321 3244 1581 3309 argentum
1599 3255 1694 3306 est,
1716 3257 1869 3296 emas.

454 3306 613 3374 Nemo
626 3306 703 3359 lre
720 3306 1019 3374 quemquam
1042 3306 1237 3374 publica
1250 3306 1491 3374 prohibet
1512 3310 1609 3374 via,

454 3368 585 3436 pum
609 3386 672 3421 ne
698 3368 788 3436 per
810 3368 1010 3421 fundum
1030 3368 1222 3436 septum
1243 3368 1388 3436 faciat
1412 3368 1655 3436 semitam.

453 3429 581 3499 ]_)utn
608 3440 659 3483 te
681 3429 933 3499 abstineas
950 3429 1116 3499 nupta.
1139 3434 1304 3495 vidua,
1331 3435 1542 3499 virgine,

450 3491 741 3560 Juventute,
760 3497 931 3558 pueris
956 3491 1145 3557 Iib'eris,
1173 3508 1277 3546 ama
1292 3491 1431 3560 quod
1449 3491 1605 3545 lubet.

356 3599 532 3673 Ergo,
557 3600 721 3656 modo
741 3603 1063 3673 corporibus
1085 3602 1281 3657 alienis
1304 3602 1361 3673 ct
1384 3603 1567 3656 liberis
1599 3601 1961 3665 abstinerent,

357 3671 641 3742 libidinem
670 3687 821 3726 suam
843 3671 1067 3742 ipassim
1095 3672 1377 3727 elTundere
1417 3678 1666 3742 poterant
1695 3674 1813 3728 sine
1854 3674 1964 3728 ullo

354 3741 594 3796 infamia:
623 3752 794 3797 metu.
819 3741 997 3811 Quare
1013 3744 1254 3798 Sossiani
1278 3783 1293 3807 ,
1323 3741 1658 3812 qni’aucillas
1682 3758 1963 3812 compres-

353 3813 844 3885 serat.‘opinionem
872 3825 1135 3883 gravatam
1155 3818 1526 3885 potius,iquam
1550 3814 1771 3881 infamia
1790 3816 1964 3885 afﬂic-

354 3890 484 3953 tam,
522 3882 887 3939 Diocletianus
901 3894 956 3939 et
972 3885 1328 3940 Maximianus
1353 3884 1524 3953 lmpp.
1543 3882 1956 3952 rescripserunt.

353 3952 526 4025 Quam
570 3955 735 4024 igitur
761 3971 900 4010 caeca
944 3958 1016 4010 sit
1056 3956 1340 4025 prudentia
1392 3952 1625 4009 humana
1650 3992 1665 4019 ,
1710 3956 1793 4010 vel
1833 3955 1958 4011 hinc

352 4023 723 4080 manilestum.
754 4026 997 4082 HERALD.

426 4095 665 4169 Genialis
698 4098 872 4151 lectuli
919 4100 1316 4169 expugnatione.
1367 4098 1425 4152 Il.
1460 4098 1763 4169 Cyprianus
1808 4115 1823 4154 :
1856 4097 1958 4154 Ille

353 4167 668 4240 matrimonii
715 4181 1038 4240 expugnator
1057 4167 1246 4223 alieni.
1274 4169 1420 4225 Zeno
1456 4167 1806 4235 Veronensis,
1835 4186 1956 4227 ser-

353 4252 514 4293 mone
540 4238 610 4294 de
639 4238 900 4294 Patientia
931 4258 942 4292 :
976 4239 1162 4295 Verum
1194 4252 1366 4296 tamen
1397 4241 1449 4292 in
1477 4241 1592 4307 ipso
1622 4241 1797 4308 {ructu
1823 4258 1949 4308 suo,

350 4324 453 4378 quo
489 4312 771 4378 expugnati
814 4311 1029 4380 pudoris
1076 4313 1233 4366 alieni
1262 4313 1375 4366 labe
1403 4311 1628 4381 gaudere
1657 4314 1949 4377 consuevit,

349 4395 553 4454 semper
594 4381 779 4451 infelix
807 4393 901 4437 est.
953 4384 1061 4438 Nec
1106 4393 1307 4437 temere
1346 4382 1562 4454 genialis
1591 4383 1766 4436 lectuli
1792 4383 1946 4438 dixit.

348 4448 443 4526 _Si_c
462 4448 615 4526 enim
635 4448 1112 4526 violjiri‘signilicat
1127 4465 1181 4508 et
1205 4448 1639 4526 ipsumyuprihoa
1658 4454 1781 4508 θεὸν.
1804 4455 1948 4522 Αριι-

347 4520 488 4577 Ieius
512 4522 683 4577 Miles.
710 4522 774 4577 ll.
808 4522 874 4577 Et
898 4520 936 4577 it
965 4541 1102 4580 nexu
1123 4520 1325 4595 quidem
1355 4520 1578 4578 Vener-eo
1608 4525 1825 4591 hospitis
1851 4520 1951 4578 tua:

350 4602 706 4666 teinpera,_et
738 4596 883 4661 probi
917 4595 1128 4651 Milonis
1169 4597 1422 4666 genialem
1463 4605 1632 4649 torum
1680 4595 1950 4666 religiosus

347 4665 567 4721 suspice.
598 4663 839 4721 lienam.

453 4734 753 4808 iubsessoris
790 4748 837 4792 et
879 4738 1103 4793 adulleri
1134 4753 1372 4808 persona.
1425 4737 1785 4792 Snbsessores
1817 4744 1951 4808 sunt

352 4804 674 4862 insidiantes
697 4809 1014 4865 mulieribus
1042 4810 1109 4864 ad
1133 4804 1581 4863 committendum
1595 4807 1943 4865 adulterium.

351 4873 601 4949 Valerius
649 4878 813 4943 Max.,
846 4880 936 4935 lib.
972 4897 1027 4946 ιι,
1062 4895 1180 4948 cap.
1214 4880 1269 4943 I,
1307 4878 1393 4949 §5
1423 4896 1436 4932 :
1469 4878 1625 4933 Nulli
1652 4880 1787 4934 enim
1829 4889 1949 4935 tunc

348 4944 698 5003 subsessorum
716 4944 1019 5006 alienorum
1034 4944 1479 5006 matrimoniorum
1498 4951 1636 5005 oculi
1657 4951 1950 5006 metueban-

350 5025 459 5070 tur.
506 5015 602 5073 Ubi
631 5021 755 5076 vide
779 5021 951 5092 intpp.
981 5031 1036 5077 et
1064 5021 1431 5085 Taubmann.,
1466 5019 1533 5077 ad
1566 5021 1781 5092 Virgi|.,
1815 5022 1944 5079 IEn.
1996 5044 1999 5049 ·

348 5103 424 5151 x1,
439 5103 574 5158 pag.
603 5092 727 5147 974.
759 5091 963 5148 οιιειι.

480 5170 580 5213 alte
604 5164 776 5233 cujus.
806 5163 1013 5239 Glossm
1038 5180 1051 5219 :
1082 5163 1246 5229 Nota,
1280 5162 1455 5239 ψόγρς,
1480 5164 1945 5239 σπῖλοςεΡᾶρίὲζεὲ

349 5228 522 5297 Nota,
548 5228 834 5303 peceatum,
862 5234 1099 5303 dedecus,
1131 5228 1585 5294 ηιαὸαίαἶΝὸιιὶυε
1610 5252 1625 5293 :
1654 5228 1949 5290 Nota‘dici-

346 5312 434 5356 tur
454 5302 723 5372 probrum.
755 5306 997 5364 Lucilius
1021 5346 1038 5375 ,
1070 5309 1162 5363 lib.
1197 5320 1306 5364 xxx
1333 5325 1347 5363 :

442 5400 602 5458 Quem
624 5399 725 5451 scis
743 5402 871 5452 scire
890 5406 999 5451 tuas
1019 5402 1193 5452 omnes
1210 5402 1543 5514 maculasqulg,
1572 5404 1830 5463 notasque.

1519 5478 1697 5514 smn.

1519 5478 1697 5514 smn.

415 5570 653 5644 Amissis.
710 5572 786 5630 Ita
833 5573 1102 5630 Meursius
1159 5583 1216 5631 et
1262 5571 1562 5630 Salmasius
1600 5572 1805 5644 optime
1852 5588 1950 5644 pro

345 5643 540 5699 amissi.
576 5643 779 5702 Οιιειι..

420 5712 828 5775 Maletraclatio.
860 5716 1003 5775 Infra
1030 5715 1122 5772 lib.
1153 5733 1187 5772 v
1213 5734 1225 5769 :
1261 5715 1528 5772 Immunes
1557 5728 1725 5773 tamen
1766 5734 1797 5773 a
1825 5717 1950 5773 deo-

315 5800 464 5857 ..ram
491 5786 929 5847 maletrartatione
945 5805 1037 5845 nec
1060 5787 1133 5845 sic
1154 5787 1295 5847 estis.
1317 5788 1797 5849 liensum—Cani.
1817 5784 1951 5849 Tur-

2083 3176 2169 3218 est
2195 3173 2434 3233 apertam
2463 3208 2477 3232 ,
2514 3177 2835 3220 cunctorum
2868 3166 3168 3233 expositam
3192 3166 3385 3220 oculis.
3420 3164 3555 3220 Vide
3585 3182 3680 3220 su-

2080 3249 2176 3303 pra
2200 3237 2264 3289 ad
2296 3237 2387 3291 lib.
2419 3253 2478 3302 ιι,
2511 3252 2630 3304 cap.
2665 3236 2753 3290 57.
2784 3236 2993 3290 URELL.

2152 3305 2381 3361 Labores
2410 3308 2606 3378 generis
2636 3308 2869 3361 humani.
2894 3307 3115 3361 Labores
3146 3306 3249 3362 hoc
3275 3308 3395 3362 loco
3415 3322 3515 3378 pro
3534 3307 3678 3363 cala-

2078 3377 2378 3443 mitatibus,
2414 3377 2792 3443 incommodis,
2819 3387 2877 3432 ut
2898 3377 3217 3446 smpissime.
3243 3377 3448 3434 υιιιειιᾲ.

2151 3446 2235 3502 E‘x
2256 3451 2363 3504 ovis
2387 3466 2495 3504 esse
2518 3452 2810 3520 progenitos
2835 3450 3104 3520 quosdam
3129 3451 3269 3504 deos.
3291 3451 3367 3504 Ita
3395 3449 3677 3520 verissime

2073 3520 2311 3573 restituit
2352 3520 2441 3575 ed.
2482 3519 2651 3589 Lugd.
2698 3520 2816 3574 Bal.
2875 3522 3045 3573 Antea
3094 3519 3410 3587 legebatur:
3457 3534 3523 3574 ea:
3546 3519 3677 3574 Jove

2073 3604 2183 3644 esse
2205 3593 2520 3661 progenitos.
2546 3590 2755 3646 Alludit
2777 3600 2957 3661 autem
2987 3590 3258 3643 Arnobius
3282 3591 3364 3643 vel
3386 3589 3454 3643 ad
3485 3590 3674 3645 Casto-

2073 3672 2186 3725 res,
2221 3659 2315 3716 vel
2335 3665 2515 3732 potius
2559 3662 2625 3715 ad
2665 3662 2797 3717 deos
2824 3659 3022 3732 Syros,
3068 3675 3206 3732 quos
3230 3676 3443 3714 ovorum
3484 3676 3670 3732 proge-

2071 3731 2207 3803 niem
2235 3730 2375 3787 dixit
2397 3748 2559 3803 supra
2583 3733 2676 3786 lib.
2711 3749 2749 3797 I,
2778 3730 2899 3801 cap.
2932 3732 3024 3786 56.
3054 3730 3257 3786 Οιιειι.

2141 3800 2406 3874 Cytherea:
2438 3800 2643 3857 Veneris
2664 3815 2958 3874 concretum
2979 3804 3228 3874 coaluisse
3248 3803 3540 3874 candorem.
3558 3803 3670 3857 Ma-

2066 3870 2305 3944 crobius,
2353 3889 2391 3927 ι.
2438 3885 2578 3939 sat.,
2630 3888 2751 3942 cap.
2802 3873 2856 3926 8.
2893 3870 3045 3926 Hunc
3094 3870 3459 3944 (Saturnum)
3488 3943 3492 3944 ν
3523 3875 3669 3928 aiunt

2064 3942 2341 4013 abscidisse
2367 3944 2492 3997 Caeli
2529 3944 2693 4012 patris
2718 3944 2980 4013 pudenda,
3005 3943 3185 4012 quibus
3212 3945 3265 3997 in
3292 3942 3671 4012 maredejectis

2074 4012 2315 4085 Venerem
2370 4012 2737 4085 procrggam;
2785 4029 2965 4085 qutun
3003 4030 3226 4085 spuma,
3278 4016 3412 4069 unde
3449 4015 3663 4082 coaluit,

2062 4059 2347 4154 ipsa.
2370 4059 2965 4154 i..:.§.§1.‘£.‘.}..-.’.“ﬁbi
2975 4059 3588 4142 νῖῧὲ’ἰὶῖ›ιίιεῖιὶ’.“ὃιῖιέἱιζῖ

2134 4155 2407 4228 Numquid
2447 4156 2717 4228 parricidii
2746 4171 2902 4228 causa
2945 4156 3166 4209 vinctum
3196 4172 3303 4212 esse
3330 4157 3617 4211 Saturnum
3643 4198 3661 4225 ,

2060 4235 2109 4279 et
2139 4229 2246 4281 suis
2268 4224 2456 4283 diebus
2487 4237 2685 4281 tantum
2724 4224 3047 4280 vinculorum
3080 4228 3387 4283 ponderibus
3426 4224 3661 4283 relevari.

2056 4295 2148 4370 sic
2169 4299 2401 4370 eleganti
2443 4296 2754 4369 conjectura
2792 4298 3035 4370 reposuit
3065 4295 3114 4351 .l.
3140 4297 3376 4369 Lipsius,
3427 4299 3659 4370 Epistol.

2056 4366 2285 4441 Quaest;
2322 4369 2520 4441 ιὼς-ιιι,
2544 4366 2709 4441 epist.
2746 4382 2855 4436 xv,
2885 4366 3051 4437 Oper.
3102 4366 3235 4441 toni.
3268 4385 3307 4435 ι,
3354 4366 3492 4441 ρης]
3529 4370 3656 4441 532,

2056 4437 2144 4511 ed.
2182 4439 2362 4495 Vcsal.
2393 4438 2526 4495 Nam
2558 4437 2741 4510 opinio
2769 4447 3011 4493 veterum
3045 4448 3163 4494 erat
3187 4437 3480 4497 Saturnum
3512 4437 3657 4511 suis,

2054 4506 2111 4562 id
2140 4519 2223 4566 est
2271 4506 2634 4568 Saturnalium
2666 4510 2856 4565 diebus
2903 4511 3476 4584 iterunrquasiregnl
3506 4506 3657 4584 com;
3734 4566 3745 4577 ,

2055 4588 2239 4650 potem
2270 4597 2393 4639 esse
2415 4623 2430 4648 ,
2456 4592 2713 4638 etcterum
2738 4597 2935 4636 annum
2985 4583 3038 4636 in
3072 4582 3267 4638 vinclis
3312 4582 3518 4640 haberi.
3550 4583 3660 4639 Lu-

2054 4650 2242 4708 cianus
2291 4654 2344 4709 in
2397 4652 2836 4709 Chronosolon.:
2883 4650 2972 4708 Ἦν
3017 4653 3071 4710 δὲ
3123 4656 3179 4710 οὐ
3226 4654 3450 4717 πεδήτης
3479 4697 3495 4722 ,
3541 4654 3655 4711 οὐδὲ

2052 4727 2263 4803 ᾳῤ-χμοῦ
2297 4727 2489 4803 πλέωςζ
2504 4724 2598 4779 οἷον
2623 4726 2770 4803 uiror
2795 4725 2840 4778 oi
2865 4729 3242 4803 ζωγράφων..
3272 4727 3649 4803 imbellis-augeri,

2053 4792 2178 4873 ei};
2201 4803 2289 4873 raw
2335 4800 2422 4873 μέν
2458 4796 2624 4873 ἅρπην
2648 4792 2785 4873 εἶχε⁸
2808 4792 3389 4873 πάνυξῖτξσηοχμένηνχτά
3430 4796 3491 4873 δέ.
3528 4795 3654 4854 ἄλλα

2087 4865 2256 4942 arripi};
2284 4865 2344 4922 τέ
2366 4865 2442 4930 ἧν,
2472 4865 2551 4921 »ἰαὶ
2586 4865 2843 4942 καραὲἐρὸς,
2874 4871 2958 4921 καὶ
2988 4865 3262 4941 βασιλικῶς·
3298 4867 3648 4923 ἐνεσκεύαστο.

2053 4888 2237 4992 Editio
2275 4937 2524 4992 nrinceus
2560 4937 3011 4992 corruntissimc:
3068 4936 3355 4992 Saturnum
3393 4947 3441 4990 et
3465 4937 3527 4990 ab
3575 4939 3648 4992 his

2104 4936 2237 4991 diiio
2275 4937 2524 5006 princeps
2560 4936 3011 5003 corruptissime:
3068 4936 3355 4992 Saturnum
3393 4947 3441 4990 et
3465 4937 3527 4990 ab
3575 4939 3653 4994 his

2053 5007 2234 5063 diebus
2273 5004 2427 5061 tantis
2454 5004 2769 5062 uinculorum
2802 5006 3109 5076 ponderibus
3133 5008 3341 5073 elevari,
3373 5008 3515 5064 unde
3541 5008 3651 5066 Ge-

2054 5080 2230 5134 lenius
2255 5079 2455 5135 fecerat
2485 5097 2498 5133 :
2531 5089 2579 5134 et
2621 5078 2728 5131 suis
2769 5077 2944 5133 diebus
2974 5078 3128 5133 tantis
3172 5078 3493 5133 vinculorum
3524 5094 3653 5135 non-

2054 5150 2259 5206 deribus
2309 5151 2543 5206 relevari.
2575 5148 2843 5223 Meursius
2867 5158 3064 5223 autem
3093 5167 3105 5203 :
3157 5158 3203 5203 et
3233 5148 3418 5223 aliquis
3460 5148 3536 5223 (id
3568 5161 3651 5223 eSt

2053 5223 2328 5306 aliquibus
2352 5223 2373 5293 )
2425 5223 2604 5306 diebus
2643 5221 2797 5306 tentis
2826 5220 3488 5306 vinculorum..ppnderibus
3518 5222 3651 5277 rele-

2054 5290 2183 5348 vari.
2216 5290 2398 5347 Codex
2429 5310 2531 5347 ms.
2590 5291 2751 5347 habet
2781 5310 2794 5347 :
2835 5290 2905 5345 Et
2934 5290 3074 5346 ablui
3126 5290 3303 5361 diebus
3334 5293 3508 5361 tantis,
3540 5303 3649 5350 etc.

2053 5360 2195 5435 quod
2230 5372 2415 5435 tuetur
2431 5364 2729 5435 Salmasius
2750 5404 2764 5428 ,
2782 5362 2852 5435 in
2878 5362 3170 5435 edaLugd.
3196 5360 3339 5428 Bat.,
3371 5372 3425 5418 et
3451 5364 3518 5419 ad
3549 5364 3651 5422 So-

2053 5433 2176 5505 lin.,
2210 5447 2330 5503 cap.
2356 5434 2442 5505 I5,
2472 5449 2594 5505 pag.
2627 5434 2753 5502 I32,
2780 5434 2956 5490 locum
2982 5433 3053 5488 ita
3086 5433 3357 5503 reﬁngens
3378 5451 3391 5487 :
3416 5435 3486 5488 Et
3506 5435 3648 5491 ablui

2054 5503 2230 5559 diebus
2257 5504 2435 5569 statis,
2477 5503 2802 5576 vinculorum
2858 5504 3169 5576 ponderibus
3205 5515 3253 5558 et
3282 5505 3459 5576 levari.
3494 5508 3649 5562 Ablui

2054 5576 2256 5632 dictum
2290 5583 2442 5647 putat
2469 5573 2765 5647 Salmasius
2802 5573 2904 5646 pro
2934 5576 3146 5643 absolvi,
3180 5582 3241 5630 ut
3265 5573 3394 5630 dilui
3420 5591 3520 5647 pro
3544 5578 3652 5633 dis—

2053 5648 2179 5702 solvi
2206 5644 2304 5716 ap.‘
2323 5644 2640 5703 Ciceronem
2666 5689 2681 5714 ,
2724 5644 3076 5715 de‘Amicitq
3107 5662 3226 5717 cap.
3270 5661 3383 5713 nt,
3412 5644 3651 5704 amicitiis

2056 5719 2314 5791 diluenda:
2332 5720 2497 5791 magis
2517 5734 2672 5787 quam
2701 5717 3081 5791 discendendaz,
3105 5720 3190 5775 cui
3211 5718 3341 5791 add}
3368 5729 3551 5791 potest
3578 5720 3658 5773 al-

2054 5797 2139 5846 tcr
2167 5782 2445 5849 Ciceronis
2478 5782 2631 5847 locus
2664 5790 2824 5864 plane
2850 5782 3099 5863 geminus
3125 5791 3194 5849 de
3229 5782 3423 5860 OlIch,
3442 5788 3539 5845 lib.
3576 5802 3623 5845 ιι
3651 5826 3668 5856 ,
