4224 6264
589 289 715 347 1071

1699 272 1976 332 ΑΒΝΟΒΙΙ
2003 270 2370 330 ADVERSUS
2408 269 2681 329 GENTES

3757 266 3782 326 Ι
3792 269 3907 328 072

584 403 693 455 suis
725 413 847 454 esse
876 394 1140 452 decrestis
1166 388 1679 464 periculosissimum
1719 391 1912 460 poenis.
1953 388 2183 445 Carmen
2213 407 2267 466 Α
2291 389 2379 444 illa
2414 390 2727 453 mimorum,
2756 393 2918 457 atque
2937 385 3134 442 exoleti
3154 385 3371 458 generis
3395 383 3729 440 multitudo?
3750 386 3902 442 Non-

582 491 782 547 malum
827 488 1170 544 conscribere
1195 527 1210 552 ,
1253 500 1360 556 quo
1391 485 1525 537 fama
1559 482 1779 537 alterius
1809 483 2186 551 coinquinatur

583 593 639 640 et
669 586 807 648 vita,
841 579 1290 636 decemviralibus
1318 576 1466 631 scitis
1488 574 1722 629 evadere
1745 574 1988 629 noluistis
2011 574 2187 643 impu-

583 691 654 731 ne
679 693 693 729 :
721 689 787 730 ac
816 689 883 730 ne
913 685 1122 729 vestras
1152 684 1311 724 aures
1341 667 1582 724 convicio
1609 667 1800 735 aliquis
1831 667 2188 736 petulantiore

582 770 854 840 pulsaret.
883 767 951 822 de
981 764 1252 820 atrocibus
1289 763 1543 815 fortnulas
1571 759 1928 815 constituistis
1957 759 2185 830 injuriis.

584 861 699 919 Soli
730 868 856 914 sunt
884 856 1024 926 apud
1055 869 1153 910 vos
1174 853 1351 924 superi
1377 852 1709 918 inhonorati,
1733 850 2186 921 contemptibiles,

582 955 750 1008 viles:
781 953 833 1006 in
860 964 994 1020 quos
1016 947 1105 1018 jus
1132 955 1215 1000 est
1241 963 1268 996 a
1294 943 1444 998 vobis
1467 943 1681 1010 datum,
1705 958 1826 1013 qua:
1850 943 2075 1013 quisque
2095 955 2190 996 vo-

582 1047 746 1102 luerit
775 1045 984 1100 dicere:
1015 1037 1398 1109 turpitudinum
1426 1037 1607 1104 jacere
1626 1077 1641 1104 ,
1672 1050 1804 1105 quas
1829 1033 1994 1090 libido
2021 1033 2189 1088 conii-

581 1138 756 1202 xerit,
790 1148 950 1205 atque
981 1131 1365 1201 excogitaverit
1393 1129 1614 1184 formas.
1649 1128 1715 1183 Et
1746 1128 2002 1184 incuriam
2034 1127 2190 1183 nobis

581 1226 863 1285 intendere
904 1235 1010 1279 tam
1051 1222 1328 1277 inlamium
1369 1235 1475 1276 non
1515 1219 1836 1276 erubescitis
1875 1221 2185 1286 numinum,

582 1335 704 1376 cum
746 1320 816 1374 sit
855 1317 1056 1372 rectius
1095 1315 1266 1370 multo
1294 1313 1425 1369 deos
1455 1327 1576 1368 esse
1605 1328 1709 1368 non
1741 1313 1994 1380 credere,
2026 1329 2186 1384 quam

583 1428 706 1470 esse
737 1412 859 1466 illos
891 1409 1026 1464 tales
1051 1450 1066 1474 ,
1102 1408 1301 1478 talique
1330 1407 1725 1462 existimatione
1755 1407 1977 1462 sentire.

658 1502 877 1560 XXXV.
925 1501 1031 1558 Sed
1089 1501 1262 1570 poetis
1293 1499 1667 1554 tantummodo
1723 1500 1885 1556 licere
1935 1499 2191 1557 voluistis

584 1598 831 1668 indignas
855 1595 924 1651 de
946 1594 1052 1649 diis
1084 1591 1325 1660 fabulas,
1357 1599 1412 1647 et
1450 1591 1709 1662 ﬂagitiosa
1756 1591 1988 1647 ludibria
2033 1608 2187 1649 com-

2294 496 2363 535 ne
2393 480 2457 534 ad
2482 496 2634 535 nsum
2665 487 2904 550 quaestus
2929 478 3010 533 sui
3038 480 3330 533 abutuntur
3347 477 3449 533 diis
3477 472 3677 534 vestris
3696 521 3712 542 ,
3739 488 3796 534 et
3822 480 3896 535 le-

2296 573 2510 628 nocinia
2540 572 2875 642 voluptatum
2903 585 2968 626 ex
2998 570 3209 639 injuriis
3254 570 3484 624 attrahit
3527 571 3903 627 contumeliis-

2293 683 2398 737 que
2423 665 2660 720 divinis?
2685 664 2888 721 Sedeat
2913 676 2967 720 et
2994 665 3048 718 in
3088 664 3412 733 spectaculis
3453 664 3684 732 publicis
3720 679 3904 720 sacer-

2295 762 2481 818 dotum
2504 762 2769 827 omnium,
2794 759 3308 829 magistratuumque
3333 758 3584 830 collegia,
3622 758 3901 826 pontiﬁces

2295 857 2531 920 maxim‘,
2573 864 2627 908 et
2658 851 2874 907 maximi
2914 853 3202 916 Curiones;
3238 851 3432 905 sedent
3460 851 3766 921 quindecim
3800 848 3898 906 viri

2296 948 2544 1014 laureati,
2569 957 2624 1003 et
2653 945 2827 1000 diales
2850 959 2972 1000 cum
2999 943 3245 1012 apicibus
3271 941 3556 1006 ﬂamines;
3591 942 3780 998 sedi-nt
3804 958 3899 998 au-

2293 1056 2454 1112 gures
2480 1041 2802 1109 interpretes
2841 1036 3037 1092 divinae
3078 1035 3274 1089 mentis
3303 1044 3360 1090 et
3397 1034 3690 1088 voluntatis
3717 1075 3734 1100 ,
3765 1048 3898 1090 nec-

2294 1149 2401 1190 non
2431 1145 2485 1189 et
2511 1142 2672 1188 casta:
2707 1131 2974 1200 virgines,
3009 1128 3250 1199 perpetui
3294 1127 3527 1182 nutrices
3569 1137 3623 1183 et
3666 1143 3896 1184 conser-

2291 1227 2522 1281 vatrices
2563 1223 2731 1294 ignis;
2785 1222 2938 1277 sedet
2981 1231 3208 1275 cunctus
3254 1219 3477 1289 populus
3520 1229 3575 1274 et
3618 1228 3887 1287 senatus;

2292 1317 2659 1373 consulatibus
2684 1315 2849 1370 functi
2879 1325 3055 1384 patres
3076 1357 3092 1381 ,
3128 1313 3232 1368 diis
3264 1313 3491 1382 proximi
3519 1322 3676 1382 atque
3711 1328 3893 1384 augu-

2293 1411 2514 1468 stissimi
2546 1424 2737 1479 reges;
2767 1420 2821 1463 et
2840 1406 2983 1478 quod
3014 1405 3277 1460 nelarium
3309 1415 3458 1461 esset
3479 1405 3693 1471 auditu,
3714 1406 3898 1476 gentis

2294 1505 2382 1560 illa
2411 1503 2642 1576 genitrix
2673 1500 2876 1556 Martiae
2895 1539 2911 1560 .
2939 1498 3240 1569 regnatoris
3259 1506 3314 1552 et
3336 1495 3516 1566 populi
3557 1497 3898 1567 procreatrix

2295 1615 2485 1656 amans
2511 1597 2738 1652 saltatur
2770 1595 2984 1660 Venus,
3017 1602 3072 1648 et
3097 1607 3195 1662 per
3222 1589 3447 1646 allectus
3488 1605 3686 1646 omnes
3725 1605 3903 1646 mere-

585 1695 836 1753 minisci?
857 1693 998 1763 Quid
1023 1691 1520 1762 pantomimivestri
1539 1733 1552 1757 ,
1578 1689 1704 1760 quid
1733 1691 2044 1758 histriones,
2067 1693 2198 1763 quid
2227 1686 2275 1746 B
2303 1693 2473 1748 tricite
2507 1691 2728 1747 vilitatis
2754 1686 3019 1760 impudica
3057 1684 3376 1755 exprimitur
3422 1683 3724 1739 imitatione
3769 1683 3899 1738 bac-

1961 1783 2530 1842 COMMENTARIUS.

583 1912 675 1966 dio
721 1904 1022 1962 feriendum
1069 1898 1566 1959 condemnaverint.
1599 1899 1756 1954 bouis
1803 1899 1919 1968 ejus
1947 1900 2198 1956 omnibus

585 1984 715 2036 ﬁsco
740 1976 984 2033 addictis.
1044 1973 1162 2026 Vid.
1197 1972 1324 2042 Lt-g.
1379 1987 1437 2036 v,
1485 1969 1609 2026 cod.
1643 1971 1710 2025 ad
1742 1969 1803 2024 L.
1833 1969 1941 2024 Jul.
1976 1971 2192 2040 majest.

587 2053 879 2110 Srswscu.
899 2056 953 2100 et
981 2045 1230 2100 ELuenu.

656 2123 871 2178 Carmen
911 2118 1101 2170 malum
1145 2112 1481 2170 conscribere.
1533 2120 1638 2166 etc.
1676 2112 1784 2166 Lex
1831 2127 1903 2166 χιι
1945 2111 2185 2167 Tabula-

584 2211 702 2249 rum
737 2196 812 2244 ita
841 2198 1098 2256 concepta
1129 2195 1230 2271 est:
1255 2183 1337 2238 SI.
1369 2182 1545 2264 QUIS.
1586 2182 1892 2270 (ΖᾼΒΜΕΝ.
1927 2182 2184 2238 HCCEN-

583 2261 849 2320 'l‘ASSlT.
886 2255 1310 2313 ACTl'l‘ASblT.
1341 2253 1473 2307 (ΜΝ
1523 2252 1787 2308 ιυιδδιτ.
1821 2253 2027 2320 QUOD.
2061 2255 2183 2309 AL-

632 2277 782 2320 Αδδι
799 2277 849 2315 ι’.
886 2277 1310 2313 Αυιιιέὶδδιι.
1341 2277 1471 2307 nun
1527 2277 1787 2308 tumo”.
1821 2277 2027 2320 υυυιι.
2061 2277 2183 2309 AL-

584 2335 766 2390 TElll.
796 2327 1193 2386 FLAGITIUM.
1224 2323 1456 2380 FAXIT.
1487 2323 1804 2379 CAPITAL.
1841 2325 2040 2380 ES'I‘O.
2069 2327 2182 2394 Qua

583 2407 650 2461 de
681 2407 795 2473 lege
822 2403 1034 2473 Cicero,
1066 2399 1186 2473 _lib._
1221 2411 1297 2461 tv,
1329 2396 1397 2450 de
1427 2396 1683 2473 [lepulilq
1733 2396 2182 2473 ap;__:_\ugusttn.,

582 2479 651 2533 de
681 2465 800 2531 Civv.
838 2473 976 2536 Dei,
1023 2471 1120 2525 lib.
1151 2470 1220 2532 ti,
1273 2482 1394 2536 cap.
1428 2469 1462 2520 9
1497 2485 1510 2520 :
1566 2465 1776 2520 Nostra:
1806 2465 1902 2522 Xll
1947 2467 2181 2532 Tabulte,

582 2566 698 2603 cum
729 2559 1012 2612 perpaucas
1053 2556 1132 2595 res
1164 2539 1332 2605 capite
1357 2539 1667 2612 sanxissent,
1714 2539 1770 2592 in
1802 2541 1882 2612 his
1905 2538 2045 2612 hanc
2066 2556 2192 2612 quo-

580 2637 679 2689 que
728 2609 1054 2689 sanciendam
1085 2621 1390 2689 putaverunt
1410 2626 1457 2689 τέ
1479 2609 1523 2663 si
1545 2610 2045 2689 .quisAactitavisse-t,
2088 2611 2193 2663 sive

583 2680 788 2745 carmen
810 2685 1117 2741 condidisset
1143 2724 1158 2748 ,
1213 2680 1349 2750 quod
1375 2680 1643 2750 infamiam
1665 2681 1851 2750 faceret
1876 2681 2194 2749 ﬂagitiumve

560 2762 750 2817 .alteri.
786 2759 869 2814 Et.
894 2772 1014 2824 cap.
1048 2753 1152 2807 ηε
1189 2751 1429 2824 Romani,
1458 2752 1599 2824 sicut
1633 2751 1686 2824 i_n
1729 2752 1822 2824 illa
1846 2753 1912 2824 de
1934 2751 2194 2824 republica

581 2832 924 2898 disputatione
949 2821 1404 2898 qlortatur‘S‘cipio
1424 2863 1440 2888 ,
1479 2821 1686 2898 probris
1713 2831 1759 2875 et
1782 2821 2189 2898 injuriispoeta-

579 2892 694 2957 runt
723 2892 998 2972 subjectum
1026 2899 1176 2972 vitam
1195 2893 1379 2946 habere
1403 2892 1697 2972 noluerunt,
1720 2893 1889 2972 capite
1914 2893 2069 2972 entiam
2096 2909 2192 2972 pu-

579 2975 682 3029 niri
702 2962 1003 3033 sancientes,
1025 2967 1125 3020 tale
1147 2980 1353 3018 carmen
1389 2962 1607 3017 condere
1635 2963 1679 3015 si
1702 2965 1816 3032 quis
1843 2963 2072 3017 auduret.
2105 2963 2190 3017 Si-

2301 1900 2502 1956 dictum
2528 1913 2625 1967 pro
2649 1897 2934 1952 attrahunt.
2963 1894 3177 1950 attrahit
3205 1911 3221 1959 ;
3255 1892 3374 1967 scil.
3409 1891 3625 1967 aliquis.
3654 1900 3713 1944 ut
3739 1905 3902 1967 supra

2299 1971 2498 2036 inquit.
2531 1964 2884 2039 interrogabit.
2910 1967 3034 2022 Mihi
3075 1967 3278 2039 codicis
3303 1964 3464 2039 lectio
3485 1964 3901 2039 vidett‘tr‘veris-

2299 2034 2456 2104 sima,
2488 2051 2544 2096 et
2569 2034 2782 2094 attrahit
2809 2039 3030 2093 omnino
3070 2035 3411 2092 referendum
3441 2038 3506 2088 ad
3537 2034 3718 2088 exoleti
3742 2051 3897 2104 gene-

2288 2115 2362 2168 ris
2390 2112 2687 2176 multitudo,
2731 2110 2871 2177 quod
2900 2118 3079 2164 autem
3129 2122 3234 2162 non
3264 2107 3509 2176 intelligo
3533 2106 3602 2159 de
3629 2105 3896 2161 histrioni-

2289 2185 2390 2240 bus
2419 2193 2479 2239 et
2529 2183 2802 2237 actoribus
2848 2181 3100 2244 scenicis,
3142 2179 3387 2248 quamvis
3433 2193 3529 2232 eos
3553 2177 3654 2229 hoc
3687 2179 3903 2232 nomine

2288 2256 2529 2326 appellet
2557 2253 2732 2323 capite
2773 2261 3077 2326 sequente,
3105 2247 3199 2326 sed
3253 2251 3428 2319 potius
3455 2247 3526 2326 de
3559 2248 3906 2326 multitudine

2290 2319 2657 2394 spectatorum
2689 2325 2836 2378 molli
2862 2319 2944 2378 et
2973 2321 3294 2394 etin-minata
3323 2321 3616 2394 amantque
3651 2319 3902 2394 volupta-

2292 2389 2406 2452 tum
2437 2395 2705 2451 lenocinia
2731 2394 3081 2462 cupidissime
3101 2391 3414 2463 arripiente.
3450 2390 3610 2463 Tales
3636 2391 3786 2444 enim
3817 2389 3909 2445 bo-

2293 2470 2468 2522 mines
2494 2467 2741 2522 extiletos
2767 2461 2871 2520 dici
2917 2461 3259 2520 Ostendimus
3287 2477 3450 2529 supra
3478 2461 3543 2515 ad
3573 2461 3667 2516 lib.
3695 2477 3754 2514 u.
3779 2477 3903 2529 cap.

2293 2539 2381 2620 ἐξ.
2409 2540 2614 2620 Sensus
2633 2538 2819 2620 itaque
2849 2534 3150 2620 nostriloei
3180 2535 3266 2620 hic
3294 2537 3432 2589 erit:
3462 2531 3653 2620 Nonne
3681 2531 3902 2620 (patito-

2297 2612 2426 2664 mini
2458 2611 2556 2671 illi.
2594 2605 2885 2662 histriones
2911 2649 2925 2669 ,
2961 2605 3134 2676 mimi)
3159 2605 3228 2658 ad
3250 2621 3398 2658 usum
3412 2615 3634 2676 questus
3659 2621 3769 2676 suis
3785 2605 3905 2658 abu-

2298 2692 2478 2734 tuntur
2508 2679 2621 2733 Diis
2647 2681 2844 2738 vestris.
2873 2690 2920 2732 et
2947 2673 3168 2747 (exoleti
3187 2677 3397 2745 generis
3423 2673 3735 2744 multitudo)
3756 2677 3901 2729 leno-

2295 2753 2432 2804 cinia
2462 2753 2783 2817 voluptatum
2804 2766 2868 2804 ea:
2905 2746 3110 2820 injuriis
3133 2748 3343 2820 attrahit
3362 2747 3795 2820 contumeliisque
3813 2747 3901 2800 di-

2295 2821 2467 2877 vinis?
2505 2823 2614 2876 lloc
2643 2822 2858 2892 quidem
2892 2817 3052 2892 paulo
3074 2817 3263 2892 durius
3284 2834 3404 2892 esse
3433 2833 3536 2871 non
3568 2817 3758 2892 inﬁtias
3783 2819 3896 2872 ive-

2295 2893 2420 2954 rim.
2479 2887 2716 2947 attamen
2768 2891 3032 2951 Arnobio.
3089 2889 3336 2960 scriptori
3391 2904 3501 2944 non
3521 2891 3644 2943 satis
3669 2887 3880 2956 limato,

2295 2964 2421 3018 talia
2453 2963 2832 3018 condonanda.
2868 2961 3073 3016 ORELL.

580 3046 724 3117 milis
755 3045 839 3117 lex
866 3058 920 3117 ξε.
947 3029 1080 3117 llud.
1102 3035 1403 3117 Ilteodos?
1435 3034 1517 3116 de.
1550 3029 1783 3117 famosis
1803 3033 2022 3117 libellis:
2060 3033 2164 3117 Uni
2217 3053 2263 3117 ρ
2295 3035 2772 3117 mQuindecimviri
2792 3035 3054 3117 laureati._
3078 3031 3481 3117 Quindecimviri
3520 3029 3900 3117 sibyllinorttm

579 3116 710 3170 versi
737 3115 824 3182 qui
854 3111 1067 3183 famosis
1095 3107 1282 3183 libellis
1323 3105 1543 3183 inimicis
1569 3104 1677 3158 suis
1695 3105 1843 3183 velut
1889 3115 2190 3183 venenatum

577 3175 835 3251 quoddam
854 3175 1011 3235 telum
1034 3179 1320 3251 iniecerint;
1348 3176 1400 3251 hi
1420 3176 1596 3251 etiam,
1619 3175 1706 3244 qui
1729 3175 1979 3251 [dolosam
1998 3178 2188 3232 seriem

578 3245 870 3322 seriptionis
890 3245 1172 3318 impudenti
1194 3247 1369 3322 agnita
1385 3247 1600 3322 lectione
1622 3261 1721 3298 non
1745 3245 1886 3298 illico
1904 3247 2187 3322 discerpse-

576 3317 703 3388 rint,
729 3326 806 3378 υρι
834 3317 1059 3392 ﬂaminis
1085 3317 1491 3392 emus-seriitt,‘vel
1513 3318 1751 3392 lectorem
1773 3319 2037 3392 cognitam
2063 3335 2184 3392 pro-

577 3387 843 3457 didorint,'
872 3392 1092 3445 ultorem
1139 3389 1243 3442 suis
1273 3387 1548 3441 cervicibus
1570 3387 1801 3458 gladium
1828 3389 2180 3458 reformident.

577 3469 824 3523 ELIIBNH.
846 3461 1063 3519 Carmen
1085 3459 1280 3512 malum
1303 3459 1481 3528 itaque
1499 3459 1788 3526 intumum,
1811 3459 2180 3526 criminosum,

575 3537 936 3599 maledicum,
991 3533 1152 3602 quale
1199 3547 1265 3583 ne
1321 3531 1459 3602 quis
1485 3530 1747 3584 scriberet
1794 3541 2019 3602 cautum‘
2067 3542 2187 3586 erat

575 3624 734 3681 paena
755 3606 946 3677 capitis
967 3600 1023 3659 et
1053 3601 1226 3666 luStis,
1255 3600 1721 3681 teste-Horatian.
1753 3614 1840 3670 ep.
1873 3600 2052 3665 1.152,
2073 3618 2179 3673 sq.:

957 3712 970 3724 .
1011 3711 1023 3722 .
1064 3710 1077 3723 .
1120 3709 1132 3720 .
1170 3707 1183 3720 .
1223 3710 1234 3722 .
1274 3707 1287 3718 .
1324 3669 1450 3728 Quin
1476 3673 1624 3721 etiam
1657 3670 1741 3719 lex

667 3740 924 3806 frenaque
946 3737 1062 3806 lata,
1086 3735 1212 3784 malo
1229 3745 1341 3806 quae
1367 3733 1524 3806 nollet
1545 3733 1761 3806 carmipe
1778 3745 2089 3806 quemquam

669 3793 891 3850 Descrilii
921 3814 932 3847 :
960 3805 1161 3848 vertere
1185 3793 1380 3845 modum
1413 3793 1676 3844 formidine
1698 3793 1838 3844 fustis

669 3864 741 3915 Ad
760 3861 1157 3913 benedicendum
1179 3857 1627 3919 delectandumque
1645 3857 1852 3907 redacti.

571 3947 678 4006 Ubi
708 3947 815 4000 vid.
857 3954 964 3998 vet.
995 3941 1179 3998 Schol.
1214 3938 1370 3994 Conf.
1418 3939 1702 4005 Savaron.,
1730 3939 1795 3994 ad
1834 3938 2049 4005 Sidon.,
2080 3940 2177 3995 lib.

573 4037 613 4081 ι.
637 4019 794 4088 cpisL
828 4031 903 4076 XL
933 4031 1051 4084 pag.
1075 4011 1167 4066 78_
1188 4010 1448 4088 Pol-nem,
1484 4011 1559 4088 ad
1598 4008 1905 4088 Cassiodor.
1944 4011 2175 4088 V_a_t_'iar.,

573 4080 779 4150 lihfxt,
807 4102 894 4155 ep.
931 4080 1014 4152 xi,
1040 4100 1160 4155 pag.
1188 4082 1316 4155 707,
1341 4080 1432 4155 ed.
1476 4080 1884 4155 Genev._L_ips_._.
1913 4081 1978 4135 ad
2003 4080 2172 4155 Tacit.

573 4161 736 4222 Hist.,
770 4151 857 4220 iv,
883 4151 1209 4212 45.Fmiec.
1243 4153 1308 4206 ad
1341 4151 1470 4222 ch.
1527 4168 1624 4206 xu.
1660 4151 1792 4222 Tab.
1825 4151 2002 4219 Vinc.;
2035 4152 2172 4209 Gra-

577 4221 811 4286 vina.rde
836 4229 986 4295 Orig.
1015 4226 1131 4281 Jur.
1167 4239 1286 4293 pag.
1323 4221 1447 4287 167,
1472 4239 1626 4295 seqq.
1659 4221 1860 4277 OBBLL.

647 4301 710 4354 In
757 4317 881 4364 quos
917 4293 1007 4368 jus
1032 4309 1100 4352 est
1123 4313 1154 4348 a
1172 4297 1313 4368 vobis
1339 4296 1534 4348 datum.
1563 4293 1635 4348 Ita
1662 4296 1858 4368 corrig.
1883 4293 2034 4368 Eulv.
2068 4294 2172 4368 Ur.

572 4372 724 4425 sinus
755 4363 808 4423 et
839 4363 1112 4425 Gelenius.
1137 4435 1150 4437 _
1171 4366 1352 4420 Editio
1382 4370 1630 4435 priucvps
1671 4363 1834 4420 habet
1859 4383 1871 4418 :
1901 4364 1965 4418 In
1992 4367 2170 4437 quovis

573 4453 646 4496 est
676 4459 706 4494 a
736 4441 872 4494 vobis
899 4441 1094 4492 datum.
1121 4435 1325 4492 OBELL.

647 4511 981 4576 Couﬁitxerit.
1015 4510 1088 4563 lta
1117 4508 1399 4562 Meursius.
1433 4506 1604 4560 Antea
1631 4508 1918 4573 conﬁxerit.
1959 4507 2165 4564 ORELL.

650 4582 888 4636 Formas.
915 4581 1061 4634 Idem
1088 4579 1348 4633 Meursius
1370 4579 1424 4650 in
1453 4577 1674 4650 Critico,
1708 4579 1800 4632 lib.
1841 4595 1930 4642 vn,
1964 4595 2082 4650 cap.
2111 4581 2165 4647 9,

573 4655 869 4725 legendum
881 4651 1188 4725 suspicatur
1216 4649 1465 4725 forias._id
1484 4659 1570 4725 e_s_t_
1583 4649 2164 4725 quisqttilias,‘stercora,

572 4720 811 4782 Nonius.
849 4723 1110 4778 Forite....
1145 4731 1366 4774 stercora
1391 4720 1858 4790 liquidioratuude
1886 4721 2061 4790 [ariete
2085 4723 2164 4777 la-

574 4799 751 4852 trinae.
793 4793 994 4854 Forire.
1029 4802 1269 4848 vcntrctn
1315 4790 1630 4844 deonerare.
1675 4789 1894 4845 Forioli’
1919 4792 2164 4850 homines

574 4869 767 4936 quihtts
799 4868 950 4918 alvus
979 4866 1121 4919 lluxa
1148 4871 1230 4919 est
1256 4871 1310 4936 et
1339 4863 1505 4936 uinus
1526 4862 1699 4916 molis.
1759 4862 1866 4918 Sed
1897 4877 2000 4917 non
2029 4879 2163 4934 opus

577 4933 840 4993 Italwtnus
871 4937 1008 5003 turpi
1035 4936 1135 4989 hoc
1162 4934 1441 4986 vocabulo.
1471 4933 1673 4987 ORELL.

646 5009 862 5063 XXXV.
897 5038 968 5048 —
995 5007 1134 5074 Quid
1161 5006 1451 5060 histriones.
1481 5007 1795 5060 Sitnillimus
1841 5006 1989 5060 locus
2029 5005 2157 5060 Ter-

574 5081 777 5134 tullivni
828 5080 878 5132 iti
921 5079 1228 5147 Apologet..
1279 5091 1396 5146 cap.
1447 5077 1510 5130 l5
1556 5095 1568 5130 :
1615 5076 1722 5130 Sed
1767 5087 1812 5128 et
1856 5077 2159 5147 histrionum

576 5151 758 5204 littera:
785 5166 980 5202 omnem
1021 5146 1298 5218 {teditamu
1352 5164 1522 5201 eorum
1553 5147 1842 5218 designant.
1875 5146 2033 5218 Luget
2062 5147 2160 5201 Sol

572 5223 736 5290 [ilium
779 5217 1032 5292 jartatum
1085 5219 1148 5271 de
1197 5218 1340 5292 (telo,
1375 5217 1670 5292 laetantibus
1705 5217 1949 5292 vobis,_et
1975 5217 2159 5292 Cybele

573 5288 825 5362 pastorem
845 5293 1068 5359 suspirat
1092 5290 1413 5362 fastidiosum
1431 5305 1531 5362 non
1563 5289 1962 5362 erubescentibus
1993 5288 2151 5344 vobis.

575 5357 639 5415 Ιεί
663 5364 920 5417 sustinetis
937 5357 978 5414 ’.Ι
987 5357 1100 5415 ovis
1121 5361 1282 5430 elogia
1297 5361 1491 5412 cantari
1507 5370 1549 5410 et
1571 5357 1846 5426 lunonem,
1886 5358 2148 5417 Venerem.

573 5433 855 5488 Minervam
885 5450 916 5486 a
949 5443 1159 5492 pastore
1181 5433 1237 5497 ju
1262 5431 1426 5482 lirari.
1461 5431 1700 5486 ELIENH.

648 5505 833 5558 Nonne
871 5505 937 5557 ad
961 5520 1104 5558 usum
1133 5513 1354 5570 quaestus
1381 5502 1458 5553 sui
1504 5505 1782 5556 abutuntur
1823 5504 1922 5556 diis
1950 5506 2144 5568 vestris,

569 5588 616 5630 et
645 5577 896 5629 lenocinia
917 5576 1235 5638 voluptatum
1264 5573 1546 5642 exinjuriis
1571 5575 1779 5627 attrahit
1807 5575 2150 5628 contumeliis-

2198 4459 2254 4521 D

2295 3105 2555 3187 librorum
2584 3108 2838 3186 custodes
2865 3106 2988 3187 :_qui
3009 3106 3110 3186 etsi
3136 3104 3350 3187 tandem
3373 3102 3652 3187 sexagiiita
3677 3102 3894 3187 fuerint,

2295 3178 2553 3230 remansit
2577 3189 2756 3233 tamen
2803 3179 2852 3230 in
2887 3174 2970 3229 his
3007 3175 3312 3244 quindecim
3345 3174 3691 3238 vocabulum,
3721 3189 3772 3226 ut
3794 3175 3894 3228 ob-

2291 3256 2475 3302 servat
2499 3247 2738 3304 St'rvius.
2781 3246 3025 3301 Laurenti
3072 3255 3270 3303 autem.
3301 3246 3448 3308 quia.
3477 3259 3601 3300 cum
3638 3245 3788 3298 ludos
3807 3259 3892 3299 va-

2291 3320 2374 3374 rie
2419 3321 2661 3373 coronati
2716 3325 3042 3386 spectarent.
3075 3332 3206 3372 Sane
3253 3316 3752 3385 Quindecimviros,
3796 3317 3891 3385 qui

2289 3389 2579 3461 Sibyllinos
2659 3401 2833 3444 sortes
2877 3387 3196 3453 tractabant,
3259 3389 3410 3442 lauro
3466 3388 3722 3442 coronari
3776 3397 3896 3443 erat

2291 3462 2679 3529 teqttissitnum.
2719 3461 2960 3516 HERALD.
3283 3485 3288 3492 -

2364 3531 2475 3586 Diis
2501 3533 2724 3604 proximi
2771 3544 2922 3604 atque
2961 3530 3321 3604 augustissimi
3333 3545 3500 3604 reges.
3538 3528 3761 3604 _Regum
3793 3545 3892 3584 no-

2288 3603 2433 3656 mine
2503 3600 2914 3672 appellabantur
2969 3600 3046 3656 iis'
3093 3600 3472 3672 temporibus,
3537 3600 3890 3670 imperatores

2286 3675 2492 3744 romani
2517 3671 2813 3744 eoi-umque
2841 3674 2954 3728 lilii.
2987 3672 3332 3737 Tertullian.,
3372 3671 3440 3725 de
3463 3672 3736 3740 Spectac.,
3764 3687 3885 3742 cap.

2285 3745 2356 3800 50
2377 3742 2504 3798 :Tot
2533 3742 2760 3814 spectant
2777 3762 2945 3815 reges.
2961 3745 3051 3812 qui
3074 3747 3126 3798 in
3154 3743 3336 3798 calum
3360 3744 3552 3815 recepti
3582 3744 3894 3815 nuntiabanf

2284 3824 2380 3889 tur_
2415 3813 2736 3871 consecratos
2762 3813 2956 3889 (intell.
2993 3816 3345 3882 imperatores
3393 3813 3532 3868 divis
3550 3813 3893 3889 adscriptos)

2282 3897 2337 3941 et
2365 3887 2674 3942 Laetantius
2696 3883 3042 3942 de‘Mortihus
3069 3896 3363 3955 persecut.,
3390 3899 3510 3954 cap.
3544 3883 3634 3948 l9,
3666 3885 3736 3939 de
3769 3883 3892 3940 Dio;

2281 3958 2512 4012 cletiano
2538 3977 2552 4013 :
2597 3957 2728 4012 Tum
2759 3957 3101 4018 descenditur.
3131 3967 3179 4010 et
3202 3957 3362 4011 rheda
3409 3973 3496 4025 per
3527 3957 3771 4008 civitatem
3800 3971 3887 4010 ae-

2281 4038 2490 4083 teranus
2517 4045 2607 4083 rea:
2637 4034 2776 4100 {oras
2804 4039 3105 4100 exportatur
3141 4031 3194 4081 in
3241 4029 3560 4100 patriamque
3583 4025 3883 4100 dimittitur.

2279 4100 2432 4171 {Ioni
2469 4103 2560 4171 qui
2583 4097 2647 4154 ea
2693 4099 2762 4156 de
2813 4097 2878 4156 re
2906 4101 3107 4154 multus
3137 4106 3254 4171 est,
3311 4099 3402 4153 Ez.
3435 4099 3758 4171 Spinther-3.,
3808 4097 3885 4153 de

2277 4166 2545 4225 Prsnstaitt
2590 4181 2647 4226 et
2699 4187 2798 4226 usu
2858 4171 3167 4225 numismat.
3220 4166 3488 4226 disserta.’
3516 4166 3600 4233 l2,
3625 4175 3758 4222 tom.
3786 4183 3882 4236 u.,

2278 4257 2396 4312 pag.
2435 4242 2560 4298 399.
2591 4241 2721 4296 edit.
2754 4243 2930 4297 Amst.
2960 4239 3166 4297 OneLL.

2348 4310 2655 4384 Regnatoris
2684 4324 2731 4368 et
2752 4313 2948 4384 populi.
2973 4312 3250 4383 Virgilius,
3275 4311 3431 4377 ιλΕηη
3471 4325 3544 4367 vt.
3573 4310 3682 4367 852
3710 4327 3727 4365 :

2374 4429 2446 4480 Tu
2465 4442 2648 4493 regere
2671 4429 2877 4491 imperio
2900 4425 3120 4491 populos,
3138 4424 3376 4485 Romane,
3401 4432 3671 4475 memento.
3695 4422 3863 4475 0m

2349 4542 2582 4598 Saltatur
2638 4541 2923 4595 Venus.....
2955 4538 3174 4593 saltatur
3218 4547 3265 4591 et
3295 4553 3484 4606 magna
3515 4536 3701 4590 Mater.
3758 4537 3882 4593 Sal-

2273 4621 2407 4679 tare,
2452 4612 2797 4686 inidstxrixai;
2839 4613 3269 4686 ὐπᾳρχήσᾳσθαι.
3319 4609 3516 4662 dicitur
3555 4607 3624 4661 de
3674 4608 3876 4675 ritimis,

2270 4685 2640 4754 paulmnimis,
2665 4685 2757 4754 qui
2805 4682 3218 4751 gesticulatioiie
3246 4689 3506 4754 motuque
3534 4694 3793 4754 manuum
3822 4689 3879 4754 et

2267 4749 2463 4826 pedum
2493 4771 2588 4824 per
2616 4749 2945 4826 multiplices
2973 4755 3255 4826 tiguraset‘
3278 4749 3552 4826 schemata
3577 4750 3678 4826 sub
3703 4751 3881 4804 turriti-

2265 4819 2344 4881 cis
2369 4819 2643 4880 hi~toriatn
2675 4819 2784 4880 aut
2808 4819 3041 4879 fabulam
3091 4822 3458 4876 imitabantur.
3497 4821 3586 4876 Sic
3617 4819 3803 4874 Horat.
3835 4837 3875 4888 ι,

2265 4909 2367 4953 sat.
2409 4915 2455 4949 v.
2481 4898 2609 4951 dlCll
2631 4899 2822 4951 saltare
2843 4893 3091 4966 Cyclopa.
3125 4902 3180 4948 et
3200 4891 3476 4957 Juvenal.,
3507 4902 3611 4946 sat.
3632 4907 3707 4957 vr,
3739 4890 3835 4947 63.

2358 5011 2713 5061 Cheirouomou
2735 5009 2918 5058 Ledam
2939 5007 3070 5057 molli
3092 5007 3303 5057 saltante
3325 5003 3567 5068 Bathyllo.

2356 5074 2532 5123 Tuccia
2557 5074 2734 5123 vesicae
2761 5085 2855 5122 non
2878 5073 3104 5134 irruperat.

2260 5179 2360 5236 Ubi
2392 5178 2504 5233 vid.
2535 5177 2780 5247 Ruperti.
2814 5177 2888 5232 De
2921 5176 3013 5230 tali
3043 5174 3302 5230 saltatore
3330 5184 3486 5229 vetus
3515 5173 3872 5247 Epigramma

2259 5252 2312 5305 in
2348 5251 2564 5304 Anthol.
2598 5246 2717 5317 lat.,
2748 5249 2805 5304 P.
2840 5247 3132 5303 Burmanni
3159 5262 3227 5313 ιι,
3263 5247 3358 5302 lib.
3387 5263 3474 5314 tu,
3508 5246 3646 5312 178,
3681 5247 3795 5302 vol.
3829 5263 3870 5314 ι,

2258 5337 2379 5394 pag.
2413 5322 2538 5376 622.
2571 5340 2583 5375 :

2348 5457 2442 5507 'l'ot
2460 5456 2662 5519 linguae,
2688 5462 2808 5519 quot
2822 5454 3044 5519 membra
3063 5454 3167 5519 viro
3188 5469 3199 5500 :
3223 5452 3461 5519 mirabilis
3482 5465 3564 5503 ars
3584 5459 3682 5516 εει,

2444 5515 2562 5579 Qui:
2588 5515 2954 5569 faeit'articulos
2976 5529 3065 5566 ore
3090 5515 3272 5566 silente
3296 5516 3446 5579 loqui.

566 5665 665 5716 que
692 5647 927 5701 divinis]
955 5663 983 5700 a
1013 5660 1095 5699 ms
1135 5643 1388 5700 Gelenius
1409 5645 1495 5697 ed.
1526 5645 1774 5716 abutitur,
1805 5644 2066 5716 referens,
2092 5655 2150 5699 ut
2251 5646 2407 5710 Vide,
2441 5647 2528 5716 qui
2571 5645 2670 5700 hac
2699 5646 2768 5700 de
2792 5661 2853 5701 re
2886 5645 3086 5700 multus
3111 5655 3229 5712 est,
3272 5643 3471 5714 Rigalt.
3493 5686 3507 5705 .
3534 5643 3601 5699 ad
3626 5645 3866 5716 Artemi-

566 5715 621 5774 et
649 5733 878 5799 sequens
929 5717 1160 5798 attrahit,
1211 5717 1276 5772 ad
1318 5715 1684 5843 (precedentia
1715 5715 1910 5770 verba:
1962 5717 2148 5772 exoleti
2249 5719 2368 5774 dor.
2401 5715 2750 5781 Uaeirocrit.,
2778 5717 2872 5774 lib.
2897 5733 2933 5783 ι,
2961 5733 3082 5789 cap.
3115 5717 3203 5785 76,
3237 5717 3346 5772 vol.
3374 5732 3432 5783 tt,
3467 5731 3588 5788 pag.
3618 5715 3710 5785 57,
3740 5732 3862 5789 seq.

566 5806 764 5843 ueneris
813 5788 1102 5843 multitudo.
1157 5786 1314 5843 Heral
1358 5802 1419 5843 us
1467 5787 1676 5842 attrahit
1713 5794 1862 5843 putat
1900 5787 2144 5843 absolute
2248 5789 2336 5843 ed.
2371 5788 2525 5843 Reiff.
2556 5787 2759 5843 Οιιιιι.

564 5790 764 5872 generis
813 5788 1102 5844 multitudo.
1157 5786 1419 5844 Heraldus
1467 5787 1676 5842 attrahit
1712 5794 1862 5858 putat
1900 5787 2144 5846 absolute
2248 5789 2336 5848 ed.
2371 5788 2525 5846 Reilf.
2556 5787 2759 5846 Onus.
