  <div class='ocr_page' id='page_1' title='image "/cluster/home/n/w/nwhite01/storage/ocr_20150623/5/hvd.32044073505224/542.png"; bbox 0 0 4224 6264; ppageno 0'>
   <div class='ocr_carea' id='block_1_1' title="bbox 373 253 514 312">
    <p class='ocr_par' dir='ltr' id='par_1_1' title="bbox 373 253 514 312">
     <span class='ocr_line' id='line_1_1' title="bbox 373 253 514 312; baseline 0.021 -3"><span class='ocrx_word' id='word_1_1' title='bbox 373 253 514 312; x_wconf 71' lang='grc'><strong>1075</strong></span> 
     </span>
    </p>
   </div>
   <div class='ocr_carea' id='block_1_2' title="bbox 1728 262 2393 334">
    <p class='ocr_par' dir='ltr' id='par_1_2' title="bbox 1728 262 2393 334">
     <span class='ocr_line' id='line_1_2' title="bbox 1728 262 2393 334; baseline 0.015 -17"><span class='ocrx_word' id='word_1_2' title='bbox 1728 262 1934 319; x_wconf 82' lang='lat' dir='ltr'><strong>LIBER</strong></span> <span class='ocrx_word' id='word_1_3' title='bbox 1971 264 2319 334; x_wconf 75' lang='lat' dir='ltr'><strong>QUARTUS.</strong></span> <span class='ocrx_word' id='word_1_4' title='bbox 2386 267 2393 276; x_wconf 86' lang='grc'><em>’</em></span> 
     </span>
    </p>
   </div>
   <div class='ocr_carea' id='block_1_3' title="bbox 3533 281 3675 337">
    <p class='ocr_par' dir='ltr' id='par_1_3' title="bbox 3533 281 3675 337">
     <span class='ocr_line' id='line_1_3' title="bbox 3533 281 3675 337; baseline 0 0"><span class='ocrx_word' id='word_1_5' title='bbox 3533 281 3675 337; x_wconf 72' lang='grc'><strong>10⁸14</strong></span> 
     </span>
    </p>
   </div>
   <div class='ocr_carea' id='block_1_4' title="bbox 369 367 3674 464">
    <p class='ocr_par' dir='ltr' id='par_1_4' title="bbox 369 367 3674 464">
     <span class='ocr_line' id='line_1_4' title="bbox 369 367 3674 464; baseline 0.009 -40"><span class='ocrx_word' id='word_1_6' title='bbox 369 367 543 424; x_wconf 90' lang='lat' dir='ltr'><strong>cbari.</strong></span> <span class='ocrx_word' id='word_1_7' title='bbox 574 368 812 428; x_wconf 87' lang='lat' dir='ltr'><strong>Saltatur</strong></span> <span class='ocrx_word' id='word_1_8' title='bbox 838 378 892 428; x_wconf 90' lang='lat' dir='ltr'><strong>et</strong></span> <span class='ocrx_word' id='word_1_9' title='bbox 937 386 1126 443; x_wconf 83' lang='lat' dir='ltr'><strong>magna</strong></span> <span class='ocrx_word' id='word_1_10' title='bbox 1161 375 1331 430; x_wconf 88' lang='lat' dir='ltr'><strong>sacris</strong></span> <span class='ocrx_word' id='word_1_11' title='bbox 1355 385 1570 446; x_wconf 90' lang='lat' dir='ltr'><strong>compta</strong></span> <span class='ocrx_word' id='word_1_12' title='bbox 1607 391 1728 433; x_wconf 91' lang='lat' dir='ltr'><strong>cum</strong></span> <span class='ocrx_word' id='word_1_13' title='bbox 1775 378 1961 436; x_wconf 82' lang='lat' dir='ltr'><strong>infulis</strong></span> <span class='ocrx_word' id='word_1_14' title='bbox 1989 387 2039 444; x_wconf 86' lang='lat' dir='ltr'><strong>A</strong></span> <span class='ocrx_word' id='word_1_15' title='bbox 2137 383 2376 442; x_wconf 81' lang='lat' dir='ltr'><strong>XXXVI.</strong></span> <span class='ocrx_word' id='word_1_16' title='bbox 2411 386 2518 443; x_wconf 87' lang='lat' dir='ltr'><strong>Nec</strong></span> <span class='ocrx_word' id='word_1_17' title='bbox 2538 393 2668 447; x_wconf 90' lang='lat' dir='ltr'><strong>satis</strong></span> <span class='ocrx_word' id='word_1_18' title='bbox 2692 391 2806 448; x_wconf 71' lang='lat' dir='ltr'><strong>lucc</strong></span> <span class='ocrx_word' id='word_1_19' title='bbox 2836 393 2990 464; x_wconf 90' lang='lat' dir='ltr'><strong>culpa</strong></span> <span class='ocrx_word' id='word_1_20' title='bbox 3020 402 3136 461; x_wconf 86' lang='lat' dir='ltr'><strong>est,</strong></span> <span class='ocrx_word' id='word_1_21' title='bbox 3169 396 3330 451; x_wconf 88' lang='lat' dir='ltr'><strong>etiam</strong></span> <span class='ocrx_word' id='word_1_22' title='bbox 3367 399 3585 462; x_wconf 86' lang='lat' dir='ltr'><strong>mimis,</strong></span> <span class='ocrx_word' id='word_1_23' title='bbox 3618 407 3674 454; x_wconf 86' lang='lat' dir='ltr'><strong>et</strong></span> 
     </span>
    </p>
   </div>
   <div class='ocr_carea' id='block_1_5' title="bbox 369 465 1968 546">
    <p class='ocr_par' dir='ltr' id='par_1_5' title="bbox 369 465 1968 546">
     <span class='ocr_line' id='line_1_5' title="bbox 369 465 1968 546; baseline 0.003 -28"><span class='ocrx_word' id='word_1_24' title='bbox 369 471 576 524; x_wconf 84' lang='lat' dir='ltr'><strong>mater;</strong></span> <span class='ocrx_word' id='word_1_25' title='bbox 599 475 655 520; x_wconf 91' lang='lat' dir='ltr'><strong>et</strong></span> <span class='ocrx_word' id='word_1_26' title='bbox 683 473 868 519; x_wconf 89' lang='lat' dir='ltr'><strong>contra</strong></span> <span class='ocrx_word' id='word_1_27' title='bbox 901 465 1064 521; x_wconf 87' lang='lat' dir='ltr'><strong>decus</strong></span> <span class='ocrx_word' id='word_1_28' title='bbox 1091 469 1266 522; x_wconf 86' lang='lat' dir='ltr'><strong>aetatis</strong></span> <span class='ocrx_word' id='word_1_29' title='bbox 1294 469 1382 523; x_wconf 88' lang='lat' dir='ltr'><strong>illa</strong></span> <span class='ocrx_word' id='word_1_30' title='bbox 1412 469 1747 526; x_wconf 88' lang='lat' dir='ltr'><strong>Pessinuntia</strong></span> <span class='ocrx_word' id='word_1_31' title='bbox 1777 472 1968 546; x_wconf 76' lang='lat' dir='ltr'><strong>Dinily.</strong></span> 
     </span>
    </p>
   </div>
   <div class='ocr_carea' id='block_1_6' title="bbox 366 558 1970 638">
    <p class='ocr_par' dir='ltr' id='par_1_6' title="bbox 366 558 1970 638">
     <span class='ocr_line' id='line_1_6' title="bbox 366 558 1970 638; baseline 0.006 -26"><span class='ocrx_word' id='word_1_32' title='bbox 366 571 563 626; x_wconf 87' lang='lat' dir='ltr'><strong>mene,</strong></span> <span class='ocrx_word' id='word_1_33' title='bbox 613 559 666 613; x_wconf 90' lang='lat' dir='ltr'><strong>in</strong></span> <span class='ocrx_word' id='word_1_34' title='bbox 715 558 932 614; x_wconf 82' lang='lat' dir='ltr'><strong>bubulci</strong></span> <span class='ocrx_word' id='word_1_35' title='bbox 973 561 1132 616; x_wconf 90' lang='lat' dir='ltr'><strong>unius</strong></span> <span class='ocrx_word' id='word_1_36' title='bbox 1176 564 1426 631; x_wconf 82' lang='lat' dir='ltr'><strong>amplexu</strong></span> <span class='ocrx_word' id='word_1_37' title='bbox 1467 563 1725 636; x_wconf 77' lang='lat' dir='ltr'><strong>ﬂagitiosa</strong></span> <span class='ocrx_word' id='word_1_38' title='bbox 1757 565 1970 638; x_wconf 90' lang='lat' dir='ltr'><strong>lingitur</strong></span> 
     </span>
    </p>
   </div>
   <div class='ocr_carea' id='block_1_7' title="bbox 363 649 1968 728">
    <p class='ocr_par' dir='ltr' id='par_1_7' title="bbox 363 649 1968 728">
     <span class='ocr_line' id='line_1_7' title="bbox 363 649 1968 728; baseline 0.006 -25"><span class='ocrx_word' id='word_1_39' title='bbox 363 649 692 720; x_wconf 72' lang='lat' dir='ltr'><strong>appetitione</strong></span> <span class='ocrx_word' id='word_1_40' title='bbox 731 652 966 720; x_wconf 79' lang='lat' dir='ltr'><strong>gestire,</strong></span> <span class='ocrx_word' id='word_1_41' title='bbox 999 668 1210 708; x_wconf 83' lang='lat' dir='ltr'><strong>necnon</strong></span> <span class='ocrx_word' id='word_1_42' title='bbox 1253 667 1307 710; x_wconf 92' lang='lat' dir='ltr'><strong>et</strong></span> <span class='ocrx_word' id='word_1_43' title='bbox 1337 656 1425 710; x_wconf 89' lang='lat' dir='ltr'><strong>illa</strong></span> <span class='ocrx_word' id='word_1_44' title='bbox 1453 657 1637 728; x_wconf 83' lang='lat' dir='ltr'><strong>proles</strong></span> <span class='ocrx_word' id='word_1_45' title='bbox 1685 658 1835 714; x_wconf 81' lang='lat' dir='ltr'><strong>lovis</strong></span> <span class='ocrx_word' id='word_1_46' title='bbox 1865 659 1968 713; x_wconf 89' lang='lat' dir='ltr'><strong>So-</strong></span> 
     </span>
    </p>
   </div>
   <div class='ocr_carea' id='block_1_8' title="bbox 363 741 1968 821">
    <p class='ocr_par' dir='ltr' id='par_1_8' title="bbox 363 741 1968 821">
     <span class='ocr_line' id='line_1_8' title="bbox 363 741 1968 821; baseline 0.007 -25"><span class='ocrx_word' id='word_1_47' title='bbox 363 741 580 812; x_wconf 87' lang='lat' dir='ltr'><strong>phoclis</strong></span> <span class='ocrx_word' id='word_1_48' title='bbox 608 744 660 797; x_wconf 89' lang='lat' dir='ltr'><strong>in</strong></span> <span class='ocrx_word' id='word_1_49' title='bbox 686 743 992 800; x_wconf 87' lang='lat' dir='ltr'><strong>Trachiniis</strong></span> <span class='ocrx_word' id='word_1_50' title='bbox 1026 747 1282 802; x_wconf 79' lang='lat' dir='ltr'><strong>Hercules</strong></span> <span class='ocrx_word' id='word_1_51' title='bbox 1311 750 1547 818; x_wconf 88' lang='lat' dir='ltr'><strong>pestiferi</strong></span> <span class='ocrx_word' id='word_1_52' title='bbox 1575 752 1827 821; x_wconf 84' lang='lat' dir='ltr'><strong>tegminis</strong></span> <span class='ocrx_word' id='word_1_53' title='bbox 1855 753 1968 808; x_wconf 82' lang='lat' dir='ltr'><strong>cir-</strong></span> 
     </span>
    </p>
   </div>
   <div class='ocr_carea' id='block_1_9' title="bbox 361 836 1972 917">
    <p class='ocr_par' dir='ltr' id='par_1_9' title="bbox 361 836 1972 917">
     <span class='ocr_line' id='line_1_9' title="bbox 361 836 1972 917; baseline 0.007 -27"><span class='ocrx_word' id='word_1_54' title='bbox 361 838 688 890; x_wconf 89' lang='lat' dir='ltr'><strong>cumretitus</strong></span> <span class='ocrx_word' id='word_1_55' title='bbox 717 836 991 908; x_wconf 81' lang='lat' dir='ltr'><strong>indagine,</strong></span> <span class='ocrx_word' id='word_1_56' title='bbox 1019 839 1355 898; x_wconf 69' lang='lat' dir='ltr'><strong>miserabiles</strong></span> <span class='ocrx_word' id='word_1_57' title='bbox 1378 843 1541 899; x_wconf 88' lang='lat' dir='ltr'><strong>edere</strong></span> <span class='ocrx_word' id='word_1_58' title='bbox 1570 845 1838 900; x_wconf 87' lang='lat' dir='ltr'><strong>inducitur</strong></span> <span class='ocrx_word' id='word_1_59' title='bbox 1856 847 1972 917; x_wconf 84' lang='lat' dir='ltr'><strong>eju-</strong></span> 
     </span>
    </p>
   </div>
   <div class='ocr_carea' id='block_1_10' title="bbox 361 926 1961 1006">
    <p class='ocr_par' dir='ltr' id='par_1_10' title="bbox 361 926 1961 1006">
     <span class='ocr_line' id='line_1_10' title="bbox 361 926 1961 1006; baseline 0.006 -23"><span class='ocrx_word' id='word_1_60' title='bbox 361 926 526 994; x_wconf 90' lang='lat' dir='ltr'><strong>latus,</strong></span> <span class='ocrx_word' id='word_1_61' title='bbox 557 929 808 983; x_wconf 80' lang='lat' dir='ltr'><strong>violentia</strong></span> <span class='ocrx_word' id='word_1_62' title='bbox 841 929 1046 986; x_wconf 82' lang='lat' dir='ltr'><strong>doloris</strong></span> <span class='ocrx_word' id='word_1_63' title='bbox 1076 931 1281 1005; x_wconf 90' lang='lat' dir='ltr'><strong>frangi,</strong></span> <span class='ocrx_word' id='word_1_64' title='bbox 1314 943 1476 1006; x_wconf 86' lang='lat' dir='ltr'><strong>atque</strong></span> <span class='ocrx_word' id='word_1_65' title='bbox 1505 937 1558 992; x_wconf 92' lang='lat' dir='ltr'><strong>in</strong></span> <span class='ocrx_word' id='word_1_66' title='bbox 1607 938 1850 993; x_wconf 85' lang='lat' dir='ltr'><strong>ultimam</strong></span> <span class='ocrx_word' id='word_1_67' title='bbox 1882 947 1961 993; x_wconf 88' lang='lat' dir='ltr'><strong>ta-</strong></span> 
     </span>
    </p>
   </div>
   <div class='ocr_carea' id='block_1_11' title="bbox 361 1019 1958 1086">
    <p class='ocr_par' dir='ltr' id='par_1_11' title="bbox 361 1019 1958 1086">
     <span class='ocr_line' id='line_1_11' title="bbox 361 1019 1958 1086; baseline 0.006 -9"><span class='ocrx_word' id='word_1_68' title='bbox 361 1019 484 1077; x_wconf 91' lang='lat' dir='ltr'><strong>bem</strong></span> <span class='ocrx_word' id='word_1_69' title='bbox 539 1021 903 1078; x_wconf 79' lang='lat' dir='ltr'><strong>difﬂuentium</strong></span> <span class='ocrx_word' id='word_1_70' title='bbox 956 1025 1223 1081; x_wconf 86' lang='lat' dir='ltr'><strong>viscerum</strong></span> <span class='ocrx_word' id='word_1_71' title='bbox 1272 1029 1637 1085; x_wconf 88' lang='lat' dir='ltr'><strong>maceratione</strong></span> <span class='ocrx_word' id='word_1_72' title='bbox 1689 1032 1958 1086; x_wconf 81' lang='lat' dir='ltr'><strong>consumi.</strong></span> 
     </span>
    </p>
   </div>
   <div class='ocr_carea' id='block_1_12' title="bbox 360 1111 1959 1194">
    <p class='ocr_par' dir='ltr' id='par_1_12' title="bbox 360 1111 1959 1194">
     <span class='ocr_line' id='line_1_12' title="bbox 360 1111 1959 1194; baseline 0.009 -30"><span class='ocrx_word' id='word_1_73' title='bbox 360 1111 500 1178; x_wconf 86' lang='lat' dir='ltr'><strong>Quin</strong></span> <span class='ocrx_word' id='word_1_74' title='bbox 550 1123 607 1168; x_wconf 90' lang='lat' dir='ltr'><strong>et</strong></span> <span class='ocrx_word' id='word_1_75' title='bbox 650 1113 742 1169; x_wconf 91' lang='lat' dir='ltr'><strong>ille</strong></span> <span class='ocrx_word' id='word_1_76' title='bbox 793 1115 844 1169; x_wconf 93' lang='lat' dir='ltr'><strong>in</strong></span> <span class='ocrx_word' id='word_1_77' title='bbox 889 1113 1084 1171; x_wconf 89' lang='lat' dir='ltr'><strong>fabulis</strong></span> <span class='ocrx_word' id='word_1_78' title='bbox 1122 1119 1390 1173; x_wconf 81' lang='lat' dir='ltr'><strong>maximus</strong></span> <span class='ocrx_word' id='word_1_79' title='bbox 1421 1121 1535 1190; x_wconf 90' lang='lat' dir='ltr'><strong>ipse</strong></span> <span class='ocrx_word' id='word_1_80' title='bbox 1562 1134 1815 1191; x_wconf 82' lang='lat' dir='ltr'><strong>regnator</strong></span> <span class='ocrx_word' id='word_1_81' title='bbox 1852 1124 1959 1194; x_wconf 92' lang='lat' dir='ltr'><strong>poli</strong></span> 
     </span>
    </p>
   </div>
   <div class='ocr_carea' id='block_1_13' title="bbox 359 1204 1958 1282">
    <p class='ocr_par' dir='ltr' id='par_1_13' title="bbox 359 1204 1958 1282">
     <span class='ocr_line' id='line_1_13' title="bbox 359 1204 1958 1282; baseline 0.008 -23"><span class='ocrx_word' id='word_1_82' title='bbox 359 1204 480 1260; x_wconf 86' lang='lat' dir='ltr'><strong>sine</strong></span> <span class='ocrx_word' id='word_1_83' title='bbox 520 1206 626 1260; x_wconf 88' lang='lat' dir='ltr'><strong>ulla</strong></span> <span class='ocrx_word' id='word_1_84' title='bbox 670 1208 904 1263; x_wconf 91' lang='lat' dir='ltr'><strong>nominis</strong></span> <span class='ocrx_word' id='word_1_85' title='bbox 953 1210 1360 1282; x_wconf 88' lang='lat' dir='ltr'><strong>majestatisque</strong></span> <span class='ocrx_word' id='word_1_86' title='bbox 1408 1212 1698 1271; x_wconf 81' lang='lat' dir='ltr'><strong>formidine</strong></span> <span class='ocrx_word' id='word_1_87' title='bbox 1747 1217 1958 1272; x_wconf 91' lang='lat' dir='ltr'><strong>adulte-</strong></span> 
     </span>
    </p>
   </div>
   <div class='ocr_carea' id='block_1_14' title="bbox 356 1299 1958 1376">
    <p class='ocr_par' dir='ltr' id='par_1_14' title="bbox 356 1299 1958 1376">
     <span class='ocr_line' id='line_1_14' title="bbox 356 1299 1958 1376; baseline 0.008 -24"><span class='ocrx_word' id='word_1_88' title='bbox 356 1311 541 1352; x_wconf 83' lang='lat' dir='ltr'><strong>rorum</strong></span> <span class='ocrx_word' id='word_1_89' title='bbox 571 1313 733 1369; x_wconf 82' lang='lat' dir='ltr'><strong>agere</strong></span> <span class='ocrx_word' id='word_1_90' title='bbox 781 1299 1140 1355; x_wconf 83' lang='lat' dir='ltr'><strong>introducitur</strong></span> <span class='ocrx_word' id='word_1_91' title='bbox 1168 1309 1196 1339; x_wconf 75' lang='grc' dir='ltr'>α</span> <span class='ocrx_word' id='word_1_92' title='bbox 1222 1314 1434 1370; x_wconf 89' lang='lat' dir='ltr'><strong>partes,</strong></span> <span class='ocrx_word' id='word_1_93' title='bbox 1467 1317 1632 1376; x_wconf 88' lang='lat' dir='ltr'><strong>atque</strong></span> <span class='ocrx_word' id='word_1_94' title='bbox 1681 1317 1737 1361; x_wconf 94' lang='lat' dir='ltr'><strong>ut</strong></span> <span class='ocrx_word' id='word_1_95' title='bbox 1768 1307 1958 1365; x_wconf 81' lang='lat' dir='ltr'><strong>fallere</strong></span> 
     </span>
    </p>
   </div>
   <div class='ocr_carea' id='block_1_15' title="bbox 354 1390 1954 1463">
    <p class='ocr_par' dir='ltr' id='par_1_15' title="bbox 354 1390 1954 1463">
     <span class='ocr_line' id='line_1_15' title="bbox 354 1390 1954 1463; baseline 0.008 -20"><span class='ocrx_word' id='word_1_96' title='bbox 354 1390 658 1444; x_wconf 85' lang='lat' dir='ltr'><strong>castitatem</strong></span> <span class='ocrx_word' id='word_1_97' title='bbox 680 1391 978 1447; x_wconf 91' lang='lat' dir='ltr'><strong>alienarum</strong></span> <span class='ocrx_word' id='word_1_98' title='bbox 1005 1394 1176 1462; x_wconf 81' lang='lat' dir='ltr'><strong>possit</strong></span> <span class='ocrx_word' id='word_1_99' title='bbox 1201 1393 1432 1450; x_wconf 77' lang='lat' dir='ltr'><strong>familias</strong></span> <span class='ocrx_word' id='word_1_100' title='bbox 1457 1406 1706 1463; x_wconf 87' lang='lat' dir='ltr'><strong>matrum,</strong></span> <span class='ocrx_word' id='word_1_101' title='bbox 1735 1414 1828 1454; x_wconf 88' lang='lat' dir='ltr'><strong>ora</strong></span> <span class='ocrx_word' id='word_1_102' title='bbox 1851 1400 1954 1455; x_wconf 84' lang='lat' dir='ltr'><strong>im-</strong></span> 
     </span>
    </p>
   </div>
   <div class='ocr_carea' id='block_1_16' title="bbox 353 1483 1957 1560">
    <p class='ocr_par' dir='ltr' id='par_1_16' title="bbox 353 1483 1957 1560">
     <span class='ocr_line' id='line_1_16' title="bbox 353 1483 1957 1560; baseline 0.007 -24"><span class='ocrx_word' id='word_1_103' title='bbox 353 1491 568 1537; x_wconf 89' lang='lat' dir='ltr'><strong>mutare</strong></span> <span class='ocrx_word' id='word_1_104' title='bbox 596 1483 839 1551; x_wconf 86' lang='lat' dir='ltr'><strong>pellacia,</strong></span> <span class='ocrx_word' id='word_1_105' title='bbox 857 1483 984 1539; x_wconf 92' lang='lat' dir='ltr'><strong>etin</strong></span> <span class='ocrx_word' id='word_1_106' title='bbox 1005 1488 1214 1554; x_wconf 89' lang='lat' dir='ltr'><strong>species</strong></span> <span class='ocrx_word' id='word_1_107' title='bbox 1237 1487 1522 1560; x_wconf 85' lang='lat' dir='ltr'><strong>conjugum</strong></span> <span class='ocrx_word' id='word_1_108' title='bbox 1552 1490 1813 1546; x_wconf 88' lang='lat' dir='ltr'><strong>subdititii</strong></span> <span class='ocrx_word' id='word_1_109' title='bbox 1834 1507 1957 1548; x_wconf 90' lang='lat' dir='ltr'><strong>cor-</strong></span> 
     </span>
    </p>
   </div>
   <div class='ocr_carea' id='block_1_17' title="bbox 354 1573 1221 1646">
    <p class='ocr_par' dir='ltr' id='par_1_17' title="bbox 354 1573 1221 1646">
     <span class='ocr_line' id='line_1_17' title="bbox 354 1573 1221 1646; baseline 0.007 -17"><span class='ocrx_word' id='word_1_110' title='bbox 354 1573 507 1646; x_wconf 89' lang='lat' dir='ltr'><strong>poris</strong></span> <span class='ocrx_word' id='word_1_111' title='bbox 531 1573 874 1633; x_wconf 87' lang='lat' dir='ltr'><strong>simulatione</strong></span> <span class='ocrx_word' id='word_1_112' title='bbox 904 1576 1221 1636; x_wconf 84' lang='lat' dir='ltr'><strong>succedere.</strong></span> 
     </span>
    </p>
   </div>
   <div class='ocr_carea' id='block_1_18' title="bbox 2073 477 3673 558">
    <p class='ocr_par' dir='ltr' id='par_1_18' title="bbox 2073 477 3673 558">
     <span class='ocr_line' id='line_1_18' title="bbox 2073 477 3673 558; baseline 0.009 -29"><span class='ocrx_word' id='word_1_113' title='bbox 2073 477 2391 533; x_wconf 88' lang='lat' dir='ltr'><strong>scurrilibus</strong></span> <span class='ocrx_word' id='word_1_114' title='bbox 2420 479 2641 536; x_wconf 89' lang='lat' dir='ltr'><strong>ludicris</strong></span> <span class='ocrx_word' id='word_1_115' title='bbox 2669 484 3132 538; x_wconf 84' lang='lat' dir='ltr'><strong>sanctissitnorum</strong></span> <span class='ocrx_word' id='word_1_116' title='bbox 3164 501 3409 554; x_wconf 69' lang='lat' dir='ltr'><strong>perSonaa</strong></span> <span class='ocrx_word' id='word_1_117' title='bbox 3435 490 3673 558; x_wconf 89' lang='lat' dir='ltr'><strong>interpo-</strong></span> 
     </span>
    </p>
   </div>
   <div class='ocr_carea' id='block_1_19' title="bbox 2072 570 3672 645">
    <p class='ocr_par' dir='ltr' id='par_1_19' title="bbox 2072 570 3672 645">
     <span class='ocr_line' id='line_1_19' title="bbox 2072 570 3672 645; baseline 0.008 -22"><span class='ocrx_word' id='word_1_118' title='bbox 2072 581 2272 624; x_wconf 91' lang='lat' dir='ltr'><strong>nuntur</strong></span> <span class='ocrx_word' id='word_1_119' title='bbox 2323 570 2565 626; x_wconf 87' lang='lat' dir='ltr'><strong>deorum.</strong></span> <span class='ocrx_word' id='word_1_120' title='bbox 2623 575 2689 628; x_wconf 87' lang='lat' dir='ltr'><strong>Et</strong></span> <span class='ocrx_word' id='word_1_121' title='bbox 2741 585 2797 628; x_wconf 90' lang='lat' dir='ltr'><strong>ut</strong></span> <span class='ocrx_word' id='word_1_122' title='bbox 2851 578 3247 645; x_wconf 64' lang='lat' dir='ltr'><strong>spectatoribus</strong></span> <span class='ocrx_word' id='word_1_123' title='bbox 3292 580 3475 634; x_wconf 89' lang='lat' dir='ltr'><strong>vacuis</strong></span> <span class='ocrx_word' id='word_1_124' title='bbox 3531 583 3672 636; x_wconf 89' lang='lat' dir='ltr'><strong>risus</strong></span> 
     </span>
    </p>
   </div>
   <div class='ocr_carea' id='block_1_20' title="bbox 2072 662 3673 738">
    <p class='ocr_par' dir='ltr' id='par_1_20' title="bbox 2072 662 3673 738">
     <span class='ocr_line' id='line_1_20' title="bbox 2072 662 3673 738; baseline 0.007 -25"><span class='ocrx_word' id='word_1_125' title='bbox 2072 662 2242 732; x_wconf 86' lang='lat' dir='ltr'><strong>possit</strong></span> <span class='ocrx_word' id='word_1_126' title='bbox 2268 673 2430 732; x_wconf 87' lang='lat' dir='ltr'><strong>atque</strong></span> <span class='ocrx_word' id='word_1_127' title='bbox 2461 664 2704 721; x_wconf 88' lang='lat' dir='ltr'><strong>hilaritas</strong></span> <span class='ocrx_word' id='word_1_128' title='bbox 2736 667 2960 721; x_wconf 74' lang='lat' dir='ltr'><strong>excitati</strong></span> <span class='ocrx_word' id='word_1_129' title='bbox 2987 710 2998 730; x_wconf 89' lang='lat'><strong><em>.</em></strong></span> <span class='ocrx_word' id='word_1_130' title='bbox 3024 669 3359 738; x_wconf 86' lang='lat' dir='ltr'><strong>jocttlaribus</strong></span> <span class='ocrx_word' id='word_1_131' title='bbox 3401 670 3673 725; x_wconf 86' lang='lat' dir='ltr'><strong>feriuntur</strong></span> 
     </span>
    </p>
   </div>
   <div class='ocr_carea' id='block_1_21' title="bbox 2071 759 3668 835">
    <p class='ocr_par' dir='ltr' id='par_1_21' title="bbox 2071 759 3668 835">
     <span class='ocr_line' id='line_1_21' title="bbox 2071 759 3668 835; baseline 0.003 -20"><span class='ocrx_word' id='word_1_132' title='bbox 2071 759 2505 816; x_wconf 85' lang='lat' dir='ltr'><strong>cavillationibus</strong></span> <span class='ocrx_word' id='word_1_133' title='bbox 2563 763 2818 829; x_wconf 90' lang='lat' dir='ltr'><strong>numina,</strong></span> <span class='ocrx_word' id='word_1_134' title='bbox 2871 763 3245 828; x_wconf 87' lang='lat' dir='ltr'><strong>conclamant,</strong></span> <span class='ocrx_word' id='word_1_135' title='bbox 3279 775 3333 819; x_wconf 88' lang='lat' dir='ltr'><strong>et</strong></span> <span class='ocrx_word' id='word_1_136' title='bbox 3377 775 3668 835; x_wconf 79' lang='lat' dir='ltr'><strong>assurgunt</strong></span> 
     </span>
    </p>
   </div>
   <div class='ocr_carea' id='block_1_22' title="bbox 2073 850 3668 927">
    <p class='ocr_par' dir='ltr' id='par_1_22' title="bbox 2073 850 3668 927">
     <span class='ocr_line' id='line_1_22' title="bbox 2073 850 3668 927; baseline 0.004 -23"><span class='ocrx_word' id='word_1_137' title='bbox 2073 850 2278 907; x_wconf 87' lang='lat' dir='ltr'><strong>theatra</strong></span> <span class='ocrx_word' id='word_1_138' title='bbox 2300 894 2316 918; x_wconf 85' lang='lat'><strong>,</strong></span> <span class='ocrx_word' id='word_1_139' title='bbox 2369 867 2547 908; x_wconf 67' lang='lat' dir='ltr'><strong>caveae</strong></span> <span class='ocrx_word' id='word_1_140' title='bbox 2573 864 2765 909; x_wconf 87' lang='lat' dir='ltr'><strong>omnes</strong></span> <span class='ocrx_word' id='word_1_141' title='bbox 2793 865 3126 924; x_wconf 85' lang='lat' dir='ltr'><strong>concrepant</strong></span> <span class='ocrx_word' id='word_1_142' title='bbox 3165 857 3466 920; x_wconf 63' lang='lat' dir='ltr'><strong>fragoribus</strong></span> <span class='ocrx_word' id='word_1_143' title='bbox 3505 870 3668 927; x_wconf 85' lang='lat' dir='ltr'><strong>atque</strong></span> 
     </span>
    </p>
   </div>
   <div class='ocr_carea' id='block_1_23' title="bbox 2061 943 3667 1016">
    <p class='ocr_par' dir='ltr' id='par_1_23' title="bbox 2061 943 3667 1016">
     <span class='ocr_line' id='line_1_23' title="bbox 2061 943 3667 1016; baseline 0.004 -18"><span class='ocrx_word' id='word_1_144' title='bbox 2061 943 2340 1014; x_wconf 85' lang='lat' dir='ltr'><strong>plausibus</strong></span> <span class='ocrx_word' id='word_1_145' title='bbox 2358 943 2408 998; x_wconf 71' lang='grc' dir='ltr'><strong>ι’.</strong></span> <span class='ocrx_word' id='word_1_146' title='bbox 2439 946 2504 1000; x_wconf 87' lang='grc' dir='ltr'>Ει</span> <span class='ocrx_word' id='word_1_147' title='bbox 2530 947 2672 1013; x_wconf 85' lang='lat' dir='ltr'><strong>quod</strong></span> <span class='ocrx_word' id='word_1_148' title='bbox 2696 947 2861 1003; x_wconf 91' lang='lat' dir='ltr'><strong>nullis</strong></span> <span class='ocrx_word' id='word_1_149' title='bbox 2886 949 3056 1016; x_wconf 77' lang='lat' dir='ltr'><strong>possit</strong></span> <span class='ocrx_word' id='word_1_150' title='bbox 3083 949 3543 1005; x_wconf 85' lang='lat' dir='ltr'><strong>satisfactionibus</strong></span> <span class='ocrx_word' id='word_1_151' title='bbox 3571 966 3667 1004; x_wconf 87' lang='lat' dir='ltr'><strong>ex-</strong></span> 
     </span>
    </p>
   </div>
   <div class='ocr_carea' id='block_1_24' title="bbox 2061 1035 3662 1107">
    <p class='ocr_par' dir='ltr' id='par_1_24' title="bbox 2061 1035 3662 1107">
     <span class='ocr_line' id='line_1_24' title="bbox 2061 1035 3662 1107; baseline 0.004 -16"><span class='ocrx_word' id='word_1_152' title='bbox 2061 1035 2232 1107; x_wconf 85' lang='lat' dir='ltr'><strong>piari,</strong></span> <span class='ocrx_word' id='word_1_153' title='bbox 2278 1038 2508 1093; x_wconf 82' lang='lat' dir='ltr'><strong>exoletis</strong></span> <span class='ocrx_word' id='word_1_154' title='bbox 2547 1048 2712 1107; x_wconf 82' lang='lat' dir='ltr'><strong>atque</strong></span> <span class='ocrx_word' id='word_1_155' title='bbox 2755 1040 3064 1095; x_wconf 89' lang='lat' dir='ltr'><strong>irrisoribus</strong></span> <span class='ocrx_word' id='word_1_156' title='bbox 3093 1042 3370 1095; x_wconf 87' lang='lat' dir='ltr'><strong>numinum</strong></span> <span class='ocrx_word' id='word_1_157' title='bbox 3401 1043 3540 1098; x_wconf 87' lang='lat' dir='ltr'><strong>dona</strong></span> <span class='ocrx_word' id='word_1_158' title='bbox 3575 1045 3662 1098; x_wconf 92' lang='lat' dir='ltr'><strong>in-</strong></span> 
     </span>
    </p>
   </div>
   <div class='ocr_carea' id='block_1_25' title="bbox 2061 1135 3666 1206">
    <p class='ocr_par' dir='ltr' id='par_1_25' title="bbox 2061 1135 3666 1206">
     <span class='ocr_line' id='line_1_25' title="bbox 2061 1135 3666 1206; baseline 0.002 -17"><span class='ocrx_word' id='word_1_159' title='bbox 2061 1135 2357 1191; x_wconf 90' lang='lat' dir='ltr'><strong>stituuntur</strong></span> <span class='ocrx_word' id='word_1_160' title='bbox 2406 1143 2461 1190; x_wconf 92' lang='lat' dir='ltr'><strong>et</strong></span> <span class='ocrx_word' id='word_1_161' title='bbox 2517 1150 2761 1203; x_wconf 90' lang='lat' dir='ltr'><strong>munera,</strong></span> <span class='ocrx_word' id='word_1_162' title='bbox 2817 1137 2885 1190; x_wconf 92' lang='lat' dir='ltr'><strong>ab</strong></span> <span class='ocrx_word' id='word_1_163' title='bbox 2934 1137 3128 1192; x_wconf 85' lang='lat' dir='ltr'><strong>officiis</strong></span> <span class='ocrx_word' id='word_1_164' title='bbox 3170 1138 3335 1192; x_wconf 91' lang='lat' dir='ltr'><strong>otium</strong></span> <span class='ocrx_word' id='word_1_165' title='bbox 3395 1138 3666 1206; x_wconf 90' lang='lat' dir='ltr'><strong>publicis,</strong></span> 
     </span>
    </p>
   </div>
   <div class='ocr_carea' id='block_1_26' title="bbox 2059 1225 3669 1300">
    <p class='ocr_par' dir='ltr' id='par_1_26' title="bbox 2059 1225 3669 1300">
     <span class='ocr_line' id='line_1_26' title="bbox 2059 1225 3669 1300; baseline 0.002 -18"><span class='ocrx_word' id='word_1_166' title='bbox 2059 1225 2397 1291; x_wconf 89' lang='lat' dir='ltr'><strong>immunitas,</strong></span> <span class='ocrx_word' id='word_1_167' title='bbox 2425 1235 2480 1282; x_wconf 91' lang='lat' dir='ltr'><strong>et</strong></span> <span class='ocrx_word' id='word_1_168' title='bbox 2505 1231 2711 1284; x_wconf 85' lang='lat' dir='ltr'><strong>vacatio</strong></span> <span class='ocrx_word' id='word_1_169' title='bbox 2736 1243 2856 1282; x_wconf 90' lang='lat' dir='ltr'><strong>cum</strong></span> <span class='ocrx_word' id='word_1_170' title='bbox 2898 1229 3132 1284; x_wconf 87' lang='lat' dir='ltr'><strong>coronis.</strong></span> <span class='ocrx_word' id='word_1_171' title='bbox 3179 1229 3247 1284; x_wconf 91' lang='lat' dir='ltr'><strong>Et</strong></span> <span class='ocrx_word' id='word_1_172' title='bbox 3289 1231 3497 1285; x_wconf 80' lang='lat' dir='ltr'><strong>audetis</strong></span> <span class='ocrx_word' id='word_1_173' title='bbox 3545 1241 3669 1300; x_wconf 91' lang='lat' dir='ltr'><strong>post</strong></span> 
     </span>
    </p>
   </div>
   <div class='ocr_carea' id='block_1_27' title="bbox 2062 1319 3670 1393">
    <p class='ocr_par' dir='ltr' id='par_1_27' title="bbox 2062 1319 3670 1393">
     <span class='ocr_line' id='line_1_27' title="bbox 2062 1319 3670 1393; baseline 0.001 -19"><span class='ocrx_word' id='word_1_174' title='bbox 2062 1319 2164 1374; x_wconf 87' lang='lat' dir='ltr'><strong>ista</strong></span> <span class='ocrx_word' id='word_1_175' title='bbox 2212 1320 2394 1375; x_wconf 85' lang='lat' dir='ltr'><strong>mirari</strong></span> <span class='ocrx_word' id='word_1_176' title='bbox 2426 1320 2568 1376; x_wconf 90' lang='lat' dir='ltr'><strong>unde</strong></span> <span class='ocrx_word' id='word_1_177' title='bbox 2615 1321 2859 1376; x_wconf 85' lang='lat' dir='ltr'><strong>oriantur</strong></span> <span class='ocrx_word' id='word_1_178' title='bbox 2890 1320 3006 1376; x_wconf 72' lang='lat' dir='ltr'><strong>h&#39;ec</strong></span> <span class='ocrx_word' id='word_1_179' title='bbox 3055 1323 3218 1389; x_wconf 86' lang='lat' dir='ltr'><strong>tnala,</strong></span> <span class='ocrx_word' id='word_1_180' title='bbox 3269 1323 3464 1393; x_wconf 88' lang='lat' dir='ltr'><strong>quibus</strong></span> <span class='ocrx_word' id='word_1_181' title='bbox 3512 1323 3670 1377; x_wconf 90' lang='lat' dir='ltr'><strong>inun-</strong></span> 
     </span>
    </p>
   </div>
   <div class='ocr_carea' id='block_1_28' title="bbox 2063 1410 3662 1483">
    <p class='ocr_par' dir='ltr' id='par_1_28' title="bbox 2063 1410 3662 1483">
     <span class='ocr_line' id='line_1_28' title="bbox 2063 1410 3662 1483; baseline 0.001 -17"><span class='ocrx_word' id='word_1_182' title='bbox 2063 1410 2222 1467; x_wconf 87' lang='lat' dir='ltr'><strong>datur</strong></span> <span class='ocrx_word' id='word_1_183' title='bbox 2251 1422 2306 1468; x_wconf 89' lang='lat' dir='ltr'><strong>et</strong></span> <span class='ocrx_word' id='word_1_184' title='bbox 2329 1413 2594 1483; x_wconf 88' lang='lat' dir='ltr'><strong>premitur</strong></span> <span class='ocrx_word' id='word_1_185' title='bbox 2619 1415 2737 1469; x_wconf 90' lang='lat' dir='ltr'><strong>sine</strong></span> <span class='ocrx_word' id='word_1_186' title='bbox 2763 1414 2870 1469; x_wconf 87' lang='lat' dir='ltr'><strong>ulla</strong></span> <span class='ocrx_word' id='word_1_187' title='bbox 2900 1414 3301 1470; x_wconf 87' lang='lat' dir='ltr'><strong>intermissione</strong></span> <span class='ocrx_word' id='word_1_188' title='bbox 3324 1416 3625 1470; x_wconf 88' lang='lat' dir='ltr'><strong>mortalitas</strong></span> <span class='ocrx_word' id='word_1_189' title='bbox 3648 1432 3662 1480; x_wconf 88' lang='lat'><strong>;</strong></span> 
     </span>
    </p>
   </div>
   <div class='ocr_carea' id='block_1_29' title="bbox 2063 1506 3666 1579">
    <p class='ocr_par' dir='ltr' id='par_1_29' title="bbox 2063 1506 3666 1579">
     <span class='ocr_line' id='line_1_29' title="bbox 2063 1506 3666 1579; baseline 0 -18"><span class='ocrx_word' id='word_1_190' title='bbox 2063 1519 2189 1561; x_wconf 91' lang='lat' dir='ltr'><strong>cum</strong></span> <span class='ocrx_word' id='word_1_191' title='bbox 2231 1507 2411 1562; x_wconf 88' lang='lat' dir='ltr'><strong>omnis</strong></span> <span class='ocrx_word' id='word_1_192' title='bbox 2453 1521 2541 1562; x_wconf 87' lang='lat' dir='ltr'><strong>res</strong></span> <span class='ocrx_word' id='word_1_193' title='bbox 2582 1521 2699 1575; x_wconf 84' lang='lat' dir='ltr'><strong>eas,</strong></span> <span class='ocrx_word' id='word_1_194' title='bbox 2751 1507 2946 1579; x_wconf 90' lang='lat' dir='ltr'><strong>quibus</strong></span> <span class='ocrx_word' id='word_1_195' title='bbox 2996 1516 3122 1563; x_wconf 90' lang='lat' dir='ltr'><strong>sunt</strong></span> <span class='ocrx_word' id='word_1_196' title='bbox 3173 1508 3410 1563; x_wconf 88' lang='lat' dir='ltr'><strong>involuta</strong></span> <span class='ocrx_word' id='word_1_197' title='bbox 3470 1506 3666 1578; x_wconf 87' lang='lat' dir='ltr'><strong>probra</strong></span> 
     </span>
    </p>
   </div>
   <div class='ocr_carea' id='block_1_30' title="bbox 1999 1579 2048 1639">
    <p class='ocr_par' dir='ltr' id='par_1_30' title="bbox 1999 1579 2048 1639">
     <span class='ocr_line' id='line_1_30' title="bbox 1999 1579 2048 1639; baseline 0 0"><span class='ocrx_word' id='word_1_198' title='bbox 1999 1579 2048 1639; x_wconf 94' lang='lat' dir='ltr'><strong>B</strong></span> 
     </span>
    </p>
   </div>
   <div class='ocr_carea' id='block_1_31' title="bbox 1564 1699 2426 1761">
    <p class='ocr_par' dir='ltr' id='par_1_31' title="bbox 1564 1699 2426 1761">
     <span class='ocr_line' id='line_1_31' title="bbox 1564 1699 2426 1761; baseline 0.005 -5"><span class='ocrx_word' id='word_1_199' title='bbox 1564 1699 1959 1759; x_wconf 86' lang='lat' dir='ltr'><strong>LECTIONES</strong></span> <span class='ocrx_word' id='word_1_200' title='bbox 2005 1701 2426 1761; x_wconf 73' lang='lat' dir='ltr'><strong>VARIANTES.</strong></span> 
     </span>
    </p>
   </div>
   <div class='ocr_carea' id='block_1_32' title="bbox 421 1806 888 1862">
    <p class='ocr_par' dir='ltr' id='par_1_32' title="bbox 421 1806 888 1862">
     <span class='ocr_line' id='line_1_32' title="bbox 421 1806 888 1862; baseline 0.006 -3"><span class='ocrx_word' id='word_1_201' title='bbox 421 1809 448 1840; x_wconf 78' lang='grc'><strong>⁸</strong></span> <span class='ocrx_word' id='word_1_202' title='bbox 472 1806 726 1862; x_wconf 88' lang='lat' dir='ltr'><strong>Inducitur</strong></span> <span class='ocrx_word' id='word_1_203' title='bbox 750 1808 888 1862; x_wconf 79' lang='lat' dir='ltr'><strong>Fulv.</strong></span> 
     </span>
    </p>
   </div>
   <div class='ocr_carea' id='block_1_33' title="bbox 2123 1814 2835 1883">
    <p class='ocr_par' dir='ltr' id='par_1_33' title="bbox 2123 1814 2835 1883">
     <span class='ocr_line' id='line_1_33' title="bbox 2123 1814 2835 1883; baseline 0.001 -14"><span class='ocrx_word' id='word_1_204' title='bbox 2123 1814 2154 1855; x_wconf 70' lang='grc' dir='ltr'>δ</span> <span class='ocrx_word' id='word_1_205' title='bbox 2188 1817 2370 1870; x_wconf 86' lang='lat' dir='ltr'><strong>Plausu</strong></span> <span class='ocrx_word' id='word_1_206' title='bbox 2393 1831 2508 1883; x_wconf 91' lang='lat' dir='ltr'><strong>ms.,</strong></span> <span class='ocrx_word' id='word_1_207' title='bbox 2525 1821 2709 1883; x_wconf 87' lang='lat' dir='ltr'><strong>plausis</strong></span> <span class='ocrx_word' id='word_1_208' title='bbox 2729 1822 2835 1872; x_wconf 81' lang='lat' dir='ltr'><strong>Sab.</strong></span> 
     </span>
    </p>
   </div>
   <div class='ocr_carea' id='block_1_34' title="bbox 1747 1950 2307 2010">
    <p class='ocr_par' dir='ltr' id='par_1_34' title="bbox 1747 1950 2307 2010">
     <span class='ocr_line' id='line_1_34' title="bbox 1747 1950 2307 2010; baseline 0 -2"><span class='ocrx_word' id='word_1_209' title='bbox 1747 1950 2307 2010; x_wconf 79' lang='lat' dir='ltr'><strong>COMMENTARIUS.</strong></span> 
     </span>
    </p>
   </div>
   <div class='ocr_carea' id='block_1_35' title="bbox 428 2059 1961 2141">
    <p class='ocr_par' dir='ltr' id='par_1_35' title="bbox 428 2059 1961 2141">
     <span class='ocr_line' id='line_1_35' title="bbox 428 2059 1961 2141; baseline 0.005 -26"><span class='ocrx_word' id='word_1_210' title='bbox 428 2059 607 2141; x_wconf 67' lang='lat' dir='ltr'><strong>sacris</strong></span> <span class='ocrx_word' id='word_1_211' title='bbox 618 2070 819 2141; x_wconf 64' lang='lat' dir='ltr'><strong>compta</strong></span> <span class='ocrx_word' id='word_1_212' title='bbox 830 2065 1151 2141; x_wconf 56' lang='lat' dir='ltr'><strong>cumiﬂulis.</strong></span> <span class='ocrx_word' id='word_1_213' title='bbox 1171 2060 1408 2124; x_wconf 69' lang='lat' dir='ltr'><strong>Glossae:</strong></span> <span class='ocrx_word' id='word_1_214' title='bbox 1430 2065 1644 2139; x_wconf 77' lang='lat' dir='ltr'><strong>lnfulce,</strong></span> <span class='ocrx_word' id='word_1_215' title='bbox 1663 2069 1961 2141; x_wconf 77' lang='grc' dir='ltr'><strong>στέμματα.</strong></span> 
     </span>
    </p>
   </div>
   <div class='ocr_carea' id='block_1_36' title="bbox 357 2130 1089 2203">
    <p class='ocr_par' dir='ltr' id='par_1_36' title="bbox 357 2130 1089 2203">
     <span class='ocr_line' id='line_1_36' title="bbox 357 2130 1089 2203; baseline 0.004 -16"><span class='ocrx_word' id='word_1_216' title='bbox 357 2130 637 2200; x_wconf 69' lang='lat' dir='ltr'><strong>Virgilius,</strong></span> <span class='ocrx_word' id='word_1_217' title='bbox 667 2133 818 2203; x_wconf 65' lang='lat' dir='ltr'><strong>Em,</strong></span> <span class='ocrx_word' id='word_1_218' title='bbox 853 2153 902 2191; x_wconf 76' lang='grc' dir='ltr'>ιι.</span> <span class='ocrx_word' id='word_1_219' title='bbox 939 2130 1043 2193; x_wconf 81' lang='lat'><strong>558</strong></span> <span class='ocrx_word' id='word_1_220' title='bbox 1075 2155 1089 2190; x_wconf 86' lang='lat'><strong>:</strong></span> 
     </span>
    </p>
   </div>
   <div class='ocr_carea' id='block_1_37' title="bbox 453 2225 1558 2307">
    <p class='ocr_par' dir='ltr' id='par_1_37' title="bbox 453 2225 1558 2307">
     <span class='ocr_line' id='line_1_37' title="bbox 453 2225 1558 2307; baseline 0.006 -32"><span class='ocrx_word' id='word_1_221' title='bbox 453 2225 611 2276; x_wconf 83' lang='lat' dir='ltr'><strong>Infula</strong></span> <span class='ocrx_word' id='word_1_222' title='bbox 639 2231 717 2279; x_wconf 91' lang='lat' dir='ltr'><strong>cui</strong></span> <span class='ocrx_word' id='word_1_223' title='bbox 740 2243 876 2281; x_wconf 87' lang='lat' dir='ltr'><strong>sacra</strong></span> <span class='ocrx_word' id='word_1_224' title='bbox 902 2232 1161 2282; x_wconf 84' lang='lat' dir='ltr'><strong>redimibat</strong></span> <span class='ocrx_word' id='word_1_225' title='bbox 1178 2239 1396 2307; x_wconf 84' lang='lat' dir='ltr'><strong>tempora</strong></span> <span class='ocrx_word' id='word_1_226' title='bbox 1422 2236 1558 2284; x_wconf 88' lang='lat' dir='ltr'><strong>vitta.</strong></span> 
     </span>
    </p>
   </div>
   <div class='ocr_carea' id='block_1_38' title="bbox 355 2309 1959 2388">
    <p class='ocr_par' dir='ltr' id='par_1_38' title="bbox 355 2309 1959 2388">
     <span class='ocr_line' id='line_1_38' title="bbox 355 2309 1959 2388; baseline 0.004 -23"><span class='ocrx_word' id='word_1_227' title='bbox 355 2309 446 2388; x_wconf 74' lang='lat' dir='ltr'><strong>ubi</strong></span> <span class='ocrx_word' id='word_1_228' title='bbox 470 2313 722 2388; x_wconf 74' lang='lat' dir='ltr'><strong>Servius:</strong></span> <span class='ocrx_word' id='word_1_229' title='bbox 755 2313 956 2386; x_wconf 81' lang='lat' dir='ltr'><strong>lnfula,</strong></span> <span class='ocrx_word' id='word_1_230' title='bbox 987 2317 1146 2388; x_wconf 77' lang='lat' dir='ltr'><strong>fascia</strong></span> <span class='ocrx_word' id='word_1_231' title='bbox 1166 2317 1218 2370; x_wconf 85' lang='lat' dir='ltr'><strong>in</strong></span> <span class='ocrx_word' id='word_1_232' title='bbox 1239 2319 1444 2370; x_wconf 88' lang='lat' dir='ltr'><strong>modum</strong></span> <span class='ocrx_word' id='word_1_233' title='bbox 1465 2317 1788 2388; x_wconf 82' lang='lat' dir='ltr'><strong>diadematis,</strong></span> <span class='ocrx_word' id='word_1_234' title='bbox 1806 2334 1838 2370; x_wconf 90' lang='lat' dir='ltr'><strong>a</strong></span> <span class='ocrx_word' id='word_1_235' title='bbox 1858 2333 1959 2388; x_wconf 88' lang='lat' dir='ltr'><strong>qua</strong></span> 
     </span>
    </p>
   </div>
   <div class='ocr_carea' id='block_1_39' title="bbox 352 2382 1954 2458">
    <p class='ocr_par' dir='ltr' id='par_1_39' title="bbox 352 2382 1954 2458">
     <span class='ocr_line' id='line_1_39' title="bbox 352 2382 1954 2458; baseline 0.005 -23"><span class='ocrx_word' id='word_1_236' title='bbox 352 2382 503 2458; x_wconf 65' lang='lat' dir='ltr'><strong>uitae</strong></span> <span class='ocrx_word' id='word_1_237' title='bbox 549 2385 628 2458; x_wconf 61' lang='lat' dir='ltr'><strong>ab</strong></span> <span class='ocrx_word' id='word_1_238' title='bbox 661 2382 877 2452; x_wconf 79' lang='lat' dir='ltr'><strong>utraque</strong></span> <span class='ocrx_word' id='word_1_239' title='bbox 920 2382 1064 2458; x_wconf 76' lang='lat' dir='ltr'><strong>parte</strong></span> <span class='ocrx_word' id='word_1_240' title='bbox 1103 2389 1410 2458; x_wconf 83' lang='lat' dir='ltr'><strong>dependent.</strong></span> <span class='ocrx_word' id='word_1_241' title='bbox 1451 2387 1608 2443; x_wconf 88' lang='lat' dir='ltr'><strong>Couf.</strong></span> <span class='ocrx_word' id='word_1_242' title='bbox 1645 2382 1954 2457; x_wconf 53' lang='lat' dir='ltr'><strong>Festus,&#39;v.</strong></span> 
     </span>
    </p>
   </div>
   <div class='ocr_carea' id='block_1_40' title="bbox 351 2451 830 2524">
    <p class='ocr_par' dir='ltr' id='par_1_40' title="bbox 351 2451 830 2524">
     <span class='ocr_line' id='line_1_40' title="bbox 351 2451 830 2524; baseline 0.017 -18"><span class='ocrx_word' id='word_1_243' title='bbox 351 2451 552 2524; x_wconf 76' lang='lat' dir='ltr'><strong>lnfula.</strong></span> <span class='ocrx_word' id='word_1_244' title='bbox 586 2451 830 2514; x_wconf 68' lang='lat' dir='ltr'><strong>Enniana.</strong></span> 
     </span>
    </p>
   </div>
   <div class='ocr_carea' id='block_1_41' title="bbox 427 2523 1956 2601">
    <p class='ocr_par' dir='ltr' id='par_1_41' title="bbox 427 2523 1956 2601">
     <span class='ocr_line' id='line_1_41' title="bbox 427 2523 1956 2601; baseline 0.005 -23"><span class='ocrx_word' id='word_1_245' title='bbox 427 2523 493 2579; x_wconf 89' lang='lat' dir='ltr'><strong>In</strong></span> <span class='ocrx_word' id='word_1_246' title='bbox 520 2526 723 2601; x_wconf 63' lang='lat' dir='ltr'><strong>bubulci</strong></span> <span class='ocrx_word' id='word_1_247' title='bbox 747 2530 900 2584; x_wconf 87' lang='lat' dir='ltr'><strong>unius</strong></span> <span class='ocrx_word' id='word_1_248' title='bbox 923 2531 1280 2601; x_wconf 57' lang='lat' dir='ltr'><strong>amplexu&quot;...</strong></span> <span class='ocrx_word' id='word_1_249' title='bbox 1314 2530 1519 2600; x_wconf 81' lang='lat' dir='ltr'><strong>gestire.</strong></span> <span class='ocrx_word' id='word_1_250' title='bbox 1555 2530 1624 2584; x_wconf 87' lang='lat' dir='ltr'><strong>In</strong></span> <span class='ocrx_word' id='word_1_251' title='bbox 1659 2530 1956 2596; x_wconf 71' lang='lat' dir='ltr'><strong>amplexum</strong></span> 
     </span>
    </p>
   </div>
   <div class='ocr_carea' id='block_1_42' title="bbox 353 2597 1954 2669">
    <p class='ocr_par' dir='ltr' id='par_1_42' title="bbox 353 2597 1954 2669">
     <span class='ocr_line' id='line_1_42' title="bbox 353 2597 1954 2669; baseline 0.004 -19"><span class='ocrx_word' id='word_1_252' title='bbox 353 2599 560 2669; x_wconf 81' lang='lat' dir='ltr'><strong>mavult</strong></span> <span class='ocrx_word' id='word_1_253' title='bbox 601 2597 978 2665; x_wconf 86' lang='lat' dir='ltr'><strong>Oudendorn.,</strong></span> <span class='ocrx_word' id='word_1_254' title='bbox 999 2597 1064 2654; x_wconf 78' lang='lat' dir='ltr'><strong>ad</strong></span> <span class='ocrx_word' id='word_1_255' title='bbox 1097 2597 1333 2657; x_wconf 46' lang='lat' dir='ltr'><strong>Suetnn.‘</strong></span> <span class='ocrx_word' id='word_1_256' title='bbox 1357 2601 1870 2669; x_wconf 78' lang='lat' dir='ltr'><strong>August..Cap.70,</strong></span> <span class='ocrx_word' id='word_1_257' title='bbox 1902 2603 1954 2658; x_wconf 93' lang='lat' dir='ltr'><strong>in</strong></span> 
     </span>
    </p>
   </div>
   <div class='ocr_carea' id='block_1_43' title="bbox 351 2666 1950 2742">
    <p class='ocr_par' dir='ltr' id='par_1_43' title="bbox 351 2666 1950 2742">
     <span class='ocr_line' id='line_1_43' title="bbox 351 2666 1950 2742; baseline 0.003 -23"><span class='ocrx_word' id='word_1_258' title='bbox 351 2666 643 2742; x_wconf 47' lang='grc' dir='ltr'><strong>ᾼιωθιιά.ζ</strong></span> <span class='ocrx_word' id='word_1_259' title='bbox 661 2685 779 2738; x_wconf 80' lang='lat' dir='ltr'><strong>pag.</strong></span> <span class='ocrx_word' id='word_1_260' title='bbox 817 2671 973 2727; x_wconf 70' lang='lat'><strong>1022.</strong></span> <span class='ocrx_word' id='word_1_261' title='bbox 1011 2671 1141 2726; x_wconf 86' lang='lat' dir='ltr'><strong>Vide</strong></span> <span class='ocrx_word' id='word_1_262' title='bbox 1171 2687 1355 2737; x_wconf 89' lang='lat' dir='ltr'><strong>sttpra,</strong></span> <span class='ocrx_word' id='word_1_263' title='bbox 1379 2666 1456 2726; x_wconf 77' lang='lat' dir='ltr'><strong>ad</strong></span> <span class='ocrx_word' id='word_1_264' title='bbox 1476 2688 1594 2742; x_wconf 84' lang='lat' dir='ltr'><strong>cap.</strong></span> <span class='ocrx_word' id='word_1_265' title='bbox 1633 2666 1722 2732; x_wconf 72' lang='lat' dir='ltr'><strong>M.</strong></span> <span class='ocrx_word' id='word_1_266' title='bbox 1750 2673 1950 2728; x_wconf 89' lang='lat' dir='ltr'><strong>verba:</strong></span> 
     </span>
    </p>
   </div>
   <div class='ocr_carea' id='block_1_44' title="bbox 356 2737 1954 2814">
    <p class='ocr_par' dir='ltr' id='par_1_44' title="bbox 356 2737 1954 2814">
     <span class='ocr_line' id='line_1_44' title="bbox 356 2737 1954 2814; baseline 0.005 -23"><span class='ocrx_word' id='word_1_267' title='bbox 356 2737 460 2805; x_wconf 83' lang='lat' dir='ltr'><strong>Qui</strong></span> <span class='ocrx_word' id='word_1_268' title='bbox 506 2741 559 2814; x_wconf 90' lang='lat' dir='ltr'><strong>in</strong></span> <span class='ocrx_word' id='word_1_269' title='bbox 607 2737 975 2814; x_wconf 78' lang='lat' dir='ltr'><strong>Proserpinam</strong></span> <span class='ocrx_word' id='word_1_270' title='bbox 1020 2743 1320 2814; x_wconf 74' lang='lat' dir='ltr'><strong>genitalibus</strong></span> <span class='ocrx_word' id='word_1_271' title='bbox 1368 2737 1557 2798; x_wconf 78' lang='lat' dir='ltr'><strong>dicitur</strong></span> <span class='ocrx_word' id='word_1_272' title='bbox 1606 2743 1954 2800; x_wconf 82' lang='lat' dir='ltr'><strong>adhinnivisse</strong></span> 
     </span>
    </p>
   </div>
   <div class='ocr_carea' id='block_1_45' title="bbox 351 2813 814 2868">
    <p class='ocr_par' dir='ltr' id='par_1_45' title="bbox 351 2813 814 2868">
     <span class='ocr_line' id='line_1_45' title="bbox 351 2813 814 2868; baseline 0.015 -6"><span class='ocrx_word' id='word_1_273' title='bbox 351 2813 579 2866; x_wconf 83' lang='lat' dir='ltr'><strong>arrectis.</strong></span> <span class='ocrx_word' id='word_1_274' title='bbox 611 2813 814 2868; x_wconf 77' lang='lat' dir='ltr'><strong>ORELL.</strong></span> 
     </span>
    </p>
   </div>
   <div class='ocr_carea' id='block_1_46' title="bbox 425 2880 1944 2953">
    <p class='ocr_par' dir='ltr' id='par_1_46' title="bbox 425 2880 1944 2953">
     <span class='ocr_line' id='line_1_46' title="bbox 425 2880 1944 2953; baseline 0.003 -16"><span class='ocrx_word' id='word_1_275' title='bbox 425 2880 700 2952; x_wconf 77' lang='lat' dir='ltr'><strong>Sophoclis</strong></span> <span class='ocrx_word' id='word_1_276' title='bbox 742 2885 794 2938; x_wconf 86' lang='lat' dir='ltr'><strong>in</strong></span> <span class='ocrx_word' id='word_1_277' title='bbox 833 2883 1142 2940; x_wconf 85' lang='lat' dir='ltr'><strong>Trachiniis.</strong></span> <span class='ocrx_word' id='word_1_278' title='bbox 1169 2885 1398 2950; x_wconf 83' lang='lat' dir='ltr'><strong>Cicero,</strong></span> <span class='ocrx_word' id='word_1_279' title='bbox 1429 2886 1588 2941; x_wconf 85' lang='lat' dir='ltr'><strong>Tusc.</strong></span> <span class='ocrx_word' id='word_1_280' title='bbox 1625 2903 1660 2940; x_wconf 88' lang='grc' dir='ltr'><strong>ιι</strong></span> <span class='ocrx_word' id='word_1_281' title='bbox 1682 2927 1694 2947; x_wconf 85' lang='grc'><strong>.</strong></span> <span class='ocrx_word' id='word_1_282' title='bbox 1738 2901 1858 2953; x_wconf 88' lang='lat' dir='ltr'><strong>cap.</strong></span> <span class='ocrx_word' id='word_1_283' title='bbox 1889 2886 1944 2941; x_wconf 91' lang='lat'><strong>8.</strong></span> 
     </span>
    </p>
   </div>
   <div class='ocr_carea' id='block_1_47' title="bbox 354 2951 1952 3028">
    <p class='ocr_par' dir='ltr' id='par_1_47' title="bbox 354 2951 1952 3028">
     <span class='ocr_line' id='line_1_47' title="bbox 354 2951 1952 3028; baseline 0.004 -24"><span class='ocrx_word' id='word_1_284' title='bbox 354 2951 461 3028; x_wconf 88' lang='lat' dir='ltr'><strong>_Sed</strong></span> <span class='ocrx_word' id='word_1_285' title='bbox 481 2954 737 3028; x_wconf 81' lang='lat' dir='ltr'><strong>videamus</strong></span> <span class='ocrx_word' id='word_1_286' title='bbox 770 2954 1038 3010; x_wconf 81' lang='lat' dir='ltr'><strong>Herculem</strong></span> <span class='ocrx_word' id='word_1_287' title='bbox 1064 2958 1230 3028; x_wconf 86' lang='lat' dir='ltr'><strong>ipsum</strong></span> <span class='ocrx_word' id='word_1_288' title='bbox 1252 2999 1265 3018; x_wconf 91' lang='lat'><strong>,</strong></span> <span class='ocrx_word' id='word_1_289' title='bbox 1293 2958 1378 3026; x_wconf 86' lang='lat' dir='ltr'><strong>qui</strong></span> <span class='ocrx_word' id='word_1_290' title='bbox 1404 2969 1506 3011; x_wconf 86' lang='lat' dir='ltr'><strong>tum</strong></span> <span class='ocrx_word' id='word_1_291' title='bbox 1538 2958 1714 3011; x_wconf 88' lang='lat' dir='ltr'><strong>dolore</strong></span> <span class='ocrx_word' id='word_1_292' title='bbox 1743 2951 1952 3028; x_wconf 79' lang='lat' dir='ltr'><strong>frange-</strong></span> 
     </span>
    </p>
   </div>
   <div class='ocr_carea' id='block_1_48' title="bbox 352 3022 1951 3099">
    <p class='ocr_par' dir='ltr' id='par_1_48' title="bbox 352 3022 1951 3099">
     <span class='ocr_line' id='line_1_48' title="bbox 352 3022 1951 3099; baseline 0.004 -24"><span class='ocrx_word' id='word_1_293' title='bbox 352 3022 522 3099; x_wconf 78' lang='lat' dir='ltr'><strong>batur,</strong></span> <span class='ocrx_word' id='word_1_294' title='bbox 551 3041 661 3077; x_wconf 89' lang='lat' dir='ltr'><strong>cum</strong></span> <span class='ocrx_word' id='word_1_295' title='bbox 683 3022 1110 3099; x_wconf 77' lang='lat' dir='ltr'><strong>immortalitatem</strong></span> <span class='ocrx_word' id='word_1_296' title='bbox 1137 3022 1481 3092; x_wconf 44' lang='lat' dir='ltr'><strong>ipsam&#39;morte</strong></span> <span class='ocrx_word' id='word_1_297' title='bbox 1504 3022 1757 3099; x_wconf 69' lang='lat' dir='ltr'><strong>quterebat</strong></span> <span class='ocrx_word' id='word_1_298' title='bbox 1807 3022 1951 3094; x_wconf 73' lang='lat' dir='ltr'><strong>Quas</strong></span> 
     </span>
    </p>
   </div>
   <div class='ocr_carea' id='block_1_49' title="bbox 350 3093 2022 3166">
    <p class='ocr_par' dir='ltr' id='par_1_49' title="bbox 350 3093 2022 3166">
     <span class='ocr_line' id='line_1_49' title="bbox 350 3093 2022 3166; baseline 0.008 -21"><span class='ocrx_word' id='word_1_299' title='bbox 350 3093 600 3166; x_wconf 14' lang='lat' dir='ltr'><strong>hicrvoces</strong></span> <span class='ocrx_word' id='word_1_300' title='bbox 633 3098 772 3166; x_wconf 87' lang='lat' dir='ltr'><strong>apud</strong></span> <span class='ocrx_word' id='word_1_301' title='bbox 803 3097 1110 3166; x_wconf 88' lang='lat' dir='ltr'><strong>Sophoclem</strong></span> <span class='ocrx_word' id='word_1_302' title='bbox 1136 3101 1189 3152; x_wconf 89' lang='lat' dir='ltr'><strong>in</strong></span> <span class='ocrx_word' id='word_1_303' title='bbox 1225 3093 1527 3153; x_wconf 50' lang='lat' dir='ltr'><strong>Trachiniis&#39;</strong></span> <span class='ocrx_word' id='word_1_304' title='bbox 1543 3100 1688 3154; x_wconf 88' lang='lat' dir='ltr'><strong>edit?</strong></span> <span class='ocrx_word' id='word_1_305' title='bbox 1716 3097 1812 3154; x_wconf 86' lang='lat' dir='ltr'><strong>Cui</strong></span> <span class='ocrx_word' id='word_1_306' title='bbox 1831 3093 1951 3154; x_wconf 87' lang='lat' dir='ltr'><strong>cum</strong></span> <span class='ocrx_word' id='word_1_307' title='bbox 1979 3096 2022 3158; x_wconf 86' lang='lat' dir='ltr'><strong>C</strong></span> 
     </span>
    </p>
   </div>
   <div class='ocr_carea' id='block_1_50' title="bbox 350 3162 1941 3239">
    <p class='ocr_par' dir='ltr' id='par_1_50' title="bbox 350 3162 1941 3239">
     <span class='ocr_line' id='line_1_50' title="bbox 350 3162 1941 3239; baseline 0.004 -22"><span class='ocrx_word' id='word_1_308' title='bbox 350 3162 514 3239; x_wconf 83' lang='lat' dir='ltr'><strong>_Deian</strong></span> <span class='ocrx_word' id='word_1_309' title='bbox 539 3184 598 3220; x_wconf 91' lang='lat' dir='ltr'><strong>ra</strong></span> <span class='ocrx_word' id='word_1_310' title='bbox 636 3162 889 3239; x_wconf 76' lang='lat' dir='ltr'><strong>sanguine</strong></span> <span class='ocrx_word' id='word_1_311' title='bbox 935 3166 1176 3224; x_wconf 83' lang='lat' dir='ltr'><strong>Centauri</strong></span> <span class='ocrx_word' id='word_1_312' title='bbox 1194 3171 1402 3224; x_wconf 88' lang='lat' dir='ltr'><strong>tinctam</strong></span> <span class='ocrx_word' id='word_1_313' title='bbox 1423 3172 1648 3226; x_wconf 86' lang='lat' dir='ltr'><strong>tunicam</strong></span> <span class='ocrx_word' id='word_1_314' title='bbox 1676 3170 1941 3238; x_wconf 79' lang='lat' dir='ltr'><strong>induisset,</strong></span> 
     </span>
    </p>
   </div>
   <div class='ocr_carea' id='block_1_51' title="bbox 347 3236 1396 3310">
    <p class='ocr_par' dir='ltr' id='par_1_51' title="bbox 347 3236 1396 3310">
     <span class='ocr_line' id='line_1_51' title="bbox 347 3236 1396 3310; baseline 0.007 -21"><span class='ocrx_word' id='word_1_315' title='bbox 347 3236 808 3310; x_wconf 55' lang='lat' dir='ltr'><strong>inhwsissetque&#39;ea</strong></span> <span class='ocrx_word' id='word_1_316' title='bbox 836 3240 1104 3296; x_wconf 80' lang='lat' dir='ltr'><strong>visceribus</strong></span> <span class='ocrx_word' id='word_1_317' title='bbox 1125 3284 1139 3307; x_wconf 93' lang='lat'><strong>,</strong></span> <span class='ocrx_word' id='word_1_318' title='bbox 1173 3243 1242 3295; x_wconf 87' lang='lat' dir='ltr'><strong>ait</strong></span> <span class='ocrx_word' id='word_1_319' title='bbox 1268 3242 1356 3296; x_wconf 85' lang='lat' dir='ltr'><strong>ille</strong></span> <span class='ocrx_word' id='word_1_320' title='bbox 1383 3259 1396 3296; x_wconf 91' lang='lat'>:</span> 
     </span>
    </p>
   </div>
   <div class='ocr_carea' id='block_1_52' title="bbox 440 3347 1503 3417">
    <p class='ocr_par' dir='ltr' id='par_1_52' title="bbox 440 3347 1503 3417">
     <span class='ocr_line' id='line_1_52' title="bbox 440 3347 1503 3417; baseline 0.007 -20"><span class='ocrx_word' id='word_1_321' title='bbox 440 3347 482 3417; x_wconf 78' lang='grc' dir='ltr'><strong>ρ</strong></span> <span class='ocrx_word' id='word_1_322' title='bbox 503 3350 652 3400; x_wconf 90' lang='lat' dir='ltr'><strong>multa</strong></span> <span class='ocrx_word' id='word_1_323' title='bbox 677 3351 806 3402; x_wconf 91' lang='lat' dir='ltr'><strong>dictu</strong></span> <span class='ocrx_word' id='word_1_324' title='bbox 831 3355 1017 3417; x_wconf 78' lang='lat' dir='ltr'><strong>gravia,</strong></span> <span class='ocrx_word' id='word_1_325' title='bbox 1041 3367 1283 3417; x_wconf 89' lang='lat' dir='ltr'><strong>perpessu</strong></span> <span class='ocrx_word' id='word_1_326' title='bbox 1308 3368 1503 3417; x_wconf 85' lang='lat' dir='ltr'><strong>aspera,</strong></span> 
     </span>
    </p>
   </div>
   <div class='ocr_carea' id='block_1_53' title="bbox 439 3410 1787 3530">
    <p class='ocr_par' dir='ltr' id='par_1_53' title="bbox 439 3410 1787 3530">
     <span class='ocr_line' id='line_1_53' title="bbox 439 3410 1787 3530; baseline 0.006 -70"><span class='ocrx_word' id='word_1_327' title='bbox 439 3410 560 3472; x_wconf 74' lang='lat' dir='ltr'><strong>Quae</strong></span> <span class='ocrx_word' id='word_1_328' title='bbox 581 3426 790 3478; x_wconf 84' lang='lat' dir='ltr'><strong>corpore</strong></span> <span class='ocrx_word' id='word_1_329' title='bbox 823 3410 1077 3466; x_wconf 71' lang='lat' dir='ltr'><strong>exanclata</strong></span> <span class='ocrx_word' id='word_1_330' title='bbox 1100 3410 1250 3480; x_wconf 78' lang='lat' dir='ltr'><strong>atque</strong></span> <span class='ocrx_word' id='word_1_331' title='bbox 1271 3410 1433 3468; x_wconf 82' lang='lat' dir='ltr'><strong>animo</strong></span> <span class='ocrx_word' id='word_1_332' title='bbox 1457 3410 1658 3530; x_wconf 42' lang='lat' dir='ltr'><strong>pegma,</strong></span> <span class='ocrx_word' id='word_1_333' title='bbox 1686 3425 1787 3468; x_wconf 87' lang='lat' dir='ltr'><strong>etc.</strong></span> 
     </span>
     <span class='ocr_line' id='line_1_54' title="bbox 1546 3496 1722 3530; baseline 0.006 -1"><span class='ocrx_word' id='word_1_334' title='bbox 1546 3496 1722 3530; x_wconf 60' lang='lat' dir='ltr'><strong>manu.</strong></span> 
     </span>
    </p>
   </div>
   <div class='ocr_carea' id='block_1_54' title="bbox 344 3554 1941 3629">
    <p class='ocr_par' dir='ltr' id='par_1_54' title="bbox 344 3554 1941 3629">
     <span class='ocr_line' id='line_1_55' title="bbox 344 3554 1941 3629; baseline 0.006 -18"><span class='ocrx_word' id='word_1_335' title='bbox 344 3554 476 3629; x_wconf 82' lang='lat' dir='ltr'><strong>_Cod.</strong></span> <span class='ocrx_word' id='word_1_336' title='bbox 508 3574 610 3613; x_wconf 90' lang='lat' dir='ltr'><strong>ms.</strong></span> <span class='ocrx_word' id='word_1_337' title='bbox 641 3576 654 3608; x_wconf 76' lang='grc' dir='ltr'><em>τ</em></span> <span class='ocrx_word' id='word_1_338' title='bbox 685 3559 964 3629; x_wconf 79' lang='lat' dir='ltr'><strong>SOphorles</strong></span> <span class='ocrx_word' id='word_1_339' title='bbox 989 3564 1040 3616; x_wconf 87' lang='lat' dir='ltr'><strong>in</strong></span> <span class='ocrx_word' id='word_1_340' title='bbox 1066 3560 1375 3620; x_wconf 84' lang='lat' dir='ltr'><strong>Trachiniis.</strong></span> <span class='ocrx_word' id='word_1_341' title='bbox 1407 3564 1633 3625; x_wconf 82' lang='lat' dir='ltr'><strong>vitiose;</strong></span> <span class='ocrx_word' id='word_1_342' title='bbox 1665 3562 1806 3618; x_wconf 89' lang='lat' dir='ltr'><strong>unde</strong></span> <span class='ocrx_word' id='word_1_343' title='bbox 1831 3563 1941 3619; x_wconf 83' lang='lat' dir='ltr'><strong>Ge-</strong></span> 
     </span>
    </p>
   </div>
   <div class='ocr_carea' id='block_1_55' title="bbox 341 3627 1938 3694">
    <p class='ocr_par' dir='ltr' id='par_1_55' title="bbox 341 3627 1938 3694">
     <span class='ocr_line' id='line_1_56' title="bbox 341 3627 1938 3694; baseline 0.003 -12"><span class='ocrx_word' id='word_1_344' title='bbox 341 3627 518 3682; x_wconf 87' lang='lat' dir='ltr'><strong>lenius</strong></span> <span class='ocrx_word' id='word_1_345' title='bbox 540 3627 796 3684; x_wconf 44' lang='lat' dir='ltr'><strong>relimtit&#39;:</strong></span> <span class='ocrx_word' id='word_1_346' title='bbox 827 3649 859 3684; x_wconf 92' lang='lat' dir='ltr'><strong>a</strong></span> <span class='ocrx_word' id='word_1_347' title='bbox 887 3633 1142 3694; x_wconf 81' lang='lat' dir='ltr'><strong>Sophocle</strong></span> <span class='ocrx_word' id='word_1_348' title='bbox 1167 3636 1218 3687; x_wconf 91' lang='lat' dir='ltr'><strong>in</strong></span> <span class='ocrx_word' id='word_1_349' title='bbox 1262 3634 1565 3688; x_wconf 86' lang='lat' dir='ltr'><strong>Trachiniis.</strong></span> <span class='ocrx_word' id='word_1_350' title='bbox 1605 3635 1938 3690; x_wconf 84' lang='lat' dir='ltr'><strong>Salmasius:</strong></span> 
     </span>
    </p>
   </div>
   <div class='ocr_carea' id='block_1_56' title="bbox 343 3696 1940 3771">
    <p class='ocr_par' dir='ltr' id='par_1_56' title="bbox 343 3696 1940 3771">
     <span class='ocr_line' id='line_1_57' title="bbox 343 3696 1940 3771; baseline 0.007 -21"><span class='ocrx_word' id='word_1_351' title='bbox 343 3696 621 3771; x_wconf 69' lang='grc' dir='ltr'><strong>ξορὴοειὶε</strong></span> <span class='ocrx_word' id='word_1_352' title='bbox 654 3702 709 3754; x_wconf 89' lang='lat' dir='ltr'><strong>in</strong></span> <span class='ocrx_word' id='word_1_353' title='bbox 747 3701 1057 3758; x_wconf 86' lang='lat' dir='ltr'><strong>Trachiniis.</strong></span> <span class='ocrx_word' id='word_1_354' title='bbox 1086 3704 1146 3758; x_wconf 86' lang='lat' dir='ltr'><strong>N.</strong></span> <span class='ocrx_word' id='word_1_355' title='bbox 1193 3705 1460 3771; x_wconf 70' lang='lat' dir='ltr'><strong>Heinsius,</strong></span> <span class='ocrx_word' id='word_1_356' title='bbox 1496 3705 1664 3765; x_wconf 78' lang='lat' dir='ltr'><strong>EniSt.</strong></span> <span class='ocrx_word' id='word_1_357' title='bbox 1696 3706 1802 3758; x_wconf 66' lang='lat'><strong>237</strong></span> <span class='ocrx_word' id='word_1_358' title='bbox 1825 3747 1839 3764; x_wconf 85' lang='lat'><strong>,</strong></span> <span class='ocrx_word' id='word_1_359' title='bbox 1871 3706 1940 3761; x_wconf 89' lang='lat' dir='ltr'><strong>ad</strong></span> 
     </span>
    </p>
   </div>
   <div class='ocr_carea' id='block_1_57' title="bbox 340 3767 1942 3845">
    <p class='ocr_par' dir='ltr' id='par_1_57' title="bbox 340 3767 1942 3845">
     <span class='ocr_line' id='line_1_58' title="bbox 340 3767 1942 3845; baseline 0.003 -20"><span class='ocrx_word' id='word_1_360' title='bbox 340 3767 548 3845; x_wconf 50' lang='grc' dir='ltr'><strong>(ἓξὲξ-γη</strong></span> <span class='ocrx_word' id='word_1_361' title='bbox 581 3770 633 3824; x_wconf 87' lang='lat' dir='ltr'><strong>in</strong></span> <span class='ocrx_word' id='word_1_362' title='bbox 668 3774 882 3845; x_wconf 74' lang='lat' dir='ltr'><strong>S_vllo2e</strong></span> <span class='ocrx_word' id='word_1_363' title='bbox 909 3774 1196 3829; x_wconf 86' lang='lat' dir='ltr'><strong>Burmann.</strong></span> <span class='ocrx_word' id='word_1_364' title='bbox 1231 3787 1358 3830; x_wconf 88' lang='lat' dir='ltr'><strong>tom.</strong></span> <span class='ocrx_word' id='word_1_365' title='bbox 1387 3767 1464 3837; x_wconf 65' lang='lat' dir='ltr'><strong>tv,</strong></span> <span class='ocrx_word' id='word_1_366' title='bbox 1491 3792 1606 3845; x_wconf 83' lang='lat' dir='ltr'><strong>pag.</strong></span> <span class='ocrx_word' id='word_1_367' title='bbox 1639 3776 1764 3830; x_wconf 68' lang='lat'><strong>5‘29.</strong></span> <span class='ocrx_word' id='word_1_368' title='bbox 1794 3795 1806 3829; x_wconf 90' lang='lat'>:</span> <span class='ocrx_word' id='word_1_369' title='bbox 1842 3775 1942 3832; x_wconf 88' lang='lat' dir='ltr'><strong>So-</strong></span> 
     </span>
    </p>
   </div>
   <div class='ocr_carea' id='block_1_58' title="bbox 339 3840 1936 3914">
    <p class='ocr_par' dir='ltr' id='par_1_58' title="bbox 339 3840 1936 3914">
     <span class='ocr_line' id='line_1_59' title="bbox 339 3840 1936 3914; baseline 0.006 -21"><span class='ocrx_word' id='word_1_370' title='bbox 339 3840 569 3914; x_wconf 8' lang='lat' dir='ltr'><strong>phorlﬁeis</strong></span> <span class='ocrx_word' id='word_1_371' title='bbox 593 3845 644 3898; x_wconf 90' lang='lat' dir='ltr'><strong>in</strong></span> <span class='ocrx_word' id='word_1_372' title='bbox 672 3842 980 3910; x_wconf 84' lang='lat' dir='ltr'><strong>Trachiniis,</strong></span> <span class='ocrx_word' id='word_1_373' title='bbox 1003 3847 1144 3914; x_wconf 84' lang='lat' dir='ltr'><strong>quod</strong></span> <span class='ocrx_word' id='word_1_374' title='bbox 1177 3847 1404 3911; x_wconf 64' lang='lat' dir='ltr'><strong>prmfero</strong></span> <span class='ocrx_word' id='word_1_375' title='bbox 1484 3840 1726 3909; x_wconf 71' lang='lat' dir='ltr'><strong>Respicit</strong></span> <span class='ocrx_word' id='word_1_376' title='bbox 1757 3857 1936 3902; x_wconf 87' lang='lat' dir='ltr'><strong>autem</strong></span> 
     </span>
    </p>
   </div>
   <div class='ocr_carea' id='block_1_59' title="bbox 338 3911 1768 3985">
    <p class='ocr_par' dir='ltr' id='par_1_59' title="bbox 338 3911 1768 3985">
     <span class='ocr_line' id='line_1_60' title="bbox 338 3911 1768 3985; baseline 0.005 -20"><span class='ocrx_word' id='word_1_377' title='bbox 338 3911 611 3985; x_wconf 72' lang='lat' dir='ltr'><strong>Arnobius</strong></span> <span class='ocrx_word' id='word_1_378' title='bbox 638 3915 702 3970; x_wconf 83' lang='lat' dir='ltr'><strong>ad</strong></span> <span class='ocrx_word' id='word_1_379' title='bbox 731 3914 981 3969; x_wconf 84' lang='lat' dir='ltr'><strong>Trachin.</strong></span> <span class='ocrx_word' id='word_1_380' title='bbox 1013 3911 1154 3971; x_wconf 74' lang='lat' dir='ltr'><strong>vers.</strong></span> <span class='ocrx_word' id='word_1_381' title='bbox 1185 3915 1347 3981; x_wconf 77' lang='grc'><strong>1065,</strong></span> <span class='ocrx_word' id='word_1_382' title='bbox 1378 3933 1508 3985; x_wconf 81' lang='lat' dir='ltr'><strong>seqq</strong></span> <span class='ocrx_word' id='word_1_383' title='bbox 1564 3917 1768 3972; x_wconf 83' lang='lat' dir='ltr'><strong>OnELL.</strong></span> 
     </span>
    </p>
   </div>
   <div class='ocr_carea' id='block_1_60' title="bbox 409 3980 1934 4052">
    <p class='ocr_par' dir='ltr' id='par_1_60' title="bbox 409 3980 1934 4052">
     <span class='ocr_line' id='line_1_61' title="bbox 409 3980 1934 4052; baseline 0.004 -14"><span class='ocrx_word' id='word_1_384' title='bbox 409 3980 792 4039; x_wconf 85' lang='lat' dir='ltr'><strong>Circumretitus</strong></span> <span class='ocrx_word' id='word_1_385' title='bbox 831 3986 1090 4052; x_wconf 87' lang='lat' dir='ltr'><strong>indagine.</strong></span> <span class='ocrx_word' id='word_1_386' title='bbox 1124 3989 1212 4042; x_wconf 87' lang='lat' dir='ltr'><strong>Sic.</strong></span> <span class='ocrx_word' id='word_1_387' title='bbox 1244 3980 1468 4043; x_wconf 88' lang='lat' dir='ltr'><strong>restituii</strong></span> <span class='ocrx_word' id='word_1_388' title='bbox 1499 3980 1606 4043; x_wconf 20' lang='lat' dir='ltr'><strong>‘Jan</strong></span> <span class='ocrx_word' id='word_1_389' title='bbox 1661 3989 1934 4045; x_wconf 86' lang='lat' dir='ltr'><strong>Gnilielm.</strong></span> 
     </span>
    </p>
   </div>
   <div class='ocr_carea' id='block_1_61' title="bbox 335 4051 1938 4128">
    <p class='ocr_par' dir='ltr' id='par_1_61' title="bbox 335 4051 1938 4128">
     <span class='ocr_line' id='line_1_62' title="bbox 335 4051 1938 4128; baseline 0.006 -22"><span class='ocrx_word' id='word_1_390' title='bbox 335 4051 628 4128; x_wconf 68' lang='lat' dir='ltr'><strong>Qna&#39;stion.</strong></span> <span class='ocrx_word' id='word_1_391' title='bbox 663 4057 836 4111; x_wconf 86' lang='lat' dir='ltr'><strong>Plant.</strong></span> <span class='ocrx_word' id='word_1_392' title='bbox 871 4059 921 4112; x_wconf 91' lang='lat' dir='ltr'><strong>in</strong></span> <span class='ocrx_word' id='word_1_393' title='bbox 941 4051 1182 4125; x_wconf 82' lang='lat' dir='ltr'><strong>Curcul,</strong></span> <span class='ocrx_word' id='word_1_394' title='bbox 1205 4075 1325 4128; x_wconf 89' lang='lat' dir='ltr'><strong>cap.</strong></span> <span class='ocrx_word' id='word_1_395' title='bbox 1350 4059 1403 4114; x_wconf 89' lang='lat'><strong>5.</strong></span> <span class='ocrx_word' id='word_1_396' title='bbox 1432 4063 1482 4114; x_wconf 93' lang='lat' dir='ltr'><strong>in</strong></span> <span class='ocrx_word' id='word_1_397' title='bbox 1505 4059 1774 4128; x_wconf 83' lang='lat' dir='ltr'><strong>Lautpade</strong></span> <span class='ocrx_word' id='word_1_398' title='bbox 1799 4060 1938 4117; x_wconf 84' lang='lat' dir='ltr'><strong>Grn-</strong></span> 
     </span>
    </p>
   </div>
   <div class='ocr_carea' id='block_1_62' title="bbox 340 4125 1936 4196">
    <p class='ocr_par' dir='ltr' id='par_1_62' title="bbox 340 4125 1936 4196">
     <span class='ocr_line' id='line_1_63' title="bbox 340 4125 1936 4196; baseline 0.006 -19"><span class='ocrx_word' id='word_1_399' title='bbox 340 4125 570 4181; x_wconf 85' lang='lat' dir='ltr'><strong>teri.vol.</strong></span> <span class='ocrx_word' id='word_1_400' title='bbox 605 4143 683 4191; x_wconf 88' lang='lat' dir='ltr'><strong>III,</strong></span> <span class='ocrx_word' id='word_1_401' title='bbox 709 4141 842 4195; x_wconf 86' lang='lat' dir='ltr'><strong>part.</strong></span> <span class='ocrx_word' id='word_1_402' title='bbox 862 4144 921 4193; x_wconf 87' lang='grc' dir='ltr'>ιι,</span> <span class='ocrx_word' id='word_1_403' title='bbox 941 4145 992 4196; x_wconf 90' lang='lat' dir='ltr'><strong>p.</strong></span> <span class='ocrx_word' id='word_1_404' title='bbox 1019 4129 1142 4193; x_wconf 50' lang='lat'><strong>766,</strong></span> <span class='ocrx_word' id='word_1_405' title='bbox 1163 4125 1319 4196; x_wconf 77' lang='lat' dir='ltr'><strong>quam</strong></span> <span class='ocrx_word' id='word_1_406' title='bbox 1334 4125 1722 4186; x_wconf 76' lang='lat' dir='ltr'><strong>correctionem</strong></span> <span class='ocrx_word' id='word_1_407' title='bbox 1737 4132 1936 4186; x_wconf 85' lang='lat' dir='ltr'><strong>confir-</strong></span> 
     </span>
    </p>
   </div>
   <div class='ocr_carea' id='block_1_63' title="bbox 336 4199 1934 4258">
    <p class='ocr_par' dir='ltr' id='par_1_63' title="bbox 336 4199 1934 4258">
     <span class='ocr_line' id='line_1_64' title="bbox 336 4199 1934 4258; baseline 0.004 -10"><span class='ocrx_word' id='word_1_408' title='bbox 336 4201 626 4253; x_wconf 80' lang='lat' dir='ltr'><strong>matellam</strong></span> <span class='ocrx_word' id='word_1_409' title='bbox 650 4199 819 4253; x_wconf 78' lang='lat' dir='ltr'><strong>codex</strong></span> <span class='ocrx_word' id='word_1_410' title='bbox 845 4211 1035 4258; x_wconf 84' lang='lat' dir='ltr'><strong>IllSlllS.</strong></span> <span class='ocrx_word' id='word_1_411' title='bbox 1058 4211 1193 4256; x_wconf 88' lang='lat' dir='ltr'><strong>teste</strong></span> <span class='ocrx_word' id='word_1_412' title='bbox 1229 4200 1533 4256; x_wconf 86' lang='lat' dir='ltr'><strong>Stewechin</strong></span> <span class='ocrx_word' id='word_1_413' title='bbox 1553 4213 1604 4256; x_wconf 90' lang='lat' dir='ltr'><strong>et</strong></span> <span class='ocrx_word' id='word_1_414' title='bbox 1624 4201 1689 4256; x_wconf 90' lang='lat' dir='ltr'><strong>N.</strong></span> <span class='ocrx_word' id='word_1_415' title='bbox 1711 4203 1934 4257; x_wconf 86' lang='lat' dir='ltr'><strong>Heinsio</strong></span> 
     </span>
    </p>
   </div>
   <div class='ocr_carea' id='block_1_64' title="bbox 335 4264 1932 4335">
    <p class='ocr_par' dir='ltr' id='par_1_64' title="bbox 335 4264 1932 4335">
     <span class='ocr_line' id='line_1_65' title="bbox 335 4264 1932 4335; baseline 0.006 -17"><span class='ocrx_word' id='word_1_416' title='bbox 335 4264 388 4319; x_wconf 92' lang='lat' dir='ltr'><strong>in</strong></span> <span class='ocrx_word' id='word_1_417' title='bbox 422 4265 656 4335; x_wconf 78' lang='lat' dir='ltr'><strong>Epistula</strong></span> <span class='ocrx_word' id='word_1_418' title='bbox 688 4270 752 4323; x_wconf 88' lang='lat' dir='ltr'><strong>ad</strong></span> <span class='ocrx_word' id='word_1_419' title='bbox 785 4269 1054 4326; x_wconf 67' lang='lat' dir='ltr'><strong>Grtrvinm</strong></span> <span class='ocrx_word' id='word_1_420' title='bbox 1089 4273 1249 4326; x_wconf 69' lang='lat' dir='ltr'><strong>modo</strong></span> <span class='ocrx_word' id='word_1_421' title='bbox 1275 4274 1455 4326; x_wconf 82' lang='lat' dir='ltr'><strong>citata.</strong></span> <span class='ocrx_word' id='word_1_422' title='bbox 1487 4273 1551 4327; x_wconf 85' lang='lat' dir='ltr'><strong>Et</strong></span> <span class='ocrx_word' id='word_1_423' title='bbox 1583 4275 1802 4328; x_wconf 80' lang='lat' dir='ltr'><strong>omnino</strong></span> <span class='ocrx_word' id='word_1_424' title='bbox 1825 4275 1932 4328; x_wconf 89' lang='lat' dir='ltr'><strong>cir-</strong></span> 
     </span>
    </p>
   </div>
   <div class='ocr_carea' id='block_1_65' title="bbox 333 4341 1930 4413">
    <p class='ocr_par' dir='ltr' id='par_1_65' title="bbox 333 4341 1930 4413">
     <span class='ocr_line' id='line_1_66' title="bbox 333 4341 1930 4413; baseline 0.005 -23"><span class='ocrx_word' id='word_1_425' title='bbox 333 4341 629 4413; x_wconf 78' lang='lat' dir='ltr'><strong>cumretitus</strong></span> <span class='ocrx_word' id='word_1_426' title='bbox 663 4343 864 4409; x_wconf 90' lang='lat' dir='ltr'><strong>optime</strong></span> <span class='ocrx_word' id='word_1_427' title='bbox 901 4343 1188 4411; x_wconf 85' lang='lat' dir='ltr'><strong>respondet</strong></span> <span class='ocrx_word' id='word_1_428' title='bbox 1221 4345 1484 4412; x_wconf 83' lang='lat' dir='ltr'><strong>indagini,</strong></span> <span class='ocrx_word' id='word_1_429' title='bbox 1529 4344 1684 4410; x_wconf 82' lang='lat' dir='ltr'><strong>cujus</strong></span> <span class='ocrx_word' id='word_1_430' title='bbox 1717 4345 1930 4413; x_wconf 88' lang='lat' dir='ltr'><strong>propria</strong></span> 
     </span>
    </p>
   </div>
   <div class='ocr_carea' id='block_1_66' title="bbox 333 4409 1928 4485">
    <p class='ocr_par' dir='ltr' id='par_1_66' title="bbox 333 4409 1928 4485">
     <span class='ocr_line' id='line_1_67' title="bbox 333 4409 1928 4485; baseline 0.004 -21"><span class='ocrx_word' id='word_1_431' title='bbox 333 4409 490 4464; x_wconf 90' lang='lat' dir='ltr'><strong>sedes</strong></span> <span class='ocrx_word' id='word_1_432' title='bbox 506 4410 556 4464; x_wconf 90' lang='lat' dir='ltr'><strong>in</strong></span> <span class='ocrx_word' id='word_1_433' title='bbox 580 4423 779 4468; x_wconf 85' lang='lat' dir='ltr'><strong>venatu</strong></span> <span class='ocrx_word' id='word_1_434' title='bbox 799 4423 853 4468; x_wconf 91' lang='lat' dir='ltr'><strong>et</strong></span> <span class='ocrx_word' id='word_1_435' title='bbox 875 4414 941 4468; x_wconf 88' lang='lat' dir='ltr'><strong>ad</strong></span> <span class='ocrx_word' id='word_1_436' title='bbox 965 4409 1116 4469; x_wconf 81' lang='lat' dir='ltr'><strong>retia.</strong></span> <span class='ocrx_word' id='word_1_437' title='bbox 1141 4414 1230 4470; x_wconf 91' lang='lat' dir='ltr'><strong>Sic</strong></span> <span class='ocrx_word' id='word_1_438' title='bbox 1250 4409 1518 4485; x_wconf 75' lang='lat' dir='ltr'><strong>Virgilius.</strong></span> <span class='ocrx_word' id='word_1_439' title='bbox 1539 4409 1689 4481; x_wconf 69' lang='lat' dir='ltr'><strong>Em,</strong></span> <span class='ocrx_word' id='word_1_440' title='bbox 1710 4409 1781 4481; x_wconf 81' lang='lat' dir='ltr'><strong>iv,</strong></span> <span class='ocrx_word' id='word_1_441' title='bbox 1803 4417 1928 4470; x_wconf 69' lang='grc' dir='ltr'><strong>ηις</strong></span> 
     </span>
    </p>
   </div>
   <div class='ocr_carea' id='block_1_67' title="bbox 584 4503 1646 4568">
    <p class='ocr_par' dir='ltr' id='par_1_67' title="bbox 584 4503 1646 4568">
     <span class='ocr_line' id='line_1_68' title="bbox 584 4503 1646 4568; baseline 0.004 -17"><span class='ocrx_word' id='word_1_442' title='bbox 584 4539 598 4552; x_wconf 94' lang='grc'><strong>.</strong></span> <span class='ocrx_word' id='word_1_443' title='bbox 639 4541 649 4551; x_wconf 94' lang='grc'><strong>.</strong></span> <span class='ocrx_word' id='word_1_444' title='bbox 694 4543 703 4553; x_wconf 94' lang='grc'><strong>.</strong></span> <span class='ocrx_word' id='word_1_445' title='bbox 745 4541 756 4552; x_wconf 95' lang='grc'><strong>.</strong></span> <span class='ocrx_word' id='word_1_446' title='bbox 795 4543 806 4553; x_wconf 92' lang='grc'><strong>.</strong></span> <span class='ocrx_word' id='word_1_447' title='bbox 847 4538 860 4551; x_wconf 94' lang='grc'><strong>.</strong></span> <span class='ocrx_word' id='word_1_448' title='bbox 895 4503 1154 4568; x_wconf 87' lang='lat' dir='ltr'><strong>Saltusque</strong></span> <span class='ocrx_word' id='word_1_449' title='bbox 1181 4506 1408 4568; x_wconf 83' lang='lat' dir='ltr'><strong>indagine</strong></span> <span class='ocrx_word' id='word_1_450' title='bbox 1425 4506 1646 4565; x_wconf 82' lang='lat' dir='ltr'><strong>cingunt.</strong></span> 
     </span>
    </p>
   </div>
   <div class='ocr_carea' id='block_1_68' title="bbox 331 4584 1932 4654">
    <p class='ocr_par' dir='ltr' id='par_1_68' title="bbox 331 4584 1932 4654">
     <span class='ocr_line' id='line_1_69' title="bbox 331 4584 1932 4654; baseline 0.002 -14"><span class='ocrx_word' id='word_1_451' title='bbox 331 4584 394 4640; x_wconf 89' lang='lat' dir='ltr'><strong>Et</strong></span> <span class='ocrx_word' id='word_1_452' title='bbox 425 4587 612 4642; x_wconf 85' lang='lat' dir='ltr'><strong>eodem</strong></span> <span class='ocrx_word' id='word_1_453' title='bbox 640 4587 800 4642; x_wconf 78' lang='lat' dir='ltr'><strong>modo</strong></span> <span class='ocrx_word' id='word_1_454' title='bbox 820 4588 1236 4654; x_wconf 82' lang='lat' dir='ltr'><strong>Arnobiusinlra</strong></span> <span class='ocrx_word' id='word_1_455' title='bbox 1263 4590 1351 4642; x_wconf 91' lang='lat' dir='ltr'><strong>lib.</strong></span> <span class='ocrx_word' id='word_1_456' title='bbox 1400 4604 1454 4644; x_wconf 89' lang='lat' dir='ltr'><strong>v.</strong></span> <span class='ocrx_word' id='word_1_457' title='bbox 1480 4603 1528 4642; x_wconf 91' lang='lat' dir='ltr'><strong>c.</strong></span> <span class='ocrx_word' id='word_1_458' title='bbox 1561 4588 1618 4641; x_wconf 76' lang='grc' dir='ltr'><strong><em>Η</em></strong></span> <span class='ocrx_word' id='word_1_459' title='bbox 1653 4604 1666 4641; x_wconf 92' lang='lat'>:</span> <span class='ocrx_word' id='word_1_460' title='bbox 1700 4587 1850 4654; x_wconf 80' lang='lat' dir='ltr'><strong>Quod</strong></span> <span class='ocrx_word' id='word_1_461' title='bbox 1877 4589 1932 4643; x_wconf 92' lang='lat' dir='ltr'><strong>in</strong></span> 
     </span>
    </p>
   </div>
   <div class='ocr_carea' id='block_1_69' title="bbox 333 4657 1932 4714">
    <p class='ocr_par' dir='ltr' id='par_1_69' title="bbox 333 4657 1932 4714">
     <span class='ocr_line' id='line_1_70' title="bbox 333 4657 1932 4714; baseline 0.001 -5"><span class='ocrx_word' id='word_1_462' title='bbox 333 4658 583 4711; x_wconf 79' lang='lat' dir='ltr'><strong>adulterio</strong></span> <span class='ocrx_word' id='word_1_463' title='bbox 604 4660 818 4714; x_wconf 78' lang='lat' dir='ltr'><strong>dicimus</strong></span> <span class='ocrx_word' id='word_1_464' title='bbox 851 4659 1062 4713; x_wconf 82' lang='lat' dir='ltr'><strong>Martem</strong></span> <span class='ocrx_word' id='word_1_465' title='bbox 1093 4671 1138 4713; x_wconf 88' lang='lat' dir='ltr'><strong>et</strong></span> <span class='ocrx_word' id='word_1_466' title='bbox 1167 4660 1404 4713; x_wconf 82' lang='lat' dir='ltr'><strong>Venerem</strong></span> <span class='ocrx_word' id='word_1_467' title='bbox 1442 4657 1656 4710; x_wconf 83' lang='lat' dir='ltr'><strong>Vulcani</strong></span> <span class='ocrx_word' id='word_1_468' title='bbox 1687 4674 1793 4710; x_wconf 85' lang='lat' dir='ltr'><strong>esse</strong></span> <span class='ocrx_word' id='word_1_469' title='bbox 1831 4659 1932 4712; x_wconf 86' lang='lat' dir='ltr'><strong>cir-</strong></span> 
     </span>
    </p>
   </div>
   <div class='ocr_carea' id='block_1_70' title="bbox 333 4727 1926 4799">
    <p class='ocr_par' dir='ltr' id='par_1_70' title="bbox 333 4727 1926 4799">
     <span class='ocr_line' id='line_1_71' title="bbox 333 4727 1926 4799; baseline 0.001 -19"><span class='ocrx_word' id='word_1_470' title='bbox 333 4733 622 4799; x_wconf 74' lang='lat' dir='ltr'><strong>cumretitos</strong></span> <span class='ocrx_word' id='word_1_471' title='bbox 638 4741 762 4784; x_wconf 85' lang='lat' dir='ltr'><strong>arte.</strong></span> <span class='ocrx_word' id='word_1_472' title='bbox 797 4730 964 4785; x_wconf 76' lang='lat' dir='ltr'><strong>Antea</strong></span> <span class='ocrx_word' id='word_1_473' title='bbox 985 4731 1260 4799; x_wconf 82' lang='lat' dir='ltr'><strong>legebatur</strong></span> <span class='ocrx_word' id='word_1_474' title='bbox 1296 4729 1670 4797; x_wconf 83' lang='lat' dir='ltr'><strong>circumpetitus</strong></span> <span class='ocrx_word' id='word_1_475' title='bbox 1724 4727 1926 4782; x_wconf 79' lang='lat' dir='ltr'><strong>ORELL.</strong></span> 
     </span>
    </p>
   </div>
   <div class='ocr_carea' id='block_1_71' title="bbox 412 4798 1930 4856">
    <p class='ocr_par' dir='ltr' id='par_1_71' title="bbox 412 4798 1930 4856">
     <span class='ocr_line' id='line_1_72' title="bbox 412 4798 1930 4856; baseline 0.002 -6"><span class='ocrx_word' id='word_1_476' title='bbox 412 4798 769 4856; x_wconf 78' lang='lat' dir='ltr'><strong>Maceratione.</strong></span> <span class='ocrx_word' id='word_1_477' title='bbox 790 4802 983 4856; x_wconf 85' lang='lat' dir='ltr'><strong>Mcnrs.</strong></span> <span class='ocrx_word' id='word_1_478' title='bbox 1016 4798 1214 4854; x_wconf 83' lang='lat' dir='ltr'><strong>mavult</strong></span> <span class='ocrx_word' id='word_1_479' title='bbox 1242 4801 1485 4852; x_wconf 85' lang='lat' dir='ltr'><strong>viscerum</strong></span> <span class='ocrx_word' id='word_1_480' title='bbox 1507 4799 1831 4850; x_wconf 79' lang='lat' dir='ltr'><strong>laceratione.</strong></span> <span class='ocrx_word' id='word_1_481' title='bbox 1861 4799 1930 4853; x_wconf 82' lang='lat' dir='ltr'><strong>At</strong></span> 
     </span>
    </p>
   </div>
   <div class='ocr_carea' id='block_1_72' title="bbox 335 4866 1929 4928">
    <p class='ocr_par' dir='ltr' id='par_1_72' title="bbox 335 4866 1929 4928">
     <span class='ocr_line' id='line_1_73' title="bbox 335 4866 1929 4928; baseline 0.001 -6"><span class='ocrx_word' id='word_1_482' title='bbox 335 4869 472 4923; x_wconf 85' lang='lat' dir='ltr'><strong>bene</strong></span> <span class='ocrx_word' id='word_1_483' title='bbox 498 4871 647 4925; x_wconf 74' lang='lat' dir='ltr'><strong>habet</strong></span> <span class='ocrx_word' id='word_1_484' title='bbox 685 4873 1061 4928; x_wconf 89' lang='lat' dir='ltr'><strong>maceratione:</strong></span> <span class='ocrx_word' id='word_1_485' title='bbox 1084 4871 1253 4925; x_wconf 90' lang='lat' dir='ltr'><strong>innuit</strong></span> <span class='ocrx_word' id='word_1_486' title='bbox 1277 4869 1392 4923; x_wconf 88' lang='lat' dir='ltr'><strong>scil.</strong></span> <span class='ocrx_word' id='word_1_487' title='bbox 1428 4866 1697 4922; x_wconf 81' lang='lat' dir='ltr'><strong>Arnobius</strong></span> <span class='ocrx_word' id='word_1_488' title='bbox 1725 4868 1929 4924; x_wconf 77' lang='lat' dir='ltr'><strong>viscera</strong></span> 
     </span>
    </p>
   </div>
   <div class='ocr_carea' id='block_1_73' title="bbox 334 4936 1927 5010">
    <p class='ocr_par' dir='ltr' id='par_1_73' title="bbox 334 4936 1927 5010">
     <span class='ocr_line' id='line_1_74' title="bbox 334 4936 1927 5010; baseline 0.001 -18"><span class='ocrx_word' id='word_1_489' title='bbox 334 4940 410 5010; x_wconf 89' lang='lat' dir='ltr'><strong>(id</strong></span> <span class='ocrx_word' id='word_1_490' title='bbox 438 4951 518 4996; x_wconf 86' lang='lat' dir='ltr'><strong>est</strong></span> <span class='ocrx_word' id='word_1_491' title='bbox 549 4957 786 5010; x_wconf 83' lang='lat' dir='ltr'><strong>carnem,</strong></span> <span class='ocrx_word' id='word_1_492' title='bbox 811 4941 1066 5009; x_wconf 77' lang='lat' dir='ltr'><strong>quidquid</strong></span> <span class='ocrx_word' id='word_1_493' title='bbox 1093 4943 1194 4996; x_wconf 89' lang='lat' dir='ltr'><strong>sub</strong></span> <span class='ocrx_word' id='word_1_494' title='bbox 1218 4951 1339 4995; x_wconf 88' lang='lat' dir='ltr'><strong>cute</strong></span> <span class='ocrx_word' id='word_1_495' title='bbox 1360 4936 1508 5009; x_wconf 86' lang='lat' dir='ltr'><strong>latet)</strong></span> <span class='ocrx_word' id='word_1_496' title='bbox 1538 4952 1746 4992; x_wconf 89' lang='lat' dir='ltr'><strong>veneno</strong></span> <span class='ocrx_word' id='word_1_497' title='bbox 1767 4954 1927 4994; x_wconf 82' lang='lat' dir='ltr'><strong>exesa</strong></span> 
     </span>
    </p>
   </div>
   <div class='ocr_carea' id='block_1_74' title="bbox 330 5013 1905 5090">
    <p class='ocr_par' dir='ltr' id='par_1_74' title="bbox 330 5013 1905 5090">
     <span class='ocr_line' id='line_1_75' title="bbox 330 5013 1905 5090; baseline 0.023 -24"><span class='ocrx_word' id='word_1_498' title='bbox 330 5021 387 5066; x_wconf 91' lang='lat' dir='ltr'><strong>ct</strong></span> <span class='ocrx_word' id='word_1_499' title='bbox 418 5013 761 5090; x_wconf 57' lang='lat' dir='ltr'><strong>Liqtlt‘scetttia</strong></span> <span class='ocrx_word' id='word_1_500' title='bbox 781 5087 791 5090; x_wconf 26' lang='grc' dir='ltr'><strong>Α</strong></span> <span class='ocrx_word' id='word_1_501' title='bbox 813 5015 1033 5090; x_wconf 67' lang='grc' dir='ltr'><strong>Οιιιεμιε⁸</strong></span> <span class='ocrx_word' id='word_1_502' title='bbox 1229 5083 1239 5090; x_wconf 92' lang='lat'><strong>_</strong></span> <span class='ocrx_word' id='word_1_503' title='bbox 1691 5087 1701 5090; x_wconf 91' lang='lat'><strong>-</strong></span> <span class='ocrx_word' id='word_1_504' title='bbox 1873 5078 1905 5090; x_wconf 85' lang='lat'><strong>--</strong></span> 
     </span>
    </p>
   </div>
   <div class='ocr_carea' id='block_1_75' title="bbox 405 5079 1925 5156">
    <p class='ocr_par' dir='ltr' id='par_1_75' title="bbox 405 5079 1925 5156">
     <span class='ocr_line' id='line_1_76' title="bbox 405 5079 1925 5156; baseline -0.004 -20"><span class='ocrx_word' id='word_1_505' title='bbox 405 5083 539 5152; x_wconf 82' lang='lat' dir='ltr'><strong>Quin</strong></span> <span class='ocrx_word' id='word_1_506' title='bbox 580 5097 627 5138; x_wconf 89' lang='lat' dir='ltr'><strong>et</strong></span> <span class='ocrx_word' id='word_1_507' title='bbox 652 5087 740 5141; x_wconf 86' lang='lat' dir='ltr'><strong>ille</strong></span> <span class='ocrx_word' id='word_1_508' title='bbox 773 5087 826 5140; x_wconf 88' lang='lat' dir='ltr'><strong>in</strong></span> <span class='ocrx_word' id='word_1_509' title='bbox 869 5085 1058 5156; x_wconf 75' lang='lat' dir='ltr'><strong>fabalis</strong></span> <span class='ocrx_word' id='word_1_510' title='bbox 1101 5083 1354 5156; x_wconf 76' lang='lat' dir='ltr'><strong>maximus</strong></span> <span class='ocrx_word' id='word_1_511' title='bbox 1396 5079 1486 5135; x_wconf 88' lang='lat' dir='ltr'><strong>ille</strong></span> <span class='ocrx_word' id='word_1_512' title='bbox 1525 5087 1762 5150; x_wconf 88' lang='lat' dir='ltr'><strong>regnator</strong></span> <span class='ocrx_word' id='word_1_513' title='bbox 1799 5079 1925 5149; x_wconf 85' lang='lat' dir='ltr'><strong>poli.</strong></span> 
     </span>
    </p>
   </div>
   <div class='ocr_carea' id='block_1_76' title="bbox 331 5152 1304 5228">
    <p class='ocr_par' dir='ltr' id='par_1_76' title="bbox 331 5152 1304 5228">
     <span class='ocr_line' id='line_1_77' title="bbox 331 5152 1304 5228; baseline -0.001 -21"><span class='ocrx_word' id='word_1_514' title='bbox 331 5152 652 5212; x_wconf 71' lang='lat' dir='ltr'><strong>Prudentius</strong></span> <span class='ocrx_word' id='word_1_515' title='bbox 674 5157 724 5211; x_wconf 93' lang='lat' dir='ltr'><strong>in</strong></span> <span class='ocrx_word' id='word_1_516' title='bbox 754 5152 1010 5228; x_wconf 83' lang='lat' dir='ltr'><strong>Mat-tyrio</strong></span> <span class='ocrx_word' id='word_1_517' title='bbox 1039 5153 1261 5209; x_wconf 81' lang='lat' dir='ltr'><strong>Romani</strong></span> <span class='ocrx_word' id='word_1_518' title='bbox 1290 5170 1304 5206; x_wconf 92' lang='lat'>:</span> 
     </span>
    </p>
   </div>
   <div class='ocr_carea' id='block_1_77' title="bbox 423 5243 1488 5358">
    <p class='ocr_par' dir='ltr' id='par_1_77' title="bbox 423 5243 1488 5358">
     <span class='ocr_line' id='line_1_78' title="bbox 423 5243 1488 5358; baseline -0.008 -60"><span class='ocrx_word' id='word_1_519' title='bbox 423 5246 619 5358; x_wconf 60' lang='lat' dir='ltr'><strong>CyFnus</strong></span> <span class='ocrx_word' id='word_1_520' title='bbox 640 5255 888 5311; x_wconf 86' lang='lat' dir='ltr'><strong>stuprator</strong></span> <span class='ocrx_word' id='word_1_521' title='bbox 915 5255 1084 5322; x_wconf 66' lang='lat' dir='ltr'><strong>peccat</strong></span> <span class='ocrx_word' id='word_1_522' title='bbox 1109 5247 1239 5296; x_wconf 88' lang='lat' dir='ltr'><strong>inter</strong></span> <span class='ocrx_word' id='word_1_523' title='bbox 1265 5243 1450 5317; x_wconf 72' lang='lat' dir='ltr'><strong>pulpita</strong></span> <span class='ocrx_word' id='word_1_524' title='bbox 1475 5256 1488 5291; x_wconf 90' lang='lat'><strong><em>:</em></strong></span> 
     </span>
     <span class='ocr_line' id='line_1_79' title="bbox 425 5308 1411 5358; baseline -0.005 0"><span class='ocrx_word' id='word_1_525' title='bbox 425 5310 488 5358; x_wconf 88' lang='lat' dir='ltr'><strong>Sa</strong></span> <span class='ocrx_word' id='word_1_526' title='bbox 513 5317 583 5358; x_wconf 90' lang='lat' dir='ltr'><strong>tat</strong></span> <span class='ocrx_word' id='word_1_527' title='bbox 603 5317 855 5358; x_wconf 80' lang='lat' dir='ltr'><strong>tonantem</strong></span> <span class='ocrx_word' id='word_1_528' title='bbox 879 5320 1208 5358; x_wconf 81' lang='lat' dir='ltr'><strong>tauricornem</strong></span> <span class='ocrx_word' id='word_1_529' title='bbox 1233 5308 1411 5356; x_wconf 78' lang='lat' dir='ltr'><strong>ludius.</strong></span> 
     </span>
    </p>
   </div>
   <div class='ocr_carea' id='block_1_78' title="bbox 425 5308 1411 5361">
    <p class='ocr_par' dir='ltr' id='par_1_78' title="bbox 425 5308 1411 5361">
     <span class='ocr_line' id='line_1_80' title="bbox 425 5308 1411 5361; baseline -0.004 -4"><span class='ocrx_word' id='word_1_530' title='bbox 425 5308 583 5361; x_wconf 80' lang='lat' dir='ltr'><strong>saltat</strong></span> <span class='ocrx_word' id='word_1_531' title='bbox 603 5308 855 5361; x_wconf 81' lang='lat' dir='ltr'><strong>tonantem</strong></span> <span class='ocrx_word' id='word_1_532' title='bbox 879 5308 1208 5360; x_wconf 82' lang='lat' dir='ltr'><strong>tauricornem</strong></span> <span class='ocrx_word' id='word_1_533' title='bbox 1233 5308 1411 5356; x_wconf 89' lang='lat' dir='ltr'><strong>ludius.</strong></span> 
     </span>
    </p>
   </div>
   <div class='ocr_carea' id='block_1_79' title="bbox 421 5364 1582 5435">
    <p class='ocr_par' dir='ltr' id='par_1_79' title="bbox 421 5364 1582 5435">
     <span class='ocr_line' id='line_1_81' title="bbox 421 5364 1582 5435; baseline 0.001 -13"><span class='ocrx_word' id='word_1_534' title='bbox 421 5373 683 5435; x_wconf 74' lang='lat' dir='ltr'><strong>Spectator</strong></span> <span class='ocrx_word' id='word_1_535' title='bbox 706 5374 900 5435; x_wconf 84' lang='lat' dir='ltr'><strong>horum,</strong></span> <span class='ocrx_word' id='word_1_536' title='bbox 923 5372 1150 5423; x_wconf 77' lang='lat' dir='ltr'><strong>Pontifex</strong></span> <span class='ocrx_word' id='word_1_537' title='bbox 1167 5364 1582 5435; x_wconf 63' lang='lat' dir='ltr'><strong>Sttmmtts,s(!des.</strong></span> 
     </span>
    </p>
   </div>
   <div class='ocr_carea' id='block_1_80' title="bbox 418 5429 1471 5498">
    <p class='ocr_par' dir='ltr' id='par_1_80' title="bbox 418 5429 1471 5498">
     <span class='ocr_line' id='line_1_82' title="bbox 418 5429 1471 5498; baseline -0.009 -14"><span class='ocrx_word' id='word_1_538' title='bbox 418 5429 674 5498; x_wconf 60' lang='lat' dir='ltr'><strong>[ﬁdesque</strong></span> <span class='ocrx_word' id='word_1_539' title='bbox 701 5443 752 5486; x_wconf 81' lang='lat' dir='ltr'><strong>et</strong></span> <span class='ocrx_word' id='word_1_540' title='bbox 776 5429 1029 5498; x_wconf 46' lang='lat' dir='ltr'><strong>ipsecnec</strong></span> <span class='ocrx_word' id='word_1_541' title='bbox 1054 5429 1471 5498; x_wconf 26' lang='lat' dir='ltr'><strong>negaudo‘dilujs,</strong></span> 
     </span>
    </p>
   </div>
   <div class='ocr_carea' id='block_1_81' title="bbox 420 5491 1592 5560">
    <p class='ocr_par' dir='ltr' id='par_1_81' title="bbox 420 5491 1592 5560">
     <span class='ocr_line' id='line_1_83' title="bbox 420 5491 1592 5560; baseline -0.008 -13"><span class='ocrx_word' id='word_1_542' title='bbox 420 5497 538 5547; x_wconf 84' lang='lat' dir='ltr'><strong>Cum</strong></span> <span class='ocrx_word' id='word_1_543' title='bbox 562 5491 688 5548; x_wconf 77' lang='lat' dir='ltr'><strong>fama</strong></span> <span class='ocrx_word' id='word_1_544' title='bbox 713 5491 833 5549; x_wconf 79' lang='lat' dir='ltr'><strong>lanii</strong></span> <span class='ocrx_word' id='word_1_545' title='bbox 855 5491 1096 5560; x_wconf 84' lang='lat' dir='ltr'><strong>polluatur</strong></span> <span class='ocrx_word' id='word_1_546' title='bbox 1121 5491 1349 5545; x_wconf 78' lang='lat' dir='ltr'><strong>numinis.</strong></span> <span class='ocrx_word' id='word_1_547' title='bbox 1377 5491 1592 5539; x_wconf 68' lang='lat' dir='ltr'><strong>Henna).</strong></span> 
     </span>
    </p>
   </div>
   <div class='ocr_carea' id='block_1_82' title="bbox 403 5570 1930 5649">
    <p class='ocr_par' dir='ltr' id='par_1_82' title="bbox 403 5570 1930 5649">
     <span class='ocr_line' id='line_1_84' title="bbox 403 5570 1930 5649; baseline -0.005 -15"><span class='ocrx_word' id='word_1_548' title='bbox 403 5579 528 5634; x_wconf 86' lang='lat' dir='ltr'><strong>Sine</strong></span> <span class='ocrx_word' id='word_1_549' title='bbox 549 5582 658 5635; x_wconf 89' lang='lat' dir='ltr'><strong>ulla</strong></span> <span class='ocrx_word' id='word_1_550' title='bbox 686 5583 920 5636; x_wconf 83' lang='lat' dir='ltr'><strong>nominis.</strong></span> <span class='ocrx_word' id='word_1_551' title='bbox 953 5623 967 5635; x_wconf 98' lang='lat'><strong>.</strong></span> <span class='ocrx_word' id='word_1_552' title='bbox 1001 5621 1013 5633; x_wconf 96' lang='lat'><strong>.</strong></span> <span class='ocrx_word' id='word_1_553' title='bbox 1044 5621 1058 5635; x_wconf 95' lang='lat'><strong>.</strong></span> <span class='ocrx_word' id='word_1_554' title='bbox 1096 5619 1108 5632; x_wconf 96' lang='lat'><strong>.</strong></span> <span class='ocrx_word' id='word_1_555' title='bbox 1143 5617 1156 5632; x_wconf 92' lang='lat'><strong>.</strong></span> <span class='ocrx_word' id='word_1_556' title='bbox 1186 5575 1482 5649; x_wconf 74' lang='lat' dir='ltr'><strong>formidine,</strong></span> <span class='ocrx_word' id='word_1_557' title='bbox 1513 5572 1772 5628; x_wconf 87' lang='lat' dir='ltr'><strong>Meursius</strong></span> <span class='ocrx_word' id='word_1_558' title='bbox 1803 5570 1930 5643; x_wconf 87' lang='lat' dir='ltr'><strong>legit</strong></span> 
     </span>
    </p>
   </div>
   <div class='ocr_carea' id='block_1_83' title="bbox 325 5651 992 5708">
    <p class='ocr_par' dir='ltr' id='par_1_83' title="bbox 325 5651 992 5708">
     <span class='ocr_line' id='line_1_85' title="bbox 325 5651 992 5708; baseline 0.009 -6"><span class='ocrx_word' id='word_1_559' title='bbox 325 5651 568 5708; x_wconf 84' lang='lat' dir='ltr'><strong>numinis.</strong></span> <span class='ocrx_word' id='word_1_560' title='bbox 595 5653 750 5707; x_wconf 83' lang='lat' dir='ltr'><strong>bene.</strong></span> <span class='ocrx_word' id='word_1_561' title='bbox 791 5654 992 5708; x_wconf 79' lang='lat' dir='ltr'><strong>OBELL.</strong></span> 
     </span>
    </p>
   </div>
   <div class='ocr_carea' id='block_1_84' title="bbox 405 5714 1929 5787">
    <p class='ocr_par' dir='ltr' id='par_1_84' title="bbox 405 5714 1929 5787">
     <span class='ocr_line' id='line_1_86' title="bbox 405 5714 1929 5787; baseline -0.003 -14"><span class='ocrx_word' id='word_1_562' title='bbox 405 5719 609 5776; x_wconf 85' lang='lat' dir='ltr'><strong>Fallere</strong></span> <span class='ocrx_word' id='word_1_563' title='bbox 633 5727 934 5778; x_wconf 85' lang='lat' dir='ltr'><strong>castitatem.</strong></span> <span class='ocrx_word' id='word_1_564' title='bbox 969 5723 1120 5780; x_wconf 76' lang='lat' dir='ltr'><strong>Fulv.</strong></span> <span class='ocrx_word' id='word_1_565' title='bbox 1153 5720 1379 5777; x_wconf 75' lang='lat' dir='ltr'><strong>Ursinus</strong></span> <span class='ocrx_word' id='word_1_566' title='bbox 1409 5714 1621 5787; x_wconf 84' lang='lat' dir='ltr'><strong>legend.</strong></span> <span class='ocrx_word' id='word_1_567' title='bbox 1653 5716 1796 5784; x_wconf 83' lang='lat' dir='ltr'><strong>conj.</strong></span> <span class='ocrx_word' id='word_1_568' title='bbox 1832 5717 1929 5769; x_wconf 86' lang='lat' dir='ltr'><strong>lol-</strong></span> 
     </span>
    </p>
   </div>
   <div class='ocr_carea' id='block_1_85' title="bbox 322 5787 1926 5856">
    <p class='ocr_par' dir='ltr' id='par_1_85' title="bbox 322 5787 1926 5856">
     <span class='ocr_line' id='line_1_87' title="bbox 322 5787 1926 5856; baseline -0.002 -9"><span class='ocrx_word' id='word_1_569' title='bbox 322 5792 426 5848; x_wconf 86' lang='lat' dir='ltr'><strong>lere</strong></span> <span class='ocrx_word' id='word_1_570' title='bbox 441 5795 745 5850; x_wconf 84' lang='lat' dir='ltr'><strong>castitatem.</strong></span> <span class='ocrx_word' id='word_1_571' title='bbox 763 5796 916 5852; x_wconf 85' lang='lat' dir='ltr'><strong>Male.</strong></span> <span class='ocrx_word' id='word_1_572' title='bbox 938 5795 1144 5853; x_wconf 84' lang='lat' dir='ltr'><strong>Fallere</strong></span> <span class='ocrx_word' id='word_1_573' title='bbox 1157 5792 1457 5852; x_wconf 87' lang='lat' dir='ltr'><strong>castitatem</strong></span> <span class='ocrx_word' id='word_1_574' title='bbox 1481 5787 1598 5845; x_wconf 83' lang='lat' dir='ltr'><strong>scil.</strong></span> <span class='ocrx_word' id='word_1_575' title='bbox 1617 5797 1701 5844; x_wconf 88' lang='lat' dir='ltr'><strong>est</strong></span> <span class='ocrx_word' id='word_1_576' title='bbox 1718 5787 1926 5856; x_wconf 86' lang='lat' dir='ltr'><strong>tollere,</strong></span> 
     </span>
    </p>
   </div>
   <div class='ocr_carea' id='block_1_86' title="bbox 2066 2067 3400 2137">
    <p class='ocr_par' dir='ltr' id='par_1_86' title="bbox 2066 2067 3400 2137">
     <span class='ocr_line' id='line_1_88' title="bbox 2066 2067 3400 2137; baseline 0.002 -16"><span class='ocrx_word' id='word_1_577' title='bbox 2066 2067 2380 2124; x_wconf 82' lang='lat' dir='ltr'><strong>subvertere</strong></span> <span class='ocrx_word' id='word_1_578' title='bbox 2401 2069 2701 2124; x_wconf 86' lang='lat' dir='ltr'><strong>castitatem</strong></span> <span class='ocrx_word' id='word_1_579' title='bbox 2729 2070 2886 2137; x_wconf 87' lang='lat' dir='ltr'><strong>dolis,</strong></span> <span class='ocrx_word' id='word_1_580' title='bbox 2914 2069 3156 2127; x_wconf 89' lang='lat' dir='ltr'><strong>fallaciis.</strong></span> <span class='ocrx_word' id='word_1_581' title='bbox 3191 2072 3400 2128; x_wconf 68' lang='lat' dir='ltr'><strong>Onus.</strong></span> 
     </span>
    </p>
   </div>
   <div class='ocr_carea' id='block_1_87' title="bbox 2138 2138 3666 2197">
    <p class='ocr_par' dir='ltr' id='par_1_87' title="bbox 2138 2138 3666 2197">
     <span class='ocr_line' id='line_1_89' title="bbox 2138 2138 3666 2197; baseline 0.003 -6"><span class='ocrx_word' id='word_1_582' title='bbox 2138 2138 2391 2194; x_wconf 84' lang='lat' dir='ltr'><strong>Familias</strong></span> <span class='ocrx_word' id='word_1_583' title='bbox 2453 2150 2690 2196; x_wconf 86' lang='lat' dir='ltr'><strong>matrum.</strong></span> <span class='ocrx_word' id='word_1_584' title='bbox 2752 2141 3104 2195; x_wconf 87' lang='lat' dir='ltr'><strong>Observanda</strong></span> <span class='ocrx_word' id='word_1_585' title='bbox 3173 2143 3489 2197; x_wconf 69' lang='lat' dir='ltr'><strong>itm-lentior</strong></span> <span class='ocrx_word' id='word_1_586' title='bbox 3551 2141 3666 2196; x_wconf 73' lang='lat' dir='ltr'><strong>htec</strong></span> 
     </span>
    </p>
   </div>
   <div class='ocr_carea' id='block_1_88' title="bbox 2063 2211 3662 2285">
    <p class='ocr_par' dir='ltr' id='par_1_88' title="bbox 2063 2211 3662 2285">
     <span class='ocr_line' id='line_1_90' title="bbox 2063 2211 3662 2285; baseline 0.001 -22"><span class='ocrx_word' id='word_1_587' title='bbox 2063 2211 2413 2285; x_wconf 61' lang='lat' dir='ltr'><strong>transtiositio</strong></span> <span class='ocrx_word' id='word_1_588' title='bbox 2437 2227 2532 2285; x_wconf 84' lang='lat' dir='ltr'><strong>pro</strong></span> <span class='ocrx_word' id='word_1_589' title='bbox 2559 2214 3028 2285; x_wconf 77' lang='lat' dir='ltr'><strong>matrumfamilias.</strong></span> <span class='ocrx_word' id='word_1_590' title='bbox 3061 2213 3662 2285; x_wconf 82' lang='lat' dir='ltr'><strong>Materfanulias_antem</strong></span> 
     </span>
    </p>
   </div>
   <div class='ocr_carea' id='block_1_89' title="bbox 2063 2280 3657 2354">
    <p class='ocr_par' dir='ltr' id='par_1_89' title="bbox 2063 2280 3657 2354">
     <span class='ocr_line' id='line_1_91' title="bbox 2063 2280 3657 2354; baseline 0.002 -21"><span class='ocrx_word' id='word_1_591' title='bbox 2063 2280 2259 2354; x_wconf 68' lang='lat' dir='ltr'><strong>dicitur</strong></span> <span class='ocrx_word' id='word_1_592' title='bbox 2278 2281 2491 2354; x_wconf 83' lang='lat' dir='ltr'><strong>Latinis</strong></span> <span class='ocrx_word' id='word_1_593' title='bbox 2508 2297 2642 2337; x_wconf 82' lang='lat' dir='ltr'><strong>uxor</strong></span> <span class='ocrx_word' id='word_1_594' title='bbox 2673 2280 2926 2348; x_wconf 76' lang='lat' dir='ltr'><strong>legitima,</strong></span> <span class='ocrx_word' id='word_1_595' title='bbox 2950 2287 3191 2353; x_wconf 75' lang='lat' dir='ltr'><strong>opposita</strong></span> <span class='ocrx_word' id='word_1_596' title='bbox 3225 2285 3421 2354; x_wconf 54' lang='lat' dir='ltr'><strong>pollici.</strong></span> <span class='ocrx_word' id='word_1_597' title='bbox 3449 2283 3657 2338; x_wconf 74' lang='lat' dir='ltr'><strong>OBELL.</strong></span> 
     </span>
    </p>
   </div>
   <div class='ocr_carea' id='block_1_90' title="bbox 2138 2351 3663 2423">
    <p class='ocr_par' dir='ltr' id='par_1_90' title="bbox 2138 2351 3663 2423">
     <span class='ocr_line' id='line_1_92' title="bbox 2138 2351 3663 2423; baseline 0.002 -19"><span class='ocrx_word' id='word_1_598' title='bbox 2138 2351 2244 2404; x_wconf 87' lang='lat' dir='ltr'><strong>Ora</strong></span> <span class='ocrx_word' id='word_1_599' title='bbox 2269 2353 2538 2406; x_wconf 89' lang='lat' dir='ltr'><strong>immutare</strong></span> <span class='ocrx_word' id='word_1_600' title='bbox 2566 2355 2801 2423; x_wconf 84' lang='lat' dir='ltr'><strong>pellacia.</strong></span> <span class='ocrx_word' id='word_1_601' title='bbox 2847 2354 2934 2409; x_wconf 88' lang='lat' dir='ltr'><strong>Sic</strong></span> <span class='ocrx_word' id='word_1_602' title='bbox 2951 2351 3134 2408; x_wconf 15' lang='lat' dir='ltr'><strong>ercud.</strong></span> <span class='ocrx_word' id='word_1_603' title='bbox 3177 2351 3338 2419; x_wconf 62' lang='lat' dir='ltr'><strong>msto,</strong></span> <span class='ocrx_word' id='word_1_604' title='bbox 3369 2354 3457 2423; x_wconf 88' lang='lat' dir='ltr'><strong>qui</strong></span> <span class='ocrx_word' id='word_1_605' title='bbox 3502 2355 3663 2408; x_wconf 84' lang='lat' dir='ltr'><strong>habet</strong></span> 
     </span>
    </p>
   </div>
   <div class='ocr_carea' id='block_1_91' title="bbox 2061 2421 3657 2490">
    <p class='ocr_par' dir='ltr' id='par_1_91' title="bbox 2061 2421 3657 2490">
     <span class='ocr_line' id='line_1_93' title="bbox 2061 2421 3657 2490; baseline 0.003 -16"><span class='ocrx_word' id='word_1_606' title='bbox 2061 2421 2264 2488; x_wconf 87' lang='lat' dir='ltr'><strong>ellacia,</strong></span> <span class='ocrx_word' id='word_1_607' title='bbox 2297 2421 2580 2490; x_wconf 81' lang='lat' dir='ltr'><strong>legendum</strong></span> <span class='ocrx_word' id='word_1_608' title='bbox 2609 2424 2793 2478; x_wconf 58' lang='lat' dir='ltr'><strong>dncnit</strong></span> <span class='ocrx_word' id='word_1_609' title='bbox 2821 2425 3178 2481; x_wconf 86' lang='lat' dir='ltr'><strong>Stewechius.</strong></span> <span class='ocrx_word' id='word_1_610' title='bbox 3201 2425 3271 2481; x_wconf 88' lang='lat' dir='ltr'><strong>Cf</strong></span> <span class='ocrx_word' id='word_1_611' title='bbox 3306 2421 3418 2478; x_wconf 81' lang='lat' dir='ltr'><strong>Nic.</strong></span> <span class='ocrx_word' id='word_1_612' title='bbox 3445 2423 3657 2484; x_wconf 88' lang='lat' dir='ltr'><strong>Heins.,</strong></span> 
     </span>
    </p>
   </div>
   <div class='ocr_carea' id='block_1_92' title="bbox 2062 2491 3661 2566">
    <p class='ocr_par' dir='ltr' id='par_1_92' title="bbox 2062 2491 3661 2566">
     <span class='ocr_line' id='line_1_94' title="bbox 2062 2491 3661 2566; baseline 0.001 -19"><span class='ocrx_word' id='word_1_613' title='bbox 2062 2491 2241 2566; x_wconf 76' lang='lat' dir='ltr'><strong>Epist.</strong></span> <span class='ocrx_word' id='word_1_614' title='bbox 2267 2493 2332 2547; x_wconf 89' lang='lat' dir='ltr'><strong>ad</strong></span> <span class='ocrx_word' id='word_1_615' title='bbox 2360 2493 2717 2566; x_wconf 62' lang='lat' dir='ltr'><strong>Crmv,,257.</strong></span> <span class='ocrx_word' id='word_1_616' title='bbox 2752 2495 2921 2550; x_wconf 83' lang='lat' dir='ltr'><strong>Antea</strong></span> <span class='ocrx_word' id='word_1_617' title='bbox 2967 2497 3244 2566; x_wconf 85' lang='lat' dir='ltr'><strong>legebatur</strong></span> <span class='ocrx_word' id='word_1_618' title='bbox 3270 2512 3360 2549; x_wconf 92' lang='lat' dir='ltr'><strong>ora</strong></span> <span class='ocrx_word' id='word_1_619' title='bbox 3390 2497 3661 2566; x_wconf 87' lang='lat' dir='ltr'><strong>immutare</strong></span> 
     </span>
    </p>
   </div>
   <div class='ocr_carea' id='block_1_93' title="bbox 2060 2564 3661 2636">
    <p class='ocr_par' dir='ltr' id='par_1_93' title="bbox 2060 2564 3661 2636">
     <span class='ocr_line' id='line_1_95' title="bbox 2060 2564 3661 2636; baseline 0.002 -20"><span class='ocrx_word' id='word_1_620' title='bbox 2060 2565 2295 2636; x_wconf 80' lang='lat' dir='ltr'><strong>fallacia.</strong></span> <span class='ocrx_word' id='word_1_621' title='bbox 2332 2564 2464 2636; x_wconf 90' lang='lat' dir='ltr'><strong>_Sed</strong></span> <span class='ocrx_word' id='word_1_622' title='bbox 2529 2565 2650 2621; x_wconf 91' lang='lat' dir='ltr'><strong>vide</strong></span> <span class='ocrx_word' id='word_1_623' title='bbox 2712 2582 2832 2636; x_wconf 67' lang='lat' dir='ltr'><strong>quae</strong></span> <span class='ocrx_word' id='word_1_624' title='bbox 2895 2564 3054 2636; x_wconf 81' lang='lat' dir='ltr'><strong>supra</strong></span> <span class='ocrx_word' id='word_1_625' title='bbox 3127 2567 3529 2623; x_wconf 88' lang='lat' dir='ltr'><strong>observavimus</strong></span> <span class='ocrx_word' id='word_1_626' title='bbox 3591 2565 3661 2619; x_wconf 90' lang='lat' dir='ltr'><strong>ad</strong></span> 
     </span>
    </p>
   </div>
   <div class='ocr_carea' id='block_1_94' title="bbox 2056 2634 2522 2704">
    <p class='ocr_par' dir='ltr' id='par_1_94' title="bbox 2056 2634 2522 2704">
     <span class='ocr_line' id='line_1_96' title="bbox 2056 2634 2522 2704; baseline 0.004 -16"><span class='ocrx_word' id='word_1_627' title='bbox 2056 2649 2176 2704; x_wconf 90' lang='lat' dir='ltr'><strong>cap.</strong></span> <span class='ocrx_word' id='word_1_628' title='bbox 2204 2635 2293 2691; x_wconf 77' lang='grc'><strong>28.</strong></span> <span class='ocrx_word' id='word_1_629' title='bbox 2319 2634 2522 2691; x_wconf 75' lang='grc' dir='ltr'>Οιιειι.</span> 
     </span>
    </p>
   </div>
   <div class='ocr_carea' id='block_1_95' title="bbox 2131 2705 3659 2779">
    <p class='ocr_par' dir='ltr' id='par_1_95' title="bbox 2131 2705 3659 2779">
     <span class='ocr_line' id='line_1_97' title="bbox 2131 2705 3659 2779; baseline 0 -19"><span class='ocrx_word' id='word_1_630' title='bbox 2131 2705 2196 2760; x_wconf 85' lang='lat' dir='ltr'><strong>Et</strong></span> <span class='ocrx_word' id='word_1_631' title='bbox 2222 2708 2274 2779; x_wconf 85' lang='lat' dir='ltr'><strong>in</strong></span> <span class='ocrx_word' id='word_1_632' title='bbox 2304 2709 2493 2779; x_wconf 80' lang='lat' dir='ltr'><strong>species</strong></span> <span class='ocrx_word' id='word_1_633' title='bbox 2513 2711 2789 2779; x_wconf 83' lang='lat' dir='ltr'><strong>coniugum</strong></span> <span class='ocrx_word' id='word_1_634' title='bbox 2817 2709 3052 2764; x_wconf 88' lang='lat' dir='ltr'><strong>subditivi</strong></span> <span class='ocrx_word' id='word_1_635' title='bbox 3077 2709 3310 2779; x_wconf 87' lang='lat' dir='ltr'><strong>corporis</strong></span> <span class='ocrx_word' id='word_1_636' title='bbox 3333 2707 3659 2779; x_wconf 85' lang='lat' dir='ltr'><strong>simulatione</strong></span> 
     </span>
    </p>
   </div>
   <div class='ocr_carea' id='block_1_96' title="bbox 2053 2777 3654 2852">
    <p class='ocr_par' dir='ltr' id='par_1_96' title="bbox 2053 2777 3654 2852">
     <span class='ocr_line' id='line_1_98' title="bbox 2053 2777 3654 2852; baseline 0 -22"><span class='ocrx_word' id='word_1_637' title='bbox 2053 2777 2580 2852; x_wconf 69' lang='lat' dir='ltr'><strong>succedere._Alludit</strong></span> <span class='ocrx_word' id='word_1_638' title='bbox 2602 2777 2682 2852; x_wconf 81' lang='lat' dir='ltr'><strong>ad</strong></span> <span class='ocrx_word' id='word_1_639' title='bbox 2700 2779 2871 2852; x_wconf 69' lang='lat' dir='ltr'><strong>Plauti</strong></span> <span class='ocrx_word' id='word_1_640' title='bbox 2890 2777 3365 2852; x_wconf 71' lang='lat' dir='ltr'><strong>Amphitryonem</strong></span> <span class='ocrx_word' id='word_1_641' title='bbox 3399 2778 3506 2852; x_wconf 67' lang='lat' dir='ltr'><strong>Pro</strong></span> <span class='ocrx_word' id='word_1_642' title='bbox 3531 2778 3654 2831; x_wconf 90' lang='lat' dir='ltr'><strong>sub-</strong></span> 
     </span>
    </p>
   </div>
   <div class='ocr_carea' id='block_1_97' title="bbox 2052 2848 3653 2918">
    <p class='ocr_par' dir='ltr' id='par_1_97' title="bbox 2052 2848 3653 2918">
     <span class='ocr_line' id='line_1_99' title="bbox 2052 2848 3653 2918; baseline 0.001 -17"><span class='ocrx_word' id='word_1_643' title='bbox 2052 2848 2195 2901; x_wconf 81' lang='lat' dir='ltr'><strong>ditiui</strong></span> <span class='ocrx_word' id='word_1_644' title='bbox 2233 2849 2322 2903; x_wconf 89' lang='lat' dir='ltr'><strong>alii</strong></span> <span class='ocrx_word' id='word_1_645' title='bbox 2355 2849 2538 2918; x_wconf 84' lang='lat' dir='ltr'><strong>legunt</strong></span> <span class='ocrx_word' id='word_1_646' title='bbox 2578 2849 2847 2906; x_wconf 87' lang='lat' dir='ltr'><strong>subdititii.</strong></span> <span class='ocrx_word' id='word_1_647' title='bbox 2878 2851 2982 2906; x_wconf 83' lang='lat' dir='ltr'><strong>Sed</strong></span> <span class='ocrx_word' id='word_1_648' title='bbox 3011 2848 3213 2907; x_wconf 79' lang='lat' dir='ltr'><strong>eodem</strong></span> <span class='ocrx_word' id='word_1_649' title='bbox 3247 2851 3408 2906; x_wconf 85' lang='lat' dir='ltr'><strong>modo</strong></span> <span class='ocrx_word' id='word_1_650' title='bbox 3430 2849 3653 2904; x_wconf 86' lang='lat' dir='ltr'><strong>Plautus</strong></span> 
     </span>
    </p>
   </div>
   <div class='ocr_carea' id='block_1_98' title="bbox 2055 2918 3111 2990">
    <p class='ocr_par' dir='ltr' id='par_1_98' title="bbox 2055 2918 3111 2990">
     <span class='ocr_line' id='line_1_100' title="bbox 2055 2918 3111 2990; baseline 0.005 -18"><span class='ocrx_word' id='word_1_651' title='bbox 2055 2918 2346 2990; x_wconf 67' lang='lat' dir='ltr'><strong>Amphitn,</strong></span> <span class='ocrx_word' id='word_1_652' title='bbox 2376 2929 2482 2974; x_wconf 88' lang='lat' dir='ltr'><strong>act.</strong></span> <span class='ocrx_word' id='word_1_653' title='bbox 2507 2937 2545 2986; x_wconf 85' lang='grc' dir='ltr'>ι,</span> <span class='ocrx_word' id='word_1_654' title='bbox 2572 2935 2718 2975; x_wconf 90' lang='lat' dir='ltr'><strong>scen.</strong></span> <span class='ocrx_word' id='word_1_655' title='bbox 2745 2937 2804 2986; x_wconf 90' lang='lat' dir='ltr'><strong>ll,</strong></span> <span class='ocrx_word' id='word_1_656' title='bbox 2835 2939 2974 2977; x_wconf 82' lang='lat' dir='ltr'><strong>vers.</strong></span> <span class='ocrx_word' id='word_1_657' title='bbox 3005 2922 3111 2977; x_wconf 72' lang='lat'><strong>25:</strong></span> 
     </span>
    </p>
   </div>
   <div class='ocr_carea' id='block_1_99' title="bbox 2146 3030 3430 3096">
    <p class='ocr_par' dir='ltr' id='par_1_99' title="bbox 2146 3030 3430 3096">
     <span class='ocr_line' id='line_1_101' title="bbox 2146 3030 3430 3096; baseline 0.003 -16"><span class='ocrx_word' id='word_1_658' title='bbox 2146 3030 2430 3096; x_wconf 78' lang='lat' dir='ltr'><strong>Amphitryo</strong></span> <span class='ocrx_word' id='word_1_659' title='bbox 2450 3032 2724 3083; x_wconf 90' lang='lat' dir='ltr'><strong>subditivus</strong></span> <span class='ocrx_word' id='word_1_660' title='bbox 2748 3046 2919 3084; x_wconf 88' lang='lat' dir='ltr'><strong>eccum</strong></span> <span class='ocrx_word' id='word_1_661' title='bbox 2945 3035 3050 3086; x_wconf 81' lang='lat' dir='ltr'><strong>exit</strong></span> <span class='ocrx_word' id='word_1_662' title='bbox 3070 3035 3218 3085; x_wconf 83' lang='lat' dir='ltr'><strong>foras.</strong></span> <span class='ocrx_word' id='word_1_663' title='bbox 3246 3033 3430 3084; x_wconf 76' lang='grc' dir='ltr'>Οιιειι..</span> 
     </span>
    </p>
   </div>
   <div class='ocr_carea' id='block_1_100' title="bbox 2126 3137 3653 3209">
    <p class='ocr_par' dir='ltr' id='par_1_100' title="bbox 2126 3137 3653 3209">
     <span class='ocr_line' id='line_1_102' title="bbox 2126 3137 3653 3209; baseline 0 -17"><span class='ocrx_word' id='word_1_664' title='bbox 2126 3137 2367 3193; x_wconf 81' lang='lat' dir='ltr'><strong>XXXVI.</strong></span> <span class='ocrx_word' id='word_1_665' title='bbox 2437 3169 2508 3180; x_wconf 90' lang='lat'><strong>-—</strong></span> <span class='ocrx_word' id='word_1_666' title='bbox 2556 3137 2887 3195; x_wconf 79' lang='lat' dir='ltr'><strong>Jocularibus</strong></span> <span class='ocrx_word' id='word_1_667' title='bbox 2931 3139 3188 3209; x_wconf 78' lang='lat' dir='ltr'><strong>feriuntur</strong></span> <span class='ocrx_word' id='word_1_668' title='bbox 3249 3137 3653 3209; x_wconf 84' lang='lat' dir='ltr'><strong>cavillationibus</strong></span> 
     </span>
    </p>
   </div>
   <div class='ocr_carea' id='block_1_101' title="bbox 2053 3208 3654 3280">
    <p class='ocr_par' dir='ltr' id='par_1_101' title="bbox 2053 3208 3654 3280">
     <span class='ocr_line' id='line_1_103' title="bbox 2053 3208 3654 3280; baseline -0.001 -18"><span class='ocrx_word' id='word_1_669' title='bbox 2053 3212 2283 3262; x_wconf 87' lang='lat' dir='ltr'><strong>numina.</strong></span> <span class='ocrx_word' id='word_1_670' title='bbox 2303 3209 2687 3276; x_wconf 87' lang='lat' dir='ltr'><strong>Tertullianus,</strong></span> <span class='ocrx_word' id='word_1_671' title='bbox 2705 3208 3014 3280; x_wconf 79' lang='lat' dir='ltr'><strong>Apologet..</strong></span> <span class='ocrx_word' id='word_1_672' title='bbox 3033 3227 3152 3280; x_wconf 88' lang='lat' dir='ltr'><strong>cap.</strong></span> <span class='ocrx_word' id='word_1_673' title='bbox 3176 3210 3266 3276; x_wconf 82' lang='lat' dir='ltr'><strong>l5,</strong></span> <span class='ocrx_word' id='word_1_674' title='bbox 3287 3211 3402 3264; x_wconf 90' lang='lat' dir='ltr'><strong>init.</strong></span> <span class='ocrx_word' id='word_1_675' title='bbox 3424 3219 3440 3264; x_wconf 71' lang='grc' dir='ltr'><strong>τ’</strong></span> <span class='ocrx_word' id='word_1_676' title='bbox 3459 3208 3654 3264; x_wconf 73' lang='lat' dir='ltr'><strong>Cretera</strong></span> 
     </span>
    </p>
   </div>
   <div class='ocr_carea' id='block_1_102' title="bbox 2051 3281 3653 3351">
    <p class='ocr_par' dir='ltr' id='par_1_102' title="bbox 2051 3281 3653 3351">
     <span class='ocr_line' id='line_1_104' title="bbox 2051 3281 3653 3351; baseline -0.001 -18"><span class='ocrx_word' id='word_1_677' title='bbox 2051 3281 2274 3351; x_wconf 62' lang='lat' dir='ltr'><strong>lasciviat</strong></span> <span class='ocrx_word' id='word_1_678' title='bbox 2303 3282 2506 3351; x_wconf 86' lang='lat' dir='ltr'><strong>ingenia</strong></span> <span class='ocrx_word' id='word_1_679' title='bbox 2543 3283 2694 3336; x_wconf 89' lang='lat' dir='ltr'><strong>etiam</strong></span> <span class='ocrx_word' id='word_1_680' title='bbox 2732 3282 3076 3349; x_wconf 83' lang='lat' dir='ltr'><strong>uoluptatibus</strong></span> <span class='ocrx_word' id='word_1_681' title='bbox 3111 3286 3286 3336; x_wconf 81' lang='lat' dir='ltr'><strong>uestris</strong></span> <span class='ocrx_word' id='word_1_682' title='bbox 3318 3299 3408 3350; x_wconf 87' lang='lat' dir='ltr'><strong>per</strong></span> <span class='ocrx_word' id='word_1_683' title='bbox 3441 3281 3653 3334; x_wconf 89' lang='lat' dir='ltr'><strong>deorum</strong></span> 
     </span>
    </p>
   </div>
   <div class='ocr_carea' id='block_1_103' title="bbox 2050 3350 3653 3424">
    <p class='ocr_par' dir='ltr' id='par_1_103' title="bbox 2050 3350 3653 3424">
     <span class='ocr_line' id='line_1_105' title="bbox 2050 3350 3653 3424; baseline 0.001 -21"><span class='ocrx_word' id='word_1_684' title='bbox 2050 3350 2268 3405; x_wconf 86' lang='lat' dir='ltr'><strong>dedecus</strong></span> <span class='ocrx_word' id='word_1_685' title='bbox 2288 3350 2587 3419; x_wconf 85' lang='lat' dir='ltr'><strong>operantur.</strong></span> <span class='ocrx_word' id='word_1_686' title='bbox 2621 3352 2871 3424; x_wconf 79' lang='lat' dir='ltr'><strong>Dispicite</strong></span> <span class='ocrx_word' id='word_1_687' title='bbox 2891 3352 3222 3407; x_wconf 87' lang='lat' dir='ltr'><strong>Lentulorum</strong></span> <span class='ocrx_word' id='word_1_688' title='bbox 3239 3365 3285 3406; x_wconf 87' lang='lat' dir='ltr'><strong>et</strong></span> <span class='ocrx_word' id='word_1_689' title='bbox 3312 3351 3653 3406; x_wconf 82' lang='lat' dir='ltr'><strong>Hostiliorum</strong></span> 
     </span>
    </p>
   </div>
   <div class='ocr_carea' id='block_1_104' title="bbox 2047 3424 3651 3487">
    <p class='ocr_par' dir='ltr' id='par_1_104' title="bbox 2047 3424 3651 3487">
     <span class='ocr_line' id='line_1_106' title="bbox 2047 3424 3651 3487; baseline 0.001 -14"><span class='ocrx_word' id='word_1_690' title='bbox 2047 3433 2544 3487; x_wconf 79' lang='lat' dir='ltr'><strong>venustates,utrum</strong></span> <span class='ocrx_word' id='word_1_691' title='bbox 2577 3426 2758 3478; x_wconf 88' lang='lat' dir='ltr'><strong>mimos</strong></span> <span class='ocrx_word' id='word_1_692' title='bbox 2786 3442 2852 3478; x_wconf 86' lang='lat' dir='ltr'><strong>an</strong></span> <span class='ocrx_word' id='word_1_693' title='bbox 2874 3427 2994 3477; x_wconf 86' lang='lat' dir='ltr'><strong>deos</strong></span> <span class='ocrx_word' id='word_1_694' title='bbox 3007 3434 3193 3478; x_wconf 84' lang='lat' dir='ltr'><strong>vestros</strong></span> <span class='ocrx_word' id='word_1_695' title='bbox 3223 3424 3275 3476; x_wconf 89' lang='lat' dir='ltr'><strong>in</strong></span> <span class='ocrx_word' id='word_1_696' title='bbox 3297 3424 3426 3486; x_wconf 86' lang='lat' dir='ltr'><strong>iocis</strong></span> <span class='ocrx_word' id='word_1_697' title='bbox 3443 3434 3488 3474; x_wconf 89' lang='lat' dir='ltr'><strong>et</strong></span> <span class='ocrx_word' id='word_1_698' title='bbox 3517 3433 3651 3475; x_wconf 49' lang='lat' dir='ltr'><strong>suo-</strong></span> 
     </span>
    </p>
   </div>
   <div class='ocr_carea' id='block_1_105' title="bbox 2048 3491 3644 3561">
    <p class='ocr_par' dir='ltr' id='par_1_105' title="bbox 2048 3491 3644 3561">
     <span class='ocr_line' id='line_1_107' title="bbox 2048 3491 3644 3561; baseline -0.001 -16"><span class='ocrx_word' id='word_1_699' title='bbox 2048 3493 2163 3561; x_wconf 85' lang='lat' dir='ltr'><strong>phis</strong></span> <span class='ocrx_word' id='word_1_700' title='bbox 2193 3494 2400 3548; x_wconf 86' lang='lat' dir='ltr'><strong>rideatis</strong></span> <span class='ocrx_word' id='word_1_701' title='bbox 2422 3511 2441 3548; x_wconf 90' lang='lat'><strong><em>:</em></strong></span> <span class='ocrx_word' id='word_1_702' title='bbox 2471 3497 2719 3550; x_wconf 63' lang='lat' dir='ltr'><strong>machum</strong></span> <span class='ocrx_word' id='word_1_703' title='bbox 2751 3495 2999 3556; x_wconf 82' lang='lat' dir='ltr'><strong>Anubim,</strong></span> <span class='ocrx_word' id='word_1_704' title='bbox 3037 3504 3084 3547; x_wconf 92' lang='lat' dir='ltr'><strong>et</strong></span> <span class='ocrx_word' id='word_1_705' title='bbox 3113 3493 3392 3546; x_wconf 87' lang='lat' dir='ltr'><strong>masculum</strong></span> <span class='ocrx_word' id='word_1_706' title='bbox 3425 3491 3644 3555; x_wconf 87' lang='lat' dir='ltr'><strong>Lunam,</strong></span> 
     </span>
    </p>
   </div>
   <div class='ocr_carea' id='block_1_106' title="bbox 2046 3563 3646 3636">
    <p class='ocr_par' dir='ltr' id='par_1_106' title="bbox 2046 3563 3646 3636">
     <span class='ocr_line' id='line_1_108' title="bbox 2046 3563 3646 3636; baseline -0.001 -20"><span class='ocrx_word' id='word_1_707' title='bbox 2046 3573 2093 3636; x_wconf 80' lang='lat' dir='ltr'><strong>et</strong></span> <span class='ocrx_word' id='word_1_708' title='bbox 2117 3563 2340 3618; x_wconf 89' lang='lat' dir='ltr'><strong>Dianam</strong></span> <span class='ocrx_word' id='word_1_709' title='bbox 2367 3566 2704 3636; x_wconf 84' lang='lat' dir='ltr'><strong>ﬂagellatam.</strong></span> <span class='ocrx_word' id='word_1_710' title='bbox 2729 3577 2774 3619; x_wconf 87' lang='lat' dir='ltr'><strong>et</strong></span> <span class='ocrx_word' id='word_1_711' title='bbox 2794 3565 2938 3620; x_wconf 76' lang='lat' dir='ltr'><strong>lovis</strong></span> <span class='ocrx_word' id='word_1_712' title='bbox 2967 3567 3150 3617; x_wconf 87' lang='lat' dir='ltr'><strong>mortui</strong></span> <span class='ocrx_word' id='word_1_713' title='bbox 3187 3572 3538 3636; x_wconf 67' lang='lat' dir='ltr'><strong>testamentum</strong></span> <span class='ocrx_word' id='word_1_714' title='bbox 3565 3577 3646 3615; x_wconf 86' lang='lat' dir='ltr'><strong>rc-</strong></span> 
     </span>
    </p>
   </div>
   <div class='ocr_carea' id='block_1_107' title="bbox 2043 3633 3645 3712">
    <p class='ocr_par' dir='ltr' id='par_1_107' title="bbox 2043 3633 3645 3712">
     <span class='ocr_line' id='line_1_109' title="bbox 2043 3633 3645 3712; baseline -0.002 -25"><span class='ocrx_word' id='word_1_715' title='bbox 2043 3634 2274 3712; x_wconf 68' lang='lat' dir='ltr'><strong>citatum,</strong></span> <span class='ocrx_word' id='word_1_716' title='bbox 2298 3649 2344 3691; x_wconf 87' lang='lat' dir='ltr'><strong>et</strong></span> <span class='ocrx_word' id='word_1_717' title='bbox 2368 3633 2476 3691; x_wconf 75' lang='lat' dir='ltr'><strong>tres</strong></span> <span class='ocrx_word' id='word_1_718' title='bbox 2516 3635 2763 3712; x_wconf 67' lang='lat' dir='ltr'><strong>Hercules</strong></span> <span class='ocrx_word' id='word_1_719' title='bbox 2789 3637 3050 3712; x_wconf 74' lang='lat' dir='ltr'><strong>famelicos</strong></span> <span class='ocrx_word' id='word_1_720' title='bbox 3069 3636 3268 3712; x_wconf 68' lang='lat' dir='ltr'><strong>irrisas.</strong></span> <span class='ocrx_word' id='word_1_721' title='bbox 3304 3633 3543 3712; x_wconf 48' lang='lat' dir='ltr'><strong>licunt}:</strong></span> <span class='ocrx_word' id='word_1_722' title='bbox 3573 3661 3645 3712; x_wconf 60' lang='lat'><strong>:—</strong></span> 
     </span>
    </p>
   </div>
   <div class='ocr_carea' id='block_1_108' title="bbox 2045 3701 3642 3784">
    <p class='ocr_par' dir='ltr' id='par_1_108' title="bbox 2045 3701 3642 3784">
     <span class='ocr_line' id='line_1_110' title="bbox 2045 3701 3642 3784; baseline -0.003 -25"><span class='ocrx_word' id='word_1_723' title='bbox 2045 3705 2314 3760; x_wconf 83' lang='lat' dir='ltr'><strong>Cavillatio</strong></span> <span class='ocrx_word' id='word_1_724' title='bbox 2343 3720 2396 3784; x_wconf 73' lang='lat' dir='ltr'><strong>et</strong></span> <span class='ocrx_word' id='word_1_725' title='bbox 2419 3709 2682 3784; x_wconf 58' lang='lat' dir='ltr'><strong>_carillare</strong></span> <span class='ocrx_word' id='word_1_726' title='bbox 2711 3701 2870 3784; x_wconf 51' lang='lat' dir='ltr'><strong>verba</strong></span> <span class='ocrx_word' id='word_1_727' title='bbox 2900 3707 3114 3784; x_wconf 86' lang='lat' dir='ltr'><strong>propria</strong></span> <span class='ocrx_word' id='word_1_728' title='bbox 3145 3705 3214 3784; x_wconf 84' lang='lat' dir='ltr'><strong>de</strong></span> <span class='ocrx_word' id='word_1_729' title='bbox 3252 3705 3449 3758; x_wconf 83' lang='lat' dir='ltr'><strong>mimis.</strong></span> <span class='ocrx_word' id='word_1_730' title='bbox 3499 3701 3642 3784; x_wconf 80' lang='lat' dir='ltr'><strong>Soli-</strong></span> 
     </span>
    </p>
   </div>
   <div class='ocr_carea' id='block_1_109' title="bbox 2046 3773 3642 3854">
    <p class='ocr_par' dir='ltr' id='par_1_109' title="bbox 2046 3773 3642 3854">
     <span class='ocr_line' id='line_1_111' title="bbox 2046 3773 3642 3854; baseline -0.003 -25"><span class='ocrx_word' id='word_1_731' title='bbox 2046 3791 2163 3841; x_wconf 89' lang='lat' dir='ltr'><strong>nus,</strong></span> <span class='ocrx_word' id='word_1_732' title='bbox 2179 3793 2313 3854; x_wconf 68' lang='lat' dir='ltr'><strong>cap.</strong></span> <span class='ocrx_word' id='word_1_733' title='bbox 2341 3779 2377 3832; x_wconf 75' lang='grc'>2</span> <span class='ocrx_word' id='word_1_734' title='bbox 2402 3777 2677 3854; x_wconf 80' lang='lat' dir='ltr'><strong>de_Stcilia</strong></span> <span class='ocrx_word' id='word_1_735' title='bbox 2701 3796 2722 3854; x_wconf 88' lang='lat'><strong>_:</strong></span> <span class='ocrx_word' id='word_1_736' title='bbox 2759 3777 2861 3854; x_wconf 69' lang='lat' dir='ltr'><strong>llic</strong></span> <span class='ocrx_word' id='word_1_737' title='bbox 2890 3773 3119 3854; x_wconf 70' lang='lat' dir='ltr'><strong>primum</strong></span> <span class='ocrx_word' id='word_1_738' title='bbox 3152 3773 3642 3854; x_wconf 52' lang='lat' dir='ltr'><strong>inventancomcedie</strong></span> 
     </span>
    </p>
   </div>
   <div class='ocr_carea' id='block_1_110' title="bbox 2041 3844 3643 3910">
    <p class='ocr_par' dir='ltr' id='par_1_110' title="bbox 2041 3844 3643 3910">
     <span class='ocr_line' id='line_1_112' title="bbox 2041 3844 3643 3910; baseline 0.001 -11"><span class='ocrx_word' id='word_1_739' title='bbox 2041 3857 2134 3910; x_wconf 89' lang='lat' dir='ltr'><strong>est,</strong></span> <span class='ocrx_word' id='word_1_740' title='bbox 2168 3844 2320 3902; x_wconf 74' lang='lat' dir='ltr'><strong>Ilicet</strong></span> <span class='ocrx_word' id='word_1_741' title='bbox 2358 3849 2614 3903; x_wconf 72' lang='lat' dir='ltr'><strong>cavillatio</strong></span> <span class='ocrx_word' id='word_1_742' title='bbox 2642 3850 2846 3903; x_wconf 88' lang='lat' dir='ltr'><strong>mimica</strong></span> <span class='ocrx_word' id='word_1_743' title='bbox 2883 3844 2934 3902; x_wconf 81' lang='lat' dir='ltr'><strong>in</strong></span> <span class='ocrx_word' id='word_1_744' title='bbox 2973 3864 3123 3902; x_wconf 86' lang='lat' dir='ltr'><strong>scena</strong></span> <span class='ocrx_word' id='word_1_745' title='bbox 3165 3847 3318 3900; x_wconf 86' lang='lat' dir='ltr'><strong>stetit.</strong></span> <span class='ocrx_word' id='word_1_746' title='bbox 3359 3844 3643 3900; x_wconf 87' lang='lat' dir='ltr'><strong>Cavillatio</strong></span> 
     </span>
    </p>
   </div>
   <div class='ocr_carea' id='block_1_111' title="bbox 2040 3917 3642 3987">
    <p class='ocr_par' dir='ltr' id='par_1_111' title="bbox 2040 3917 3642 3987">
     <span class='ocr_line' id='line_1_113' title="bbox 2040 3917 3642 3987; baseline -0.002 -15"><span class='ocrx_word' id='word_1_747' title='bbox 2040 3928 2220 3973; x_wconf 88' lang='lat' dir='ltr'><strong>autem</strong></span> <span class='ocrx_word' id='word_1_748' title='bbox 2243 3919 2385 3974; x_wconf 89' lang='lat' dir='ltr'><strong>dicta</strong></span> <span class='ocrx_word' id='word_1_749' title='bbox 2409 3931 2491 3975; x_wconf 89' lang='lat' dir='ltr'><strong>est</strong></span> <span class='ocrx_word' id='word_1_750' title='bbox 2514 3935 2542 3972; x_wconf 91' lang='lat' dir='ltr'><strong>a</strong></span> <span class='ocrx_word' id='word_1_751' title='bbox 2565 3919 2844 3976; x_wconf 90' lang='lat' dir='ltr'><strong>calvendo.</strong></span> <span class='ocrx_word' id='word_1_752' title='bbox 2870 3919 3010 3987; x_wconf 87' lang='lat' dir='ltr'><strong>quod</strong></span> <span class='ocrx_word' id='word_1_753' title='bbox 3033 3917 3276 3971; x_wconf 88' lang='lat' dir='ltr'><strong>frustrari</strong></span> <span class='ocrx_word' id='word_1_754' title='bbox 3299 3917 3561 3985; x_wconf 55' lang='lat' dir='ltr'><strong>signiﬁcat</strong></span> <span class='ocrx_word' id='word_1_755' title='bbox 3586 3927 3642 3987; x_wconf 82' lang='lat' dir='ltr'><strong>et</strong></span> 
     </span>
    </p>
   </div>
   <div class='ocr_carea' id='block_1_112' title="bbox 2040 3985 3638 4056">
    <p class='ocr_par' dir='ltr' id='par_1_112' title="bbox 2040 3985 3638 4056">
     <span class='ocr_line' id='line_1_114' title="bbox 2040 3985 3638 4056; baseline -0.001 -15"><span class='ocrx_word' id='word_1_756' title='bbox 2040 3987 2247 4056; x_wconf 85' lang='lat' dir='ltr'><strong>fallere,</strong></span> <span class='ocrx_word' id='word_1_757' title='bbox 2273 3999 2325 4044; x_wconf 90' lang='lat' dir='ltr'><strong>nt</strong></span> <span class='ocrx_word' id='word_1_758' title='bbox 2357 3990 2539 4046; x_wconf 70' lang='lat' dir='ltr'><strong>scribit</strong></span> <span class='ocrx_word' id='word_1_759' title='bbox 2568 3990 2872 4045; x_wconf 80' lang='lat' dir='ltr'><strong>Priscianus</strong></span> <span class='ocrx_word' id='word_1_760' title='bbox 2891 3985 2994 4043; x_wconf 86' lang='lat' dir='ltr'><strong>lib.</strong></span> <span class='ocrx_word' id='word_1_761' title='bbox 3018 4004 3129 4042; x_wconf 88' lang='lat' dir='ltr'><strong>vnt.</strong></span> <span class='ocrx_word' id='word_1_762' title='bbox 3162 3988 3334 4056; x_wconf 84' lang='lat' dir='ltr'><strong>Ipsum</strong></span> <span class='ocrx_word' id='word_1_763' title='bbox 3367 4001 3494 4042; x_wconf 80' lang='lat' dir='ltr'><strong>vero</strong></span> <span class='ocrx_word' id='word_1_764' title='bbox 3523 3985 3638 4040; x_wconf 82' lang='lat' dir='ltr'><strong>cal-</strong></span> 
     </span>
    </p>
   </div>
   <div class='ocr_carea' id='block_1_113' title="bbox 2041 4061 3638 4136">
    <p class='ocr_par' dir='ltr' id='par_1_113' title="bbox 2041 4061 3638 4136">
     <span class='ocr_line' id='line_1_115' title="bbox 2041 4061 3638 4136; baseline -0.002 -25"><span class='ocrx_word' id='word_1_765' title='bbox 2041 4061 2200 4136; x_wconf 81' lang='lat' dir='ltr'><strong>vendi</strong></span> <span class='ocrx_word' id='word_1_766' title='bbox 2238 4063 2460 4136; x_wconf 82' lang='lat' dir='ltr'><strong>verbum</strong></span> <span class='ocrx_word' id='word_1_767' title='bbox 2498 4061 2706 4136; x_wconf 80' lang='lat' dir='ltr'><strong>Nonius</strong></span> <span class='ocrx_word' id='word_1_768' title='bbox 2743 4061 3137 4136; x_wconf 88' lang='lat' dir='ltr'><strong>M_arcellus__ait</strong></span> <span class='ocrx_word' id='word_1_769' title='bbox 3177 4066 3407 4136; x_wconf 69' lang='lat' dir='ltr'><strong>tractum</strong></span> <span class='ocrx_word' id='word_1_770' title='bbox 3441 4071 3571 4136; x_wconf 64' lang='lat' dir='ltr'><strong>esse</strong></span> <span class='ocrx_word' id='word_1_771' title='bbox 3596 4071 3638 4136; x_wconf 86' lang='lat' dir='ltr'><strong>_a</strong></span> 
     </span>
    </p>
   </div>
   <div class='ocr_carea' id='block_1_114' title="bbox 2037 4124 3631 4203">
    <p class='ocr_par' dir='ltr' id='par_1_114' title="bbox 2037 4124 3631 4203">
     <span class='ocr_line' id='line_1_116' title="bbox 2037 4124 3631 4203; baseline -0.004 -19"><span class='ocrx_word' id='word_1_772' title='bbox 2037 4131 2205 4203; x_wconf 84' lang='lat' dir='ltr'><strong>_c_alvis</strong></span> <span class='ocrx_word' id='word_1_773' title='bbox 2231 4133 2477 4203; x_wconf 63' lang='lat' dir='ltr'><strong>inimicis</strong></span> <span class='ocrx_word' id='word_1_774' title='bbox 2507 4174 2521 4196; x_wconf 92' lang='lat'><strong>,</strong></span> <span class='ocrx_word' id='word_1_775' title='bbox 2566 4133 2708 4203; x_wconf 86' lang='lat' dir='ltr'><strong>quod</strong></span> <span class='ocrx_word' id='word_1_776' title='bbox 2755 4134 2872 4203; x_wconf 82' lang='lat' dir='ltr'><strong>sint</strong></span> <span class='ocrx_word' id='word_1_777' title='bbox 2890 4130 3155 4203; x_wconf 80' lang='lat' dir='ltr'><strong>omnibus</strong></span> <span class='ocrx_word' id='word_1_778' title='bbox 3181 4127 3475 4203; x_wconf 74' lang='lat' dir='ltr'><strong>frustratui.</strong></span> <span class='ocrx_word' id='word_1_779' title='bbox 3509 4124 3631 4179; x_wconf 79' lang='lat' dir='ltr'><strong>Vid.</strong></span> 
     </span>
    </p>
   </div>
   <div class='ocr_carea' id='block_1_115' title="bbox 2037 4199 3632 4268">
    <p class='ocr_par' dir='ltr' id='par_1_115' title="bbox 2037 4199 3632 4268">
     <span class='ocr_line' id='line_1_117' title="bbox 2037 4199 3632 4268; baseline -0.001 -14"><span class='ocrx_word' id='word_1_780' title='bbox 2037 4199 2203 4256; x_wconf 80' lang='lat' dir='ltr'><strong>Henr.</strong></span> <span class='ocrx_word' id='word_1_781' title='bbox 2226 4202 2432 4268; x_wconf 84' lang='lat' dir='ltr'><strong>Vales.,</strong></span> <span class='ocrx_word' id='word_1_782' title='bbox 2459 4203 2527 4258; x_wconf 89' lang='lat' dir='ltr'><strong>ad</strong></span> <span class='ocrx_word' id='word_1_783' title='bbox 2551 4199 2821 4258; x_wconf 53' lang='lat' dir='ltr'><strong>A&#39;mmian.</strong></span> <span class='ocrx_word' id='word_1_784' title='bbox 2856 4201 3177 4266; x_wconf 87' lang='lat' dir='ltr'><strong>Marcellin.,</strong></span> <span class='ocrx_word' id='word_1_785' title='bbox 3210 4199 3300 4254; x_wconf 90' lang='lat' dir='ltr'><strong>lib.</strong></span> <span class='ocrx_word' id='word_1_786' title='bbox 3340 4212 3477 4263; x_wconf 79' lang='lat' dir='ltr'><strong>xxx,</strong></span> <span class='ocrx_word' id='word_1_787' title='bbox 3513 4211 3632 4265; x_wconf 82' lang='lat' dir='ltr'><strong>pag.</strong></span> 
     </span>
    </p>
   </div>
   <div class='ocr_carea' id='block_1_116' title="bbox 2034 4273 3633 4350">
    <p class='ocr_par' dir='ltr' id='par_1_116' title="bbox 2034 4273 3633 4350">
     <span class='ocr_line' id='line_1_118' title="bbox 2034 4273 3633 4350; baseline 0.016 -25"><span class='ocrx_word' id='word_1_788' title='bbox 2034 4273 2159 4350; x_wconf 62' lang='lat' dir='ltr'><strong>40g.</strong></span> <span class='ocrx_word' id='word_1_789' title='bbox 2194 4273 2398 4350; x_wconf 69' lang='grc' dir='ltr'>Οιιειι.</span> <span class='ocrx_word' id='word_1_790' title='bbox 2833 4319 2878 4350; x_wconf 59' lang='grc' dir='ltr'><strong> </strong></span> <span class='ocrx_word' id='word_1_791' title='bbox 3085 4340 3127 4350; x_wconf 77' lang='lat'><strong>_,</strong></span> <span class='ocrx_word' id='word_1_792' title='bbox 3406 4339 3418 4350; x_wconf 92' lang='lat'><strong>.</strong></span> <span class='ocrx_word' id='word_1_793' title='bbox 3541 4337 3553 4349; x_wconf 96' lang='lat'><strong>.</strong></span> <span class='ocrx_word' id='word_1_794' title='bbox 3618 4337 3633 4350; x_wconf 92' lang='lat'><strong>.</strong></span> 
     </span>
    </p>
   </div>
   <div class='ocr_carea' id='block_1_117' title="bbox 2107 4339 3636 4415">
    <p class='ocr_par' dir='ltr' id='par_1_117' title="bbox 2107 4339 3636 4415">
     <span class='ocr_line' id='line_1_119' title="bbox 2107 4339 3636 4415; baseline -0.004 -19"><span class='ocrx_word' id='word_1_795' title='bbox 2107 4343 2445 4400; x_wconf 87' lang='lat' dir='ltr'><strong>Conclamant</strong></span> <span class='ocrx_word' id='word_1_796' title='bbox 2464 4353 2514 4399; x_wconf 88' lang='lat' dir='ltr'><strong>et</strong></span> <span class='ocrx_word' id='word_1_797' title='bbox 2539 4353 2814 4415; x_wconf 86' lang='lat' dir='ltr'><strong>assurgunt</strong></span> <span class='ocrx_word' id='word_1_798' title='bbox 2837 4343 3054 4415; x_wconf 86' lang='lat' dir='ltr'><strong>theatra.</strong></span> <span class='ocrx_word' id='word_1_799' title='bbox 3083 4340 3214 4394; x_wconf 89' lang='lat' dir='ltr'><strong>Nam</strong></span> <span class='ocrx_word' id='word_1_800' title='bbox 3242 4339 3468 4415; x_wconf 75' lang='lat' dir='ltr'><strong>quando</strong></span> <span class='ocrx_word' id='word_1_801' title='bbox 3483 4339 3636 4391; x_wconf 88' lang='lat' dir='ltr'><strong>tnimi</strong></span> 
     </span>
    </p>
   </div>
   <div class='ocr_carea' id='block_1_118' title="bbox 2035 4409 3630 4485">
    <p class='ocr_par' dir='ltr' id='par_1_118' title="bbox 2035 4409 3630 4485">
     <span class='ocr_line' id='line_1_120' title="bbox 2035 4409 3630 4485; baseline -0.006 -17"><span class='ocrx_word' id='word_1_802' title='bbox 2035 4423 2088 4468; x_wconf 90' lang='lat' dir='ltr'><strong>et</strong></span> <span class='ocrx_word' id='word_1_803' title='bbox 2103 4417 2284 4470; x_wconf 75' lang='lat' dir='ltr'><strong>cteteri</strong></span> <span class='ocrx_word' id='word_1_804' title='bbox 2301 4415 2588 4471; x_wconf 86' lang='lat' dir='ltr'><strong>histriones</strong></span> <span class='ocrx_word' id='word_1_805' title='bbox 2605 4409 3402 4485; x_wconf 74' lang='lat' dir='ltr'><strong>placebant,acclamatmnibus,</strong></span> <span class='ocrx_word' id='word_1_806' title='bbox 3420 4409 3630 4485; x_wconf 82' lang='lat' dir='ltr'><strong>plausu,</strong></span> 
     </span>
    </p>
   </div>
   <div class='ocr_carea' id='block_1_119' title="bbox 1955 4480 3629 4554">
    <p class='ocr_par' dir='ltr' id='par_1_119' title="bbox 1955 4480 3629 4554">
     <span class='ocr_line' id='line_1_121' title="bbox 1955 4480 3629 4554; baseline -0.007 -13"><span class='ocrx_word' id='word_1_807' title='bbox 1955 4482 2391 4542; x_wconf 80' lang='lat' dir='ltr'><strong>DexsultatiOne</strong></span> <span class='ocrx_word' id='word_1_808' title='bbox 2439 4480 2788 4554; x_wconf 84' lang='lat' dir='ltr'><strong>volnpiatem.</strong></span> <span class='ocrx_word' id='word_1_809' title='bbox 2846 4500 3004 4554; x_wconf 78' lang='lat' dir='ltr'><strong>quam</strong></span> <span class='ocrx_word' id='word_1_810' title='bbox 3059 4483 3183 4536; x_wconf 82' lang='lat' dir='ltr'><strong>inde</strong></span> <span class='ocrx_word' id='word_1_811' title='bbox 3245 4480 3629 4554; x_wconf 79' lang='lat' dir='ltr'><strong>percipiebant,</strong></span> 
     </span>
    </p>
   </div>
   <div class='ocr_carea' id='block_1_120' title="bbox 2034 4551 3631 4629">
    <p class='ocr_par' dir='ltr' id='par_1_120' title="bbox 2034 4551 3631 4629">
     <span class='ocr_line' id='line_1_122' title="bbox 2034 4551 3631 4629; baseline -0.005 -21"><span class='ocrx_word' id='word_1_812' title='bbox 2034 4557 2368 4629; x_wconf 56' lang='lat' dir='ltr'><strong>testabantur</strong></span> <span class='ocrx_word' id='word_1_813' title='bbox 2399 4551 2748 4629; x_wconf 76' lang='lat' dir='ltr'><strong>spectatores.</strong></span> <span class='ocrx_word' id='word_1_814' title='bbox 2800 4551 2948 4609; x_wconf 76' lang='lat' dir='ltr'><strong>Hanc</strong></span> <span class='ocrx_word' id='word_1_815' title='bbox 2987 4555 3348 4629; x_wconf 42' lang='grc' dir='ltr'><strong>Διξπισπιιωισρ-ιν</strong></span> <span class='ocrx_word' id='word_1_816' title='bbox 3379 4551 3631 4629; x_wconf 70' lang='lat' dir='ltr'><strong>observat</strong></span> 
     </span>
    </p>
   </div>
   <div class='ocr_carea' id='block_1_121' title="bbox 2031 4617 3630 4697">
    <p class='ocr_par' dir='ltr' id='par_1_121' title="bbox 2031 4617 3630 4697">
     <span class='ocr_line' id='line_1_123' title="bbox 2031 4617 3630 4697; baseline -0.008 -15"><span class='ocrx_word' id='word_1_817' title='bbox 2031 4624 2222 4682; x_wconf 84' lang='lat' dir='ltr'><strong>Cicero</strong></span> <span class='ocrx_word' id='word_1_818' title='bbox 2260 4629 2326 4683; x_wconf 91' lang='lat' dir='ltr'><strong>ad</strong></span> <span class='ocrx_word' id='word_1_819' title='bbox 2372 4617 2602 4683; x_wconf 72' lang='lat' dir='ltr'><strong>Aitirttm</strong></span> <span class='ocrx_word' id='word_1_820' title='bbox 2652 4628 2741 4681; x_wconf 88' lang='lat' dir='ltr'><strong>lib.</strong></span> <span class='ocrx_word' id='word_1_821' title='bbox 2775 4641 2886 4688; x_wconf 78' lang='lat' dir='ltr'><strong>xw,</strong></span> <span class='ocrx_word' id='word_1_822' title='bbox 2916 4625 3075 4697; x_wconf 64' lang='lat' dir='ltr'><strong>epist.</strong></span> <span class='ocrx_word' id='word_1_823' title='bbox 3119 4617 3193 4676; x_wconf 80' lang='lat' dir='ltr'><strong>ni.</strong></span> <span class='ocrx_word' id='word_1_824' title='bbox 3232 4621 3388 4697; x_wconf 80' lang='lat' dir='ltr'><strong>:Tu._</strong></span> <span class='ocrx_word' id='word_1_825' title='bbox 3421 4620 3463 4672; x_wconf 82' lang='lat' dir='ltr'><strong>si</strong></span> <span class='ocrx_word' id='word_1_826' title='bbox 3505 4617 3630 4697; x_wconf 76' lang='lat' dir='ltr'><strong>quid</strong></span> 
     </span>
    </p>
   </div>
   <div class='ocr_carea' id='block_1_122' title="bbox 2029 4693 3628 4771">
    <p class='ocr_par' dir='ltr' id='par_1_122' title="bbox 2029 4693 3628 4771">
     <span class='ocr_line' id='line_1_124' title="bbox 2029 4693 3628 4771; baseline -0.011 -19"><span class='ocrx_word' id='word_1_827' title='bbox 2029 4704 2385 4771; x_wconf 71' lang='grc' dir='ltr'><strong>πραγματικὸν</strong></span> <span class='ocrx_word' id='word_1_828' title='bbox 2407 4697 2577 4751; x_wconf 82' lang='lat' dir='ltr'><strong>habes.</strong></span> <span class='ocrx_word' id='word_1_829' title='bbox 2591 4697 2697 4771; x_wconf 62' lang='lat' dir='ltr'><strong>Sin</strong></span> <span class='ocrx_word' id='word_1_830' title='bbox 2713 4697 2897 4771; x_wconf 80' lang='lat' dir='ltr'><strong>minus,</strong></span> <span class='ocrx_word' id='word_1_831' title='bbox 2917 4693 3090 4771; x_wconf 78' lang='lat' dir='ltr'><strong>populi</strong></span> <span class='ocrx_word' id='word_1_832' title='bbox 3111 4693 3453 4771; x_wconf 58' lang='lat' dir='ltr'><strong>intonuere-im</strong></span> <span class='ocrx_word' id='word_1_833' title='bbox 3465 4698 3512 4739; x_wconf 90' lang='lat' dir='ltr'><strong>et</strong></span> <span class='ocrx_word' id='word_1_834' title='bbox 3523 4693 3628 4771; x_wconf 45' lang='grc' dir='ltr'><strong>’διιε-</strong></span> 
     </span>
    </p>
   </div>
   <div class='ocr_carea' id='block_1_123' title="bbox 2030 4755 3626 4837">
    <p class='ocr_par' dir='ltr' id='par_1_123' title="bbox 2030 4755 3626 4837">
     <span class='ocr_line' id='line_1_125' title="bbox 2030 4755 3626 4837; baseline -0.009 -17"><span class='ocrx_word' id='word_1_835' title='bbox 2030 4755 2230 4837; x_wconf 64' lang='lat' dir='ltr'><strong>uiarum</strong></span> <span class='ocrx_word' id='word_1_836' title='bbox 2250 4772 2386 4821; x_wconf 89' lang='lat' dir='ltr'><strong>dicta</strong></span> <span class='ocrx_word' id='word_1_837' title='bbox 2409 4766 2721 4837; x_wconf 72' lang='lat' dir='ltr'><strong>pet-scribito.</strong></span> <span class='ocrx_word' id='word_1_838' title='bbox 2753 4755 3122 4837; x_wconf 63' lang='lat' dir='ltr'><strong>Assurgehant</strong></span> <span class='ocrx_word' id='word_1_839' title='bbox 3151 4755 3306 4828; x_wconf 84' lang='lat' dir='ltr'><strong>igitur</strong></span> <span class='ocrx_word' id='word_1_840' title='bbox 3324 4769 3388 4837; x_wconf 55' lang='lat' dir='ltr'><strong>et</strong></span> <span class='ocrx_word' id='word_1_841' title='bbox 3416 4755 3626 4835; x_wconf 70' lang='lat' dir='ltr'><strong>exulta-</strong></span> 
     </span>
    </p>
   </div>
   <div class='ocr_carea' id='block_1_124' title="bbox 2032 4826 3627 4906">
    <p class='ocr_par' dir='ltr' id='par_1_124' title="bbox 2032 4826 3627 4906">
     <span class='ocr_line' id='line_1_126' title="bbox 2032 4826 3627 4906; baseline -0.007 -18"><span class='ocrx_word' id='word_1_842' title='bbox 2032 4836 2179 4899; x_wconf 86' lang='lat' dir='ltr'><strong>bant,</strong></span> <span class='ocrx_word' id='word_1_843' title='bbox 2212 4838 2354 4902; x_wconf 85' lang='lat' dir='ltr'><strong>quod</strong></span> <span class='ocrx_word' id='word_1_844' title='bbox 2404 4826 2678 4904; x_wconf 82' lang='lat' dir='ltr'><strong>proprium</strong></span> <span class='ocrx_word' id='word_1_845' title='bbox 2723 4826 2957 4906; x_wconf 45' lang='lat' dir='ltr'><strong>verbium</strong></span> <span class='ocrx_word' id='word_1_846' title='bbox 2989 4833 3040 4882; x_wconf 94' lang='lat' dir='ltr'><strong>in</strong></span> <span class='ocrx_word' id='word_1_847' title='bbox 3076 4826 3188 4906; x_wconf 70' lang='lat' dir='ltr'><strong>hac</strong></span> <span class='ocrx_word' id='word_1_848' title='bbox 3208 4843 3279 4906; x_wconf 72' lang='lat' dir='ltr'><strong>_re</strong></span> <span class='ocrx_word' id='word_1_849' title='bbox 3319 4826 3500 4906; x_wconf 60' lang='lat' dir='ltr'><strong>Graeci</strong></span> <span class='ocrx_word' id='word_1_850' title='bbox 3529 4838 3627 4902; x_wconf 86' lang='lat' dir='ltr'><strong>per</strong></span> 
     </span>
    </p>
   </div>
   <div class='ocr_carea' id='block_1_125' title="bbox 2029 4894 3624 4975">
    <p class='ocr_par' dir='ltr' id='par_1_125' title="bbox 2029 4894 3624 4975">
     <span class='ocr_line' id='line_1_127' title="bbox 2029 4894 3624 4975; baseline -0.011 -15"><span class='ocrx_word' id='word_1_851' title='bbox 2029 4894 2291 4975; x_wconf 67' lang='grc' dir='ltr'><strong>ἁναπὴδᾷν</strong></span> <span class='ocrx_word' id='word_1_852' title='bbox 2322 4894 2648 4974; x_wconf 68' lang='grc' dir='ltr'>θχρτἰιιίιιιιι,</span> <span class='ocrx_word' id='word_1_853' title='bbox 2678 4919 2738 4975; x_wconf 48' lang='lat' dir='ltr'><strong>v;</strong></span> <span class='ocrx_word' id='word_1_854' title='bbox 2761 4918 2810 4956; x_wconf 91' lang='lat' dir='ltr'><strong>c.</strong></span> <span class='ocrx_word' id='word_1_855' title='bbox 2839 4903 3098 4975; x_wconf 64' lang='lat' dir='ltr'><strong>Arrianus</strong></span> <span class='ocrx_word' id='word_1_856' title='bbox 3125 4896 3427 4975; x_wconf 78' lang='lat' dir='ltr'><strong>in__Dissert.</strong></span> <span class='ocrx_word' id='word_1_857' title='bbox 3445 4894 3624 4975; x_wconf 74' lang='lat' dir='ltr'><strong>_Epic-</strong></span> 
     </span>
    </p>
   </div>
   <div class='ocr_carea' id='block_1_126' title="bbox 2031 4962 3620 5045">
    <p class='ocr_par' dir='ltr' id='par_1_126' title="bbox 2031 4962 3620 5045">
     <span class='ocr_line' id='line_1_128' title="bbox 2031 4962 3620 5045; baseline -0.01 -13"><span class='ocrx_word' id='word_1_858' title='bbox 2031 4977 2126 5032; x_wconf 88' lang='lat' dir='ltr'><strong>teti</strong></span> <span class='ocrx_word' id='word_1_859' title='bbox 2153 4962 2252 5030; x_wconf 47' lang='lat' dir='ltr'><strong>libf</strong></span> <span class='ocrx_word' id='word_1_860' title='bbox 2278 4993 2354 5036; x_wconf 88' lang='lat' dir='ltr'><strong>ut.</strong></span> <span class='ocrx_word' id='word_1_861' title='bbox 2381 4962 2498 5045; x_wconf 76' lang='lat' dir='ltr'><strong>cap.</strong></span> <span class='ocrx_word' id='word_1_862' title='bbox 2535 4976 2567 5028; x_wconf 70' lang='grc' dir='ltr'><strong>ι</strong></span> <span class='ocrx_word' id='word_1_863' title='bbox 2583 5014 2596 5032; x_wconf 85' lang='grc'><strong>.</strong></span> <span class='ocrx_word' id='word_1_864' title='bbox 2620 4962 2672 5026; x_wconf 80' lang='lat' dir='ltr'><strong>et</strong></span> <span class='ocrx_word' id='word_1_865' title='bbox 2689 4973 2981 5045; x_wconf 49' lang='lat' dir='ltr'><strong>Eusebius:</strong></span> <span class='ocrx_word' id='word_1_866' title='bbox 3004 4968 3139 5022; x_wconf 85' lang='lat' dir='ltr'><strong>Hist.</strong></span> <span class='ocrx_word' id='word_1_867' title='bbox 3174 4964 3506 5045; x_wconf 71' lang='lat' dir='ltr'><strong>Ecclesiast..</strong></span> <span class='ocrx_word' id='word_1_868' title='bbox 3528 4962 3620 5045; x_wconf 82' lang='lat' dir='ltr'><strong>lib.</strong></span> 
     </span>
    </p>
   </div>
   <div class='ocr_carea' id='block_1_127' title="bbox 2029 5033 3624 5116">
    <p class='ocr_par' dir='ltr' id='par_1_127' title="bbox 2029 5033 3624 5116">
     <span class='ocr_line' id='line_1_129' title="bbox 2029 5033 3624 5116; baseline -0.01 -16"><span class='ocrx_word' id='word_1_869' title='bbox 2029 5063 2122 5112; x_wconf 88' lang='lat' dir='ltr'><strong>vn,</strong></span> <span class='ocrx_word' id='word_1_870' title='bbox 2155 5064 2276 5116; x_wconf 91' lang='lat' dir='ltr'><strong>cap.</strong></span> <span class='ocrx_word' id='word_1_871' title='bbox 2301 5033 2390 5110; x_wconf 74' lang='lat' dir='ltr'><strong>5t),</strong></span> <span class='ocrx_word' id='word_1_872' title='bbox 2424 5033 2648 5112; x_wconf 69' lang='lat' dir='ltr'><strong>liiquens</strong></span> <span class='ocrx_word' id='word_1_873' title='bbox 2669 5043 2736 5098; x_wconf 90' lang='lat' dir='ltr'><strong>de</strong></span> <span class='ocrx_word' id='word_1_874' title='bbox 2764 5041 2909 5116; x_wconf 81' lang='lat' dir='ltr'><strong>Pauli</strong></span> <span class='ocrx_word' id='word_1_875' title='bbox 2942 5033 3277 5116; x_wconf 84' lang='lat' dir='ltr'><strong>Samosatcni</strong></span> <span class='ocrx_word' id='word_1_876' title='bbox 3299 5033 3437 5116; x_wconf 80' lang='lat' dir='ltr'><strong>fastu</strong></span> <span class='ocrx_word' id='word_1_877' title='bbox 3460 5046 3508 5086; x_wconf 91' lang='lat' dir='ltr'><strong>et</strong></span> <span class='ocrx_word' id='word_1_878' title='bbox 3541 5041 3624 5113; x_wconf 82' lang='lat' dir='ltr'><strong>tn-</strong></span> 
     </span>
    </p>
   </div>
   <div class='ocr_carea' id='block_1_128' title="bbox 2029 5104 3623 5184">
    <p class='ocr_par' dir='ltr' id='par_1_128' title="bbox 2029 5104 3623 5184">
     <span class='ocr_line' id='line_1_130' title="bbox 2029 5104 3623 5184; baseline -0.009 -14"><span class='ocrx_word' id='word_1_879' title='bbox 2029 5104 2281 5183; x_wconf 42' lang='lat' dir='ltr'><strong>sol&#39;enti&#39;a,</strong></span> <span class='ocrx_word' id='word_1_880' title='bbox 2312 5104 2415 5184; x_wconf 79' lang='lat' dir='ltr'><strong>qua</strong></span> <span class='ocrx_word' id='word_1_881' title='bbox 2455 5104 2794 5184; x_wconf 71' lang='lat' dir='ltr'><strong>captaverat,</strong></span> <span class='ocrx_word' id='word_1_882' title='bbox 2828 5112 2936 5164; x_wconf 86' lang='lat' dir='ltr'><strong>into</strong></span> <span class='ocrx_word' id='word_1_883' title='bbox 2959 5109 3264 5184; x_wconf 70' lang='lat' dir='ltr'><strong>redemerat</strong></span> <span class='ocrx_word' id='word_1_884' title='bbox 3293 5104 3537 5173; x_wconf 84' lang='lat' dir='ltr'><strong>plausum</strong></span> <span class='ocrx_word' id='word_1_885' title='bbox 3567 5104 3623 5156; x_wconf 91' lang='lat' dir='ltr'><strong>in</strong></span> 
     </span>
    </p>
   </div>
   <div class='ocr_carea' id='block_1_129' title="bbox 2030 5180 3195 5255">
    <p class='ocr_par' dir='ltr' id='par_1_129' title="bbox 2030 5180 3195 5255">
     <span class='ocr_line' id='line_1_131' title="bbox 2030 5180 3195 5255; baseline -0.01 -13"><span class='ocrx_word' id='word_1_886' title='bbox 2030 5180 2288 5248; x_wconf 77' lang='lat' dir='ltr'><strong>Ecclesia,</strong></span> <span class='ocrx_word' id='word_1_887' title='bbox 2320 5180 2588 5255; x_wconf 74' lang='lat' dir='ltr'><strong>tamquam</strong></span> <span class='ocrx_word' id='word_1_888' title='bbox 2617 5186 2668 5239; x_wconf 92' lang='lat' dir='ltr'><strong>in</strong></span> <span class='ocrx_word' id='word_1_889' title='bbox 2697 5184 2924 5237; x_wconf 90' lang='lat' dir='ltr'><strong>theatro.</strong></span> <span class='ocrx_word' id='word_1_890' title='bbox 2958 5180 3195 5232; x_wconf 76' lang='lat' dir='ltr'><strong>HEBALD.</strong></span> 
     </span>
    </p>
   </div>
   <div class='ocr_carea' id='block_1_130' title="bbox 2104 5265 3624 5345">
    <p class='ocr_par' dir='ltr' id='par_1_130' title="bbox 2104 5265 3624 5345">
     <span class='ocr_line' id='line_1_132' title="bbox 2104 5265 3624 5345; baseline -0.007 -15"><span class='ocrx_word' id='word_1_891' title='bbox 2104 5277 2334 5330; x_wconf 72' lang='lat' dir='ltr'><strong>Emoletis</strong></span> <span class='ocrx_word' id='word_1_892' title='bbox 2359 5287 2512 5345; x_wconf 85' lang='lat' dir='ltr'><strong>atque</strong></span> <span class='ocrx_word' id='word_1_893' title='bbox 2533 5275 2826 5330; x_wconf 88' lang='lat' dir='ltr'><strong>irrisoribus</strong></span> <span class='ocrx_word' id='word_1_894' title='bbox 2847 5271 3110 5325; x_wconf 85' lang='lat' dir='ltr'><strong>numinum</strong></span> <span class='ocrx_word' id='word_1_895' title='bbox 3137 5267 3270 5345; x_wconf 80' lang='lat' dir='ltr'><strong>dona</strong></span> <span class='ocrx_word' id='word_1_896' title='bbox 3286 5265 3624 5345; x_wconf 77' lang='lat' dir='ltr'><strong>instituuntur</strong></span> 
     </span>
    </p>
   </div>
   <div class='ocr_carea' id='block_1_131' title="bbox 2031 5335 3619 5421">
    <p class='ocr_par' dir='ltr' id='par_1_131' title="bbox 2031 5335 3619 5421">
     <span class='ocr_line' id='line_1_133' title="bbox 2031 5335 3619 5421; baseline -0.007 -19"><span class='ocrx_word' id='word_1_897' title='bbox 2031 5358 2075 5402; x_wconf 89' lang='lat' dir='ltr'><strong>ct</strong></span> <span class='ocrx_word' id='word_1_898' title='bbox 2105 5364 2338 5421; x_wconf 81' lang='lat' dir='ltr'><strong>munera.</strong></span> <span class='ocrx_word' id='word_1_899' title='bbox 2388 5335 2590 5421; x_wconf 71' lang='lat' dir='ltr'><strong>Przrter</strong></span> <span class='ocrx_word' id='word_1_900' title='bbox 2643 5345 3037 5421; x_wconf 45' lang='lat' dir='ltr'><strong>maritimarum</strong></span> <span class='ocrx_word' id='word_1_901' title='bbox 3072 5348 3221 5421; x_wconf 41' lang='lat' dir='ltr'><strong>_apte.</strong></span> <span class='ocrx_word' id='word_1_902' title='bbox 3249 5335 3403 5390; x_wconf 91' lang='lat' dir='ltr'><strong>ludos</strong></span> <span class='ocrx_word' id='word_1_903' title='bbox 3445 5346 3619 5403; x_wconf 88' lang='lat' dir='ltr'><strong>erant,</strong></span> 
     </span>
    </p>
   </div>
   <div class='ocr_carea' id='block_1_132' title="bbox 2031 5410 3623 5488">
    <p class='ocr_par' dir='ltr' id='par_1_132' title="bbox 2031 5410 3623 5488">
     <span class='ocr_line' id='line_1_134' title="bbox 2031 5410 3623 5488; baseline -0.009 -14"><span class='ocrx_word' id='word_1_904' title='bbox 2031 5420 2190 5474; x_wconf 87' lang='lat' dir='ltr'><strong>etiam</strong></span> <span class='ocrx_word' id='word_1_905' title='bbox 2219 5417 2358 5472; x_wconf 80' lang='lat' dir='ltr'><strong>dona</strong></span> <span class='ocrx_word' id='word_1_906' title='bbox 2401 5410 2660 5488; x_wconf 65' lang='lat' dir='ltr'><strong>quaedam</strong></span> <span class='ocrx_word' id='word_1_907' title='bbox 2695 5413 3026 5488; x_wconf 83' lang='lat' dir='ltr'><strong>accipiebant</strong></span> <span class='ocrx_word' id='word_1_908' title='bbox 3072 5410 3375 5488; x_wconf 68' lang='lat' dir='ltr'><strong>histriones</strong></span> <span class='ocrx_word' id='word_1_909' title='bbox 3405 5422 3470 5462; x_wconf 90' lang='lat' dir='ltr'><strong>ac</strong></span> <span class='ocrx_word' id='word_1_910' title='bbox 3497 5423 3623 5488; x_wconf 60' lang='lat' dir='ltr'><strong>ruu-</strong></span> 
     </span>
    </p>
   </div>
   <div class='ocr_carea' id='block_1_133' title="bbox 2034 5478 3624 5558">
    <p class='ocr_par' dir='ltr' id='par_1_133' title="bbox 2034 5478 3624 5558">
     <span class='ocr_line' id='line_1_135' title="bbox 2034 5478 3624 5558; baseline -0.006 -14"><span class='ocrx_word' id='word_1_911' title='bbox 2034 5506 2185 5554; x_wconf 91' lang='lat' dir='ltr'><strong>nera,</strong></span> <span class='ocrx_word' id='word_1_912' title='bbox 2227 5503 2397 5558; x_wconf 85' lang='lat' dir='ltr'><strong>eaque</strong></span> <span class='ocrx_word' id='word_1_913' title='bbox 2418 5478 2702 5556; x_wconf 78' lang='lat' dir='ltr'><strong>aliquando</strong></span> <span class='ocrx_word' id='word_1_914' title='bbox 2727 5485 2990 5558; x_wconf 81' lang='lat' dir='ltr'><strong>pretiosa;</strong></span> <span class='ocrx_word' id='word_1_915' title='bbox 3019 5495 3177 5550; x_wconf 83' lang='lat' dir='ltr'><strong>quam</strong></span> <span class='ocrx_word' id='word_1_916' title='bbox 3206 5478 3467 5531; x_wconf 79' lang='lat' dir='ltr'><strong>luxuriam</strong></span> <span class='ocrx_word' id='word_1_917' title='bbox 3489 5478 3624 5534; x_wconf 89' lang='lat' dir='ltr'><strong>Cato</strong></span> 
     </span>
    </p>
   </div>
   <div class='ocr_carea' id='block_1_134' title="bbox 2033 5556 3622 5632">
    <p class='ocr_par' dir='ltr' id='par_1_134' title="bbox 2033 5556 3622 5632">
     <span class='ocr_line' id='line_1_136' title="bbox 2033 5556 3622 5632; baseline -0.008 -17"><span class='ocrx_word' id='word_1_918' title='bbox 2033 5556 2324 5616; x_wconf 77' lang='lat' dir='ltr'><strong>nticieusis</strong></span> <span class='ocrx_word' id='word_1_919' title='bbox 2351 5559 2606 5628; x_wconf 80' lang='lat' dir='ltr'><strong>exemplo</strong></span> <span class='ocrx_word' id='word_1_920' title='bbox 2633 5571 2732 5611; x_wconf 88' lang='lat' dir='ltr'><strong>suo</strong></span> <span class='ocrx_word' id='word_1_921' title='bbox 2761 5556 3283 5632; x_wconf 67' lang='lat' dir='ltr'><strong>corrigereconatns</strong></span> <span class='ocrx_word' id='word_1_922' title='bbox 3310 5558 3421 5632; x_wconf 67' lang='lat' dir='ltr'><strong>est,</strong></span> <span class='ocrx_word' id='word_1_923' title='bbox 3456 5564 3622 5632; x_wconf 68' lang='lat' dir='ltr'><strong>quum</strong></span> 
     </span>
    </p>
   </div>
   <div class='ocr_carea' id='block_1_135' title="bbox 2035 5618 3624 5688">
    <p class='ocr_par' dir='ltr' id='par_1_135' title="bbox 2035 5618 3624 5688">
     <span class='ocr_line' id='line_1_137' title="bbox 2035 5618 3624 5688; baseline -0.009 0"><span class='ocrx_word' id='word_1_924' title='bbox 2035 5633 2252 5688; x_wconf 83' lang='lat' dir='ltr'><strong>Favonii</strong></span> <span class='ocrx_word' id='word_1_925' title='bbox 2283 5632 2433 5686; x_wconf 83' lang='lat' dir='ltr'><strong>ludus</strong></span> <span class='ocrx_word' id='word_1_926' title='bbox 2461 5618 2645 5687; x_wconf 61' lang='lat' dir='ltr'><strong>Romae</strong></span> <span class='ocrx_word' id='word_1_927' title='bbox 2675 5618 3066 5683; x_wconf 34' lang='lat' dir='ltr'><strong>curaretiVid.</strong></span> <span class='ocrx_word' id='word_1_928' title='bbox 3104 5618 3372 5676; x_wconf 83' lang='lat' dir='ltr'><strong>Plutarch.</strong></span> <span class='ocrx_word' id='word_1_929' title='bbox 3409 5618 3485 5676; x_wconf 81' lang='lat' dir='ltr'><strong>in</strong></span> <span class='ocrx_word' id='word_1_930' title='bbox 3509 5620 3624 5674; x_wconf 84' lang='lat' dir='ltr'><strong>Vita</strong></span> 
     </span>
    </p>
   </div>
   <div class='ocr_carea' id='block_1_136' title="bbox 2032 5702 3459 5777">
    <p class='ocr_par' dir='ltr' id='par_1_136' title="bbox 2032 5702 3459 5777">
     <span class='ocr_line' id='line_1_138' title="bbox 2032 5702 3459 5777; baseline -0.005 -18"><span class='ocrx_word' id='word_1_931' title='bbox 2032 5705 2148 5776; x_wconf 86' lang='lat' dir='ltr'><strong>ejus</strong></span> <span class='ocrx_word' id='word_1_932' title='bbox 2171 5702 2451 5777; x_wconf 2' lang='lat' dir='ltr'><strong>(capp/:6).</strong></span> <span class='ocrx_word' id='word_1_933' title='bbox 2489 5702 2786 5777; x_wconf 27' lang='lat' dir='ltr'><strong>“casto.”</strong></span> <span class='ocrx_word' id='word_1_934' title='bbox 2885 5772 2896 5777; x_wconf 85' lang='lat'><em>_</em></span> <span class='ocrx_word' id='word_1_935' title='bbox 3082 5765 3111 5777; x_wconf 26' lang='grc' dir='ltr'><strong>,Δ</strong></span> <span class='ocrx_word' id='word_1_936' title='bbox 3234 5771 3244 5777; x_wconf 84' lang='lat'>_</span> <span class='ocrx_word' id='word_1_937' title='bbox 3427 5763 3459 5777; x_wconf 35' lang='lat' dir='ltr'>ﬂ</span> 
     </span>
    </p>
   </div>
   <div class='ocr_carea' id='block_1_137' title="bbox 2105 5770 3634 5844">
    <p class='ocr_par' dir='ltr' id='par_1_137' title="bbox 2105 5770 3634 5844">
     <span class='ocr_line' id='line_1_139' title="bbox 2105 5770 3634 5844; baseline -0.004 -13"><span class='ocrx_word' id='word_1_938' title='bbox 2105 5777 2178 5831; x_wconf 57' lang='lat' dir='ltr'><strong>.‘lb</strong></span> <span class='ocrx_word' id='word_1_939' title='bbox 2205 5775 2378 5844; x_wconf 79' lang='lat' dir='ltr'><strong>ofﬁciis</strong></span> <span class='ocrx_word' id='word_1_940' title='bbox 2409 5770 2569 5836; x_wconf 79' lang='lat' dir='ltr'><strong>otium</strong></span> <span class='ocrx_word' id='word_1_941' title='bbox 2601 5773 2834 5841; x_wconf 85' lang='lat' dir='ltr'><strong>publicis,</strong></span> <span class='ocrx_word' id='word_1_942' title='bbox 2878 5770 3172 5827; x_wconf 75' lang='lat' dir='ltr'><strong>immunitas</strong></span> <span class='ocrx_word' id='word_1_943' title='bbox 3200 5771 3246 5818; x_wconf 75' lang='grc' dir='ltr'>ει</span> <span class='ocrx_word' id='word_1_944' title='bbox 3287 5770 3494 5821; x_wconf 57' lang='lat' dir='ltr'><strong>vacatio</strong></span> <span class='ocrx_word' id='word_1_945' title='bbox 3520 5776 3634 5816; x_wconf 72' lang='lat' dir='ltr'><strong>cum</strong></span> 
     </span>
    </p>
   </div>
  </div>
