4224 6264
568 304 706 361 1079

1732 305 2007 362 ARNOBII
2039 304 2402 361 ADVERSUS
2439 303 2713 362 GENTES

3729 309 3750 364 1
3761 305 3884 363 080

1982 419 2546 479 COMMENTARIUS.

569 537 767 592 dentur
787 551 906 591 cum
931 537 1366 611 praecedentibus
1395 557 1407 592 :
1437 539 1522 609 qui
1555 540 1634 592 ira
1661 539 1784 609 quid
1807 539 2154 608 sit‘ignoranl.
2187 553 2235 611 Α
2265 553 2379 611 tuos
2419 538 2732 608 scriptores,
2767 554 2820 592 ν.
2851 553 2902 594 c.
2933 537 3072 605 Cic.,
3101 537 3232 595 Tus.
3263 554 3316 594 tv
3338 581 3352 602 .
3387 553 3511 607 cap.
3543 539 3577 594 9
3605 554 3618 592 :
3650 534 3869 611 Discor-

569 619 775 669 camptu
795 648 809 672 ,
845 607 986 674 quod
1019 614 1068 661 in
1099 619 1241 664 mstu
1263 619 1347 664 est
1368 607 1681 673 corruptum
1708 625 1828 664 esse
1860 607 2018 664 acuto
2050 626 2154 663 non

569 678 733 750 videt.
766 679 990 733 Sabu'us
1037 689 1093 733 et
1119 679 1374 734 Gelenius
1419 680 1696 736 ediderunt
1731 691 1985 733 contenta.
2015 680 2159 750 quod

569 749 792 801 verbum
820 763 1014 804 navum
1041 767 1261 818 prorsus
1287 752 1651 807 etinauditum
1677 766 1772 820 pro
1801 753 2157 815 continentia;

570 825 800 892 ζατοχή,
830 831 886 872 ιιι
925 832 1109 892 noster
1138 839 1298 892 supra
1330 824 1465 877 disnt
1521 824 1609 877 lil).
1639 839 1672 876 Il
1713 838 1762 876 c.
1811 823 1898 887 19,
1935 823 2164 891 probant

570 890 819 958 Cuja'c’ms
846 903 896 945 et
931 890 1216 948 Meursius.
1251 892 1325 946 lta
1359 895 1568 947 remissa
1597 890 2040 963 ap.Cypriauunt.
2073 893 2164 946 de—

573 963 726 1014 ducta
753 978 822 1031 ap
875 962 1010 1024 Cic.,
1034 965 1102 1017 de
1131 965 1314 1033 Legg,
1345 965 1436 1018 lib.
1472 980 1529 1028 ιι,
1563 962 1768 1018 condita
1793 981 1882 1033 ap.
1906 965 2164 1018 Censori-

574 1048 720 1094 num,
757 1049 872 1103 cap.
897 1049 993 1092 ιν..
1015 1036 1258 1100 abscissa,
1290 1052 1492 1102 resona,
1517 1052 1612 1101 pro
1631 1037 1880 1101 remissio,
1901 1036 2161 1101 deductio,

573 1105 818 1165 conditio,
846 1107 1124 1171 abscissio,
1177 1108 1449 1160 Τι’δοηιιιὶο.
1501 1105 1835 1162 Stewechius
1880 1111 2162 1176 lugendum

574 1185 761 1229 cernet
797 1188 1035 1228 t‘Onlt'ttlu
1063 1217 1077 1235 ,
1127 1181 1315 1231 eodem
1349 1193 1532 1233 sensu.
1586 1177 1736 1231 Fulv.
1790 1179 2014 1232 Ursinus
2044 1195 2168 1232 con-

575 1256 732 1297 tactu.
791 1246 913 1318 Mitti
956 1247 1241 1316 legendum
1285 1249 1494 1303 viil-tur
1543 1261 1820 1317 conceptu,
1874 1264 1906 1304 c
1936 1265 2042 1318 quo
2075 1266 2170 1318 per

578 1317 954 1388 ciiiitttettdttttii
987 1331 1139 1370 c—tu
1167 1320 1372 1388 scripto
1394 1320 1646 1375 facillime
1667 1324 1846 1374 enasci
1878 1317 2048 1388 potuit
2078 1317 2169 1374 ivi-

578 1387 712 1440 tiosa
748 1390 905 1441 lectio
935 1399 1156 1455 comptu.
1193 1390 1264 1444 lta
1283 1387 1564 1459 conceptus
1589 1391 1749 1443 animi
1776 1387 2134 1459 procttttsiliis
2154 1433 2168 1456 ,

579 1472 698 1525 qum
728 1460 908 1512 animo
939 1460 1228 1528 agitantur,
1260 1461 1395 1515 dixit
1424 1461 1531 1516 Jul.
1565 1461 1830 1515 Fituiicus
1861 1462 2086 1516 Matltes.
2116 1477 2170 1527 ν,

581 1541 697 1598 cap.
733 1529 820 1593 l2,
838 1539 890 1584 ct
916 1535 1179 1600 concipere
1205 1533 1309 1587 iras
1326 1536 1623 1602 srpissnne
1647 1537 1882 1588 Occurrit
1906 1549 1994 1603 ap.
2033 1535 2175 1602 Opti-

2263 609 2372 735 inlini,
2400 610 2479 663 ira
2500 611 2752 736 ngrbtor,
2769 611 2958 678 intima
2979 613 3150 666 animo
3168 620 3217 665 et
3244 611 3399 666 corde
3417 620 3686 682 concepta.
3713 609 3873 666 Ovid.

2317 691 2388 736 et.
2427 697 2464 736 ι.
2552 685 2562 698 ⁶
2589 683 2601 698 ⁹
2626 697 2640 734 :

2317 691 2388 736 et.
2427 697 2464 747 t,
2500 683 2640 736 l66:

2357 793 2598 859 Ingentes
2615 797 2776 846 animo
2801 803 2855 846 et
2875 796 3052 858 dignas
3067 795 3194 847 Jove
3210 797 3427 861 concipit
3452 798 3569 846 iras.

2268 918 2515 976 Valerius
2542 920 2787 989 Flaccus,
2812 923 3135 994 Argonaut.,
3165 939 3202 987 ι,
3235 922 3338 977 747
3365 939 3381 977 :

2361 1072 2470 1124 Rex
2498 1084 2654 1139 parat,
2677 1081 2731 1126 et
2753 1089 2910 1126 saevos
2934 1049 3350 1138 irarumcoticipit
3365 1013 3565 1140 ipsi?

2276 1180 2451 1253 Etiam
2498 1184 2887 1251 permixtionem
2917 1184 2984 1238 de
3027 1184 3076 1237 vi
3109 1183 3457 1253 cupiditatum
3506 1183 3673 1238 animi
3726 1192 3880 1239 tran-

2274 1252 2600 1321 quillitatem
2625 1256 2962 1308 Iurliantium
2993 1252 3448 1323 dicerepotuisse
3478 1255 3776 1309 Arnobium
3805 1269 3878 1310 eo

2274 1337 2438 1394 sensu
2497 1339 2603 1394 quo
2663 1323 2858 1380 Cicero
2905 1326 2956 1379 in
2998 1324 3267 1390 OratOre,
3301 1339 3418 1393 cap.
3467 1327 3532 1387 9.
3569 1325 3634 1379 de
3663 1325 3880 1381 Pericle

2275 1393 2413 1468 dixit
2440 1410 2455 1447 :
2491 1393 2592 1461 Qui
2616 1397 2660 1449 si
2680 1399 2820 1468 tenui
2844 1413 3026 1467 genere
3052 1408 3274 1450 uteretur
3294 1411 3615 1468 ,numquam
3641 1397 3701 1449 ab
3727 1396 3885 1468 Aris-

2278 1465 2501 1531 tophane
2522 1477 2670 1539 poeta
2689 1465 2903 1539 fulgere.
2938 1479 3139 1530 tonare,
3171 1465 3484 1536 permiscere
3503 1467 3757 1522 Graeciam
3779 1467 3893 1519 dic-

2278 1543 2359 1590 tus
2380 1547 2527 1600 esset,
2563 1538 2746 1593 nullus
2775 1538 2989 1594 dubito.
3019 1540 3226 1594 0am.

594 1683 3882 1716 ._.._.._____._____________________________________________

1564 1796 2052 1943 LIBER
2159 1799 2259 1930 ρ

2277 1799 2910 1914 UINTU'S.

1958 2009 2170 2066 INDEX
2205 2009 2508 2069 CAPITUM
2521 2051 2534 2067 .

1929 2187 2582 2220 ———-¢-———

590 2323 673 2377 Ad
716 2324 860 2379 aliud
898 2336 1074 2380 contra
1118 2326 1380 2398 gentilium
1425 2324 1557 2380 Deos
1601 2334 1958 2398 argumentum
1997 2325 2181 2380 transit
2210 2333 2258 2391 Β

669 2413 942 2480 Arnobius,
992 2417 1221 2488 illudque
1265 2419 1390 2486 petit
1435 2435 1497 2472 ea;
1543 2418 1768 2472 historiis
1806 2434 1824 2471 :
1866 2434 1993 2488 quas
2044 2433 2199 2488 quum

674 2513 858 2566 ethnici
885 2529 977 2566 usu
1000 2513 1297 2584 quotidiana
1319 2513 1590 2566 retinerent
1621 2512 1863 2583 festisque
1890 2511 2199 2566 celebrarent

676 2613 878 2676 annuis,
919 2626 1004 2665 eas
1039 2609 1270 2680 profecto
1314 2609 1603 2662 verissimus
1649 2623 1755 2660 esse
1795 2606 2194 2660 arbitrabantur.

670 2701 850 2758 Prima
876 2713 950 2758 est
985 2701 1168 2757 Numa:
1200 2700 1462 2767 Pompilii,
1488 2701 1624 2771 quia
1643 2697 1774 2752 Jove
1806 2698 1966 2752 Elicio
1992 2697 2123 2752 dolis
2148 2707 2194 2751 et

671 2800 862 2854 artibus
902 2799 1109 2870 decepto
1161 2798 1390 2870 fulminis
1444 2796 1852 2867 procurationem
1899 2795 2195 2865 impetrasse

673 2894 978 2961 perhibetur.
1431 2928 1434 2930 ν
1899 2884 2026 2953 Cap.
2059 2886 2110 2942 1.
2137 2883 2192 2936 2.

601 2985 686 3042 Ea:
712 2985 941 3041 omnibus
968 2995 1135 3038 autem
1164 2983 1317 3052 hujus
1344 2980 1573 3054 historice
1599 2977 1997 3033 circumstantiis
2026 2974 2195 3027 mani-

674 3081 862 3149 festum
889 3077 1010 3144 facit
1038 3085 1237 3139 auctor,
1266 3073 1394 3126 nihil
1423 3072 1550 3140 ﬁngi
1583 3079 1726 3139 posse
1755 3086 1783 3120 (ι
1812 3067 2016 3121 raritate
2046 3076 2090 3119 et
2120 3064 2200 3118 di-

673 3169 879 3223 vinitate
904 3167 1064 3237 magis
1088 3165 1336 3218 alienum.
1898 3155 2023 3225 Cap.
2057 3158 2110 3220 5,
2142 3156 2194 3209 4.

607 3259 1102 3317 SecundaAcdcstis
1129 3269 1174 3311 et
1211 3255 1398 3310 Attidis
1447 3255 1659 3308 historia
1709 3263 1804 3316 cst,
1853 3268 1966 3322 qua:
2013 3251 2202 3320 turpis-

675 3355 816 3409 sintis
859 3353 1030 3416 lovis,
1078 3352 1260 3406 Matris
1307 3349 1502 3414 Deum,
1537 3347 1706 3401 Nona:
1749 3356 1794 3400 et
1841 3347 1917 3400 Ia:
1959 3346 2197 3416 ﬂagitiis,
2229 3349 2273 3412 C

676 3446 1012 3518 ignominiosa
1040 3444 1226 3498 Attidis
1259 3443 1566 3496 castratione
1595 3442 1833 3512 illiusque
1861 3451 1906 3492 et
1940 3437 2018 3492 Ia:
2048 3445 2206 3491 morte

678 3542 891 3611 aliisque
915 3541 992 3594 illi
1021 3539 1280 3609 adjunctis
1321 3538 1667 3610 famosissima
1691 3541 1852 3609 fuisse
1874 3535 2202 3602 comperitur.

1817 3627 1946 3699 Cap.
1979 3629 2033 3691 5,
2063 3629 2120 3693 6,
2149 3627 2203 3682 7.

610 3725 796 3782 Contra
817 3727 960 3780 illuni
986 3727 1140 3798 igitur
1167 3726 1419 3781 Arnobius
1447 3725 1586 3778 haud
1609 3723 1678 3778 al.’
1685 3734 1758 3777 ter
1783 3741 1842 3777 ac
1865 3734 2043 3777 contra
2072 3722 2205 3776 alias

681 3833 1082 3888 argumentatur.
1117 3823 1274 3894 Urget
1315 3821 1563 3889 ethnicos,
1597 3837 1870 3891 eorumque
1901 3819 2028 3874 ridet
2061 3821 2202 3873 insa-

682 3917 840 3970 niam.
1906 3912 2032 3982 Cap.
2065 3910 2117 3973 8,
2149 3910 2203 3967 9.

613 4007 730 4062 Alia
767 4011 950 4062 excutit
987 4008 1040 4062 in
1081 4008 1256 4062 eadem
1293 4009 1506 4062 historia
1543 4006 1849 4076 ineptiarum
1891 4004 2204 4072 plenissima.

1841 4095 1966 4162 Cap.
2000 4093 2084 4158 10,
2121 4095 2205 4147 11.

613 4191 746 4248 Eam
775 4203 957 4249 tantem
1004 4194 1219 4247 ostendit
1259 4193 1321 4246 ab
1364 4191 1578 4246 ethnicis
1629 4206 1729 4244 non
1778 4206 1922 4256 posse
1967 4186 2208 4260 falsitatis

687 4289 930 4358 coargui;
953 4302 1067 4353 quae
1091 4286 1282 4340 scilicet
1325 4286 1387 4338 ab
1414 4283 1782 4350 antiquissimis
1812 4283 2017 4335 illorum
2047 4281 2209 4350 scrip-

693 4356 884 4432 toribus
915 4379 1101 4431 tradita
1131 4379 1282 4450 fuerit
1313 4388 1357 4430 et
1385 4377 1447 4430 ab
1488 4377 1614 4443 ipsis
1644 4376 1856 4428 ethnicis
1885 4389 2055 4428 annuo
2092 4373 2209 4427 Ma-
2231 4356 2286 4416 D

687 4471 779 4523 tris
808 4469 973 4522 Deum
998 4469 1124 4538 festo
1154 4471 1396 4523 celebrari
1422 4468 1754 4521 consueverit.
1833 4465 1960 4534 Cap.
2000 4465 2086 4529 l2,
2119 4466 2208 4520 17.

615 4559 802 4615 Plures
844 4561 974 4614 alias
1017 4560 1095 4614 his
1144 4562 1331 4613 similes
1377 4560 1630 4614 Arnobius
1677 4557 1988 4612 exsecranda
2035 4573 2210 4611 earum

691 4656 916 4723 fceditate
956 4653 1224 4708 deterritus
1268 4669 1322 4705 se
1343 4654 1722 4722 praetermittere
1751 4652 1996 4705 declarat.
2024 4649 2212 4704 Paucis

695 4756 862 4800 tamen
918 4745 1208 4814 perstringit
1261 4742 1499 4797 Faunum
1566 4742 1788 4797 Fatuam
1859 4743 1961 4797 sive
2016 4739 2211 4796 Bonam

688 4839 853 4895 beam
875 4840 1027 4911 virgis
1055 4855 1259 4898 cesam.
1283 4848 1482 4908 turpem
1505 4838 1669 4894 Servii
1691 4850 1879 4902 ortum,
1905 4854 1966 4892 ac
1991 4837 2215 4908 nefanda

687 4949 802 5002 qurc
843 4933 896 4986 in
943 4931 1299 5004 Omophugiis,
1346 4929 1737 5003 Corybantibus,
1785 4929 2210 4995 Bacchanalibus,

689 5024 934 5097 Phrygiis
962 5026 1122 5080 sacris
1152 5041 1211 5078 ac
1242 5025 1489 5095 mysteriis
1521 5024 1634 5092 fieri
1659 5022 1906 5077 solebant.

1837 5114 1964 5184 Cap.
2002 5114 2090 5180 18,
2126 5114 2214 5170 19.

623 5208 823 5265 Horum
850 5220 1018 5265 autem
1045 5211 1308 5265 occasione
1330 5209 1475 5264 Jovis
1503 5210 1724 5263 incestus
1753 5225 1867 5262 cum
1899 5207 2080 5262 Cerere
2107 5224 2219 5262 ma-

694 5313 772 5355 tre
795 5320 854 5356 ac
874 5301 1186 5369 Proserpina
1203 5303 1311 5369 filia
1328 5302 1541 5354 ethnicis
1562 5301 1852 5371 exprobrat.
1871 5297 1980 5370 Cap
2018 5299 2109 5362 20.
2125 5299 2187 5355 2|
2201 5341 2214 5354 .

626 5393 821 5462 Quibus
844 5395 1086 5466 expositis
1113 5396 1236 5448 scite
1261 5395 1508 5462 observat,
1551 5403 1620 5448 tot
1657 5403 1894 5466 tantaque
1922 5393 2066 5449 Jovis
2092 5409 2218 5448 nar-

2356 2327 2464 2381 rari
2507 2327 2758 2382 adulteria
2795 2328 2996 2399 aliaque
3027 2327 3249 2398 flagitia,
3280 2337 3337 2380 ut
3365 2345 3465 2381 non
3491 2328 3597 2380 alia
3627 2343 3791 2382 causa
3816 2343 3908 2381 na-

2372 2433 2454 2475 tus
2483 2420 2734 2486 videatur,
2765 2424 2864 2477 nisi
2890 2434 2942 2476 ut
2973 2422 3026 2475 in
3056 2438 3171 2474 eum
3202 2422 3364 2474 omnis
3402 2423 3633 2493 infamia:
3662 2423 3908 2476 colluvies

2373 2515 2706 2568 derivaretur.
3520 2514 3650 2583 Cap.
3683 2513 3782 2579 22,
3817 2514 3908 2569 εὖ.

2305 2605 2434 2660 Tant
2474 2607 2659 2660 deinde
2684 2607 2788 2660 alia
2820 2605 3138 2678 persequitur
3165 2623 3336 2669 sacra,
3380 2607 3608 2661 videlicet
3647 2605 3909 2661 Thesma-

2373 2699 2576 2767 phoria,
2611 2697 2891 2751 Eleusinia.
3525 2696 3657 2768 Cap.
3685 2698 3779 2761 24,
3809 2698 3904 2752 27.

2304 2791 2465 2862 Atque
2490 2791 2805 2855 Alimontia;
2851 2793 2904 2846 in
2941 2792 3123 2860 quibus
3165 2809 3266 2847 non
3299 2794 3466 2846 minor
3504 2809 3648 2860 quam
3688 2795 3742 2846 in
3785 2792 3912 2846 aliis

2376 2885 2582 2938 lascivia
2607 2901 2667 2938 ac
2695 2884 2989 2954 petulantia.
3532 2884 3652 2952 Cap.
3683 2882 3776 2949 28,
3809 2883 3904 2938 29.

2309 2976 2412 3031 His
2443 2980 2693 3032 enarratis
2719 2979 2782 3032 ab
2813 2979 3026 3033 ethnicis
3055 2979 3302 3048 postulat,
3336 2991 3505 3032 utrum
3529 2977 3811 3033 Christiani
3841 2979 3911 3030 ad

2359 3070 2486 3139 ⁵Ιιαξε
2507 3087 2654 3124 sacra
2683 3071 2885 3141 agenda
2913 3071 3052 3124 omni
3077 3072 3451 3141 suppliciorum
3473 3087 3656 3141 genere
3681 3070 3796 3138 cogi
3822 3072 3914 3124 de-

2379 3163 2558 3226 beant;
2586 3163 2835 3230 simulque
2865 3163 3051 3216 mirum
3088 3164 3180 3216 sibi
3227 3163 3389 3216 videri
3434 3163 3725 3234 proﬁtetur,
3768 3163 3912 3216 illum

2378 3257 2464 3328 qui
2495 3258 2587 3310 hos
2613 3273 2720 3310 esse
2746 3256 2866 3312 deos
2891 3267 3035 3328 neget
3061 3255 3140 3311 vel
3167 3256 3385 3321 dubitet,
3413 3258 3620 3309 atheum
3661 3271 3719 3309 ac
3746 3255 3876 3308 sacri
3886 3283 3912 3296 ο

2379 3352 2547 3421 legum
2575 3351 2638 3405 ab
2673 3351 2803 3421 ipsis
2831 3351 3105 3422 appellari.
3138 3347 3368 3420 Denique
3407 3349 3693 3411 concludit,
3733 3348 3915 3418 hujus-

2381 3446 2519 3498 modi
2572 3443 2693 3498 deos
2738 3459 2840 3497 non
2895 3443 3187 3496 christianis
3239 3458 3321 3496 eos
3373 3440 3764 3508 respuentibus.
3823 3439 3912 3494 sed

2381 3534 2595 3590 ethnicis
2624 3543 2767 3588 tanta
2791 3534 2998 3589 illorum
3023 3534 3236 3588 crimina
3263 3532 3664 3602 prtedicantibus
3692 3533 3916 3602 infensos

2381 3644 2489 3684 esse
2515 3628 2767 3682 debuisse.
3383 3620 3392 3629 ’
3415 3626 3544 3697 Cap.
3577 3626 3671 3688 29,
3701 3627 3789 3691 30,
3817 3627 3912 3680 31,

2312 3719 2587 3775 Gentilium
2638 3722 3018 3791 responsionem
3072 3721 3353 3790 exsufﬂat,
3403 3720 3491 3790 qui
3539 3735 3716 3772 omnes
3769 3719 3922 3772 hasce

2383 3814 2620 3869 historias
2648 3813 2926 3885 allegorica
2969 3823 3166 3868 tantum
3206 3829 3355 3867 sensu
3404 3810 3769 3883 intelligendas
3814 3829 3925 3866 esse

2382 3906 2767 3960 contendebant.
3539 3904 3666 3974 Cap.
3697 3902 3784 3968 32,
3814 3904 3890 3958 33
3900 3945 3915 3955 .

2315 4000 2584 4073 Ejusmodi
2612 3999 3046 4072 tergiversatianis
3067 3999 3438 4054 absurditatem
3469 3999 3802 4053 vehementius
3823 4012 3920 4048 ur-

2383 4103 2484 4164 get.
3421 4089 3541 4159 Cap.
3572 4089 3655 4146 δι,
3691 4087 3783 4148 35,
3813 4086 3913 4141 56.

2314 4183 2382 4237 ld
2425 4184 2594 4237 adhuc
2643 4183 2842 4253 plenius
2888 4183 3092 4245 evincit,
3147 4181 3419 4235 Summani
3457 4192 3499 4234 et
3547 4178 3919 4248 Proserantc.

2385 4293 2475 4331 nec
2505 4291 2606 4330 non
2627 4277 2771 4333 Jovis
2796 4292 2855 4328 ac
2884 4274 3080 4330 Cereris
3110 4275 3338 4329 historiis
3367 4274 3605 4328 excussis.

3419 4365 3543 4437 Cap.
3572 4366 3666 4430 '57,
3693 4366 3788 4426 ³58,
3819 4365 3914 4419 39.

2315 4463 2424 4516 Fac
2450 4471 2638 4526 tamen,
2666 4461 2709 4515 si
2739 4460 2882 4526 velis,
2913 4461 2966 4513 in
3005 4459 3232 4513 historia:
3272 4459 3546 4530 cujuslibet
3579 4458 3928 4524 descriptione

2383 4553 2527 4608 aliud
2553 4557 2758 4608 omnino
2781 4569 2933 4624 quant
2958 4551 3106 4605 verba
3135 4561 3318 4606 sonant
3342 4550 3664 4620 signiﬁcari:
3693 4565 3792 4602 non
3824 4550 3926 4601 mi-

2384 4666 2482 4704 nus
2523 4658 2656 4703 certe
2691 4648 2823 4702 illud
2851 4647 2919 4700 ad
2948 4646 3160 4700 deorum
3199 4645 3417 4699 dedecus
3463 4655 3511 4698 et
3557 4642 3925 4698 contumeliam

2384 4741 2710 4797 redundabit.
3414 4736 3542 4803 Cap.
3573 4735 3668 4800 40,
3700 4737 3789 4796 bi,
3824 4733 3923 4788 b2.

2317 4833 2543 4904 Denique
2588 4835 2748 4888 multa
2790 4833 2844 4888 in
2896 4832 3108 4887 deorum
3160 4831 3384 4886 historiis
3429 4831 3651 4884 lectitari
3699 4829 3927 4883 ostendit

2387 4927 2659 4992 Arnobius,
2683 4940 2797 4996 qua:
2821 4923 3097 4995 allegorica
3119 4938 3268 4976 sensu
3288 4922 3540 4991 explicari
3567 4930 3839 4989 nequeant,
3863 4935 3931 4973 ex

2389 5018 2568 5090 quibus
2603 5018 2883 5079 concludit,
2913 5016 3060 5087 nefas
3105 5031 3312 5083 prorsus
3340 5032 3446 5069 esse
3476 5016 3599 5068 deos
3625 5015 3689 5066 ab
3717 5013 3924 5084 gentili-

2393 5114 2504 5175 bus,
2527 5113 2570 5166 si
2591 5128 2674 5166 eos
2699 5127 2871 5166 revera
2897 5110 3112 5164 existere
3135 5125 3434 5179 persuasum
3459 5107 3708 5162 habebant
3732 5109 3932 5178 turpis-

2391 5208 2533 5262 simis
2576 5217 2621 5258 et
2657 5205 2830 5259 divina
2870 5206 3134 5273 majestate
3177 5202 3329 5274 plane
3366 5202 3593 5272 indignis
3621 5201 3796 5255 vocari
3835 5217 3932 5253 no-

2394 5297 2632 5351 minibus.
3417 5292 3550 5358 Cap.
3581 5291 3678 5357 43,
3708 5293 3804 5354 44,
3832 5291 3925 5346 85.

2397 5392 2438 5446 l.
2474 5390 2601 5445 Esto
2636 5405 2649 5443 :
2675 5387 2743 5443 ab
2768 5386 3075 5443 ludentibus
3105 5385 3279 5457 poetis
3307 5395 3502 5442 cuncta
3531 5385 3621 5442 illa
3647 5385 3762 5440 sint
3792 5399 3929 5456 pro-

2023 5523 2576 5583 COMMENTARIUS.

692 5649 811 5707 I.--
848 5648 974 5704 Esto
1005 5666 1022 5705 :
1057 5649 1119 5704 ab
1145 5648 1431 5704 ludentibus
1480 5649 1657 5717 poetis,
1699 5656 1804 5702 etc.
1855 5645 2054 5717 Sensus
2083 5653 2165 5698 est
2194 5661 2208 5697 :

622 5725 752 5791 Qua:
824 5723 1091 5791 proposita
1145 5731 1302 5776 antea
1353 5721 1436 5788 ,‘do
1482 5715 1652 5774 'vobis
1711 5736 1740 5772 a
1811 5715 2114 5791 ludentibus
2158 5725 2212 5771 et

624 5787 1022 5851 lascivientibus
1073 5796 1245 5863 poetis
1295 5787 1526 5848 canﬁcta
1581 5809 1596 5845 :
1651 5804 1758 5863 quo
1798 5787 2010 5845 tandem
2051 5795 2210 5859 pacto

2319 5641 2644 5697 excusabilis
2673 5639 2783 5704 illa,
2813 5655 2935 5711 quae
2985 5639 3225 5694 historia!
3268 5653 3462 5712 graves
3508 5645 3563 5695 et
3609 5636 3929 5712 set-impro-

2315 5713 2480 5792 dunt;
2533 5725 2761 5792 quaeque
2799 5710 2876 5792 in_
2903 5712 3258 5766 sanctissimis
3277 5710 3517 5792 'yestris,
3535 5718 3608 5792 _ut
3636 5710 3928 5792 existima-

2314 5785 2404 5852 tis,
2452 5779 2721 5850 mysteriis
2761 5781 3048 5840 traduutur
3091 5799 3196 5840 non
3240 5783 3423 5841 minus
3467 5780 3715 5840 ridicula.
3749 5779 3930 5840 Recte
