3972 6306
1634 495 1711 497 ﬁ,
1907 495 3607 517 —————————______.__

1121 614 2678 834 PROLEGOMENA

298 1091 931 1190 VETERUM
998 1096 1784 1197 TESTIMONIA
1864 1103 2026 1198 DE
2120 1106 2208 1200 S.
2288 1107 2777 1205 IGNATII
2861 1112 3509 1213 EPISTOLIS

697 1453 1020 1527 (Galland.,
1058 1458 1314 1515 Veterum
1332 1465 1566 1531 patrum
1592 1461 1885 1533 Biblioth.,
1918 1469 1960 1520 t.
1991 1465 2037 1535 Ι,
2083 1466 2344 1524 Venetiis
2377 1471 2536 1537 1765,
2563 1468 2627 1527 in
2656 1469 2759 1528 fol.
2792 1487 2924 1545 pag.
2955 1476 3106 1547 245.)

1882 1599 1928 1656 Ῑ.

1192 1738 1555 1795 ΡοιγαΑιιΡυε
1583 1741 1759 1811 Epist.
1791 1741 1869 1798 ad
1897 1742 2335 1816 Philippenses,
2365 1762 2488 1818 cap.
2515 1746 2601 1803 13.

493 1876 706 1934 Vnasro
748 1878 968 1934 Hormi.
1360 1885 1453 1940 Ea:
1482 1884 1702 1941 Eussau
1725 1886 2052 2014 Histégccl.

1784 1886 2052 2014 istégccl.
2079 1888 2174 1946 lib.
2199 1905 2279 1960 lu,
2311 1904 2435 1960 cap.
2762 1892 2959 1949 Vaasm
3000 1894 3066 1948 Η.
3110 1894 3352 1951 VALESII.

271 2053 486 2112 Mittam
516 2056 685 2113 vobis
717 2063 778 2114 et
804 2059 1014 2132 Ignatii
1055 2058 1276 2131 episto-
1429 2061 1541 2125 Τὰς
1572 2061 1839 2121 ἐπιστολᾶ

2029 2064 2158 2121 ιτίοο
2179 2066 2276 2128 τὰς
2295 2087 2437 2140 πεμ-
2596 2070 2892 2142 Epistolas
2910 2088 3117 2128 omnes
3130 2073 3340 2146 Ignatii
3363 2090 3509 2145 quas
3523 2075 3597 2131 ad

207 2142 301 2211 las,
332 2150 387 2200 et
416 2145 572 2202 alias
602 2147 654 2203 si
682 2164 813 2219 qua:
845 2152 1004 2217 sunt,
1037 2165 1167 2220 quas
1197 2148 1273 2204 ad
1358 2153 1579 2229 φθείσας
1610 2155 1746 2228 ἡμῖν

2027 2160 2086 2227 ιῦ,
2117 2158 2208 2211 καὶ
2258 2155 2435 2218 ἄλλοις
2529 2161 3595 2234 mescripsit,etquascunquedemum

207 2249 301 2288 nos
329 2235 700 2292 transmissa:
733 2243 908 2306 sunt;
944 2255 1014 2293 ex
1059 2238 1274 2310 quibus
1357 2240 1486 2304 ὅσας
1518 2238 1743 2317 εἷ’χομεν
1772 2270 1775 2279 ι

2038 2266 2086 2313 ν,
2119 2244 2435 2320 ἐπέμψαμεν
2522 2251 2684 2323 apud
2702 2269 2811 2307 nos
2826 2253 3086 2324 reperire
3099 2254 3605 2324 potuiazus,quecn-

203 2324 1276 2399 utilitatemmaximamcapiatiswon-
1357 2331 1509 2404 ὑμῖν,
1567 2333 1747 2396 καθὼς

2043 2346 2153 2400 σθε“
2186 2332 2243 2389 σι’ί
2297 2357 2440 2400 τινες
2524 2341 2848 2398 admodum
2875 2342 3046 2397 nobis
3066 2343 3490 2411 mandastis,ad
3508 2361 3607 2400 vos

208 2411 386 2501 tinent
404 2416 572 2471 enim
602 2415 673 2471 de
724 2415 840 2471 [ide
885 2422 942 2471 et
986 2416 1277 2488 patientia
1360 2423 1776 2500 ὑποτεταγμέναι

2039 2429 2107 2499 τῇ
2168 2425 2435 2501 ἐπιστολῇ
2529 2429 2800 2484 misimus
2828 2446 2842 2496 ;
2874 2445 3023 2499 quas
3055 2429 3294 2501 quidem
3321 2429 3459 2484 huic
3477 2430 3601 2501 epi-

203 2499 656 2559 instructionem
688 2504 1032 2576 perfectam,
1066 2521 1275 2561 secun-
1354 2511 1542 2587 ταύτῃ·
1579 2499 1665 2584 Ἐξ
1723 2513 1768 2567 ὥ

2033 2535 2040 2568 ε
2080 2499 2437 2592 causam
2528 2517 2696 2572 stola)
2718 2499 3102 2589 subjecimus.
3126 2519 3209 2572 Ex
3230 2517 3303 2573 iis
3326 2499 3601 2591 magnam

201 2588 326 2645 dum
354 2593 599 2648 Domini
627 2599 1017 2666 praeceptum.
1358 2598 1667 2673 δυνήσεσθε·
1726 2624 1767 2657 π

2034 2624 2046 2657 ι
2104 2588 2208 2678 γᾶρ
2252 2602 2433 2658 πίστιν
2522 2588 2837 2662 utilitatem
2866 2606 3170 2678 percipere
3196 2607 3357 2662 vobis
3379 2588 3602 2675 licebit;

1354 2693 1445 2747 καὶ
1492 2692 1805 2766 ὑπομονὴν,
1861 2692 1953 2746 καὶ
2000 2696 2175 2747 πᾶσαν
2214 2690 2440 2748 οἰκοδο-
2523 2696 2837 2751 continent
2856 2710 2922 2749 en

2035 2696 2175 2747 πᾶσαν
2214 2690 2440 2748 οἰκοδο·
2523 2696 2837 2751 continent
2856 2695 3016 2749 enim
3038 2695 3603 2768 ﬁdem,patientiam

1358 2782 1492 2855 μὴν,
1521 2781 1622 2850 τήν
1655 2779 1731 2844 εἷς
1757 2780 1851 2835 τὸν
1885 2779 2077 2856 Κύριον
2106 2782 2266 2854 ἡμῶν
2300 2780 2435 2852 ὰνή-
2523 2789 2583 2840 et
2652 2789 2868 2839 cmtera

2038 2802 2077 2835 ιν
2106 2782 2266 2854 ἡμῶν
2300 2780 2435 2852 ἆνή-
2523 2789 2583 2840 et
2652 2789 2868 2839 caetera
2950 2801 3081 2854 quae
3138 2783 3212 2840 ad
3269 2786 3606 2856 augendum

1356 2890 1578 2928 κουσαν.
2525 2871 2762 2927 Domini
2784 2876 2924 2927 nost'

2525 2871 2762 2927 Domini
2784 2872 2972 2927 nostri
3005 2872 3231 2928 cultum
3279 2873 3604 2945 pertinent.

1861 2970 1934 3025 II.

1256 3076 1511 3131 laxamus
1541 3074 1638 3131 lib.
1671 3091 1703 3129 v
1733 3076 1951 3131 Contra
1978 3076 2258 3146 haereses,
2291 3091 2417 3146 cap.
2450 3077 2541 3131 28.

452 3194 640 3249 Vnus
679 3208 995 3249 mrzapaas.
1358 3193 1445 3249 Ea:
1472 3193 1697 3247 Eussnu
1727 3192 2052 3319 Histégccl.
2082 3193 2180 3249 lib.
2205 3210 2288 3261 Ill,
2312 3209 2439 3264 cap.
2760 3193 2963 3249 νεικειο
3010 3193 3078 3249 Η.
3124 3192 3361 3249 νλιεειι.

249 3370 783 3434 Quemadmodum
807 3370 1050 3442 quidam
1068 3370 1141 3427 de
1157 3387 1235 3427 no
1251 3402 1272 3413 -
1435 3369 1524 3431 Ὠς
1565 3368 1686 3424 εἶπέ
1734 3388 1817 3432 τις

2036 3367 2318 3443 ἡμετέρων
2352 3366 2442 3425 διὰ
2598 3370 3113 3436 Quemadmodum
3153 3370 3373 3428 dixisse
3413 3372 3604 3429 fertur

190 3462 312 3517 stris
344 3462 531 3528 dixit,
562 3467 812 3534 propter
832 3463 1180 3533 martyrium
1214 3462 1275 3517 in
1359 3459 1459 3527 τήν
1491 3459 1627 3534 πρὸς
1678 3458 1758 3512 Θεέ

2034 3458 2157 3533 ιρίαν
2191 3478 2445 3533 κατακρι-
2527 3460 2769 3530 quidam
2790 3476 2819 3514 e
2836 3462 3077 3529 nostris,
3094 3461 3168 3515 ob
3185 3462 3403 3516 Christi
3422 3462 3602 3519 ﬁdem

190 3547 359 3605 Deum
423 3548 820 3622 adjudicatus
878 3548 950 3604 ad
1011 3547 1272 3605 bestias:
1361 3548 1470 3611 θεὶς
1527 3547 1666 3623 πρὸς
1717 3549 1758 3601 01

2037 3569 2070 3602 τι
2129 3548 2277 3611 σῖτός
2325 3548 2438 3621 εἶμι
2526 3548 2840 3604 damnatus
2870 3550 2944 3605 ad
2965 3550 3605 3607 bestiastrumentum

189 3640 449 3703 Quoniam
480 3644 838 3711 frumentum
884 3655 1002 3695 sum
1052 3641 1272 3706 Christi,
1360 3640 1516 3705 Θεοῦ,
1541 3637 1630 3693 καὶ
1664 3634 1734 3692 δι’

2054 3637 2262 3711 θηρίων
2291 3637 2436 3709 m-
2522 3654 2620 3707 ego
2648 3654 2767 3692 sum
2797 3640 2917 3707 Dei,
2963 3645 3014 3693 et
3066 3641 3317 3707 ferarum
3346 3640 3599 3696 dentibus

189 3736 229 3781 et
249 3748 353 3800 per
383 3732 590 3787 dentes
624 3730 919 3784 bestiarum
957 3729 1155 3798 motor,
1212 3736 1276 3784 ut
1358 3728 1546 3800 Θομαι,
1612 3724 1708 3781 ’ἱνα

2105 3724 2266 3801 ἄρτος
2347 3727 2440 3783 εὑ-
2521 3728 2699 3782 molor
2726 3732 2891 3797 atque
2921 3730 3288 3797 comminuor,
3319 3735 3383 3785 ut
3425 3732 3592 3800 panis

188 3823 416 3880 mundus
437 3823 630 3894 panis
660 3821 759 3877 Dei
786 3821 1061 3877 inveniar.
1365 3818 1521 3891 ρεθῶ.
2517 3817 2752 3872 mundus
2784 3820 3016 3887 efﬁciar.
3046 3819 3229 3891 Epist.
3276 3817 3351 3873 ad
3400 3821 3593 3890 Rom.,

2516 3922 2647 3978 cap.
2670 3908 2722 3960 4.

1848 4012 1940 4069 111.

179 4125 522 4186 Tamramus
555 4129 978 4196 ANTIOCHENUS,
1010 4132 1072 4182 ut
1097 4128 1297 4197 fertur,
1329 4121 1780 4251 Compar/1L“;
1822 4126 2195 4264 εῐοοὲἃρᾳυέἑὸ
2236 4121 2507 4248 Evangel.
2558 4125 2643 4179 Ex
2691 4123 2825 4178 edit.
2864 4124 3122 4181 Biblioth.
3155 4125 3383 4181 Patrum
3413 4127 3596 4181 Paris.

1624 4237 1639 4264 ,
1790 4234 1802 4248 .
1870 4235 1884 4262 ,
2034 4235 2046 4248 .
2203 4236 2217 4263 ,
2301 4236 2312 4249 .

1624 4237 1639 4264 ,
1672 4234 1802 4249 ουκ..
1840 4234 1884 4262 .,
1910 4234 2046 4264 μων.
2093 4234 2217 4263 nm,
2248 4234 2312 4249 η.

232 4308 357 4364 Cum
386 4314 537 4365 esset
572 4306 909 4376 desponsata
936 4310 1113 4361 mater
1138 4305 1257 4376 ejus
1286 4304 1486 4359 Maria.
1519 4303 1708 4367 Quare
1765 4317 1889 4356 non
1948 4318 2021 4355 ex
2078 4298 2332 4372 simplici
2366 4300 2610 4381 virgine,
2644 4301 2747 4358 sed
2779 4318 2850 4357 ex
2874 4302 3236 4375 desponsata
3264 4305 3605 4377 concipitur

182 4397 427 4456 Christus
452 4399 484 4454 ‘I
514 4396 760 4463 Primo,
790 4399 857 4450 ut
882 4410 989 4467 per
1016 4393 1463 4467 generationem
1491 4390 1709 4463 Joseph
1757 4389 1919 4463 origo
1975 4390 2167 4445 Mariae
2220 4395 2656 4447 monstraretur
2684 4407 2696 4458 ;
2755 4392 3040 4460 secundo,
3072 4410 3149 4448 ne
3178 4393 3545 4465 lapidaretur
3569 4412 3603 4450 a

176 4486 365 4545 Iudaeis
400 4495 475 4545 ut
506 4485 838 4552 adultera;
868 4485 1064 4554 tertio,
1098 4490 1161 4540 ut
1191 4484 1253 4539 in
1284 4484 1594 4556 Egyptum
1623 4481 1854 4554 fugiens
1885 4482 2132 4536 haberet
2161 4481 2436 4537 solatium
2464 4481 2569 4536 viri
2595 4500 2609 4549 ;
2637 4489 2867 4553 quarto,
2890 4488 2957 4539 ut
2981 4488 3185 4555 partus
3208 4485 3336 4556 ejus
3366 4484 3602 4541 falleret

181 4573 488 4647 diabolum,
527 4579 858 4650 putantem
886 4575 1085 4653 Jesum
1117 4573 1190 4629 de
1218 4578 1486 4640 uxorata,
1520 4587 1641 4627 non
1672 4571 1744 4627 de
1776 4570 2008 4644 Virgine
2040 4576 2268 4627 natum.
2300 4572 2475 4642 Epist.
2508 4572 2581 4627 ad
2609 4572 2807 4642 Ephcs.
2850 4588 2971 4643 cap.
3005 4576 3089 4628 19.
3127 4574 3251 4630 Vide
3280 4576 3435 4643 infra
3460 4576 3595 4629 Hie-

181 4672 372 4737 ronymi
406 4666 834 4725 testimonium.

1849 4750 1921 4806 IV

398 4850 737 4910 ORIGENES,
769 4842 999 4916 Prolog.
1031 4842 1094 4898 in
1123 4841 1348 4898 Cantic.
1381 4841 1662 4898 canticor.
1696 4841 1781 4895 Ea:
1798 4840 1999 4896 noviss.
2033 4842 2139 4896 BB.
2172 4842 2352 4909 Paris,
2385 4841 2512 4896 edit.
2554 4843 2714 4910 1740,
2747 4845 2875 4896 tom.
2909 4841 3004 4908 Ill,
3033 4858 3165 4913 pag.
3199 4843 3286 4911 30,
3322 4843 3387 4897 D.

229 4946 461 5003 Nemini
527 4943 817 5013 aliquem
880 4946 1220 4997 sanctorum
1269 4939 1509 5007 dixisse,
1561 4939 1852 5012 Ignatium
1882 4939 2128 4995 nomine
2171 4938 2243 4994 de
2294 4938 2566 4995 Christo:
2598 4941 2746 4996 Meus
2779 4945 2960 4995 autem
2990 4956 3145 4995 amor
3173 4942 3474 5011 cruciﬁxus
3505 4949 3600 5009 est,

180 5049 263 5091 nec
291 5031 689 5109 reprehendi
721 5047 856 5087 eum
888 5049 995 5104 pro
1028 5031 1139 5087 hoc
1170 5030 1415 5104 dignum
1437 5029 1665 5102 judico.
1695 5031 1872 5101 Epist.
1905 5031 1979 5086 ad
2007 5032 2188 5097 Rom.,
2212 5046 2335 5100 cap.
2362 5032 2413 5085 7.

603 5142 777 5204 locu,
811 5138 1003 5195 homil.
1036 5155 1090 5193 vr
1121 5138 1185 5194 in
1216 5138 1454 5204 Lucam,
1484 5137 1645 5204 ibid.,
1667 5154 1805 5208 pag.
1837 5138 1963 5207 938,
1990 5137 2059 5193 A.
2092 5138 2282 5196 Graeca
2312 5154 2380 5193 ex
2408 5137 2621 5194 schedis
2651 5137 2846 5193 Casam
2872 5137 3174 5209 descripta.

233 5261 423 5325 Καλῶς
458 5260 517 5316 ἒν
554 5260 673 5333 μιᾷ
718 5260 829 5310 τῶν
882 5254 1154 5330 μάρτυρός
1210 5275 1358 5316 τινος
1409 5251 1714 5309 ἐπιστολῶν
1747 5251 1801 5325 γὲ

2036 5255 2344 5327 Eleganter
2366 5257 2427 5311 in
2449 5271 2570 5311 una
2588 5255 2975 5326 epistolamm
2997 5256 3306 5328 cujusdam
3328 5257 3604 5328 martyris

181 5369 381 5422 791mm
414 5354 548 5427 [τὸν
581 5342 875 5422 Ἰγνάτιον
926 5344 1097 5420 λέγω,
1150 5344 1241 5400 τὸν
1297 5343 1432 5417 μετὰ
1458 5343 1550 5399 τὸν
1583 5341 1749 5418 μάκάιτ

2041 5344 2270 5399 natium
2293 5344 2447 5413 dico,
2472 5344 2801 5399 sxcundum
2824 5349 2959 5416 post
2976 5345 3215 5401 beatum
3238 5347 3478 5401 Petrum
3494 5348 3605 5400 An-

183 5436 353 5514 Πέτρον
390 5448 502 5512 τῆς
536 5434 908 5510 Ἀντιοχείας
936 5430 1184 5508 δεύτερον
1217 5429 1537 5500 ἐπίσκοπον,
1566 5431 1658 5487 τὸν
1684 5433 1737 5487 ἐν

2037 5433 2191 5489 chius
2224 5434 2593 5504 episcopum,
2613 5433 2713 5503 qui
2739 5432 2800 5487 in
2831 5435 3243 5504 persecutione
3266 5436 3465 5489 Romae
3493 5449 3605 5506 pu-

185 5520 383 5606 ζιωτμῴ
435 5532 495 5588 ἐν
544 5527 767 5598 Ῥώμῃ
795 5522 1012 5597 θηρίοις
1064 5523 1511 5600 μαχησάμενον]’
1546 5522 1643 5577 Καὶ
1689 5519 1751 5578 ἔλ

2040 5524 2158 5580 avit
2188 5522 2263 5578 ad
2292 5521 2566 5593 bestias):
2602 5521 2888 5594 scriptum
2921 5528 3045 5579 est:
3082 5523 3394 5595 Principem
3422 5523 3608 5580 saeculi

185 5618 255 5670 τὸν
298 5619 554 5703 ἄρχοντα
618 5617 736 5672 τοῦ
790 5610 994 5674 αἰῶνος
1068 5611 1266 5669 τούτου
1320 5613 1357 5681 ἡ
1415 5610 1670 5688 παρθενία
1727 5613 1753 5669 It

2039 5615 2126 5684 ius
2185 5612 2349 5668 latuit
2407 5612 2597 5667 Mariae
2647 5611 2965 5683 virginitas.
3012 5611 3195 5686 Epist.
3247 5612 3323 5669 ad
3368 5613 3607 5686 Ephes.,

188 5725 303 5780 ρης.

1960 5719 2088 5774 cap.
2125 5704 2210 5756 19.

480 5832 786 5894 Panos.
833 5822 944 5884 Gn.
997 5820 1068 5884 V.
3251 5823 3278 5879 1
