3972 6306
470 345 544 408 li

771 565 976 623 Vnnsio
1011 564 1232 620 RUFINI.

535 746 650 804 Sed
679 752 738 802 et
781 745 843 801 in
887 748 1093 800 nostra
1121 757 1357 815 quoque
1388 745 1537 796 tem-

471 854 617 910 pora
663 837 836 892 fama:
883 832 1224 890 celebritate
1277 831 1540 904 vulgatus

459 927 746 1001 Ignatius.
781 923 937 998 apud
986 921 1361 978 Antiochiam
1409 925 1542 992 post

465 1021 706 1072 Petrum
737 1013 1001 1071 secunda
1021 1012 1399 1068 successione
1423 1009 1543 1082 epi-

469 1111 776 1179 scopatum
807 1103 1051 1160 sortitus
1074 1107 1182 1157 est.
1207 1102 1389 1168 Quem
1414 1115 1542 1155 ser-

465 1213 563 1252 mo
593 1194 858 1263 tradidit,
911 1193 983 1248 de
1037 1191 1218 1264 Syrias
1275 1189 1542 1263 partibus

471 1285 546 1341 ad
573 1284 784 1340 urbem
816 1283 1076 1339 Romam:
1092 1279 1538 1348 transmissum,

471 1381 531 1430 et
550 1391 655 1448 pro
677 1371 960 1445 martyrio
983 1370 1200 1427 Christi
1225 1369 1299 1426 ad
1322 1367 1542 1424 bestias

467 1463 699 1520 datum.
728 1462 958 1534 Quique
1007 1477 1144 1517 cum
1189 1477 1296 1532 per
1342 1457 1542 1514 Asiam

467 1553 576 1610 sub
611 1551 880 1608 custodia
926 1551 1244 1622 navigaret,
1280 1546 1544 1620 singulas

467 1659 734 1716 quasque
767 1639 1108 1714 digrediens
1137 1638 1541 1707 civitates,Ec-

467 1731 663 1788 clesiaa
687 1729 938 1804 populos
959 1727 1312 1802 evangelicis
1338 1727 1544 1784 cohor-

465 1820 792 1878 tationibus
823 1818 1107 1875 edocebat
1153 1817 1216 1874 in
1265 1815 1379 1872 fide
1409 1831 1540 1889 per-

469 1911 701 1981 sistere,
725 1914 784 1965 et
801 1909 1114 1965 observare
1135 1924 1197 1963 se
1218 1907 1292 1962 ab
1313 1905 1543 1962 haereti-

469 2019 675 2059 corum
697 1998 1108 2073 contagiis,qui
1129 2003 1269 2052 tunc
1285 1995 1544 2068 primum

470 2092 770 2164 capiosius
798 2093 1104 2160 cmperant
1139 2085 1454 2158 pullulare.
1487 2088 1546 2138 et

470 2187 537 2236 ut
563 2179 909 2252 diligentius
930 2195 998 2234 ac
1020 2174 1288 2232 tenacius
1317 2177 1547 2244 aposto-

474 2270 669 2326 lorum
698 2266 1116 2323 traditionibus
1147 2264 1540 2328 inhaererent;

478 2375 626 2430 quas
638 2357 920 2414 tradition
928 2372 1009 2426 es,
1018 2353 1260 2411 cautelae
1274 2351 1548 2424 gratia,et

470 2462 546 2502 ne
564 2445 708 2517 quid
732 2445 887 2516 apud
918 2449 1184 2515 posteros
1212 2445 1547 2496 remaneret

469 2537 703 2602 incerti,
736 2535 914 2590 etiam
943 2533 1192 2604 scriptas
1239 2547 1302 2586 se
1334 2529 1547 2585 asserit

469 2623 1078 2696 reliquisse.Denique
1092 2621 1544 2692 cumSmyrnam

474 2715 732 2772 venisset
743 2713 843 2770 ubi
857 2713 1214 2785 Polycarpus
1228 2717 1372 2775 erat,
1395 2710 1510 2765 scri
1525 2740 1540 2750 ι

468 2805 558 2860 bit
578 2805 717 2861 inde
733 2819 916 2859 unam
931 2801 1241 2874 epistolam
1260 2799 1336 2856 ad
1358 2799 1544 2871 Ephe-

469 2897 588 2951 sios
623 2909 947 2964 eorumque
979 2897 1298 2964 pastorem,
1333 2889 1394 2944 in
1427 2904 1545 2959 qua

469 2983 748 3040 meminit
785 2988 846 3038 et
901 2981 1203 3038 Onesimi:
1261 2983 1320 3034 et
1365 2977 1542 3034 aliam

476 3073 786 3147 Magnesia
817 3071 1039 3128 civitati
1061 3086 1194 3141 quas
1217 3084 1396 3140 supra
1419 3068 1546 3122 Μω-

473 3163 724 3219 andrum
741 3163 922 3235 jacet,
955 3160 1019 3215 in
1046 3176 1165 3232 qua
1194 3163 1254 3213 et
1282 3155 1542 3230 episcopi

473 3253 744 3310 Dammei
775 3251 1142 3307 mentionem
1163 3249 1321 3304 facit.
1345 3247 1460 3302 Sed
1485 3251 1544 3302 et

473 3343 742 3399 ecclesias
763 3358 895 3412 quas
911 3341 1072 3396 estin
1087 3339 1298 3395 Trallis
1314 3336 1541 3404 scribit,

471 3434 642 3506 cujus
661 3433 993 3505 principem
1017 3437 1158 3487 tunc
1198 3446 1326 3485 esse
1366 3428 1542 3499 Poly-

469 3523 636 3580 bium
657 3523 1004 3596 designavit.
1028 3524 1094 3578 In
1119 3536 1189 3576 ea
1206 3536 1342 3575 vero
1363 3535 1543 3590 quam

472 3613 548 3670 ad
586 3615 914 3669 Romanam
951 3608 1276 3666 Ecclesiam
1317 3607 1541 3671 scribit,

473 3703 825 3775 deprecatur
869 3717 971 3757 eos
1009 3716 1086 3756 ne
1133 3715 1217 3768 se,
1260 3704 1544 3770 tanquam

474 3791 782 3864 suppliciis
830 3790 953 3846 suis
1000 3793 1333 3863 parcentes,
1364 3787 1548 3844 velint

479 3897 582 3952 spe
611 3880 828 3952 privari
857 3879 1126 3950 martyrii
1151 3895 1164 3946 ;
1210 3883 1270 3933 et
1294 3877 1385 3932 his
1414 3881 1547 3948 post

475 3969 782 4041 aliquanta
809 3969 997 4024 utitur
1025 3966 1252 4022 verbis:
1278 3969 1326 4022 A
1359 3965 1542 4035 Syria,

475 4057 690 4130 inquit,
721 4062 927 4114 Roman
966 4073 1138 4128 usque
1185 4073 1308 4112 cum
1364 4054 1546 4110 bestiis

472 4155 625 4204 terra
643 4151 894 4218 marique
913 4149 1190 4218 depugno,
1214 4144 1467 4201 etc.Hmc
1489 4148 1548 4198 et

471 4237 662 4292 multa
691 4236 807 4291 alia
826 4236 920 4291 his
944 4234 1164 4290 similia
1185 4233 1258 4289 ad
1283 4233 1544 4288 diversas

467 4325 750 4381 ecclesias
781 4324 1007 4380 scribit.
1039 4321 1151 4378 Sed
1181 4328 1239 4378 et
1268 4320 1342 4378 ad
1370 4322 1542 4394 Poly-

466 4431 733 4488 carpum,
749 4413 906 4470 velut
929 4411 1319 4486 apostolicum
1349 4412 1540 4467 virum

469 4502 623 4560 datis
654 4503 892 4572 litteris,
914 4503 1345 4558 Antiochenam
1368 4502 1422 4557 ei
1444 4502 1542 4556 Ec-

463 4593 708 4650 clesiam
730 4591 1025 4664 praacipue
1045 4589 1540 4647 commendat.Ad

462 4681 799 4754 Smyrnmos
861 4697 1000 4736 sane
1033 4680 1320 4748 scribens,
1353 4681 1540 4736 utitur

460 4770 656 4826 verbis
669 4765 1023 4842 quibusdam
1041 4767 1200 4824 unde
1216 4770 1535 4840 assumptis

461 4860 784 4928 nescimus,
809 4860 1024 4931 quibus
1077 4861 1204 4914 haec
1234 4858 1306 4914 de
1336 4859 1536 4917 Salva-

1572 333 1635 395 8.
1683 331 2082 395 IGNATIUS.
2126 361 2204 377 —
2248 327 2860 394 PROLEGOMENA.

2127 466 2177 521 V

1627 559 1926 626 EUSEBIUS,
1959 557 2103 614 Hist.
2130 555 2293 685 ἕξεσι.
2327 557 2424 616 lib.
2458 575 2543 626 ιιι,
2583 575 2710 631 cap.

1693 742 1760 796 *Ο
1789 759 1848 794 τε
1895 737 2044 814 παρὰ
2089 733 2370 799 πλείστοις
2421 735 2582 792 εἰσέτι
2612 738 2705 790 νῦν

1626 823 1924 898 διαϐόητος
1955 826 2244 904 Ἰγνάτιος,
2275 832 2373 894 τῆς
2424 825 2543 881 κατ’
2579 826 2706 881 ’Av-

1621 917 1872 993 τιόχειαν
1903 919 2108 991 Πέτρου
2158 913 2428 990 διαδοχῆς
2460 912 2707 990 δεύτερος

1621 1006 1721 1074 τήν
1742 1002 2046 1074 ἐπισκοπήν
2060 1001 2508 1078 κεκληρωμένος,
2530 1001 2706 1078 Λόγος

1624 1091 1671 1150 δ’
1701 1088 1817 1169 ἔχει
1847 1099 2039 1150 τοῦτον
2083 1094 2188 1149 ἀπὸ
2240 1092 2437 1168 Συρίας
2486 1090 2574 1148 ἐπὶ
2604 1094 2704 1163 τὴν

1623 1182 1914 1257 Ῥωμαίων
1942 1181 2106 1238 πόλιν
2135 1181 2570 1263 ἀναπεμφθέντα,
2602 1193 2704 1254 θη-

1624 1274 1754 1348 ρίων
1786 1276 2026 1350 γενέσθαι
2074 1274 2264 1352 βορὰν,
2313 1281 2412 1345 τῆς
2465 1273 2542 1337 εἰς
2571 1274 2699 1348 Χρι-

1626 1362 1752 1420 στὸν
1785 1365 2085 1439 μαρτυρίας
2115 1363 2312 1422 ἕνεκεν.
2347 1362 2450 1420 Καὶ
2500 1360 2568 1433 δὴ
2598 1365 2698 1433 τὴν

1626 1451 1696 1510 δι’
1741 1454 1929 1519 Ἀσίας
1968 1452 2309 1529 ἀνακομιδὴν
2363 1456 2476 1529 μετ’
2509 1453 2703 1528 ἐπιμε-

1627 1544 1892 1618 λεστάτης
1923 1551 2176 1626 φρουρῶν
2223 1545 2472 1626 φυλακῆς
2515 1545 2702 1602 ποιού-

1631 1655 1814 1708 μενος,
1845 1637 1940 1700 τὰς
1967 1636 2105 1693 κατᾶ
2124 1635 2288 1692 πόλιν
2318 1637 2404 1700 αἷς
2435 1632 2600 1708 ἐπεδῆ
2614 1657 2701 1708 μει

1626 1725 1936 1804 παροικίας,
1965 1732 2084 1790 ταῖς
2117 1725 2206 1783 διὰ
2237 1726 2420 1806 λόγων
2453 1725 2703 1802 ὁμιλίαις

1623 1837 1684 1872 τε
1723 1817 1814 1872 καὶ
1871 1821 2210 1893 προστροπαῖς
2265 1815 2619 1894 ἐπιρῥωννὺς,
2653 1815 2704 1871 ἐν

1626 1903 1868 1978 πρώτοις
1937 1901 2175 1976 μάλιστα
2231 1903 2703 1982 προφυλάττεσθαι

1626 1985 1860 2066 αἱρέσεις
1891 1990 2012 2067 ἄρτι
2040 1991 2165 2048 τότε
2195 1995 2412 2068 πρῶτον
2449 1991 2705 2070 ἀναφυεί-

1628 2101 1722 2142 σας
1777 2080 1868 2136 καὶ
1954 2079 2395 2152 ἐπιπολαζοόσας
2450 2081 2699 2156 παρῄνει·

1626 2167 1932 2245 προῦτρεπέ
1988 2191 2047 2226 τε
2117 2170 2279 2246 ἀπρὶξ
2333 2165 2551 2246 ἔχεσθαι
2603 2177 2703 2240 τῆς

1625 2264 1734 2314 τῶν
1803 2259 2126 2316 ἀποστόλων
2199 2258 2573 2334 παραδόσεως,
2633 2261 2701 2330 ἣν

1631 2349 1760 2424 ὑπὲρ
1792 2347 2111 2426 ἀσφαλείας,
2143 2350 2234 2404 καὶ
2267 2349 2565 2426 ἐγγράφως,
2592 2346 2702 2420 ἤδη

1632 2437 2044 2513 μαρτυρόμενος
2102 2435 2487 2494 διατυποῦσθαε
2541 2441 2706 2516 ἀναγ-

1627 2534 1778 2584 καῖον
1803 2531 2016 2603 ἡγεῖτο.
2049 2525 2208 2585 Οὕτω
2240 2525 2376 2598 δῆτα
2401 2527 2452 2583 ἐν
2483 2528 2703 2605 Σμόρνῃ

1628 2619 1939 2697 γενόμενος,
1971 2613 2098 2682 ἔνθα
2144 2620 2172 2672 ὁ
2223 2617 2582 2692 Πολ-ὂκαρπος
2615 2621 2706 2689 ἦν,

1631 2709 1756 2781 μίαν
1793 2708 1888 2780 μὲν
1935 2703 2234 2774 ἐπιστολὴν
2292 2711 2360 2782 τῇ
2417 2707 2554 2763 κατὰ
2604 2709 2706 2778 τὴν

1624 2799 1857 2871 Ἔφεσον
1891 2793 2197 2868 Ἐκκλησία
2243 2796 2460 2875 γράφει,
2505 2799 2704 2870 ποιμέ-

1625 2908 1715 2947 vs:
1747 2887 1916 2955 αὐτῆς
1965 2886 2324 2958 μνημονεύων
2377 2887 2700 2960 Ὀνησίμου·

1625 2977 1810 3050 ἑτέραν
1840 2974 1898 3032 δὲ
1925 2981 1994 3052 τῇ
2027 2977 2080 3033 ἐν
2109 2979 2399 3054 Μαγνησίᾳ
2443 2981 2512 3052 τῇ
2565 2979 2702 3054 πρὸς

1628 3063 1940 3142 Μαιάνδρῳ,
2001 3061 2125 3132 ἔνθα
2181 3066 2346 3122 πάλιν
2400 3065 2700 3124 ἐπισκόπου

1627 3158 1781 3230 Δάμα
1815 3157 2040 3229 μνήμην
2077 3155 2396 3228 πεποίηται’
2428 3158 2518 3212 καὶ
2547 3161 2616 3232 τῇ
2647 3156 2700 3213 ἐν

1627 3244 1905 3320 Τράλλεσι
1929 3243 1985 3300 δὲ
2014 3245 2220 3318 ἄλλην,
2249 3245 2320 3316 ἧς
2351 3244 2592 3322 ἄρχοντα
2617 3244 2703 3303 τὸ.

1624 3357 1682 3392 τε
1711 3332 1836 3392 ὄντα
1861 3331 2134 3392 Πολύϐιον
2155 3337 2380 3412 ἱστορεῖ.
2406 3337 2550 3412 Πρὸς
2580 3338 2706 3392 ut.

1623 3447 1742 3490 ταις
1800 3425 1889 3482 καὶ
1945 3429 2014 3500 τῇ
2071 3425 2361 3500 Ῥωμαίων
2400 3425 2704 3500 Ἐκκλησία

1625 3516 1842 3594 γράφει·
1959 3514 2050 3570 καὶ
2107 3513 2450 3591 παράκλησιν
2481 3516 2702 3592 προτεί-

1625 3627 1726 3676 νει,
1796 3607 1872 3668 ὡς
1930 3607 2005 3678 μὴ
2065 3606 2530 3681 παραιτησάμενοι
2603 3611 2702 3662 τοῦ

1632 3693 1951 3770 μαρτυρίου,
2007 3700 2106 3764 τῆς
2165 3693 2510 3768 ποθουμένης
2541 3693 2700 3751 αὺτὸν

1627 3787 2052 3861 ἀποστερήσαιεν
2107 3781 2353 3846 ἐλπίδος·
2415 3782 2464 3854 ἐξ
2497 3785 2570 3839 ὧν
2613 3801 2702 3856 καὶ

1632 3877 1951 3956 βραχύτατα
1997 3875 2072 3938 εἷς
2127 3872 2380 3946 ἐπίδειξιν
2415 3878 2523 3930 τῶν
2552 3875 2706 3951 εἰρη-

1632 3967 1806 4041 μένων
1835 3965 2166 4041 παραθέσθαι
2203 3961 2368 4036 ἄξιον
2403 3964 2600 4040 Γράφει
2633 3961 2700 4036 δὴ

1629 4056 1720 4136 (ᾖν
1747 4058 1883 4112 κατᾶ
1931 4053 2102 4128 λέξιν⁶
2173 4054 2313 4110 Ἀπὸ
2371 4054 2568 4128 Συρίας
2601 4056 2700 4128 μέ-

1628 4164 1728 4220 χρι
1783 4143 2006 4217 Ῥώμης
2066 4147 2399 4219 θηριομαχῶ
2452 4140 2543 4198 δεδι
2596 4149 2700 4217 γῆς

1625 4236 1717 4288 καὶ
1769 4233 2288 4304 θαλάσσης,νυκτὸς
2327 4231 2417 4288 καὶ
2466 4233 2698 4308 ἡμέρας,

1623 4344 1677 4383 κ.
1719 4344 1770 4382 τ.
1822 4319 1878 4379 λ.
1935 4322 2033 4378 Καὶ
2087 4327 2256 4378 ταῦτα
2316 4323 2409 4395 μὲν
2455 4321 2562 4376 ἀπὸ
2602 4328 2702 4392 τῆς

1625 4409 1968 4484 δηλωθείσης
1994 4413 2208 4474 πόλεως
2221 4417 2339 4475 ταῖς
2351 4408 2653 4490 καταλεχθε
2663 4413 2698 4466 ί-

1625 4523 1744 4565 σαις
1776 4501 2091 4574 ἐκκλησίαις
2133 4501 2525 4558 διετυπώσατοο
2557 4502 2697 4575 Ἤδη

1623 4591 1671 4650 δ’
1701 4593 1948 4650 ἐπέκεινα
1967 4603 2067 4664 τῆς
2101 4594 2358 4668 Σμύρνης
2387 4595 2697 4680 γενόμενος,

1621 4685 1725 4740 ἀπὸ
1751 4683 2008 4760 Τρωάδος
2033 4689 2147 4748 τοῖς
2175 4695 2232 4740 τε
2255 4683 2306 4738 ἐν
2327 4680 2700 4764 Φιλαδελφείᾳ

1618 4773 1770 4839 αὖθις
1825 4772 1914 4830 διὰ
1968 4781 2180 4854 γραφῆς
2239 4771 2449 4845 ὁμιλεῖ,
2505 4773 2695 4848 καῖτῇ

1619 4863 1942 4938 Σμυρναίων
1994 4860 2316 4932 Ἐκκλησία,
2351 4858 2503 4925 ἰδίως
2529 4882 2588 4917 τε
2617 4867 2698 4935 τῷ

3035 561 3238 618 Vsnsio
3276 559 3342 615 Η.
3388 560 3629 617 νΑιιιειι.

2829 738 3093 812 Ignatius
3105 741 3395 812 praeterea
3407 737 3728 796 multorum
3745 756 3861 796 ser-

2791 828 3072 884 monibus
3093 835 3299 885 nostra
3319 829 3499 887 etiam
3521 835 3690 885 mtate
3713 829 3866 886 cele-

2788 917 3323 986 bratus,secundus
3346 925 3476 991 post
3495 920 3732 975 Petrum
3753 921 3867 974 An-

2791 1008 3487 1065 tiochensemEcclesiam
3501 1009 3744 1065 sortitus
3757 1013 3862 1066 est.

2787 1098 2891 1154 Hic
2905 1097 2978 1154 ob
2993 1098 3171 1154 fidem
3185 1093 3448 1155 Christie
3474 1097 3645 1171 Syria
3672 1098 3742 1154 ad
3769 1116 3862 1154 ur-

2785 1188 3173 1244 bemRomam
3189 1189 3532 1260 perductus,
3548 1189 3754 1245 bestiis
3767 1188 3864 1244 ob-

2778 1277 2976 1350 jectus
3007 1293 3135 1333 esse
3159 1278 3394 1335 dicitur.
3413 1281 3483 1333 Et
3503 1295 3635 1334 cum
3663 1295 3766 1350 per
3787 1280 3861 1334 A-

2787 1367 2937 1423 siam
2953 1368 3063 1424 sub
3077 1369 3528 1425 accuratissima
3542 1369 3867 1424 satellitum

2785 1455 3056 1514 custodia
3093 1457 3460 1527 (luctaretur,
3495 1457 3882 1531 singularum.

2789 1545 3184 1603 nihilominus
3205 1548 3500 1604 civitatum
3512 1564 3660 1620 quas
3671 1547 3862 1620 ingre-

2785 1635 3022 1694 deretur
3034 1638 3314 1694 ecclesias
3328 1637 3694 1694 sermonibus
3709 1641 3872 1694 etco-

2785 1727 3222 1784 hortationibus
3236 1727 3360 1784 suis
3373 1729 3870 1792 conflrmans.mo-

2791 1817 2972 1875 nebat
2985 1818 3046 1874 in
3061 1817 3475 1890 primisutsibi
3493 1835 3527 1873 a
3539 1817 3730 1890 pravis
3746 1817 3872 1872 hm-

2791 1907 3114 1964 reticorum
3159 1907 3542 1980 opinionibus
3571 1911 3871 1976 caverent,

2791 2014 2925 2070 quas
2942 2003 3084 2054 tunc
3099 1997 3361 2069 primum
3379 1999 3441 2053 in
3459 1996 3655 2054 lucem
3674 2013 3876 2053 emer-

2788 2104 2923 2160 gere
2938 2103 3074 2142 cum
3089 2087 3728 2160 cmpissent,copiosius
3740 2086 3875 2158 pul-

2788 2175 3451 2247 lulabanttlortatusque
3463 2181 3555 2230 est
3566 2181 3630 2231 ut
3640 2180 3876 2246 aposto-

2788 2266 2975 2322 lorum
2993 2266 3410 2323 traditionibus
3423 2267 3706 2323 tenaciter
3719 2265 3893 2321 inhae-

2791 2363 3020 2424 rerent;
3041 2373 3188 2428 quas
3202 2356 3441 2427 quidem
3458 2356 3531 2411 ad
3553 2355 3877 2410 certiorem

2792 2447 3158 2518 posteritatis
3206 2446 3483 2502 notitiam
3536 2445 3884 2500 testimonio

2796 2553 2902 2592 suo
2927 2537 3310 2592 confirmatas
3333 2535 3568 2607 scriptis
3590 2533 3884 2589 mandare

2793 2627 3197 2683 necessarium
3241 2627 3426 2682 duxit.
3473 2629 3676 2696 Itaque
3734 2641 3878 2680 cum

2792 2717 3104 2789 Smyrnam
3118 2715 3380 2771 venisset
3396 2715 3454 2770 in
3474 2720 3727 2786 quatum
3745 2719 3880 2769 erat

2793 2806 3166 2879 Polycarpus,
3183 2823 3364 2862 unam
3390 2805 3630 2876 quidem
3648 2805 3879 2876 episto-

2791 2894 2910 2950 lam
2925 2896 3165 2968 scripsit
3178 2893 3879 2966 adEcclesiamEphesio-

2789 2987 3012 3046 rum.in
3037 3002 3155 3056 qua
3183 2985 3446 3041 Onesimi
3470 2985 3736 3056 ipsorum
3767 3000 3885 3054 pa-

2792 3075 2967 3130 storis
3016 3074 3376 3130 mentionem
3405 3073 3565 3129 facit.
3599 3073 3874 3128 Alteram

2789 3181 3024 3236 quoque
3037 3163 3197 3220 dedit
3209 3163 3284 3219 ad
3295 3163 3615 3219 Ecclesiam
3632 3166 3877 3235 Magne-

2789 3255 2890 3310 siaa
2913 3253 3306 3325 civitatisquaa
3330 3252 3772 3308 adMasandrum
3792 3253 3881 3307 si-

2790 3351 2850 3400 ta
2869 3349 2980 3414 est,
3011 3345 3072 3400 in
3097 3361 3215 3416 qua
3231 3345 3409 3400 etiam
3433 3345 3674 3400 Damam
3700 3343 3838 3414 epis
3861 3375 3882 3389 -

2789 3451 3003 3507 COpum
3030 3434 3320 3490 nominat.
3353 3433 3548 3489 Aliam
3596 3433 3742 3488 item
3795 3435 3891 3490 ad

2786 3524 3110 3580 Ecclesiam
3121 3522 3895 3595 Trallianorum,cujusan-

2787 3614 3032 3670 tistitem
3047 3620 3189 3670 tunc
3204 3614 3385 3670 fuisse
3404 3611 3891 3685 memoratPoly-

2787 3703 2974 3760 bium.
2997 3705 3221 3760 Praeter
3253 3703 3360 3759 has
3389 3707 3480 3758 est
3508 3708 3569 3758 et
3595 3702 3713 3758 alia
3736 3702 3889 3773 ejus

2789 3793 3038 3866 epistola
3049 3793 3122 3849 ad
3133 3791 3457 3849 Ecclesiam
3469 3791 3887 3862 urbisBomm,

2789 3884 2850 3938 in
2873 3899 2989 3955 qua
3009 3888 3141 3939 orat
3158 3888 3334 3954 atque
3355 3881 3628 3937 hortatur
3646 3883 3888 3940 Roma-

2787 3992 2917 4042 nos,
2941 3992 3016 4031 ne
3037 3975 3384 4046 martyrium
3409 3990 3444 4029 a
3469 3991 3530 4029 se
3553 3973 3886 4045 depellen-

2789 4071 2876 4122 tes
2905 4082 2974 4121 ac
2994 4066 3404 4137 deprecantes,
3429 4080 3530 4136 spe
3551 4081 3620 4120 ac
3640 4071 3776 4120 voto
3809 4085 3888 4124 se

2785 4153 3061 4210 fraudare
3101 4153 3302 4211 velint.
3337 4154 3447 4208 Sed
3479 4171 3674 4225 operai
3721 4171 3886 4226 pre-

2785 4243 2933 4297 tium
2950 4242 3212 4298 fueritad
3229 4243 3747 4298 conﬁrmationem
3769 4259 3854 4300 eo
3875 4276 3893 4290 -

2785 4349 2915 4388 rum
2933 4349 3064 4403 qua}
3087 4333 3370 4400 diximus,
3391 4332 3680 4388 nonnulla
3703 4349 3776 4388 ex
3809 4335 3904 4393 iis

2787 4422 3000 4476 litteris
3014 4422 3108 4477 hic
3125 4421 3666 4478 ascribere.Scribit
3688 4423 3902 4495 igitur

2786 4511 2846 4566 in
2872 4512 3031 4567 hunc
3053 4513 3326 4567 modum:
3361 4514 3408 4568 A
3439 4513 3606 4581 Syria
3634 4513 3896 4572 Romam

2786 4617 3086 4672 usquecum
3102 4601 3287 4658 bestiis
3303 4603 3737 4673 depugno,terra
3752 4619 3894 4662 ma-

2782 4693 3133 4760 rique,noctu
3154 4698 3206 4746 et
3233 4691 3499 4760 interdiu,
3523 4692 3714 4747 etc.Et
3736 4691 3897 4752 haec

2785 4778 3028 4850 quidem
3057 4779 3160 4835 ille
3193 4797 3263 4835 ex
3301 4780 3442 4836 Asia
3469 4780 3544 4836 ad
3575 4779 3902 4842 ecclesias

2781 4869 3055 4940 superius
3084 4873 3443 4924 memoratas
3483 4869 3889 4941 perscripsit.

462 4953 591 5004 tore
612 4949 1014 5021 proloquitur:
1050 4951 1170 5019 Ego
1197 4956 1380 5005 autem
1407 4956 1532 5018 post
1613 4951 1817 5022 ταύτης
1839 4971 2026 5026 προηγ

2333 4948 2623 5026 λυκάρπῳ⁵
2634 4951 2694 5006 ὃν
2780 4959 2992 5013 Postea
3003 4975 3138 5014 vero
3151 4975 3186 5013 a
3197 4959 3448 5029 Smyrna
3458 4959 3712 5014 ulterius
3728 4977 3901 5032 pro-

455 5043 902 5096 resurrectionem
923 5057 1140 5112 quoque
1159 5043 1217 5096 in
1229 5057 1393 5096 carne
1408 5057 1528 5096 eum

456 5131 570 5184 scio
606 5131 796 5198 fuisse,
842 5135 894 5184 et
942 5130 1126 5186 credo.
1158 5131 1293 5185 Nam
1323 5136 1376 5185 et
1404 5146 1529 5186 cum

453 5217 688 5274 venisset
715 5219 790 5273 ad
816 5221 1040 5274 Petrum
1066 5225 1413 5290 caterosque,
1446 5222 1528 5275 ait

453 5308 566 5363 eis:
595 5309 874 5376 Accedite,
926 5314 978 5364 et
1021 5308 1222 5376 videte,
1251 5311 1386 5379 quia
1414 5324 1524 5364 non

449 5411 568 5451 sum
595 5397 930 5454 daemonium
972 5399 1378 5468 incorporeum.
1419 5399 1525 5463 Qui

449 5491 500 5540 et
529 5489 902 5558 contingentes
949 5503 1096 5554 eum,
1144 5487 1520 5543 crediderunt.

1615 5042 1703 5096 οἷα
1735 5037 1802 5110 δή
1841 5037 2211 5095 ἇποστολικὸν
2252 5037 2422 5113 ἄνδρα
2452 5038 2509 5094 εὖ
2543 5037 2692 5114 μάλα

1611 5133 1920 5206 γνωρίζων,
1951 5131 2051 5197 τὴν
2073 5129 2193 5186 κατ’
2225 5129 2567 5207 ’Λντιόχειαν
2601 5128 2693 5184 αὖ·

1607 5223 1688 5291 τῷ
1717 5241 1984 5294 ποιμνην,
2008 5219 2082 5282 ὡς
2106 5219 2165 5275 ἄν
2187 5221 2412 5295 γνήσιος
2432 5221 2524 5275 καὶ
2558 5219 2692 5294 ἀγα-

1607 5310 1700 5374 θὸς
1756 5311 1966 5384 ποιμήν
2027 5309 2400 5386 παρατίθεται,
2433 5309 2532 5378 τὴν
2565 5309 2688 5385 περὶ

1606 5397 1774 5468 αὐτῆς
1805 5397 2069 5478 ᾣροντίδα
2127 5397 2215 5454 διὰ
2247 5395 2489 5468 σπουδῆς
2541 5390 2688 5474 ἔχειν

1605 5488 1769 5543 αὐτὸν
1791 5487 1972 5561 ἀξιῶν.
1997 5489 2062 5544 Ἡ
2086 5485 2144 5542 δὲ
2164 5488 2326 5550 αὐτὸς
2351 5487 2686 5564 Σμυρναίοις

2777 5061 3035 5118 gressus,
3067 5063 3202 5102 cum
3250 5046 3539 5102 Troadem
3569 5047 3892 5124 venisset,

2777 5133 2917 5190 inde
2955 5134 3030 5190 ad
3058 5135 3592 5207 Philadelphenses
3621 5135 3898 5198 litteras

2775 5223 2940 5280 dedit
2971 5230 3029 5280 et
3058 5225 3132 5280 ad
3163 5226 3604 5298 Smyrnaaorum
3650 5226 3894 5287 Eccle-

2775 5311 3349 5386 siam,privatimque
3371 5314 3442 5370 ad
3459 5314 3906 5388 Polycarpum

2774 5419 2981 5459 eorum
3049 5403 3413 5476 episcopum.
3473 5405 3658 5471 Quem
3721 5423 3907 5471 cum

2772 5492 3165 5563 apostolicum
3188 5493 3380 5549 virum
3403 5509 3532 5550 esse
3555 5494 3737 5566 plane
3765 5516 3910 5557 co-

447 5574 568 5630 Scit
587 5580 787 5632 autem
808 5582 866 5632 et
885 5577 1144 5633 lrenmus
1167 5576 1518 5648 martyrium
1601 5577 1846 5655 γράφων,
1904 5576 2004 5633 οὐκ

2337 5577 2430 5632 ἑθεν
2491 5578 2681 5652 ῥητοῖς
2769 5585 3100 5648 gnosceret,
3127 5581 3240 5654 ipsi
3261 5587 3548 5654 tanquam
3571 5582 3775 5642 bonus
3803 5605 3905 5648 ac

451 5662 600 5736 ejus.
634 5680 742 5722 nec
773 5682 894 5722 non
915 5667 1358 5722 etmentionem
1379 5665 1521 5721 facit
1603 5666 1996 5744 συγκέχρηται,

2347 5690 2401 5724 να
2431 5667 2553 5745 περὶ
2583 5671 2681 5723 τοῦ
2771 5669 3915 5745 Πάθιίεραειοτ,ςιέεειιιΑιιίίοοίιεῐιω

442 5756 801 5831 scriptorum
816 5756 1518 5834 ejus.SedetPolycarpus
1601 5761 1838 5836 Χριστοῦ
1882 5755 2010 5832 διεξι

2347 5755 2394 5816 Βὲ
2419 5759 2508 5816 καὶ
2546 5756 2681 5834 μετὰ
2767 5760 3915 5837 Ecclesiaecommendavit,rogans,ut
