3972 6306
208 412 266 474 13

490 547 700 602 Vausxo
730 547 947 607 Rurim,

206 637 395 692 horum
423 636 780 692 memoriam
809 634 949 692 facit
991 635 1052 690 in
1083 633 1260 708 Epis-

205 726 308 782 tola
333 742 510 797 quam
553 726 631 781 ad
662 726 1078 798 Philippenses
1111 724 1258 783 scri-

204 815 279 871 bit
302 833 403 889 per
437 817 606 872 haec:
651 836 674 866 ί
705 817 1025 888 Deprecor,
1048 814 1263 886 inquit,

202 921 384 961 omnes
438 921 539 961 vos
602 903 959 960 obedientiaa
1016 918 1263 974 operam

204 995 345 1066 dare,
425 1000 485 1051 et
538 994 820 1050 meditari
906 994 1258 1065 patientiam

209 1101 363 1156 quam
393 1083 625 1139 vidistis
655 1083 717 1138 in
752 1085 1065 1156 lgnatio,et
1089 1082 1263 1150 Rufo,

209 1179 258 1228 et
281 1173 499 1229 Zosimo
530 1173 727 1229 beatis
759 1173 920 1237 viris,
961 1173 1264 1246 praacipue

202 1270 374 1319 autem
404 1264 463 1319 in
488 1263 680 1320 Paulo
715 1267 776 1319 et
827 1263 1055 1320 caeteris
1087 1279 1265 1335 apos-

206 1353 344 1418 tolis,
360 1354 459 1425 qui
480 1352 730 1408 fuerunt
760 1358 896 1408 ante
920 1370 1021 1408 vos
1040 1367 1054 1418 ;
1072 1351 1262 1407 scien-

210 1447 285 1498 tes
313 1442 464 1514 quod
476 1443 539 1497 hi
554 1458 767 1497 omnes
778 1458 897 1498 non
910 1442 974 1498 in
993 1458 1263 1510 vacuum,

207 1531 296 1587 sed
322 1550 425 1604 per
453 1532 638 1587 ﬁdem
670 1536 730 1586 et
736 1531 759 1603 j
772 1531 1031 1587 ustitiam
1058 1547 1266 1587 cucur-

204 1626 408 1689 rerunt,
437 1638 757 1693 usquequo
783 1621 1169 1693 pervenirent
1193 1619 1267 1676 ad

210 1709 382 1767 locum
412 1710 525 1766 sibi
580 1726 618 1766 a
668 1711 918 1766 Domino
963 1725 1262 1781 praepara-

210 1804 319 1855 tum
350 1818 364 1866 ;
395 1800 684 1871 quoniam
743 1798 983 1870 quidem
1036 1798 1262 1870 passio-

205 1906 332 1944 num
359 1892 484 1962 ejus
523 1890 853 1962 participes
883 1889 1260 1957 exstiterunt,

208 1995 303 2034 nec
329 1978 670 2037 dilexerunt
680 1998 946 2052 praesens
958 1981 1259 2047 saeculum,

203 2068 292 2123 sed
320 2086 450 2126 eum
478 2069 677 2126 solum
713 2071 815 2141 qui
846 2087 950 2141 pro
1006 2069 1151 2141 ipsis
1205 2074 1265 2125 et

204 2173 295 2228 pro
316 2159 483 2214 nobis
514 2166 793 2215 mortuus
824 2164 913 2214 est
957 2164 1014 2213 et
1064 2175 1264 2215 resur-

202 2247 352 2304 rexit.
377 2272 405 2300 ››
432 2250 503 2304 Et
530 2254 673 2321 post
707 2264 893 2320 pauca
930 2248 1260 2321 subjungit:

203 2358 225 2383 «ι
255 2336 580 2409 Scripsistis
614 2337 764 2392 mihi
792 2343 850 2392 et
875 2353 976 2392 vos
1007 2342 1066 2392 et
1094 2339 1259 2410 lgna-

201 2426 326 2494 tius,
360 2435 423 2483 ut
452 2430 499 2483 si
534 2429 674 2500 quis
730 2428 889 2485 vadit
933 2428 1007 2484 ad
1064 2435 1261 2501 partes

207 2516 368 2587 Syrias
416 2516 652 2573 deferat
712 2517 937 2573 litteras
991 2516 1065 2573 ad
1112 2535 1260 2586 vos;

200 2606 341 2676 quod
380 2606 624 2675 faciam,
657 2624 796 2662 cum
828 2612 1059 2679 tempus
1090 2608 1255 2663 inve.

195 2710 342 2751 uero.
387 2718 415 2746 υ
469 2700 613 2767 Lege
673 2699 947 2768 Haymon.
1009 2698 1104 2755 lib.
1184 2715 1258 2765 ιν,

193 2801 295 2857 cap.
316 2790 373 2843 6.

1452 408 1833 474 VETERUM
1876 408 2386 471 TESTIMONIA.

1346 634 1448 700 τήν
1512 632 1796 689 ἀνάστασιν
1881 633 1934 688 ἐν
2017 633 2175 709 σαρκὶ
2257 634 2420 690 αὐτον

1348 718 1488 792 οἶδα,
1535 724 1623 777 καὶ
1670 721 1905 778 πιστεύω
1961 719 2108 781 ὅντα.
2170 724 2269 781 Καὶ
2333 722 2423 779 ὅτε

1346 812 1484 885 πρὸς
1510 810 1637 874 τοὺς
1677 811 1801 887 περὶ
1858 807 2063 888 Πέτρον
2123 810 2414 885 ἐλήλυθεν,

1346 896 1446 980 ἔφη
1500 902 1704 965 αὐτοῖς·
1772 899 1998 975 Λάϐετε,
2056 904 2421 980 ψηλαφήσατέ

1351 1012 1437 1063 με,
1468 992 1554 1047 καὶ
1591 990 1732 1049 ἴδετε
1765 992 1849 1048 ὅτι
1911 990 2011 1049 οὔκ
2058 994 2174 1068 εἰμι
2226 992 2419 1068 δαιμό-

1347 1100 1460 1136 νιον
1512 1081 1826 1156 ἀσώματον.
1880 1083 1979 1138 Καὶ
2045 1084 2200 1146 εὐθὺς
2248 1083 2416 1140 αὐτοῦ

1350 1170 1581 1245 ἥψαντο,
1665 1173 1756 1228 καὶ
1830 1172 2167 1232 ἐπίστευσαν.
2283 1171 2418 1231 Οἵδε

1349 1259 1407 1316 δὲ
1437 1263 1604 1317 αὐτοῦ
1632 1262 1696 1319 τὸ
1730 1264 2024 1339 μαρτύριον
2057 1265 2148 1319 καὶ
2183 1266 2210 1319 ὁ
2240 1265 2415 1342 Εἰρη-

1346 1355 1516 1423 ναῖος,
1572 1351 1662 1407 καὶ
1719 1357 1826 1408 τῶν
1888 1352 2190 1409 ἐπιστολῶν
2251 1355 2415 1410 αὐτοῦ

1352 1442 1697 1514 μνημονεύει.
1745 1443 1907 1500 Καὶὸ
1939 1442 2299 1519 ΙΙολύκαρπος
2358 1441 2416 1499 δὲ

1346 1529 1553 1586 τούτων
1580 1531 1756 1587 αὐτῶν
1810 1534 2081 1608 μέμνηται
2111 1533 2162 1590 ἒν
2191 1538 2260 1609 τῇ
2320 1554 2416 1612 φε-

1349 1620 1551 1695 ρομένῃ
1584 1622 1750 1677 αὐτοῦ
1808 1623 1945 1699 πρὸς
1999 1621 2414 1694 Φιλιππησίους

1348 1709 1638 1785 ἐπιστολῇ,
1671 1713 1887 1789 φάσκων
1943 1713 2130 1776 αὐτοῖς
2182 1712 2411 1788 ῥήμασι·

1348 1826 1376 1854 ‹‹
1411 1804 1718 1877 Παρακαλῶ
1761 1805 1853 1859 οὖν
1882 1805 2088 1864 πάντας
2121 1804 2261 1877 ὑμᾶς
2291 1824 2413 1859 πει-

1346 1893 1566 1967 θαρχεῖν
1599 1893 1689 1948 καὶ
1729 1894 1909 1948 ἀσκεῖν
1960 1900 2131 1949 πᾶσαν
2196 1894 2411 1966 ὑπομο-

1345 1984 1551 2054 νὴν,ἤν
1584 1982 1752 2041 ε’ἶδετε
1816 1989 1933 2041 κατ’
1986 1986 2306 2061 ὀφθαλμοὺς
2348 1984 2410 2039 οὐ

1349 2072 1510 2146 μόνον
1528 2078 1578 2129 ἐν
1611 2079 1725 2136 τοῖς
1758 2072 2410 2151 μακαρίοιςΊγνατίῳκαὶ

1349 2163 1539 2239 Ροῦφῳ
1562 2164 1653 2219 καὶ
1697 2165 1952 2239 Ζωσίμῳ,
2001 2164 2148 2222 ἀλλᾶ
2203 2164 2295 2220 καὶ
2339 2169 2411 2224 ἐν’

1346 2250 1540 2316 ἄλλοις
1571 2259 1686 2317 τοῖς
1716 2254 1765 2324 ἐξ
1799 2256 1971 2328 ὑμῶν’
2010 2257 2097 2310 καὶ
2159 2255 2211 2311 ἐν
2268 2257 2413 2331 αὐτῷ

1347 2342 1550 2416 Παύλῳ
1578 2344 1796 2408 καὶτοῖς
1818 2344 2038 2409 λοιποῖς
2057 2343 2410 2409 ἀποστόλοιςο

1344 2436 1731 2508 πεπεισμένους
1785 2436 1867 2491 ὅτι
1908 2438 2059 2491 οὗτοι
2089 2435 2280 2499 πάντες
2313 2438 2413 2492 οὐκ

1347 2525 1422 2590 εἷς
1451 2525 1605 2581 κενὸν
1638 2523 1897 2599 ἔδραμον,
1949 2526 2073 2582 ἀλλ’
2133 2525 2183 2582 ἐν
2234 2528 2412 2582 πίστει

1349 2613 1440 2669 καὶ
1472 2606 1908 2689 δικαιοσύνῃ·καὶ
1940 2615 2023 2671 ὅτι
2048 2616 2123 2678 εἰς
2153 2616 2246 2671 τὸν
2271 2617 2413 2696 ὀφει-

1346 2706 1580 2780 λόμενον
1631 2707 1815 2770 αὐτοῖς
1898 2709 2066 2763 τόπον
2124 2708 2226 2763 εἰσὶ
2266 2708 2413 2784 παρά

1346 2797 1552 2869 Κυρίῳ,
1586 2797 1632 2870 ᾧ
1669 2796 1759 2851 καὶ
1818 2798 2126 2854 συνέπαθον.
2186 2796 2259 2852 Ob
2306 2797 2411 2873 γὰρ

1343 2888 1436 2943 τὸν
1464 2891 1553 2941 νῦν
1586 2889 1874 2964 ἠγάπησαν
1920 2887 2111 2959 αἰῶνα,
2145 2887 2290 2944 ἀλλὰ
2318 2890 2411 2944 τὸν

1350 2977 1480 3051 ὑπὲρ
1535 2979 1695 3050 ἡμῶν
1754 2977 2107 3049 ἀποθανόντα,
2194 2978 2285 3033 καὶ
2342 2977 2414 3033 δι’

1347 3071 1495 3141 ἡμᾶς
1527 3067 1630 3123 ὑπὸ
1660 3074 1758 3124 τοῦ
1790 3073 1922 3124 Θεοῦ
1943 3068 2411 3128 ἀναστάντα.››Καὶ

1346 3158 1468 3229 ἑξῆς
1500 3158 1760 3236 ἐπιφέρειο
1807 3183 1821 3209 ‹
1863 3159 2165 3236 Έγράψατέ
2206 3160 2411 3234 μοικαὶ

1350 3248 1503 3322 ὑμεῖς
1542 3249 1634 3306 καὶ
1691 3250 1981 3324 Ἰγνάτιος,
2033 3248 2126 3306 Ἵνα
2184 3251 2272 3307 ἐάν
2329 3273 2413 3316 τις

1349 3334 1661 3416 ἀπέρχηται
1695 3340 1771 3402 εἷς
1803 3338 2026 3414 Κυρίαν,
2052 3342 2143 3395 καὶ
2189 3343 2258 3397 τὰ
2285 3345 2415 3418 παρ’

1345 3431 1499 3503 ὑμῶν
1528 3429 1843 3504 ἀποκομίσῃ
1876 3430 2198 3503 γράμματα.
2237 3433 2413 3508 ’Όπερ

1343 3525 1585 3593 ποιήσω,
1612 3519 1698 3575 ἐὰν
1747 3514 1902 3575 λάϐω
1953 3520 2144 3590 καιρὸν
2175 3521 2412 3589 εὔθετον,

1346 3612 1452 3668 εἴτε
1482 3611 1615 3686 ἐγὼ,
1648 3606 1756 3665 εἷ’τε
1804 3604 1862 3663 ὅν
1912 3610 2118 3683 πέμψω
2148 3606 2413 3686 πρεσϐεύ·

1349 3723 1506 3761 σοντα
1535 3702 1626 3757 καὶ
1657 3700 1779 3775 περὶ
1815 3699 1990 3772 ὑμῶν.
2027 3723 2055 3751 ››
2086 3704 2224 3772 Lege
2256 3704 2416 3759 Νιαε-

1348 3815 1571 3858 puoauu
1601 3796 1697 3850 lib.
1734 3798 1821 3861 ui,
1849 3809 1973 3864 cap.
2016 3796 2095 3848 19.

3514 412 3586 481 ιι

2756 544 2958 600 Vaasxo
2991 546 3057 600 Η.
3083 548 3329 603 νΑωιειι.

2509 632 2663 688 omni
2695 649 2837 690 cura
2865 651 2933 690 ac
2965 633 3270 708 diligentia
3299 636 3469 693 illum
3493 639 3583 694 fo-

2506 740 2639 779 vere
2668 724 2858 780 vellet.
2894 724 3057 780 Idem
3087 726 3148 780 in
3196 726 3444 798 epistola
3505 729 3580 784 ad

2507 814 2842 885 Smyrnaeos
2901 815 2972 870 de
3014 815 3316 872 Servatore
3377 824 3577 874 nostro

2506 902 2758 974 loquens
2783 903 3052 974 quaedam
3075 906 3206 977 ejus
3235 906 3412 962 verba
3432 908 3580 962 reci-

2504 996 2610 1061 tat,
2643 1009 2775 1063 quae
2809 993 2965 1051 unde
2996 997 3293 1068 acceperit
3342 996 3574 1068 ignoro.

2499 1083 2617 1151 Ego
2646 1099 2792 1151 vero,
2826 1083 3041 1155 inquit,
3066 1092 3191 1156 post
3218 1089 3569 1142 resurrectio-

2501 1187 2625 1228 nem
2656 1172 2947 1229 Dominum
2978 1177 3159 1245 ipsum
3188 1178 3247 1230 in
3278 1192 3444 1232 carne
3473 1193 3574 1247 ap-

2494 1262 2750 1332 paruisse
2777 1266 2885 1318 scio
2915 1270 2969 1318 et
2999 1266 3179 1321 credo.
3214 1267 3462 1330 Quicum
3499 1266 3573 1320 ad

2502 1353 2728 1407 Petrum
2773 1359 2825 1407 et
2880 1361 3106 1410 caeteros
3176 1356 3292 1424 ejus
3346 1357 3572 1411 comites

2500 1442 2822 1510 accessisset,
2855 1443 3006 1499 dixit
3055 1444 3169 1499 illis
3201 1460 3219 1497 :
3247 1444 3574 1515 Apprehen-

2500 1532 2634 1601 dite,
2668 1538 2998 1588 contrectata
3020 1549 3124 1603 me,
3149 1537 3199 1589 et
3218 1534 3397 1589 videte
3426 1534 3573 1605 quod

2498 1638 2611 1676 non
2638 1638 2756 1677 sum
2786 1625 3141 1693 incorporeus
3169 1623 3420 1695 spiritus.
3441 1625 3569 1679 Sta-

2501 1720 2712 1792 timque
2740 1738 2862 1777 eum
2890 1727 3285 1778 contrectantes
3315 1724 3568 1779 credide-

2495 1818 2645 1866 runt.
2675 1811 2863 1882 Hujus
2883 1830 3060 1884 porro
3091 1813 3300 1885 Ignatii
3331 1819 3391 1869 et
3414 1830 3570 1869 mar-

2496 1900 2715 1970 tyrium
2747 1906 2806 1955 et
2832 1901 3114 1972 epistolas
3141 1907 3570 1958 commemorat

2493 1989 2892 2045 Irenaeus.Sed
2924 1997 2981 2045 et
3003 1992 3362 2063 Polycarpus
3387 1992 3446 2045 in
3461 2009 3567 2047 sua

2494 2078 2568 2133 ad
2605 2078 3018 2151 Philippenses
3059 2080 3560 2152 epistolaearum-

2493 2168 2624 2224 dem
2640 2169 3329 2241 meminitepistolarum:
3350 2170 3565 2227 «Obse~

2493 2260 2834 2330 cro,inquit,
2866 2277 2967 2315 vos
2979 2277 3206 2329 omnes,
3226 2267 3293 2316 ut
3306 2263 3566 2333 parcatis

2494 2351 2828 2422 praipositis
2843 2351 3438 2422 vestris,omnemque
3458 2368 3563 2422 pa-

2496 2446 2765 2501 tientiam
2781 2447 3570 2519 exerceatis,quamspectas-

2496 2537 2569 2590 tis
2583 2552 2703 2590 non
2724 2535 2918 2591 solum
2954 2536 3014 2589 in
3037 2537 3288 2607 Ignatio,
3312 2534 3462 2591 Rufo
3498 2552 3565 2590 ac

2495 2626 2722 2680 Zosimo
2736 2625 2878 2679 viris
2890 2625 3381 2692 beatissimis,sed
3393 2625 3571 2681 etiam

2495 2713 2556 2767 in
2588 2713 2721 2768 aliis
2753 2713 2979 2768 civibus
3026 2720 3203 2784 atque
3256 2714 3568 2784 inquilinis

2498 2803 2727 2869 vestris,
2746 2808 2804 2857 et
2826 2803 2888 2856 in
2918 2803 3043 2873 ipso
3070 2803 3360 2873 praecipue
3382 2802 3565 2857 Paulo

2496 2899 2846 2970 caaterisque
2862 2899 3279 2972 apostoliszpro
3294 2903 3454 2955 certo
3468 2900 3568 2955 ha-

2494 2989 2724 3058 bentes,
2752 2989 2911 3059 quod
2930 2989 2990 3044 hi
3003 3005 3209 3045 omnes
3222 3005 3335 3044 nou
3349 2988 3571 3045 frustra

2496 3082 2909 3143 cucurrerunt,
2936 3078 3036 3134 sed
3052 3078 3111 3132 in
3127 3078 3243 3133 ﬁde
3258 3079 3351 3150 acj
3364 3078 3566 3134 ustitia

2494 3168 2850 3241 ingressi,ad
2872 3168 3068 3224 locum
3084 3169 3196 3224 sibi
3214 3185 3249 3224 a
3264 3169 3382 3223 Deo
3395 3168 3566 3224 debi-

2496 3263 2623 3314 tum
2645 3264 3057 3330 pervenerunt,
3076 3257 3560 3330 quandoquidem

2497 3353 2552 3404 et
2567 3349 2914 3420 passionum
2928 3349 3057 3419 ejus
3078 3348 3396 3419 participes
3436 3363 3567 3403 exs-

2498 3438 2974 3508 titerunt.Neque
2989 3439 3148 3493 enim
3171 3453 3433 3510 praesens
3448 3454 3569 3492 sm-

2502 3528 2722 3595 culum,
2758 3526 2863 3582 sed
2893 3543 3031 3581 eum
3089 3526 3188 3597 qui
3239 3544 3345 3599 pro
3402 3525 3575 3582 nobis

2503 3634 2715 3690 passus
2738 3622 2796 3671 et
2815 3632 2849 3671 a
2866 3616 2982 3670 Deo
3001 3616 3321 3671 suscitatus
3337 3620 3445 3681 est,
3469 3615 3578 3671 ad-

2505 3711 2802 3762 amarunt.
2839 3726 2868 3755 »
2891 3706 2962 3759 Et
2984 3704 3161 3777 paulo
3188 3710 3323 3776 post
3359 3704 3525 3760 addit
3558 3721 3572 3759 :

2509 3820 2534 3848 u
2567 3796 2897 3867 Scripsistis
2912 3796 2986 3851 ad
3008 3812 3100 3852 me
3124 3801 3183 3850 et
3203 3812 3304 3851 vos
3327 3801 3385 3850 et
3401 3796 3580 3868 Igna-

190 3889 303 3960 tius,
326 3896 392 3947 ut
418 3892 467 3947 si
500 3892 643 3964 quis
681 3889 836 3945 forte
877 3888 939 3945 in
971 3889 1200 3962 Syriam
1232 3890 1729 3965 proficisceretur,
1760 3888 1984 3938 vestras
2016 3882 2246 3939 litteras
2278 3901 2345 3940 eo
2385 3886 2665 3942 deferret.
2699 3886 2864 3951 Quod
2895 3885 3135 3955 quidem
3159 3884 3484 3956 perficiam,
3536 3885 3585 3939 si

191 3985 398 4054 tempus
421 3987 835 4056 opportunum
848 3985 1056 4036 nactus
1076 3981 1360 4050 fuero;vel
1376 3996 1479 4053 ego
1502 3978 1629 4050 ipse
1650 3974 1739 4029 vel
1753 3991 1858 4045 per
1869 3973 2052 4029 alium
2068 3976 2532 4047 quempiam,cui
2546 3974 2605 4029 id
2620 3992 2835 4030 munus
2848 3980 3040 4029 vestra
3052 3991 3231 4029 causa
3242 3974 3541 4047 delegabo.
3553 3996 3581 4025 ››

190 4072 558 4145 Episthnatii
569 4074 645 4130 ad
665 4076 924 4141 Romam,
956 4088 1116 4143 capp.
1152 4075 1185 4127 4
1216 4080 1266 4128 et
1290 4076 1321 4126 5
1348 4088 1361 4138 ;
1393 4072 1569 4141 Epist.
1601 4066 1674 4121 ad
1692 4066 1938 4135 Smyrn.,
1971 4080 2091 4134 cap.
2125 4067 2154 4118 3
2182 4081 2195 4132 ;
2234 4067 2404 4135 Epist.
2438 4066 2733 4136 Polycarpi
2752 4065 2825 4119 ad
2855 4063 3126 4133 Philipp,
3152 4080 3310 4134 capp.
3343 4066 3375 4117 9
3406 4071 3458 4118 et
3492 4066 3579 4119 t3.

1488 4176 1641 4243 Iesu,
1674 4172 1808 4227 ibid.
1843 4188 1983 4241 capp
2046 4172 2134 4239 37,
2177 4173 2266 4226 38.

1424 4261 1727 4321 Ἀὂυνάτου
1758 4259 1802 4316 δ’
1832 4260 1984 4321 ὄντος
2015 4262 2151 4333 ἡμῖν
2190 4261 2423 4324 ἅπαντας
2582 4265 2874 4319 Caeterum
2893 4277 2992 4318 cur

2015 4262 2151 4333 ἡμῖν
2190 4261 2423 4324 ἅπαντας
2582 4265 2874 4319 Caeterum
2893 4277 3026 4318 cum
3056 4260 3182 4317 ﬁeri
3215 4261 3380 4317 nullo
3402 4260 3578 4317 modo

2509 4354 2789 4424 possit,ut
2819 4351 3088 4424 singulos
3112 4351 3466 4406 nominatim
3489 4368 3585 4405 re-

2515 4458 2889 4506 censeamus,
2911 4446 3203 4512 quotquot
3231 4441 3440 4512 primis
3463 4440 3583 4495 illis

249 4271 476 4339 Verum,
534 4272 834 4344 quoniam
883 4270 1258 4343 impossibile

198 4358 345 4417 nobis
366 4367 456 4417 est
477 4361 761 4433 singulos
776 4358 1259 4430 enumerare,qui
1349 4355 1400 4426 ἐξ
1458 4352 1731 4427 ὀνόματος

856 4358 1259 4430 umerare,qui
1349 4355 1400 4426 ἐξ
1458 4352 1731 4427 ὀνόματος
1792 4351 2238 4425 ἆπαριθμεῖσθαι,
2301 4350 2419 4404 ’ὀσοι

194 4454 309 4513 Post
332 4432 755 4521 apostolorum
777 4449 1002 4521 primas
1024 4464 1264 4503 succes-
1349 4445 1482 4499 ποτὶ
1508 4441 1644 4497 κατᾶ
1671 4441 1762 4509 τὴν

856 4449 1002 4504 imas
1024 4464 1264 4503 succes-
1349 4445 1482 4499 ποτὶ
1508 4441 1644 4497 κατᾶ
1671 4441 1771 4509 τὴν
1799 4432 2023 4514 πρώτην
2049 4444 2157 4493 τῶν
2181 4438 2424 4494 ἀποστό-

196 4535 441 4595 sionesin
473 4538 757 4595 ecclesiis
780 4555 911 4609 quas
935 4554 1041 4610 per
1054 4536 1262 4593 orbem

200 4629 343 4683 terra
358 4629 623 4698 suut,vel
659 4626 1083 4700 principes,vel
1098 4642 1267 4681 evan-

199 4713 392 4784 gelista:
412 4717 692 4786 fuerunt,
709 4716 799 4772 vel
819 4722 1115 4787 pastores;
1133 4714 1268 4771 illos

202 4806 592 4863 tantummodo
628 4821 1139 4861 commemorasse
1153 4805 1268 4860 suf-

203 4888 625 4967 ﬁciat,quorum
642 4894 816 4950 libris
834 4895 1055 4950 inserta
1071 4894 1145 4950 ad
1162 4911 1270 4949 nos

208 4995 367 5053 usque
399 4984 539 5041 ﬁdei
576 4990 643 5040 et
674 4984 1120 5056 praedicationis
1148 4999 1273 5038 mo-

204 5068 442 5131 nimenta
469 5089 699 5131 venere
729 5090 744 5140 ;
780 5077 846 5127 ut
865 5072 1189 5128 Clementis
1215 5077 1273 5127 et

210 5158 391 5229 Ignatii
440 5170 955 5234 ceterorumque,
1015 5177 1271 5234 quorum

197 5252 452 5321 superius
490 5252 763 5310 fecimus
809 5251 1199 5309 mentionem.

259 5514 458 5578 Justini
518 5535 776 5594 quoque
853 5519 1152 5594 martyris,
1212 5524 1272 5576 et

209 5602 389 5673 Egnatii
403 5614 793 5669 mentionem
804 5607 1273 5682 faciulrenmus),
1360 5627 1451 5685 ρος
1474 5607 1563 5663 καὶ
1592 5608 1777 5682 Ἰγνατ‹

863 5608 1273 5682 citarenmus),
1360 5627 1451 5685 ρος
1474 5607 1563 5663 καὶ
1592 5604 1859 5682 Ἰγνατῐου
1875 5606 2099 5679 μνήμην
2115 5601 2431 5673 πεποίηται,

1352 4532 1468 4589 λων
1512 4529 1787 4609 διαδοχὴν
1848 4528 1902 4583 ἐν
1956 4534 2076 4592 ταῖς
2133 4529 2269 4583 κατὰ
2323 4529 2424 4597 τὴν

1353 4622 1678 4695 οἰκουμένην
1692 4615 2007 4689 ἐκκλησίαις
2031 4616 2283 4692 γεγόνασι
2310 4637 2429 4671 ποι-

1356 4712 1510 4786 μένες
1542 4708 1577 4779 ἥ
1609 4708 1699 4764 καὶ
1759 4704 2158 4783 εὖαγγελιστιὶ,
2216 4704 2423 4761 τούτων

1354 4801 1582 4861 εἷ’κὸτως
1613 4796 1664 4871 ἐξ
1696 4797 1962 4869 ὀνόματος
2015 4799 2199 4872 γραφῇ
2244 4794 2424 4868 μόνων

1352 4891 1451 4958 τήν
1480 4890 1705 4962 μνήμην
1748 4884 2191 4957 κατατεθείμεθα,
2224 4885 2296 4939 ὧν
2348 4882 2427 4940 ἔτι

1353 4977 1444 5032 καὶ
1475 4981 1566 5032 νῦν
1600 4974 1676 5037 εἷς
1709 4976 1859 5047 ἡμᾶς
1889 4969 1959 5027 δι’
2013 4972 2424 5045 ὑπομνημάτων

1353 5075 1452 5138 τῆς
1482 5063 1852 5127 ἀποπολικῆς
1884 5060 2238 5126 διδασκαλίας
2262 5066 2296 5132 ἡ
2320 5083 2424 5118 πα-

1360 5154 1579 5234 ράδοσις
1610 5153 1846 5233 φέρεται·
1882 5150 2063 5227 ὥσπερ
2106 5150 2200 5207 οὖν
2233 5150 2428 5225 ἆμέλει

1357 5252 1453 5304 τοῖ’)
1487 5245 1748 5322 Ἰγνατίου
1807 5244 1861 5300 ἐν
1922 5245 2007 5307 αἶς
2065 5240 2428 5317 κατελέξαμεν

1359 5336 1699 5399 ἐπιστολαῖς.

1512 5430 1666 5498 Inani,
1697 5427 1862 5496 ibid.,
1893 5425 1989 5483 lib.
2012 5443 2067 5496 v,
2094 5441 2216 5496 cap.
2250 5426 2303 5479 8.

1423 5521 1547 5573 Ἔτι
1574 5515 1667 5572 καὶ
1706 5512 2001 5572 Ἰουστίνου
2056 5515 2154 5568 τοῦ
2220 5511 2427 5585 μάρτυ-

2510 4531 2853 4602 apostolicaa
2885 4529 3281 4585 successionis
3302 4529 3583 4601 tempori-

2514 4621 2623 4677 bus
2655 4638 2763 4692 per
2814 4636 3022 4675 omnes
3080 4619 3240 4675 orbis
3291 4626 3585 4676 terrarum

2513 4710 2795 4766 ecclesias
2826 4710 3123 4765 antistites
3141 4714 3242 4764 aut
3262 4708 3586 4779 evangelis-

2513 4805 2586 4854 ἰω
2615 4800 2856 4854 fuerunt
2889 4816 2901 4853 :
2929 4815 3133 4853 eorum
3166 4798 3453 4854 duntaxat
3474 4814 3584 4853 no-

2513 4889 2677 4944 mina
2706 4888 2802 4943 hic
2861 4902 3329 4943 commemorare
3370 4887 3585 4942 statui-

2513 4994 2669 5047 mus,
2701 4993 2956 5048 quorum
2986 4981 3377 5032 monumenta
3407 4992 3583 5047 apos-

2516 5068 2757 5122 tolicam
2789 5066 3028 5121 illorum
3060 5064 3391 5121 doctrinam
3439 5081 3581 5120 con-

2518 5155 2772 5211 tinentia
2803 5155 2995 5211 adhuc
3028 5159 3370 5226 supersunt,
3424 5153 3586 5209 verbi

2514 5245 2722 5318 gratia,
2751 5244 2983 5317 Ignatii,
3008 5259 3155 5315 quas
3177 5242 3586 5300 recensuimus

2520 5331 2814 5406 epistolas.

2587 5512 2882 5567 Praeterea
2916 5509 3134 5567 lustini
3192 5511 3472 5582 martyris
3529 5527 3561 5567 e

2517 5601 2728 5675 lgnatii
2742 5601 3110 5657 mentionem
3128 5599 3368 5665 facit,ex
3380 5615 3588 5655 eorum

215 5699 262 5749 et
285 5712 348 5755 ea
375 5718 508 5773 quia
568 5700 951 5774 scripserunt
1004 5698 1282 5773 producit
1368 5698 1689 5775 μαρτυρίαις
1718 5696 1783 5753 αὖ

1919 5696 1987 5752 ιαὶ
2018 5696 2125 5751 ἀπὸ
2167 5699 2275 5750 τῶν
2308 5693 2439 5751 τού-
2531 5691 2769 5765 scriptis
2802 5690 3143 5747 testimonia
3166 5689 3487 5761 proferens.

210 5778 265 5841 in
286 5790 570 5852 medium.

1368 5808 1484 5856 τοις
1513 5786 1827 5871 γραφέντων
1855 5782 2219 5863 κεχρημένος.
