3972 6306
472 319 546 379 15
1535 317 1598 376 S.
1648 313 2042 377 IGNATIUS.
2093 344 2168 360 -
2210 312 2843 375 PROLEGOMENA.
3783 309 3854 370 16

2182 446 2254 503 γι

538 541 913 609 ΑτιιΑιιΑειιιε,
939 536 1119 610 Epist.
1151 538 1224 594 de
1255 538 1507 612 Synodis
1529 498 1782 595 Arimini
1814 543 1874 595 et
1902 535 2205 604 Seleucia),
2412 538 2502 593 47.
2533 539 2619 608 Ey
2650 536 2780 593 edit.
2804 537 2919 592 BB.
2953 536 3132 592 Paris.
3169 535 3326 604 1698,
3360 539 3489 590 tom.
3512 534 3556 604 Ι,
3579 538 3709 607 part.
3732 551 3789 604 ιι,

2070 626 2202 663 υασ,
2248 628 2263 663 Ι
2347 652 2359 663 .

2070 626 2202 681 pag.
2235 626 2359 665 ⁷ιυι.

539 710 800 784 Ignatius
831 714 987 767 certe
1021 709 1120 780 qui
1148 714 1282 780 post
1308 710 1605 782 apostolos
1637 708 1965 767 Antiochiae
1989 708 2082 780 epi
2146 715 2199 777 Α

468 819 686 873 scopus
717 800 1075 857 constitutus
1099 802 1462 873 est.ipseque
1494 810 1717 873 martyr
1751 801 1963 856 Christi
1990 799 2121 868 fuit,

468 893 542 949 de
574 891 823 947 Domino
838 892 1104 947 scribens
1136 891 1281 946 dixit
1307 909 1319 946 :
1340 894 1486 948 Unus
1511 893 1749 948 medicus
1773 898 1851 947 est
1874 892 2115 947 carnaiis

467 990 522 1038 et
547 981 878 1053 spirituatis,
911 984 1093 1050 factus
1122 988 1172 1037 et
1224 999 1334 1037 non
1377 985 1582 1050 factus,
1616 984 1673 1036 in
1705 983 1926 1037 homine
1956 983 2113 1047 Deus,

466 1073 530 1127 in
559 1078 728 1127 morte
757 1074 874 1127 vita
901 1089 1051 1134 vera,
1085 1078 1137 1126 et
1168 1089 1237 1126 ea:
1268 1074 1447 1128 Maria
1469 1080 1520 1127 et
1552 1088 1621 1127 ea:
1650 1073 1848 1127 Deo....
1875 1070 2042 1136 Quod
2073 1071 2120 1125 si

462 1162 627 1233 gnari
663 1178 867 1217 eorum
898 1161 961 1216 in
991 1161 1221 1216 Christo
1253 1160 1411 1230 ﬁdei,
1443 1177 1793 1234 persuasum
1826 1160 2114 1215 habemus

464 1250 705 1306 beatum
737 1250 917 1306 etiam
947 1250 1239 1323 Ignatium
1270 1257 1429 1307 recte
1456 1251 1925 1323 scripsisse,cum
1950 1249 2122 1303 illum

465 1338 663 1395 carnis
694 1356 872 1395 causa
887 1339 1108 1395 factum
1122 1340 1271 1394 dixit
1288 1339 1582 1408 (Christus
1600 1340 1761 1395 enim
1782 1354 1917 1394 caro
1932 1337 2121 1393 factus

461 1427 599 1500 est),
634 1433 692 1483 et
722 1444 842 1483 non
872 1428 1259 1498 factum,quia
1290 1444 1410 1483 non
1442 1444 1515 1483 ex
1568 1427 1822 1499 opificiis
1854 1431 1912 1482 et
1940 1425 2119 1481 rebus

459 1517 673 1586 factus,
708 1516 812 1573 sed
843 1516 1024 1574 Filius
1055 1533 1126 1572 ex
1155 1519 1348 1585 Patre,
1382 1521 1494 1573 etc.
1543 1517 1720 1587 Epist.
1777 1517 1851 1572 ad
1890 1515 2116 1587 Ephes.,

459 1622 582 1678 cap.
616 1611 668 1665 7.

2303 706 2563 781 Ἰγνάτιος
2613 706 2729 775 οὗν,
2778 707 2805 763 ὁ
2868 704 3006 780 μετᾶ
3050 703 3181 766 τοῦς
3239 701 3586 766 ἀποστόλους
3649 701 3693 758 ἐν
3741 703 3857 760 Ἀν-

2231 796 2450 870 τιοχείᾳ
2477 796 2826 861 κατασταθεὶς
2860 796 3158 858 ἐπίσκοπος
3200 793 3291 850 καὶ
3355 794 3563 870 μάρτυς
3615 798 3699 849 τοῦ
3733 795 3860 870 Χρι,

2236 889 2364 940 σ’τοῦ
2392 887 2704 962 γενόμενος,
2752 887 2973 965 γράφων
3032 885 3153 962 περὶ
3208 889 3306 939 τοῦ
3364 883 3589 961 Κυρίου,
3640 881 3854 961 εἴρηκεν.

2233 977 2331 1036 Εἷς
2390 975 2576 1050 ἱατρός
2633 975 2746 1031 ἐστι
2804 976 3058 1052 σαρκικὸς
3111 975 3201 1029 καὶ
3275 975 3655 1048 πνευματικὸς,
3706 995 3857 1051 γενη-

2232 1066 2323 1127 τὸς
2381 1064 2471 1119 καὶ
2552 1066 2832 1141 ἀγένητος,
2889 1064 2941 1120 ἐν
3001 1065 3273 1140 ἀνθρώπῳ
3328 1066 3480 1130 Θεὸς,
3558 1062 3609 1119 ἐν
3662 1065 3858 1139 θανάτῳ

2234 1156 2348 1225 ζωὴ
2380 1153 2641 1224 ἀληθινὴ,
2683 1157 2772 1210 καὶ
2800 1155 2860 1210 ἐκ
2890 1155 3103 1230 Μαρίας
3159 1154 3250 1210 καὶ
3307 1152 3367 1209 ἒκ
3427 1157 3647 1213 Θεοῦ....
3693 1154 3746 1210 Εἰ
3801 1152 3859 1211 δὲ

2228 1245 2331 1313 τήν
2361 1243 2413 1300 ἐν
2445 1246 2671 1320 Χριστῷ
2701 1246 2882 1301 πίστιν
2917 1245 3090 1300 αὐτῶν
3123 1246 3498 1323 γινώσκοντες,
3520 1244 3856 1320 πεπείσμεθα,

2230 1333 2433 1390 ὅτικαὶ
2493 1335 2521 1388 ὁ
2578 1336 2842 1410 μακάριος
2897 1336 3156 1410 Ἰγνάτιος
3215 1334 3392 1411 ὀρθῶς
3440 1329 3653 1411 ἔγραψε,
3704 1355 3857 1412 γενη-

2228 1424 2320 1480 τὸν
2348 1422 2506 1479 αὐτὸν
2527 1423 2704 1500 λέγων
2738 1421 2828 1480 διὰ
2854 1424 2951 1494 τήν
2984 1427 3173 1502 σάρκα·
3236 1426 3263 1480 ὁ
3320 1426 3422 1501 γὰρ
3479 1425 3698 1501 Χριστὸς
3734 1424 3856 1499 σὰρξ

2228 1509 2455 1591 ἐγένετο·
2489 1514 2751 1591 ἀγένητον
2782 1511 2860 1575 δὲ.
2893 1513 2977 1570 ὅτι
3010 1515 3089 1589 μή
3145 1520 3254 1570 τῶν
3308 1513 3630 1591 ποιημάτων
3658 1514 3740 1570 καὶ
3767 1535 3860 1594 γε-

2225 1608 2402 1677 νητῶν
2437 1603 2598 1675 ἐστιν,
2631 1603 2756 1661 ἀλλ’
2786 1605 2926 1669 ’Υἱὸς
2952 1604 3012 1662 ἐκ
3036 1602 3269 1683 Πατρὸς,
3295 1627 3347 1663 κ.
3379 1626 3431 1663 τ.
3464 1604 3520 1664 λ.

2108 1733 2227 1788 VII.

954 1844 1337 1911 Hxsaouvuus,
1365 1842 1459 1898 tib.
1484 1843 1567 1898 De
1595 1840 1735 1897 viris
1773 1839 2083 1910 illustrib.,
2117 1856 2239 1912 cap.
2275 1840 2362 1910 16,
2391 1856 2513 1897 cum
2553 1847 2732 1898 uetere
2761 1843 3101 1900 Iusseram:
3131 1840 3366 1900 Graeco.

526 1985 787 2058 Ignatius
798 1985 1184 2042 Antiochenm
1197 1985 1474 2042 Ecclesiaa
1498 1986 1707 2042 tertius
1727 1990 1862 2057 post
1873 1986 2113 2041 Petrum
2141 1990 2189 2056 Β

456 2073 791 2147 apostolum
826 2075 1162 2148 episcopus,
1194 2080 1602 2132 commovente
1634 2076 2112 2147 persecutionem

458 2164 733 2236 Trajano,
759 2163 1075 2221 damnatus
1104 2164 1179 2220 ad
1196 2165 1442 2231 bestias,
1461 2167 1708 2222 Romam
1738 2165 1969 2221 vinctus
1981 2165 2113 2219 mit-

455 2254 891 2325 titur.Cumque
912 2255 1194 2327 navigans
1224 2256 1541 2327 Smyrnam
1574 2255 1851 2321 venisset,
1867 2254 1966 2310 ubi
1998 2256 2112 2309 Po-

457 2342 738 2415 lycarpus
767 2344 1003 2399 auditor
1039 2345 1283 2400 Joannis
1314 2345 1626 2416 episcopus
1667 2351 1815 2409 erat,
1878 2345 2114 2415 scripsit

457 2449 645 2488 unam
677 2433 989 2505 epistolam
1032 2434 1105 2489 ad
1134 2434 1440 2505 Ephesios.
1471 2435 1720 2490 alteram
1778 2433 1853 2489 ad
1883 2436 2111 2506 Magne-

458 2522 683 2591 sianos,
718 2523 952 2578 tertiam
984 2524 1061 2579 ad
1089 2524 1444 2588 Trallenses,
1478 2530 1749 2595 quartam
1790 2524 1862 2580 ad
1895 2527 2102 2580 Roma-

455 2626 599 2666 nos:
633 2618 692 2666 et
719 2612 858 2667 inde
889 2612 1198 2685 egrediens
1220 2614 1459 2686 scripsit
1486 2614 1559 2669 ad
1578 2614 2034 2685 Philadelpheos
2051 2620 2110 2669 et

454 2700 529 2755 ad
558 2701 981 2773 Smyrnazos,et
1017 2703 1252 2774 proprie
1284 2704 1358 2758 ad
1390 2703 2107 2776 Polycarpum‘commen-

451 2790 601 2844 dans
643 2790 732 2845 illi
771 2791 1232 2847 Antiochensem
1284 2793 1649 2848 Ecclesiam:
1691 2794 1754 2848 in
1803 2809 1919 2864 qua
1948 2798 2006 2848 et
2031 2793 2104 2848 de

447 2879 760 2951 Evangelio
793 2881 951 2951 quod
981 2898 1172 2953 nuper
1200 2897 1236 2936 a
1276 2898 1373 2938 me
1403 2881 1750 2938 translatum
1785 2888 1893 2950 est,
1926 2899 2104 2954 super

445 2982 704 3037 persona
746 2968 965 3024 Christi
1020 2970 1191 3041 ponit
1248 2971 1681 3040 testimonium,
1740 2971 1944 3028 dicens
2002 2970 2101 3044 (ad

444 3055 677 3128 Smyrn.
711 3073 840 3130 cap.
874 3059 926 3129 3)
954 3075 968 3113 :
993 3061 1155 3131 «Ego
1186 3075 1322 3115 vero
1353 3065 1411 3115 et
1438 3065 1574 3131 post
1601 3061 2098 3117 resurrectionem

442 3144 509 3199 in
531 3162 710 3201 carne
743 3162 878 3202 eum
908 3146 1048 3215 vidi,
1083 3152 1143 3203 et
1202 3148 1377 3204 credo
1408 3149 1549 3220 quia
1605 3150 1699 3210 sit.
1732 3152 1802 3205 Et
1856 3150 2095 3222 quando

439 3238 601 3293 venit
620 3239 695 3293 ad
715 3240 976 3308 Petrum,
1010 3245 1069 3295 et
1097 3241 1171 3296 ad
1229 3257 1330 3297 eos
1362 3242 1464 3313 qui
1523 3259 1657 3299 cum
1698 3246 1870 3298 Petro
1902 3249 2092 3312 erant,

2289 1980 2543 2059 Ἰγνάτιος
2571 1989 2672 2054 τῆς
2694 1983 2748 2039 ἐν
2808 1985 3127 2064 Ἀντιοχείᾳ
3171 1981 3500 2056 Ἐκκλησίας
3526 1985 3702 2060 τρίτος
3760 2007 3860 2059 με·

2224 2068 2292 2127 τὰ
2320 2072 2523 2147 Πέτρον
2552 2073 2645 2128 τὸν
2673 2072 2985 2130 ἀπόστολον
3035 2072 3355 2142 ἐπίσκοπος,
3404 2071 3647 2150 διωγμὸν
3696 2077 3858 2146 κινή-

2224 2172 2416 2224 σαντος
2457 2165 2747 2236 Τραϊανοῦ,
2778 2167 3200 2238 θηριομαχῆσαι
3228 2163 3557 2237 κελευσθεὶς,
3613 2164 3685 2226 εἰς
3723 2163 3862 2219 Ῥώ-

2225 2270 2335 2322 μην
2358 2248 2643 2308 στέλλεται
2697 2249 2941 2325 δέσμιος.
3001 2252 3189 2309 Ιιλὲων
3241 2250 3319 2321 δὲ,
3374 2255 3465 2309 καὶ
3525 2250 3737 2316 ἐπιστὰς
3785 2259 3857 2329 τῇ

2222 2339 2466 2414 Σμύρνῃ,
2498 2339 2549 2394 ἐν
2607 2339 2645 2415 ᾖ
2689 2339 3050 2418 Πολύκαρπος
3115 2342 3387 2419 ἀκροατὴς
3442 2342 3683 2398 Ἰωάννου
3740 2341 3862 2398 ἐπί-

2220 2448 2423 2490 σκοπος
2460 2429 2552 2498 ἦν,
2594 2427 2796 2505 ἔγραψε
2827 2432 2962 2507 πρὸς
3016 2430 3301 2508 Ἐφεσίους
3357 2429 3650 2502 ἐπιστολὴν
3706 2430 3859 2505 μίαν,

2220 2514 2400 2586 ἃλλην
2433 2518 2567 2593 πρὸς
2596 2521 3038 2595 Μαγνησιανοὺς,
3070 2521 3259 2598 τρίτην
3289 2523 3426 2597 πρὸς
3458 2519 3803 2597 Τραλλιανοὶ)
3817 2545 3860 2592 ς,

2219 2606 2478 2678 τετάρτην
2536 2607 2675 2678 πρὸς
2731 2609 3060 2681 Ῥωμαίους·
3121 2610 3366 2665 κάκεῖθεν
3451 2608 3603 2680 ἐξιὼν
3659 2607 3861 2685 ἔγραψε

2218 2693 2645 2774 Φιλαδελφεῦσι,
2666 2698 2755 2753 καὶ
2789 2700 3143 2776 Σμυρναίοις,
3173 2702 3261 2756 καὶ
3297 2698 3484 2764 ίδικῶς
3516 2701 3647 2777 πρὸς
3678 2699 3859 2758 Πολύ-

2213 2787 2893 2860 καρπον,παρατιθὲμενος
2923 2790 3196 2862 αὐτῷτὴν
3256 2791 3307 2846 ἐν
3366 2789 3680 2869 Ἀντιοχείᾳ
3735 2792 3861 2847 Ἑκ-

2211 2870 2467 2941 κλησίαν·
2501 2872 2551 2928 ἐν
2650 2875 2741 2929 καὶ
2793 2875 2917 2949 περὶ
2964 2881 3061 2932 τοῦ
3128 2876 3466 2954 Εὐαγγελίου
3506 2882 3608 2933 τοῦ
3664 2879 3860 2952 πρώην

2213 2962 2679 3037 μεταφρασθέντος
2715 2966 2903 3035 (deest
2929 2965 3018 3021 ὑπ’
3047 2966 3226 3041 ἐμοῦ),
3258 2966 3317 3022 ἐκ
3343 2967 3640 3042 προσώπου
3677 2972 3864 3036 Ἰησοῦ

2208 3055 2449 3125 Χριστοῦ
2483 3054 2706 3128 μνήμην
2734 3061 2993 3125 ποιεῖται,
3028 3053 3229 3132 λέγων’
3266 3079 3288 3108 ι
3321 3059 3466 3133 Ἐγὼ
3507 3055 3563 3113 δὲ
3600 3057 3688 3113 καὶ
3723 3059 3864 3132 μετὰ

2204 3140 2305 3208 τήν
2337 3140 2624 3197 ἀνάστασιν
2647 3141 2702 3197 ἐν
2729 3145 2941 3218 σώματι
2974 3145 3139 3201 αὐτὸν
3178 3144 3341 3217 εἶδον,
3381 3148 3468 3202 καὶ
3511 3145 3750 3203 πιστεύω
3771 3148 3861 3204 ὅτι

2207 3228 2340 3285 ἐστί.
2375 3232 2474 3285 Καὶ
2502 3230 2592 3287 ὅτε
2621 3231 2790 3303 ἦλθεν
2821 3235 2957 3309 πρὸς
2985 3236 3210 3311 Πέτρον,
3261 3234 3350 3291 καὶ
3406 3235 3535 3301 τοὺς
3564 3236 3658 3292 σὺν
3705 3239 3861 3313 αὐτῷ

442 3324 594 3380 dixit
624 3327 729 3382 eis.
763 3331 909 3383 Ecce
939 3328 1176 3400 palpate
1209 3346 1304 3385 me
1335 3335 1394 3386 et
1423 3331 1636 3402 videte,
1660 3332 1937 3402 quianon
1960 3349 2089 3388 sum

2233 3313 2387 3388 ἶντας,
2419 3321 2561 3375 εἶπεν
2589 3321 2800 3385 αὐτοῖς’
2836 3323 3218 3402 Ψηλαφήσατέ
3250 3347 3317 3400 με
3340 3327 3530 3399 (deest
3553 3327 3644 3382 καὶ
3667 3326 3861 3400 ἴδετε),

447 3414 807 3471 ὰωιιιοιιίιιιιι
824 3417 1291 3489 incorporale.Et
1319 3420 1516 3475 statim
1536 3421 1856 3492 tetigerunt
1875 3427 2101 3490 eum,et

2233 3407 2293 3462 ῖτι
2308 3409 2408 3464 οὕκ
2427 3409 2542 3484 είμι
2556 3407 2837 3485 δαιμόνιον
2855 3414 3352 3489 σωματικόνῇιωΙθ
3365 3417 3506 3489 legit
3526 3421 3866 3494 corporale).

441 3503 852 3562 crediderunt.
888 3528 916 3556 »
967 3507 1216 3578 Dignum
1246 3514 1444 3564 autem
1474 3508 1722 3575 videtur,
1757 3510 1898 3581 quia
1949 3510 2098 3566 tanti

448 3593 557 3647 viri
583 3593 834 3649 fecimus
857 3596 1249 3665 mentionem,
1282 3603 1340 3652 et
1369 3597 1441 3653 de
1472 3599 1724 3670 epistola
1753 3600 1883 3671 ejus
1917 3616 2096 3670 quam

442 3682 518 3737 ad
550 3684 848 3740 Romanos
876 3690 1029 3756 (cap.
1065 3685 1118 3757 5)
1144 3685 1350 3741 scribit
1377 3687 1474 3759 (at.
1511 3688 1770 3760 scripsit)
1786 3706 1975 3760 pauca
1994 3707 2098 3762 po-

439 3787 584 3827 nere
610 3785 623 3826 :
658 3773 734 3827 De
760 3773 925 3842 Syria
953 3790 1125 3845 usque
1154 3775 1226 3829 ad
1256 3777 1485 3831 Romam
1508 3793 1698 3846 pugno
1754 3778 1827 3833 ad
1877 3779 2089 3849 bestias,

435 3859 498 3915 in
527 3864 671 3916 mari
701 3861 833 3916 etin
856 3869 1025 3926 terra,
1043 3868 1155 3919 etc.
1172 3863 1435 3935 Cumque
1444 3866 1575 3937 jam
1598 3866 1911 3922 damnatus
1935 3874 2094 3924 esset

434 3948 509 4004 ad
538 3949 780 4018 bestias,
813 3951 1024 4007 ardore
1053 3952 1339 4024 patiendi,
1373 3970 1505 4008 cum
1527 3954 1828 4026 rugientes
1859 3955 2093 4013 audiret

434 4038 663 4106 leones,
697 4041 815 4096 ait:
850 4043 1208 4097 Frumentum
1248 4043 1454 4097 Christi
1508 4059 1646 4107 sum,
1698 4044 1950 4101 dentibus
2007 4047 2091 4101 be-

2208 3496 2313 3553 Καὶ
2344 3497 2459 3553 ε’Θλ
2518 3520 2539 3535 ρ
2597 3494 2619 3518 ⁶’
2922 3501 2934 3521 ’
3013 3507 3037 3517 ’³
3656 3507 3678 3524 ’⁵

2372 3521 2399 3552 υ
2439 3520 2538 3561 ιω..
2590 3504 2820 3575 αψσντες
2877 3523 3062 3572 αυτου,
3121 3501 3440 3561 ἐπίστευσαν
3494 3508 3594 3577 (al.
3650 3510 3867 3581 ηψαντο

2204 3588 2394 3661 αὐτοῦ,
2423 3591 2558 3666 καί).
2603 3616 2632 3667 ι)
2666 3594 2846 3665 ’Ἄξιον
2886 3592 2943 3651 δὲ
3000 3596 3267 3675 φαίνεται,
3327 3590 3549 3671 ἑπείπερ
3602 3597 3872 3653 τοιούτου

2202 3675 2399 3753 ἀνδρὸς
2426 3683 2781 3754 πεποιήμεθα
2832 3686 3075 3756 μνήπην,
3108 3683 3168 3741 ἐκ
3227 3692 3327 3755 τῆς
3358 3683 3660 3756 ἐπιστολῆς
3691 3685 3870 3743 αὐτοῦ

2200 3774 2300 3837 τῆς
2330 3769 2469 3843 πρὸς
2499 3771 2806 3844 Ῥωμαίους
2860 3774 3157 3850 γραφείσης
3212 3774 3375 3851 ὀλίγα
3412 3773 3681 3839 ἐκθέσθαι.
3718 3777 3870 3832 Ἀπὸ

2202 3858 2404 3931 Συρίας
2455 3857 2588 3934 ἄχρι
2652 3861 2875 3935 Ῥώμης
2929 3864 3264 3939 θηριομαχῶ
3316 3864 3368 3918 ἐν
3459 3861 3705 3939 θαλάσσῃ
3766 3867 3869 3921 καὶ

2198 3943 2251 4000 ἐν
2284 3950 2380 4022 γῇ,
2413 3969 2465 4004 κ.
2511 3970 2566 4008 τ.
2643 3948 2697 4008 λ.
2758 3953 3116 4025 Κατακριθεὶς
3169 3952 3351 4008 τοίνυν
3409 3960 3866 4029 θηριομαχῆσαι,

2196 4039 2283 4093 καὶ
2318 4037 2473 4111 πόθῳ
2500 4044 2597 4095 τοῦ
2629 4042 2843 4111 παθεῖν,
2876 4043 3110 4106 ἀκούσας
3137 4048 3234 4098 τοῦ
3269 4044 3517 4120 βρυγμοῦ
3547 4048 3655 4098 τῶν
3697 4042 3872 4099 λεόν-

432 4131 664 4185 stiarum
693 4130 892 4196 matur,
923 4137 986 4186 ut
1007 4134 1174 4202 panis
1189 4133 1423 4187 mundus
1456 4134 1726 4190 inveniar.
1761 4134 1974 4191 Passus
1998 4142 2087 4191 est

2233 4148 2325 4212 ων,
2363 4123 2489 4203 ἔφη’
2518 4134 2678 4191 Σῖτος
2709 4131 2890 4201 Ἰησοῦ
2920 4133 3156 4206 Χριστοῦ
3178 4132 3314 4206 εἰμι,
3335 4133 3426 4188 καὶ
3456 4134 3703 4212 εὔχομαι
3735 4139 3867 4197 τοῖς

437 4233 597 4274 anno
628 4219 941 4275 undecimo
983 4219 1239 4291 Trajani.

2199 4211 2385 4270 ὀδοῦσι
2441 4221 2549 4272 τῶν
2609 4217 2812 4294 Θηρίων
2865 4217 3194 4294 ἀλησθῆναι,
3266 4219 3360 4277 ’ίνα
3417 4211 3579 4298 ἄρτος
3608 4224 3869 4299 καθαρὸς

2199 4303 2422 4380 εὑρεθῶ.
2457 4306 2661 4363 Ἔπαθε
2691 4305 2898 4382 δεκάτῳ
2920 4303 3024 4365 ἔτει
3056 4314 3343 4385 Τραϊανοῦ.

642 4430 783 4498 Lege
811 4427 1176 4485 FnECULruuu
1207 4436 1336 4486 tom.
1364 4432 1435 4497 Il,
1469 4432 1559 4487 tib.
1596 4449 1658 4502 ιι,
1689 4450 1811 4505 cap.
1848 4434 1933 4504 11,
1966 4443 2016 4492 et
2047 4438 2110 4495 Η(

2010 4525 2110 4567 σαι)

2233 4457 2341 4498 ιιιιιι
2374 4442 2944 4515 Auausronuuausau,
2970 4448 3050 4503 De
3081 4448 3359 4504 luminar.
3393 4449 3627 4506 Eccles.

2039 4526 2130 4580 ap.
2167 4526 2251 4567 ιο.

889 4645 1042 4714 IDEM,
1063 4645 1158 4700 tib.
1195 4645 1483 4703 Adversus
1514 4647 1867 4717 Helvidium,
1900 4668 2052 4709 num.
2088 4657 2172 4711 17.
2206 4657 2289 4711 Ea:
2317 4656 2453 4713 edit.
2498 4660 2701 4715 Veron.
2732 4668 2862 4720 tom.
2892 4664 2963 4730 Il,
2992 4681 3124 4736 pag.
3157 4668 3284 4738 225,
3312 4669 3373 4724 C.

503 4779 782 4879 Nunquid
808 4796 931 4879 non
959 4798 1201 4853 possum
1235 4781 1337 4837 tibi
1372 4786 1555 4879 totam
1582 4790 1847 4841 veterum
1878 4789 2234 4861 scriptorum
2265 4793 2481 4851 seriem
2513 4813 2885 4855 commovere
2912 4816 2925 4856 :
2957 4802 3866 4879 Ignatium,Polycarpum,Ire-

426 4885 646 4938 neeum,
675 4872 966 4928 Iustinum
998 4879 1341 4945 martyrem,
1370 4874 1706 4948 multosque
1733 4877 1881 4934 alios
1910 4882 2267 4951 apostolicos
2296 4890 2356 4939 et
2382 4885 2731 4958 eloquentes
2762 4892 2939 4961 viros,
2974 4872 3075 4966 qui
3121 4872 3403 4952 adversus
3436 4872 3737 4954 Ebionern
3803 4903 3875 4955 et.

426 4959 792 5017 Theodotum
816 4963 1155 5035 Byzantium
1182 4968 1239 5019 et
1261 4963 1648 5034 Valentinum,
1682 4967 1807 5023 haec
1839 4969 2045 5025 eadem
2078 4973 2401 5031 sentientes
2430 4975 2609 5047 plena
2639 4959 2945 5052 sapientiae
2974 4959 3276 5043 volumina
3303 4988 3820 5060 conscripserunt
3840 4989 3881 5046 ?

1492 5111 1644 5179 Iona,
1678 5111 1774 5169 lib.
1801 5114 2232 5173 ICommentar.
2267 5119 2328 5175 in
2367 5120 2568 5176 Matth.
2606 5139 2644 5190 ι,
2679 5125 2762 5179 18.

502 5250 720 5350 Martyr
750 5251 1012 5351 Ig'natius-
1041 5251 1214 5351 etiam
1250 5259 1517 5351 quartam
1547 5255 1775 5351 addidit
1804 5274 2062 5325 causam,
2094 5279 2199 5317 cur
2227 5278 2261 5317 a
2290 5263 2648 5334 desponsata
2673 5276 2995 5343 conceptus
3027 5274 3103 5329 sit
3132 5275 3439 5345 (Christus)
3464 5296 3478 5333 :
3510 5283 3577 5335 ut
3608 5285 3877 5351 partus,

427 5338 729 5408 inquiens,
765 5342 893 5411 ejus
927 5341 1221 5396 celaretur
1250 5340 1521 5409 diabolo;
1555 5344 1693 5399 dum
1729 5362 1864 5401 eum
1908 5356 2097 5419 putat,
2146 5368 2267 5407 non
2313 5352 2384 5409 de
2416 5354 2661 5427 virgine,
2696 5358 2799 5414 sed
2831 5338 2901 5415 de
2934 5379 3116 5419 uxore
3140 5338 3516 5438 ~generatum.
3554 5338 3756 5439 Epist.
3792 5338 3888 5425 ac!

421 5429 622 5499 Ephes.
659 5447 779 5500 cap.
820 5433 905 5483 19,

497 5516 638 5572 Vide
669 5517 1311 5621 ejusdemnllieronymi
1343 5521 1747 5621 testimonium
1769 5525 1851 5621 de
1885 5527 2166 5621 Barnabas
2211 5530 2478 5621 epistola.
2515 5536 2741 5595 Videsis
2772 5558 3010 5617 quoque
3070 5545 3468 5621 Freculphum
3515 5549 3580 5605 in
3630 5548 3889 5608 Chron.

421 5604 529 5661 lib.
553 5622 613 5676 ιι,
649 5622 776 5678 cap.
803 5610 891 5676 11,
926 5607 1270 5679 Hieronymi
1298 5610 1494 5681 verba,
1519 5613 1697 5670 tacito
1730 5615 1859 5688 ejus
1890 5617 2154 5690 nomine,
2188 5620 2624 5681 exscribentem
