3972 6306
169 411 228 474 17
1375 411 1763 477 VETERUM
1805 411 2309 476 TESTIMONIA.
3477 420 3557 481 18
3618 409 3621 412 6

346 633 397 691 S.
424 635 727 691 DIONYSIUS
756 637 1041 705 Ausone,
1076 635 1172 691 lib.
1200 636 1282 693 De
1303 635 1485 693 divin.
1518 547 1955 710 nominilzlilap.
1990 639 2043 705 4,
2074 640 2103 709 §
2133 639 2218 694 12.
2251 639 2339 695 Ea:
2370 639 2502 695 edit.
2537 639 2822 713 Antuerpu
2850 640 3013 711 1633,
3039 640 3166 714 pag.
3201 642 3328 701 565.

220 739 570 812 Καίτοιέδοξέ
598 763 712 798 τισι
770 745 876 796 τῶν
930 743 1049 797 καθ’
1104 744 1254 816 ἡμᾶς
1313 739 1630 820 ἱερολόγων,
1690 744 1782 799 καὶ

1975 747 2142 818 Atqui
2177 746 2364 802 visum
2396 747 2852 819 estquibusdam
2869 765 2899 803 e
2916 749 3133 804 nostris
3156 749 3543 822 scriptoribus

166 830 400 907 θειότερον
432 830 566 887 εἶναι
588 831 652 887 τὸ
683 835 783 886 τοῦ
813 830 1015 908 ἔρωτος
1044 829 1241 907 ὄνομα,
1273 837 1370 888 τοῦ
1410 842 1511 904 τῆς
1539 834 1724 909 ἀγάπη

1974 836 2098 905 :ris,
2136 852 2356 892 nomen
2384 837 2604 892 amoris
2633 837 2893 894 divinius
2923 855 3051 894 esse
3069 840 3311 894 nomine
3343 838 3542 894 chari-

163 921 333 998 Γράφει
361 918 420 977 δὲ
456 920 548 977 καὶ
580 923 608 976 ὁ
646 921 793 986 esto:
825 923 1085 999 Ιγνάτιος”
1115 924 1179 980 Ὁ
1211 921 1342 997 ἐμὸς
1400 921 1538 998 ἔρως
1594 922 1731 980 ἔσται

1972 927 2049 981 ιὶε.
2072 927 2305 983 Etenim
2328 927 2565 983 divinus
2608 928 2864 1000 lgnatius
2906 928 3155 984 scribit:
3197 932 3346 986 Meus
3384 945 3540 985 amor

164 1030 324 1086 ρωται.
353 1012 495 1069 Vide
525 1014 879 1086 Paraphras.
910 1014 1311 1088 Pachymeras.
1891 1017 2185 1086 cruciﬁxus
2208 1022 2304 1073 est.
2329 1016 2510 1088 Epist.
2537 1017 2610 1073 ad
2630 1020 2821 1087 Rom.,
2843 1034 2969 1090 cap.
2989 1020 3043 1072 7.

158 1195 403 1263 BASILIUS,
433 1193 531 1251 vel
553 1193 825 1267 quisquis
856 1193 933 1250 sit
961 1198 1187 1265 auctor,
1221 1195 1413 1252 homil.
1448 1196 1510 1252 in
1543 1200 1811 1253 sanctam
1842 1195 2059 1252 Christi
2090 1196 2556 1270 generationem,
2589 1212 2741 1253 num.
2773 1199 2826 1252 3.
2878 1199 2965 1254 Ea:
3019 1197 3151 1255 edit.
3183 1198 3294 1253 BB.
3352 1199 3538 1255 Paris.

1414 1271 1573 1336 1722,
1609 1275 1740 1326 tom.
1772 1270 1819 1337 Ι,
1846 1285 1979 1341 pag.
2003 1269 2128 1338 598,
2163 1269 2225 1326 Β.

211 1370 423 1447 Εἴρηται
455 1369 516 1428 δὲ
541 1377 651 1428 τῶν
677 1372 925 1429 παλαιῶν
968 1393 1079 1428 τινι
1133 1371 1224 1428 καὶ
1254 1371 1437 1450 ’ἔτερος
1465 1370 1655 1450 λόγος,
1684 1373 1769 1430 ὃτι

1967 1375 2144 1432 Μιδια
2164 1380 2256 1431 est
2288 1380 2348 1432 et
2411 1375 2526 1433 alia
2574 1375 2727 1433 ratio
2756 1393 2791 1432 a
2832 1374 3093 1448 quodam
3135 1393 3207 1432 ex
3246 1375 3535 1448 antiquis,

159 1460 268 1535 ὑπὲρ
291 1466 383 1517 τοῦ
413 1460 603 1518 λαθεῖν
631 1463 725 1518 τὸν
760 1461 1005 1538 ἄρχοντα
1053 1465 1153 1518 τοῦ
1182 1463 1380 1526 αὶῶνος
1443 1463 1641 1519 τούτου
1670 1464 1727 1520 τοὶ

1961 1465 2154 1521 lelicet
2210 1467 2598 1538 excogitatam
2626 1464 2808 1521 fuisse
2845 1466 3081 1540 losephi
3114 1465 3529 1538 desponsatio-

156 1552 406 1626 παρθενίαν
437 1559 540 1622 τῆς
569 1552 788 1629 Μαρίας
816 1554 853 1623 ἡ
910 1555 1007 1608 τοῦ
1067 1552 1270 1631 Ἰωσὴφ
1326 1551 1595 1624 ἐπενοήθη
1630 1575 1724 1628 μντ

1967 1559 2135 1621 m,ut
2171 1554 2363 1610 Mariae
2401 1554 2706 1629 virginitas
2739 1554 2948 1611 mundi
2989 1554 3168 1628 hujus
3207 1555 3535 1630 principem

157 1660 295 1700 στεια.

1887 1644 2116 1701 lateret.
2147 1644 2324 1715 Epist.
2358 1643 2433 1699 ad
2459 1644 2688 1715 Ephes.,
2709 1661 2830 1716 cap.
2859 1647 2947 1699 19.

239 1836 465 1893 Joannes
496 1837 951 1907 Cnavsosrouus,
982 1836 1173 1892 homil.
1210 1834 1266 1891 in
1298 1836 1352 1891 S.
1386 1837 1654 1891 Icmrmu
1687 1837 2034 1960 marggreﬁn,
2064 1848 2214 1888 num.
2249 1834 2301 1887 5.
2336 1833 2422 1887 Ea:
2442 1832 2576 1888 edit.
2608 1833 2719 1887 BB.
2752 1833 2932 1888 Paris.
2959 1832 3118 1899 1718,
3151 1838 3281 1889 tom.
3341 1832 3417 1901 II,

1622 1922 1751 1960 υασ.
1785 1926 1816 1959 ο
1894 1945 1908 1960 .
1996 1944 2009 1958 .

1622 1922 1751 1979 pag.
1785 1922 1908 1970 ουν,
1941 1922 2009 1959 υ.

212 2005 284 2062 Ἐν
312 2006 450 2079 μὲσῳ
476 2008 561 2078 τῷ
590 2005 822 2080 θεάτρῳ,
877 2010 978 2074 τῆς
1035 1998 1254 2068 πόλεως
1311 2001 1421 2060 ἅνω
1477 2003 1770 2076 καθεζομέ-

1953 2004 2011 2058 In
2032 2002 2228 2058 medio
2247 2003 2501 2069 theatro,
2528 2001 2806 2058 universa
2825 2001 3058 2059 civitate
3110 2018 3347 2059 sursum
3384 2019 3521 2065 con-

149 2116 226 2166 νης
247 2097 470 2168 ἁπάσης,
502 2096 595 2151 τὸν
620 2100 721 2151 τοῦ
746 2094 1046 2172 μαρτυρίου
1098 2096 1299 2172 τρόπον
1334 2097 1606 2170 ὑπέμεινε,
1666 2096 1717 2148 θτ

1961 2092 2110 2147 lente
2143 2097 2201 2147 et
2225 2095 2550 2163 spectante,
2572 2091 2780 2147 bestiis
2809 2093 2870 2147 in
2917 2093 3114 2164 ipsum
3153 2093 3438 2150 immissis
3469 2097 3529 2149 et

153 2187 257 2261 ρίων
292 2184 371 2241 ἐπ’
430 2185 590 2241 αὐτὸν
651 2184 978 2263 ἀφεθέντων⁸
1029 2185 1099 2240 ’ἶν’
1160 2185 1268 2241 ὑπὸ
1320 2190 1442 2247 ταῖς
1521 2184 1721 2240 ἀπάντα

1958 2183 2208 2252 ncitatis,
2246 2182 2594 2253 martyrium
2628 2181 2872 2254 pertulit
2915 2183 3222 2255 (Ignatius)
3264 2199 3278 2239 :
3314 2188 3383 2239 ut
3418 2183 3526 2240 sub

152 2274 274 2348 ὄψεσι
300 2276 361 2330 τὸ
386 2275 653 2349 τρόπαιον
686 2277 887 2345 στήσας
945 2275 1079 2329 κατὰ
1135 2278 1232 2330 τοῦ
1292 2271 1578 2342 διαϐόλου,
1641 2272 1720 2329 toi

1962 2273 2151 2327 mium
2175 2271 2360 2328 oculis
2381 2272 2661 2328 adversus
2691 2271 2994 2329 diabolum
3018 2278 3310 2345 tropaaum
3340 2274 3530 2346 erige-

154 2366 305 2427 θεατὰς
334 2366 567 2427 ἅπαντας
625 2363 880 2435 ζηλωτὰς
934 2366 1139 2439 ποιήσῃ
1194 2369 1303 2420 τῶν
1360 2364 1722 2442 ἀγωνισμάτω

1959 2367 1989 2423 t,
2039 2364 2403 2431 cunctosque
2438 2364 2802 2433 spectatores
2840 2377 3083 2418 suorum
3131 2362 3527 2419 certaminum

151 2459 234 2509 τῶν
274 2457 478 2526 ἑαυτοῦ,
545 2454 646 2511 οὐκ
705 2455 1060 2526 ἀποθνήσκων
1095 2456 1260 2528 μόνον
1306 2454 1451 2511 οὕτω
1482 2458 1719 2534 γενναίωη

1966 2450 2209 2506 itatores
2236 2450 2501 2505 efﬁceret
2530 2466 2544 2516 ;
2576 2466 2712 2506 cum
2760 2467 2881 2506 non
2908 2452 3084 2508 modo
3117 2452 3372 2521 fortiter,
3425 2451 3531 2508 sed

153 2541 267 2599 me
292 2545 376 2599 καὶ
409 2545 527 2619 μεθ’
578 2542 784 2614 ἡδονῆς
834 2543 1219 2615 ἀποθνήσκων.
1255 2544 1333 2602 Οὐ
1375 2544 1479 2623 γὰρ
1513 2546 1586 2608 ὡς
1619 2550 1721 2614 ζωῖ

1962 2556 2058 2595 am
2078 2556 2213 2595 cum
2242 2540 2448 2596 laetitia
2474 2546 2729 2596 mortem
2748 2547 3077 2613 oppeteret,
3091 2542 3368 2614 ferasque
3393 2558 3526 2598 cum

152 2632 559 2712 ἆπορῥήγνυσθαι
593 2631 842 2708 μέλλων.
874 2631 1001 2689 ἀλλ’
1035 2634 1112 2696 ὡς
1142 2632 1232 2690 ἐπὶ
1279 2633 1427 2704 ζωὴν
1482 2632 1720 2707 καλούμε

1956 2630 2172 2701 luptate
2204 2634 2536 2701 spectaret;
2569 2647 2691 2686 non
2742 2632 2913 2702 quasi
2962 2638 3272 2703 raperetur
3301 2649 3331 2686 e
3390 2633 3524 2701 vita,

148 2742 218 2784 νος
268 2723 460 2797 βελτίω
513 2725 607 2779 καὶ
665 2722 1201 2800 πνευματικωτέραν,
1259 2722 1434 2786 οὕτως
1519 2722 1716 2798 ἆσμὲνιι

1962 2719 1980 2775 l
2011 2725 2296 2790 tanquam
2327 2720 2400 2775 ad
2420 2719 2598 2775 vitam
2631 2720 2941 2777 meliorem
2966 2738 3034 2777 ac
3054 2721 3530 2793 praestantiorem

146 2807 261 2884 ἐώρα
285 2812 345 2866 τὰ
375 2810 561 2885 θηρία.
596 2812 771 2867 Πόθεν
802 2815 964 2868 τοῦτο
998 2809 1209 2882 δῆλον;
1251 2812 1358 2867 ἀπὸ
1411 2817 1520 2867 τῶν
1577 2811 1714 2888 ρημε

1958 2816 2199 2866 caretur.
2227 2809 2389 2865 Unde
2412 2810 2523 2865 hoc
2553 2810 2618 2865 ﬁt
2643 2812 3066 2883 perspicuum?
3086 2828 3156 2868 ex
3188 2812 3380 2867 verbis
3396 2830 3526 2884 quas

145 2917 244 2968 των,
295 2902 363 2956 ὧν
420 2903 782 2972 ἀποθνήσκειν
838 2900 1058 2973 μὲλλων
1117 2900 1430 2978 ἐφθέγξατο.
1489 2901 1713 2958 Ἀκούσο

1954 2897 2585 2968 )riturusloquebatur.
2602 2898 2746 2953 Cum
2771 2899 2932 2954 enim
2958 2898 3016 2954 id
3042 2916 3227 2972 genus
3248 2900 3522 2972 supplicii

145 2988 223 3063 γὰρ
248 2990 325 3046 ὅτι
353 2991 511 3053 οὗτος
558 2990 721 3047 αὐτὸν
771 2998 872 3061 τῆς
925 2992 1204 3067 τιμωρίας
1261 2992 1534 3065 ὁτρόπος
1595 2987 1713 3065 μένε

1952 2987 1988 3041 ἠ
2033 3002 2162 3041 esse
2220 2985 2598 3042 subeundum
2658 2986 3066 3051 intellexisset.
3125 2990 3256 3058 Ego,
3303 2989 3520 3060 inquit,

146 3079 241 3151 Βγὼ
262 3084 361 3134 τῶν
419 3080 629 3155 θηρίων
681 3079 901 3136 ἐκείνων
950 3080 1206 3155 ὀναίμην,
1266 3075 1445 3157 ἔλεγε.
1505 3084 1714 3136 Τοιοῦτι

1953 3077 2008 3133 ’ίε
2036 3078 2150 3133 illis
2177 3080 2363 3146 fruar.
2399 3077 2492 3133 Sic
2523 3078 2684 3133 enim
2705 3083 2909 3151 agunt,
2968 3079 3069 3149 qui
3101 3084 3306 3135 amant
3338 3097 3352 3134 :
3385 3095 3521 3136 cum

144 3164 222 3242 γὰρ
247 3168 296 3222 οἱ
324 3167 566 3244 ἐρῶντες·
600 3169 734 3245 ὅπερ
791 3166 851 3224 ἄν
913 3169 1201 3245 πάσχωσιν
1265 3171 1396 3244 ὑπὲρ
1457 3174 1566 3223 τῶν
1626 3166 1712 3243 ἔρις

1952 3184 1979 3222 o
2012 3168 2087 3223 iis
2118 3166 2220 3238 qui
2242 3172 2541 3234 amantur,
2571 3167 2797 3249 aliquid
2836 3168 3164 3240 patiuntur,
3196 3168 3520 3242 gaudentes

146 3257 300 3327 μένων,
377 3261 492 3330 μεθ’
550 3256 757 3328 ἡδονῆς
839 3256 1117 3334 δέχονται,
1175 3260 1264 3314 καὶ
1332 3261 1456 3316 τότε
1513 3256 1712 3314 δοκοῦσ

1958 3256 2191 3336 faciunt
2222 3273 2238 3322 ;
2271 3262 2531 3326 tuncque
2553 3256 2665 3312 sibi
2687 3255 2961 3312 videntur
2998 3257 3213 3329 optatis
3244 3258 3524 3327 frui,cum

143 3341 454 3432 ξμῳορεῖσθαι
480 3355 583 3416 τῆς
611 3347 931 3422 ἐπιθυμίας,
965 3348 1091 3404 ὅταν
1138 3345 1340 3421 πολλῷ
1397 3347 1711 3432 χαλεπώτες

1999 3361 2129 3415 quas
2164 3344 2490 3417 perferunt,
2542 3350 2682 3401 sunt
2719 3362 2896 3417 quam
2945 3347 3323 3419 gravissima;
3366 3346 3523 3419 quod

143 3430 242 3503 ira
265 3434 539 3512 γινόμεναι
573 3433 705 3508 ὅπερ
737 3436 836 3490 οὖν
889 3436 980 3491 καὶ
1040 3435 1124 3491 ἐπὶ
1185 3440 1383 3491 τούτου
1425 3431 1711 3490 συνέϐαινε

1960 3433 2116 3490 idem
2138 3434 2200 3490 in
2229 3434 2340 3490 hoc
2370 3435 2511 3489 item
2534 3435 2799 3508 contigit.
2830 3436 3132 3507 Siquidem
3178 3452 3297 3493 non
3328 3442 3520 3493 morte

146 3522 202 3577 Οὐ
227 3523 317 3599 γὰρ
347 3528 423 3596 τῷ
462 3525 678 3597 θανάτῳ
739 3524 935 3596 μόνον,
997 3524 1145 3580 ἀλλά
1201 3529 1293 3579 καὶ
1347 3527 1417 3598 τῇ
1478 3525 1714 3597 «polluat

1951 3524 2085 3583 lum.
2112 3540 2315 3579 verum
2347 3524 2526 3580 etiam
2575 3523 2878 3581 alacritate
2920 3525 3195 3582 studebat
3224 3526 3519 3598 apostolos

148 3609 353 3677 ζηλῶσαι
382 3613 512 3676 τοὺς
557 3612 899 3675 ἀποστόλους
960 3609 1200 3669 ἔσπευδε
1265 3612 1354 3668 καὶ
1411 3611 1623 3668 ἀκούων
1672 3613 1716 3668 ὅτ

1958 3612 2111 3668 itari.
2140 3615 2209 3667 Et
2245 3629 2367 3668 non
2398 3614 2697 3685 ignorans,
2731 3613 2886 3685 quod
2935 3614 3017 3671 illi
3057 3614 3352 3687 flagellati,
3382 3632 3517 3672 cum

147 3697 494 3777 μιστιχθὲντες
552 3702 752 3758 ἐκεῖνοι
814 3704 947 3776 μετᾶ
1002 3708 1176 3778 χαρᾶς
1223 3702 1564 3778 ἀνεχώρουν,
1595 3697 1715 3757 ἐϐου

1945 3702 2081 3759 udio
2110 3702 2279 3759 ibant
2319 3719 2350 3758 e
2398 3708 2721 3775 conspectu
2777 3704 3037 3771 concilii,
3100 3704 3284 3760 voluit
3334 3707 3513 3762 etiam

145 3788 255 3861 λήθη
299 3793 384 3847 καὶ
442 3793 604 3849 αὐτὸν
667 3795 743 3867 μὴ
803 3797 872 3866 τῇ
930 3792 1159 3868 τελευτῇ
1214 3793 1403 3867 μόνον,
1456 3791 1609 3849 ἀλλὰ
1662 3814 1713 3848 κε

1942 3809 1990 3847 se
2014 3809 2134 3847 non
2166 3797 2355 3847 morte
2386 3791 2599 3861 solum,
2633 3793 2737 3848 sed
2767 3794 2945 3849 etiam
2982 3793 3186 3850 laetitia
3215 3795 3510 3867 magistris

141 3880 339 3954 τῇχαρᾷ
382 3883 723 3954 μιμήσασθαι
782 3880 908 3945 τοὺς
967 3879 1352 3945 διδασκάλους·
1412 3879 1501 3939 διὰ
1550 3884 1709 3938 τοῦτε

1942 3899 1992 3937 se
2025 3880 2235 3938 similis
2261 3881 2514 3949 ;idcirco
2544 3884 2719 3954 Feris,
2750 3883 2970 3955 inquit,
3001 3887 3188 3953 fruar.
3220 3885 3404 3957 Epist.
3437 3884 3510 3941 ad

140 3965 228 4022 Tim:
253 3968 470 4045 θηρίων,
492 3964 702 4047 ἔλεγεν,
737 3970 997 4045 ὀναίμην.

737 3970 997 4045 ὀναίμην.
1860 3973 2051 4041 Βοωη
2074 3986 2202 4043 cap.
2232 3970 2286 4026 5.

1762 4079 1859 4133 XI.

267 4170 521 4228 laesurus
547 4172 777 4227 Aucroa
804 4172 955 4244 apud
979 4171 1419 4228 Canvsosrouux
1449 4169 1640 4227 homil.
1670 4169 1742 4227 de
1770 4168 2147 4243 Legislatore,
2179 4185 2329 4224 num.
2362 4170 2416 4224 4.
2465 4168 2628 4238 Ibid,
2656 4174 2782 4224 tom.
2830 4169 2924 4239 VI,
2948 4185 3080 4240 pag.
3121 4172 3246 4240 410,
3278 4172 3338 4225 C.

194 4290 270 4348 Διᾶ
291 4298 445 4351 τοῦτο
472 4295 720 4372 γενναῖός
775 4316 860 4358 τις
916 4295 1183 4373 ἀρχαίων·
1242 4295 1507 4373 Ἰγνάτιος
1562 4292 1619 4350 δὲ
1674 4293 1742 4364 ἦν

1936 4297 2244 4368 Propterea
2271 4293 2488 4351 nobilis
2518 4295 2606 4351 vir
2634 4294 2877 4368 quidam
2926 4312 2999 4352 ex
3041 4296 3362 4368 veteribus,
3410 4300 3504 4357 cui

146 4372 273 4453 ὅνομα
298 4384 460 4456 αὐτῷ·
494 4383 660 4447 οὗτος
709 4372 1118 4460 ἱερωσύνῃηκαῖ
1170 4384 1456 4460 μαρτυρίῳ
1514 4381 1709 4459 διαπρέ

1933 4397 2070 4441 men
2100 4385 2381 4457 Ignatius,
2416 4386 2637 4457 quique
2685 4385 3018 4442 sacerdotio
3050 4386 3227 4445 simul
3252 4394 3312 4444 et
3340 4406 3501 4446 mar-

146 4467 235 4541 ‘lv'lt,
260 4469 581 4531 ἕπιστὲλλων
616 4472 721 4530 τινὶ
750 4474 887 4546 ἱερεῖ
941 4468 1130 4550 ἔλεγειζ
1172 4470 1358 4545 Μηδὲν
1417 4471 1541 4530 ἄνευ
1596 4474 1714 4550 γνώ

1934 4475 2007 4529 rio
2037 4474 2349 4531 decoratus
2376 4474 2589 4543 fuit,ad
2621 4476 2987 4531 sacerdotem
3015 4477 3332 4548 quemdam
3356 4481 3502 4535 scri-

150 4578 327 4625 μηςσου
382 4563 644 4641 γινέσθω,
705 4558 849 4635 μηδὲ
902 4563 964 4619 σὺ
1026 4560 1148 4619 ἃνευ
1200 4563 1435 4642 γνώμης
1492 4566 1626 4619 Θεοῦ
1687 4585 1716 4618 τ

1932 4581 2001 4619 ns
2022 4563 2258 4619 dicebat
2281 4580 2293 4617 :
2326 4563 2481 4619 Nihil
2507 4567 2625 4619 sine
2654 4571 2749 4620 tua
2776 4566 3056 4620 voluntate
3074 4574 3500 4640 geratur,neque

144 4650 310 4717 τράπε,
1771 4725 1801 4730 _
1852 4656 1980 4708 item
2002 4659 2064 4709 tu
2092 4653 2397 4724 quidquam
2426 4654 2628 4725 absque
2664 4654 2764 4709 Dei
2784 4656 3067 4711 voluntate
3092 4658 3285 4725 facias.
3312 4658 3495 4730 Epist.

306 4742 307 4745 η
1352 4778 1355 4781 .
1769 4725 1815 4790 Ι)
1847 4741 1923 4797 ad
1953 4740 2281 4814 Polycarp.,
2311 4759 2439 4814 cap.
2463 4745 2516 4798 4.

1731 4856 1850 4915 XII.

272 4931 682 4997 Turononms.
714 4934 869 5006 epist.
904 4935 994 5002 89,
1025 4933 1101 4991 ad
1130 4934 1499 4995 Florentium
1532 4941 1876 5003 Patricium.
1924 4950 2020 5004 Ea:
2048 4949 2183 5006 edit.
2229 4949 2409 5005 Paris.
2444 4950 2600 5015 1642,
2642 4954 2769 5005 tom.
2801 4948 2897 5012 IlI,
2926 4964 3058 5020 pag.
3090 4951 3216 5019 966,
3249 4952 3310 5007 B.

191 5027 328 5120 latim
376 5027 431 5087 δὲ
484 5033 635 5104 ἡμῖν,
673 5025 976 5103 παρέδοσαν
1034 5029 1101 5085 οὗ
1136 5030 1300 5105 μόνον
1345 5033 1729 5113 οῖ’ἆπόστολοι

1921 5048 2045 5101 [-laac
2076 5064 2251 5119 porro
2314 5046 2609 5104 tradidere
2641 5047 2813 5102 nobis
2860 5064 2979 5103 non
3029 5048 3280 5120 apostoli
3313 5052 3489 5109 modo

142 5114 203 5165 xxi
224 5128 494 5207 προφῆται,
526 5122 679 5181 ἀλλὰ
710 5121 804 5177 καὶ
834 5122 887 5179 οἱ
910 5169 915 5173 .
940 5122 1008 5178 τὰ
1060 5122 1271 5179 τούτων
1324 5127 1710 5201 ἡρμηνευκότει

1930 5114 2254 5208 prophetae,
2278 5152 2481 5192 verum
2503 5136 2544 5191 ii
2577 5137 2755 5192 etiam
2804 5137 2906 5207 qui
2955 5114 3169 5194 borum
3199 5137 3384 5196 libros
3412 5143 3495 5198 in-

144 5208 497 5299 ξυγγράμματα,
585 5210 869 5290 Ἰγνάτιος,
971 5211 1295 5285 Εὔστάθιος,
1382 5217 1712 5289 Ἀθανασιος,

1919 5225 2148 5296 rpretati
2167 5230 2326 5289 sunt,
2377 5224 2660 5296 Ignatius,
2702 5217 3063 5280 Eustathius.
3106 5226 3487 5299 Athanasius,

142 5292 383 5386 Βξσῖὶεως,
447 5304 785 5386 Γρηγόριος,
833 5300 1088 5373 Ἰωάννης
1141 5305 1231 5359 καὶ
1291 5305 1342 5360 oi
1408 5304 1572 5363 ἃλλοι
1629 5308 1710 5376 τῆς

1928 5292 2113 5381 silius,
2138 5292 2475 5384 Gregorius,
2532 5313 2788 5367 Joannes
2834 5318 2896 5367 et
2939 5313 3171 5385 reliqua
3194 5314 3358 5374 orbis
3413 5292 3496 5378 lu;

147 5379 377 5464 εἶιουμὲνη
388 5413 412 5455 ς
441 5379 755 5471 φωστῆρες.
820 5388 825 5396 ³
1840 5400 2024 5455 mina.

605 5514 766 5581 Ion,
796 5514 953 5583 epist.
990 5514 1114 5582 145,
1145 5512 1220 5570 ad
1249 5517 1573 5575 monachos
1602 5517 2308 5595 Constantinopolitanos.
2332 5515 2500 5584 Ibid.,
2534 5532 2663 5588 pag.
2701 5516 2857 5585 1027,
2882 5518 2951 5574 Α.

191 5622 337 5680 Καὶοἳ
371 5625 575 5686 τούτων
635 5620 1015 5703 πρεσϐύτεροι,
1072 5628 1337 5705 Ἰγνάτιος
1399 5632 1489 5688 καὶ
1546 5634 1723 5691 HOM-

1912 5637 2094 5708 Atque
2118 5635 2212 5691 his
2231 5634 2425 5690 adhuc
2464 5633 2852 5706 antiquiores,
2910 5636 3191 5710 Ignatius,
3224 5641 3283 5693 et
3303 5640 3480 5715 Poly-

144 5722 313 5787 κριτος,
339 5719 421 5775 καὶ
451 5718 776 5796 Εἰρηναῖος,
809 5718 894 5773 καὶ
929 5718 1252 5803 ’1ουστῖνος,
1312 5719 1401 5778 καὶ
1460 5722 1712 5803 Ἱππόλυ-

1909 5742 2067 5798 rpus,
2099 5729 2160 5782 et
2187 5726 2535 5792 lrenwus,et
2551 5724 3269 5800 Justinus,etHippolytus
3290 5743 3306 5796 ;
3330 5747 3477 5802 quo-
