3972 6306
418 279 494 390 is
1485 321 1550 382 s.
1596 319 1995 384 IGNATIUS.
2039 351 2115 367 -
2157 323 2788 392 PROLEGOMENA.
3737 325 3814 427 29

415 473 549 513 rum
571 455 838 529 plerique
867 471 989 510 non
1018 453 1198 510 modo
1219 453 1376 508 inter
1383 450 1696 526 pontifices
1713 449 2058 523 praelucent,

2183 468 2300 520 τος,
2323 453 2398 508 ὧν
2430 456 2483 510 οἱ
2511 455 2740 520 πλείους
2771 455 2872 512 οὐκ
2917 455 3217 535 ἀρχιερέων
3272 453 3662 530 προλὰμπουσι
3713 453 3810 529 μό-

414 547 519 607 sed
539 550 869 618 martyrum
901 545 1080 600 etiam
1107 543 1357 599 chorum
1395 545 1702 598 exornant.

2173 561 2287 610 vov,
2315 542 2462 603 ἀλλὰ
2483 549 2574 604 καὶ
2605 552 2711 604 τῶν
2745 545 3033 624 μαρτύρων
3064 542 3424 619 διακοσμοῦσι
3453 545 3640 622 χορόν.

1303 644 1456 712 IDEM,
1487 643 1624 698 dial.
1658 639 1970 698 Immutab.
2003 656 2040 694 ι.
2085 639 2252 710 Ibid.,
2285 652 2414 706 tom.
2447 650 2540 720 IV,
2570 667 2702 722 pag.
2738 652 2828 718 33,
2859 651 2928 706 Δ.

481 745 799 803 Ostendam
831 750 1030 801 autem
1047 743 1156 799 tibi
1189 741 1643 798 celeberrimum
1666 740 1940 797 Ecclesiae
1957 738 2064 794 do-

411 843 654 904 ctorem,
673 840 731 890 et
761 835 920 892 illius
939 835 1012 890 de
1035 835 1231 890 divina
1253 833 1661 888 lncarnatione
1679 831 2060 900 sententiam,

409 930 477 982 ut
505 941 822 998 cognoscas
853 924 925 979 de
957 928 1231 996 suscepta
1260 927 1472 978 natura
1489 921 1633 994 quid
1664 922 2062 978 senserit.Au-

408 1017 603 1075 divisti
635 1016 790 1072 enim
822 1031 1065 1087 prorsus
1117 1014 1410 1087 Ignatium
1442 1014 1630 1082 illum,
1665 1014 1764 1086 qui
1798 1012 1869 1068 de
1900 1013 2058 1067 Petri

408 1106 650 1162 dextera
674 1104 1046 1175 pontiﬁcatus
1075 1104 1323 1176 gratiam
1346 1105 1840 1176 suscepit,etpost
1858 1101 2056 1158 admi-

406 1196 718 1254 nistratam
739 1193 1060 1249 Ecclesiam
1110 1193 1540 1248 Antiochenam
1581 1191 1852 1265 martyrii
1889 1207 2056 1246 coro-

405 1302 545 1345 nam
575 1284 822 1356 adeptus
847 1289 1032 1340 esti...
1063 1284 1213 1339 Audi
1263 1301 1398 1356 ergo
1456 1285 1610 1339 viros
1667 1283 2054 1355 apostolicam

406 1375 738 1432 doctrinam
769 1379 1072 1434 sonantes.

403 1555 597 1611 Sancti
632 1557 844 1626 Ignatii
886 1557 1128 1624 episcopi
1177 1555 1506 1611 Antiochem'
1561 1561 1616 1610 et
1679 1556 1944 1624 martyris
1985 1571 2056 1609 ea:

864 1625 1112 1698 Epistola
1151 1627 1226 1681 ad
1264 1627 1589 1696 Smyrnaeos.

2243 742 2530 818 Ἐπιδείξω
2587 744 2646 803 δὲ
2677 767 2761 802 σοι
2819 749 2910 802 τὸν
2969 751 3320 822 πανευφημον
3357 749 3458 813 τῆς
3495 741 3807 816 ἘκκΛησίας

2173 829 2524 905 διδάσκαλον,
2557 837 2646 892 καὶ
2675 837 2736 891 τὸ
2768 835 2970 890 ἐκείνου
3015 833 3138 909 περὶ
3163 840 3264 902 τῆς
3323 832 3468 898 θείας
3517 834 3808 908 Ἐνανθρωσ

2171 927 2392 995 πήσεως
2418 927 2694 1004 φρόνημα,
2719 923 2810 982 ’ίνα
2843 930 2989 1003 γνῷς
3041 925 3164 980 τίνα
3219 923 3344 1000 περὶ
3373 929 3473 994 τῆς
3521 921 3810 1002 ληφθείσης

2170 1011 2387 1085 ἐδόξασε
2415 1016 2648 1092 φύσεως.
2679 1016 2952 1086 Ἀκήκοας
2995 1011 3052 1069 δὲ
3109 1012 3326 1075 πάντως
3384 1011 3647 1089 Ἰγνάτιον
3677 1011 3804 1067 ἐκεῖ·

2167 1123 2277 1175 νον,
2313 1101 2372 1167 ὅς
2405 1101 2494 1159 διὰ
2523 1111 2622 1173 τῆς
2642 1107 2740 1158 τοῦ
2773 1101 3018 1180 μεγάλου
3050 1095 3256 1177 Πέτρου
3287 1097 3462 1172 δεξιᾶς
3491 1107 3592 1170 τῆς
3623 1100 3808 1176 ἀρχιε-

2169 1191 2419 1268 ρωσύνης
2473 1194 2572 1263 τὴν
2641 1193 2802 1270 χάριν
2864 1189 3100 1264 ἐδέξατο,
3165 1191 3256 1245 καὶ
3312 1191 3412 1261 τήν
3493 1189 3804 1262 Ἐκκλησίαν

2168 1281 2496 1358 Ἀντιοχέων
2525 1283 2708 1349 ἱθῦνας
2735 1282 2828 1338 τὸν
2875 1286 2974 1338 τοῦ
3031 1279 3330 1358 μαρτυρίου
3387 1278 3646 1358 στέφανον
3693 1281 3806 1340 ἀνε-

2167 1369 2463 1442 δήσατο....
2541 1375 2806 1431 Ἄκουσον
2866 1376 2972 1428 τῶν
3029 1368 3237 1446 ἀνδρῶν
3290 1371 3390 1440 τήν
3445 1369 3802 1441 ἆποστολικήν

2165 1459 2550 1539 προφερόντων
2581 1459 2953 1518 διδασκαλίαν.

2164 1555 2310 1628 Τοῦ-
2352 1551 2510 1628 ἁγίου
2567 1551 2834 1628 Ἰγιατίου
2912 1551 3237 1628 ’ἐπισκόπου
3313 1551 3654 1628 ’Δν-τιοχείας
3717 1553 3806 1606 καὶ

2239 1623 2534 1700 μαρτυρος,
2566 1623 2636 1680 ἐισί
2673 1631 2772 1700 τῇς
2829 1625 2965 1700 πρὸς
3025 1623 3336 1696 Ῥωμαίους
3396 1623 3566 1698 [1836,
3623 1629 3805 1698 Σμυρ·

2233 1695 2438 1772 ναίους]
2468 1695 2830 1766 Ἐπιστολῆς.

475 1779 652 1836 Plane
683 1781 1100 1852 cumulateque
1119 1797 1435 1853 persuasos
1461 1780 1534 1836 de
1557 1779 1805 1836 Domino
1821 1785 2046 1850 nostro,

2237 1785 2851 1865 Πεπληροφορημὲνους
2880 1781 3102 1854 ἀληθῶς
3154 1781 3234 1846 εἷς
3260 1783 3352 1838 τὸν
3385 1784 3592 1860 Κύριον
3626 1785 3800 1856 ἡμῶν,

404 1869 505 1940 qui
536 1873 626 1924 est
646 1886 716 1924 ex
735 1885 950 1942 genere
973 1871 1152 1926 David
1171 1869 1498 1926 secundum
1522 1875 1850 1938 carnem,et
1869 1871 2049 1926 Filius

2183 1895 2287 1930 ιντα
2315 1872 2376 1930 ἐκ
2404 1875 2590 1952 γένους
2621 1869 2788 1931 Δαϐὶδ
2845 1874 2982 1928 κατᾶ
3039 1873 3230 1948 σάρκα,
3295 1871 3419 1926 Υίὸν
3476 1875 3610 1926 Θεοῦ
3665 1872 3798 1927 κατὰ

407 1959 506 2014 Dei
539 1960 871 2015 secundum
895 1959 1266 2017 divinitatem
1303 1965 1362 2015 et
1384 1960 1708 2032 potentiam
1735 1960 1884 2032 :,qui
1915 1975 2050 2014 vere

403 2053 578 2104 natus
607 2053 698 2103 est
727 2065 801 2103 ex
833 2049 1069 2121 Virgine
1093 2048 1450 2120 :baptizatus
1470 2049 2049 2114 aJoanne,utomnis

403 2137 477 2192 ab
504 2137 630 2209 ipso
645 2137 882 2209 justitia
902 2137 1252 2210 impleretur
1279 2155 1292 2193 :
1326 2154 1459 2193 vere
1501 2137 1608 2194 sub
1631 2139 1839 2194 Pontio
1860 2138 2047 2194 Pilato

405 2233 464 2283 et
482 2226 710 2282 Herode
733 2226 1048 2294 tetrarcha,
1067 2243 1172 2298 pro
1205 2227 1382 2283 nobis
1401 2227 1464 2282 in
1505 2243 1682 2284 carne
1705 2228 2046 2284 cruciﬁxus.

403 2317 578 2386 Epist.
611 2315 684 2371 ad
713 2317 1046 2386 Smymazos,
1077 2332 1200 2387 cap.
1227 2317 1277 2372 1.

793 2433 1056 2503 Ejusdem
1076 2450 1146 2490 ea:
1175 2434 1360 2489 eadem
1388 2434 1652 2505 Epistoia.

473 2549 623 2616 Quid
646 2544 804 2606 enim
825 2551 1087 2623 prodest,
1112 2551 1160 2608 si
1183 2551 1316 2623 quis
1337 2569 1432 2608 me
1470 2552 1692 2622 laudet,
1728 2554 2046 2610 Dominum

401 2646 602 2698 autem
621 2657 821 2698 meum
855 2641 1244 2716 blasphemet,
1269 2660 1388 2699 non
1428 2644 1718 2701 confitens
1754 2661 1888 2700 eum
1925 2663 2046 2702 car-

400 2747 538 2786 nem
560 2735 791 2804 gestare
809 2733 838 2786 ?
861 2733 1025 2797 Quod
1048 2732 1148 2804 qui
1172 2750 1291 2788 non
1309 2733 1824 2806 conﬁtetur,plane
1849 2734 2042 2807 ipsum

398 2825 591 2894 negat,
619 2825 684 2876 ut
704 2820 950 2878 cadaver
973 2822 1506 2881 circumferentem.
1531 2824 1664 2879 Ibid.
1681 2866 1695 2893 ,
1723 2841 1846 2895 cap.
1879 2825 1932 2878 5.

751 2950 1007 3019 Ejusdem
1053 2968 1124 3006 ea:
1180 2951 1369 3006 eadem
1414 2953 1684 3023 Epistola.

469 3065 523 3119 Si
545 3066 700 3122 enim
729 3067 1007 3139 opinione
1049 3073 1276 3124 tantum
1315 3070 1439 3124 hzec
1472 3087 1506 3124 a
1545 3071 1794 3126 Domino
1835 3077 2040 3127 nostro

2155 1964 2385 2034 θεότητα
2413 1965 2503 2018 καὶ
2533 1960 2786 2037 διᾶναμιν,
2821 1961 3178 2040 γεγενημένον
3227 1959 3454 2032 ἀληθῶς
3503 1958 3564 2015 ἔκ
3594 1959 3798 2036 Παρθέ-

2153 2073 2268 2120 νου,
2305 2048 2738 2128 βεϐαπτισμένον
2767 2053 2870 2108 ὑπὸ
2904 2053 3176 2122 Ἰωάννου,
3220 2047 3306 2106 ἵνα
3335 2049 3610 2126 πληρωθῇ
3658 2054 3801 2107 πᾶσα

2154 2140 2474 2213 δικαιοσύνη
2509 2143 2596 2198 ὑπ’
2623 2142 2811 2214 αὐτοῦ,
2847 2140 3068 2212 ἀληθῶς
3126 2139 3212 2196 ἐπὶ
3270 2139 3501 2196 Ποντίου
3561 2138 3799 2197 Πιλάτου

2151 2231 2243 2286 καὶ
2293 2229 2544 2306 Ἡρώδου
2601 2232 2928 2310 τετράρχου,
2983 2228 3378 2305 καθηλωμένον
3453 2229 3586 2304 ὑπὲρ
3638 2233 3800 2304 ἡμῶν

2151 2319 2330 2396 σαρκί.

2395 2441 2502 2492 Τοῦ
2528 2435 2693 2492 αὐτοῦ
2724 2435 2782 2492 ἐκ
2819 2441 2922 2506 τῆς
2971 2433 3138 2504 αὐτῆς
3187 2431 3547 2503 Ἐπιστολῆς.

2217 2547 2280 2604 Τί
2301 2548 2403 2626 γὰρ
2435 2548 2660 2630 ὠφελεῖ,
2701 2549 2852 2622 εἷ’περ
2887 2569 2954 2622 με
2984 2549 3194 2604 ἐπαινεῖ
3219 2567 3325 2618 τις,
3365 2548 3457 2603 τὸν
3512 2545 3570 2604 δὲ
3601 2547 3814 2620 Κόριόν

2150 2658 2255 2710 μου
2289 2635 2628 2716 βλασφημεῖ,
2690 2641 2768 2712 μὴ
2829 2636 3122 2713 ὁμολογῶν
3177 2635 3338 2694 αὺτὸν
3399 2637 3793 2714 σαρκοφόρον;

2146 2727 2175 2782 ὁ
2206 2723 2264 2782 δὶ
2292 2732 2452 2782 τοῦτο
2486 2729 2562 2801 μὴ
2595 2725 2794 2804 λέγων,
2851 2725 3076 2790 τελείως
3133 2723 3295 2782 αῦτὸν
3327 2727 3665 2801 ἀπήρνηται,
3717 2727 3793 2790 ὡς

2144 2817 2490 2892 νεκροφόρον.

2391 2955 2504 3010 Τοῦ
2536 2951 2699 3008 αὐτοῦ
2731 2951 2790 3007 ἐκ
2815 2959 2914 3021 τῆς
2967 2951 3141 3020 αὐτῆς
3183 2948 3542 3020 Ἐπιστολῆς.

2215 3069 2276 3125 Εἰ
2303 3069 2404 3145 γὰρ
2437 3072 2516 3140 τῷ
2563 3065 2742 3123 δοκεῖν
2768 3071 2937 3123 ταῦτα
2967 3066 3214 3142 ἐπράχθη
3280 3065 3384 3121 ὑπὸ
3447 3069 3544 3121 τοῦ
3586 3066 3798 3141 Κυρίου

395 3159 560 3226 gesta
600 3160 757 3221 sunt,
782 3172 888 3228 ego
919 3173 1154 3228 quoque
1177 3157 1458 3228 opinione
1479 3159 1708 3214 vinctus
1748 3177 1900 3216 sum.
1926 3162 2042 3216 Cur

2190 3162 2327 3232 μῶν,
2355 3158 2506 3232 κάγὼ
2542 3162 2625 3229 τῷ
2655 3154 2830 3212 δοκεῖν
2895 3153 3134 3228 δέδεμαι.
3193 3155 3256 3212 Τί
3305 3153 3362 3210 δὲ
3415 3154 3504 3210 καὶ
3564 3151 3806 3227 ἐμαυτὸν

397 3249 594 3298 autem
621 3251 679 3298 et
699 3245 989 3316 meipsum
1029 3247 1205 3300 morti
1230 3247 1546 3314 tradidi,ad
1568 3249 1786 3322 ignem,
1822 3250 1896 3306 ad
1917 3251 2037 3323 gla-

396 3331 663 3398 dium,ad
689 3333 908 3388 bestias
929 3335 958 3389 ?
980 3336 1190 3390 Verum
1215 3336 1316 3406 qui
1337 3337 1562 3393 vicinus
1581 3338 1794 3410 gladio,
1813 3339 2037 3396 vicinus

394 3421 535 3476 Deo.
557 3422 757 3478 Solum
795 3423 854 3478 in
873 3425 1116 3480 nomine
1149 3427 1284 3480 Jesu
1306 3426 1542 3496 Christi,
1589 3433 1656 3482 ut
1691 3429 2034 3501 passionum

395 3511 524 3582 ejus
546 3511 741 3568 socius
759 3512 920 3583 fiam,
941 3513 1144 3570 omnia
1165 3515 1453 3583 sustineo,
1487 3515 1612 3589 ipso
1633 3534 1727 3573 me
1758 3519 2034 3575 corrobo-

383 3604 562 3656 -rante
586 3601 826 3657 homine
848 3601 1130 3674 perfecto,
1158 3620 1333 3676 quem
1365 3604 1549 3676 aliqui
1577 3606 1918 3679 ignorantes
1933 3625 2035 3664 ne-

389 3696 549 3764 gant.
574 3692 742 3761 1bid.,
773 3709 894 3764 cap.
921 3697 973 3748 4.

669 3811 926 3881 Ejusdem
967 3828 1036 3868 ere
1064 3815 1316 3884 Epistola
1355 3815 1430 3870 ad
1468 3816 1746 3888 Ephesios.

457 3926 610 3981 Deus
643 3929 802 3982 enim
829 3934 1032 3984 noster
1059 3931 1228 3986 Jesus
1268 3932 1626 4005 Christuslin
1657 3936 1851 3992 Maria;
1889 3941 2028 3994 ute-

384 4029 449 4068 ro
471 4021 732 4086 gestatus
777 4023 864 4073 est
893 4019 1223 4075 secundum
1254 4022 1356 4078 Dei
1386 4022 1913 4095 dispensationem.
1959 4045 2027 4084 ex

385 4103 613 4159 semine
631 4106 872 4176 quidem
891 4108 1089 4176 David,
1123 4109 1226 4164 sed
1281 4128 1349 4166 ex
1394 4113 1615 4185 Spiritu
1658 4120 1862 4170 sancto
1889 4133 1900 4170 :
1927 4117 2024 4188 qui

385 4197 561 4248 natus
581 4199 669 4248 est
699 4200 756 4250 et
785 4195 1204 4268 baptizatus,ut
1225 4203 1555 4260 mortalitas
1578 4210 1783 4261 nostra
1812 4223 2022 4280 purga-

387 4282 570 4334 retur.
603 4281 690 4336 Ea:
711 4283 890 4353 Epist.
929 4284 1004 4339 ad
1031 4287 1257 4356 Ephes,
1288 4305 1412 4360 cap.
1449 4293 1536 4347 18.
1679 4295 1688 4308 ’

765 4399 1021 4470 Ejusdem
1051 4419 1120 4457 ea:
1148 4404 1334 4460 eadem
1360 4407 1629 4477 Epistola.

2147 3243 2364 3302 ἔκδοτον
2399 3243 2606 3301 δέδωκα
2635 3249 2715 3317 τῷ
2746 3245 2986 3314 θανάτῳ,
3019 3243 3158 3317 πρὸς
3215 3245 3344 3318 πῦρ,
3401 3241 3538 3317 πρὸς
3589 3240 3805 3316 μάχαι-

2149 3355 2262 3408 ραν,
2321 3334 2458 3408 πρὸς
2517 3329 2888 3405 θηρίαςάλλ’
2945 3333 2974 3386 ὁ
3053 3329 3212 3408 ἐγγὺς
3275 3330 3574 3408 μαχαίρας,
3632 3328 3807 3404 ἐγγὺς

2147 3427 2304 3480 Θεοῦ.
2335 3421 2516 3481 Μόνον
2551 3422 2605 3476 ἐν
2661 3426 2741 3494 τῷ
2793 3419 3019 3494 ὀνόματι
3078 3421 3258 3492 Ἰησοῦ
3309 3423 3569 3496 Κριστοῦ,
3610 3417 3689 3480 εἰς
3739 3419 3811 3474 τὸ

2146 3514 2444 3586 συμπαθεῖν
2477 3510 2624 3584 αὐτῷ
2661 3511 2838 3567 πάντα
2888 3511 3166 3586 ὑπομένω,
3223 3510 3392 3565 αὐτοῦ
3445 3529 3513 3583 με
3579 3506 3809 3564 ἐνδυνα-

2149 3605 2378 3674 μοῦντος
2407 3603 2508 3654 τοῦ
2537 3598 2756 3656 τελείου
2793 3599 3105 3676 ἀνθρώπου,
3155 3599 3212 3654 δν
3269 3618 3410 3660 τινες
3468 3597 3806 3674 ἀγνοοῦντες

2141 3690 2450 3766 ἀρνοῦνται.
2473 3760 2479 3767 _

2251 3817 2363 3872 Τοῦ
2394 3813 2562 3869 αὐτοῦ
2591 3813 2652 3870 ἐκ
2695 3821 2796 3886 τῆς
2834 3813 2972 3890 πρὸς
3011 3812 3291 3892 Ἐφεσίους
3329 3810 3681 3880 Ἐπιστολῆς.

2210 3934 2272 3992 Ὁ
2329 3933 2432 4011 γὰρ
2489 3934 2621 3998 Θεὸς
2675 3935 2839 4007 ἡμῶν
2871 3935 3082 4004 Ἰησοῦς
3155 3931 3384 4007 Χριστὸς
3440 3930 3804 4010 ἐκυοφορήθη

2142 4025 2246 4082 ὑπὸ
2277 4027 2492 4102 Μαρίας
2517 4027 2636 4081 κατ’
2665 4023 2988 4099 οἶκονομίαν
3018 4027 3176 4094 Θεοῦ,
3225 4022 3284 4078 ἐκ
3338 4024 3650 4100 σπέρματος
3695 4023 3809 4098 μὲν

2140 4109 2330 4183 Δαϐἶδ,
2389 4113 2448 4168 ἐκ
2505 4115 2818 4187 Πνεῦματος
2872 4109 2931 4168 δὲ
2985 4111 3162 4188 ἁγίου·
3223 4111 3285 4174 ὅς
3359 4111 3642 4186 ἐγεννήθη,
3702 4113 3809 4169 καὶ

2139 4198 2460 4274 ἐϐαπτίσθη,
2485 4201 2576 4259 ’ίνα
2603 4204 2666 4259 τὸ
2698 4203 2896 4274 θνητὸν
2927 4205 3086 4276 ἡμῶν
3113 4204 3436 4276 καθαρισθῇ.

2418 4403 2522 4454 Τοῦ
2553 4397 2716 4454 αὐτοῦ
2742 4398 2802 4454 ἐκ
2827 4405 2928 4469 τῆς
2959 4397 3126 4470 αὐτῆς
3152 4399 3502 4470 Ἐπιστολῆς.

455 4511 759 4604 Siquidem
791 4515 1005 4589 singuli
1027 4535 1235 4576 omnes
1263 4522 1538 4580 universe
1595 4525 1659 4581 in
1693 4529 1881 4600 gratia
1924 4547 2027 4586 no-
2057 4541 2067 4604 J

2207 4513 2349 4572 Εἷ¹τι
2381 4517 2432 4570 οἱ
2461 4521 2581 4572 κατ’
2611 4513 2774 4592 ἄνδρα
2811 4519 2966 4590 κοινῇ
2997 4513 3192 4578 πάντες
3255 4515 3308 4570 ἐν
3363 4517 3434 4589 τῇ
3490 4516 3682 4590 χάριτι
3741 4515 3804 4588 ἐξ

383 4599 657 4656 minutim
689 4605 1012 4661 convenitis
1039 4608 1102 4663 in
1119 4626 1238 4665 una
1259 4612 1376 4666 ﬁde
1406 4619 1464 4668 et
1483 4615 1544 4670 in
1562 4631 1683 4671 uno
1704 4599 1840 4673 lesu
1860 4619 2028 4674 Chri-

2183 4603 2402 4678 νόματος
2452 4603 2775 4680 συνέρχεσθε
2827 4603 2878 4659 ἐν
2938 4609 3036 4678 μιᾷ
3089 4605 3290 4673 πίστει,
3324 4605 3410 4659 καὶ
3472 4603 3550 4658 ἐνὶ
3602 4604 3814 4675 Ἰησοῦ

383 4693 841 4757 sto,secundum
873 4713 1114 4753 carnem
1145 4717 1215 4755 ex
1253 4718 1468 4773 genere
1507 4705 1708 4774 David,
1764 4708 1884 4764 filio
1929 4709 2028 4765 ho-

383 4779 582 4848 minis,
615 4787 674 4837 et
693 4783 836 4838 Filio
870 4785 989 4841 Dei.
1022 4788 1198 4856 Ibid,
1227 4808 1350 4861 cap.
1382 4794 1472 4847 20.

771 4903 1032 4972 Ejusdem
1057 4921 1126 4960 ea:
1154 4907 1340 4964 eadem
1367 4911 1632 4982 Epistola.

454 4996 614 5086 Unus
635 5003 725 5054 est
755 5001 1023 5058 medicus
1044 5006 1296 5062 carnalis
1345 5013 1404 5064 et
1459 5011 1762 5082 spiritalis,
1793 5014 2027 5086 genitus

381 5100 452 5138 ex
476 5085 760 5158 ingenito,
783 5089 847 5144 in
887 5091 1127 5148 homine
1178 5097 1350 5165 Deus,
1395 5098 1458 5153 in
1496 5105 1685 5156 morte
1723 5085 1841 5158 vita
1870 5120 2025 5174 vera,

380 5177 440 5229 et
468 5191 538 5230 ex
585 5177 764 5234 Maria
811 5185 870 5234 et
917 5198 986 5236 ex
1023 5184 1162 5250 Deo,
1213 5186 1468 5255 primum
1504 5190 1761 5260 patibilis
1793 5198 1850 5249 et
1889 5199 2028 5250 tunc

381 5262 748 5335 impatibilis,
778 5269 948 5325 Jesus
979 5272 1246 5328 Christus
1286 5275 1571 5334 Dominus
1603 5286 1826 5338 noster.
1858 5283 2024 5354 Ibid,

377 5367 500 5422 cap.
535 5357 587 5412 7.

633 5445 888 5515 Ejusdem
921 5465 990 5502 ea:
1029 5451 1280 5520 Epistola
1327 5456 1401 5510 ad
1447 5457 1771 5517 Trallianos.

454 5597 734 5654 Obtnrate
755 5616 931 5657 aures
963 5609 1202 5673 vestras,
1253 5609 1491 5678 quando
1533 5611 1827 5686 quispiam
1860 5617 2023 5674 vobis

382 5686 647 5756 loquitur
669 5689 796 5746 sine
817 5692 954 5749 Jesu
975 5694 1203 5751 Christo
1239 5714 1252 5766 ;
1277 5700 1376 5770 qui
1421 5707 1509 5758 est
1557 5718 1626 5758 ex
1675 5721 1889 5776 genere
1912 5708 2020 5764 Da-

2135 4699 2373 4770 Χριστῷ,
2404 4693 2539 4749 κατᾶ
2574 4693 2743 4770 σάρκα
2797 4693 2858 4748 ἐκ
2903 4694 3093 4767 γένους
3143 4688 3332 4762 Δαϐἰδ,
3390 4699 3469 4768 τῷ
3525 4693 3630 4766 υἱῷ
3690 4697 3813 4750 τοῦ

2135 4784 2444 4859 ἀνθρώπου,
2475 4784 2566 4838 καὶ
2587 4784 2698 4856 Υἱῷ
2717 4781 2813 4838 τοῦ
2844 4788 3000 4840 Θεοῦ.

2419 4905 2532 4959 Τοῦ
2563 4901 2726 4958 αὐτοῦ
2757 4901 2928 4972 ἐκτῆς
2950 4902 3120 4971 αὐτῆς
3141 4899 3499 4972 Ἐπιστολῆς.

2203 5013 2322 5070 Ὀτι
2360 5011 2542 5088 ἰατρός
2599 5011 2711 5066 ἐστι
2766 5012 3022 5086 σαρκικὸς
3077 5011 3168 5066 καὶ
3219 5010 3608 5083 τωευματικὸς,
3669 5029 3826 5085 γεν-

2135 5102 2298 5173 νητὸς
2337 5101 2388 5172 ἐξ
2449 5102 2762 5177 ἀγεννήτου,
2815 5101 2867 5157 ἐν
2927 5101 3201 5175 ἀνθρώπῳ
3257 5101 3409 5168 Θεὸς,
3470 5099 3524 5155 ἐν
3575 5099 3826 5177 θανάτῳ

2135 5192 2251 5262 ζωὴ
2284 5189 2548 5261 ἀληθινὴ,
2602 5190 2694 5246 καὶ
2747 5187 2808 5244 ἐκ
2881 5190 3094 5266 Μαρίας
3150 5196 3240 5244 καί
3299 5189 3361 5245 ὲκ
3415 5191 3571 5258 Θεοῦ,
3631 5193 3827 5265 πρῶ-

2131 5301 2226 5336 τον
2255 5279 2500 5350 παθητὸς
2530 5279 2622 5335 καὶ
2650 5278 2774 5334 τότε
2798 5278 3038 5349 ἀπαθὴς,
3071 5280 3282 5350 Ἰησοῦς
3324 5278 3559 5354 Χριστὸς
3590 5278 3619 5332 ὁ
3681 5277 3822 5336 Κύ-

2133 5391 2254 5446 ριος
2284 5372 2466 5442 ἡμῶν.

2239 5462 2354 5517 Τοῦ
2385 5459 2554 5514 αὐτοῦ
2583 5457 2642 5513 ἐκ
2669 5465 2768 5527 τῆς
2823 5456 2964 5584 «pias
2989 5455 3367 5532 Τραλλιανοὺς
3411 5457 3679 5514 Ἐπιστο-

2930 5549 3020 5590 ης.

2892 5551 2925 5584 Α
2973 5551 3020 5590 ς.

2201 5620 2520 5696 Κωφώθητε
2549 5616 2666 5692 οὖν,
2698 5617 2822 5675 ὅταν
2875 5551 3050 5693 χιῖρὶς
3108 5619 3291 5689 Ἰησοῦ
3348 5621 3584 5693 Χριστοῦ
3649 5617 3817 5690 ὑμῖν

2133 5707 2282 5782 λαλῇ
2314 5729 2419 5778 τις,
2449 5711 2548 5762 τοῦ
2588 5705 2646 5763 ἑκ
2694 5705 2879 5782 γένους
2912 5700 3101 5778 Δαϐἶδ,
3152 5710 3247 5763 τοῦ
3304 5705 3364 5764 ἐκ
3420 5704 3662 5784 Μαρίας,
3727 5705 3824 5773 ’ὸς
