3972 6306
221 359 279 416 21
1418 358 1793 423 VETEBUM
1838 359 2345 421 TESTIMONIA.
3513 360 3592 419 23

220 485 408 557 ἀληθῶς
437 483 714 561 ἐγεννήθη,
749 482 916 568 ἔφαγέ
942 509 1002 544 τε
1029 489 1120 544 καὶ
1172 484 1318 545 ἔπιεν
1373 489 1620 560 ἀληθῶς,
1668 487 1788 546 ὶδιώ

2021 493 2056 563 Ι,
2078 492 2178 564 qui
2202 510 2273 548 ex
2296 491 2501 559 Maria,
2527 491 2626 564 qui
2649 506 2782 549 vere
2817 494 2990 548 natus
3019 493 3127 559 est,
3160 507 3294 548 vere
3327 490 3589 548 comedit

221 579 309 651 χθη
337 575 417 632 ἐπὶ
445 579 671 633 Ηοντίου
736 577 1015 650 Πιλάτου,
1048 578 1386 654 ἐσταυρώθη,
1445 581 1537 635 καὶ
1591 579 1784 634 ἀπέθαν

2027 583 2196 653 bibit,
2225 584 2324 655 qui
2351 585 2458 638 sub
2481 583 2690 637 Pontio
2716 582 2902 638 Pilato
2926 597 3136 655 passus
3155 581 3587 649 est,cruciﬂxus

224 668 498 742 βλεπόντων
541 669 797 747 ἐπιγείων
858 672 949 726 καὶ
1018 671 1356 747 ἐπουρανίων
1415 672 1504 727 καὶ
1566 684 1792 748 καταχοε

2036 679 2325 739 mortuus,
2359 673 2693 728 videntibus
2733 672 3091 742 caelestibus,
3127 671 3504 727 terrestribus
3534 675 3591 726 et

223 758 347 814 νίων.
1947 764 2176 819 inferis.
2213 765 2385 834 Epist.
2419 765 2493 818 ad
2527 764 2721 829 Trall,
2754 780 2875 832 cap.
2921 765 2973 816 9.

1218 871 1371 938 IDEM,
1403 871 1538 926 dial.
1572 870 1866 927 Inconfus.
1901 887 1958 926 ιι,
1990 872 2158 937 Ibid,
2192 888 2326 942 pag.
2360 873 2449 937 86,
2484 872 2542 925 Β.

216 973 503 1060 Τοῦαᾶγίου
560 975 833 1066 Ἰγνατίου
921 973 1220 1030 ἐπισκόπου
1318 975 1660 1066 Ἀντιοχείίς
1743 997 1784 1030 κε

330 1065 334 1066 ν
782 1053 806 1065 -
1011 1048 1023 1061 .
1151 1055 1186 1066 .,
1379 1049 1390 1064 ι
1581 1050 1625 1066 ,.

2024 979 2135 1032 ncti
2163 980 2374 1047 lgnatii
2410 977 2755 1066 ﬁritioqheni
2787 979 3044 1066 repiscopi
3088 984 3140 1032 et
3186 975 3470 1049 martyris,
3522 992 3592 1032 ea:

269 1048 544 1172 μέρτυρος,
616 1048 678 1102 ἐκ
740 1053 841 1116 τῆς
927 1048 1065 1122 πρὸς
1149 1048 1834 1122 ΣμυρναίουζἾΕπιστο-

304 1137 383 1172 ης.

1580 1049 1834 1104 Ἐπιστο-
2408 1049 2649 1119 Epistola
2680 1049 2753 1103 ad
2782 1050 3113 1119 Smyrnmos.

304 1137 383 1184 ης.

271 1225 400 1300 Ἐγὼ
426 1225 531 1299 γὰρ
562 1224 654 1281 καὶ
691 1226 826 1298 μετὰ
867 1227 968 1296 τήν
1015 1226 1302 1281 ἀνάστασιν
1355 1225 1408 1281 ἐν
1467 1227 1623 1300 σαρκὶ
1663 1226 1827 1281 αὐτὸν

2019 1219 2128 1289 Ego
2161 1218 2322 1272 enim
2355 1223 2488 1290 post
2517 1218 3013 1273 resurrectionem
3046 1216 3239 1288 ipsum
3293 1216 3356 1270 in
3409 1231 3587 1272 carne

216 1311 315 1368 οἶδα
340 1315 421 1368 καὶ
453 1315 691 1370 πιστεύω
723 1312 869 1370 ὄντα·
905 1315 994 1370 καὶ
1049 1316 1138 1370 ὅτε
1186 1317 1322 1388 πρὸς
1367 1316 1496 1378 τοὺς
1549 1316 1672 1391 περὶ
1730 1319 1784 1372 Hi

2016 1308 2064 1363 io
2096 1315 2154 1364 et
2183 1308 2357 1363 credo
2382 1325 2512 1364 esse
2538 1314 2629 1363 :et
2647 1309 2882 1380 quando
2904 1307 2977 1362 ad
2999 1324 3100 1362 eos
3127 1306 3227 1378 qui
3258 1323 3393 1362 cum
3410 1308 3584 1361 Petro

212 1423 318 1477 τρον
345 1403 526 1473 ἦλθεν,
558 1399 661 1478 ἔφη
696 1405 903 1466 αὐτοῖς’
945 1403 1166 1476 Λάϐετε,
1197 1403 1563 1480 ψηλαφήσατὲ
1602 1425 1688 1478 με,
1739 1426 1780 1459 κε

2020 1404 2131 1466 int,
2163 1398 2344 1463 venit,
2378 1397 2526 1452 dixit
2571 1399 2693 1453 eis:
2745 1397 3030 1468 Accipite,
3076 1395 3310 1468 palpate
3363 1411 3477 1461 me,
3529 1398 3588 1449 et

216 1488 334 1548 ἴδετε
358 1494 434 1547 ὅτι
474 1492 574 1548 οὐκ
633 1493 746 1566 είμῖ
807 1491 1092 1559 δαιμόνιον
1150 1493 1459 1568 ἀσώματον·
1520 1494 1608 1549 καὶ
1669 1493 1784 1558 εόθὶ

2018 1487 2129 1542 lete
2159 1487 2300 1558 quia
2324 1504 2444 1543 non
2477 1504 2607 1542 sum
2641 1487 3000 1542 daemonium
3044 1485 3482 1557 incorporeum.
3513 1487 3586 1539 Et

1943 1578 2142 1632 statim
2174 1576 2368 1649 ipsum
2401 1577 2740 1650 tetigerunt,
2775 1583 2833 1632 et
2861 1575 3261 1634 crediderunt.
3311 1574 3483 1645 Epist.
3515 1573 3590 1628 ad

1936 1664 2182 1734 Smyrn,
2212 1681 2333 1736 cap.
2369 1666 2422 1720 3.

211 1581 348 1636 αὖτυῦ
382 1582 609 1656 ἥψαντο,
643 1583 734 1638 καὶ
767 1581 1100 1640 ἐπίστευσαν.

438 1774 544 1827 Τοῦ
572 1769 742 1825 αὐτοῦ
773 1770 834 1825 ἐκ
860 1777 961 1841 τῆς
993 1772 1160 1841 αὐτῆς
1193 1770 1546 1842 Ἐπιστολῆς.
1861 1807 1905 1872 Β

1861 1807 1905 1872 Β
2322 1772 2580 1841 Ejusdem
2611 1789 2680 1826 ea:
2709 1772 2896 1828 eadem
2923 1771 3191 1842 Epistola.

267 1877 396 1932 Μετὰ
433 1874 486 1932 δὲ
513 1878 616 1946 τήν
657 1877 944 1934 ἀνάστασιν
997 1877 1086 1932 καὶ
1139 1877 1398 1956 συνέφαγε
1443 1877 1533 1932 καὶ
1579 1875 1820 1932 συνέπιεν

2013 1882 2147 1934 Post
2175 1880 2674 1936 resurrectionem
2707 1883 2903 1934 autem
2935 1893 3055 1933 una
3083 1893 3216 1934 cum
3241 1876 3327 1932 eis
3349 1880 3408 1930 et
3427 1891 3581 1932 com«

210 1962 388 2036 αὐτοῖς,
419 1968 488 2030 ὡς
529 1970 802 2043 σαρκικῶς
854 1968 945 2023 καὶ
1001 1972 1378 2041 πνευματικῶς
1433 1969 1710 2040 ἡνωμένος
1742 1989 1771 2021 τ

2011 1969 2055 2023 it
2083 1975 2140 2023 et
2167 1969 2336 2036 bibit,
2380 1975 2662 2039 tanquam
2706 1966 3025 2023 carnaliter
3075 1971 3135 2020 et
3187 1964 3577 2037 spiritualiter

205 2056 371 2128 Πατρί.

1929 2059 2136 2114 unitus
2167 2059 2344 2114 Patri.
2377 2059 2518 2114 Ibid.

1183 2160 1337 2226 lusu,
1370 2157 1809 2231 dialslmpatib.
1842 2173 1926 2214 nl.
1957 2157 2122 2226 Ibid,
2148 2174 2284 2227 pag.
2323 2157 2440 2225 154,
2476 2157 2540 2211 D.

197 2259 320 2347 Τινῦ⁹
385 2256 534 2331 ἁγίου
612 2256 874 2348 ’ἔγνατίου
951 2257 1249 2346 ἐπισκόπου
1325 2256 1660 2348 ᾉντιοχξίτας
1734 2279 1765 2312 κ

2008 2256 2129 2312 ‘ncti
2155 2259 2365 2326 Ignatii
2394 2255 2638 2348 episcppi
2695 2255 3026 2348 ἀπίξιοοήθηὶ
3070 2260 3122 2309 et
3174 2256 3461 2326 martyria,
3508 2272 3576 2310 ea:

257 2327 547 2456 μάρτυρος,
628 2327 687 2384 ἐπὶ
759 2337 858 2398 τῆς
932 2329 1071 2404 πρὸς
1149 2327 1825 2404 ΣμυρναίουςξἙπιστο-

287 2422 368 2456 rc.

1537 2327 1825 2386 ’Ἐπιστο-
2395 2328 2645 2399 Epistola
2673 2328 2748 2383 ad
2776 2327 3105 2398 Smyrnaeos.

287 2422 368 2470 ης.

255 2499 603 2579 Βῦχαριστίας
635 2500 724 2554 καὶ
775 2499 1090 2576 προσφορὰς
1140 2501 1240 2555 οὐκ
1288 2498 1678 2576 ἀποδέχονται,
1735 2499 1822 2555 διὸ

2009 2511 2402 2566 Eucharistias
2430 2515 2489 2566 et
2519 2509 2849 2566 oblationes
2879 2526 2998 2564 non
3030 2509 3372 2578 admittunt,
3412 2509 3577 2579 quod

196 2590 247 2643 τὸ
283 2593 349 2662 μὴ
394 2590 688 2666 ὁμολογεῖν
747 2593 846 2661 τὴν
901 2592 1246 2667 εὐχαριστίαν
1309 2594 1477 2668 σάρκα
1548 2595 1681 2648 εἶναι
1727 2613 1764 2646 τι

2010 2617 2048 2654 n
2080 2601 2476 2656 conﬁteantur
2504 2599 2922 2655 eucharistiam
2955 2616 3194 2654 carnem
3223 2615 3348 2654 esse
3380 2579 3577 2654 salva-

202 2685 426 2754 Σωτῆρος
458 2684 624 2753 ἡμῶν
658 2682 839 2750 Ἰησοῦ
864 2682 1122 2756 Χριστοῦ,
1155 2683 1256 2751 τήν
1313 2684 1440 2756 ὑπὲρ
1490 2688 1596 2738 τῶν
1646 2686 1770 2759 ἁμαε

2006 2690 2077 2742 ris
2110 2690 2296 2744 nostri
2327 2691 2464 2744 Jesu
2495 2689 2732 2753 Christi,
2766 2705 2895 2760 qum
2926 2705 3032 2760 pro
3065 2689 3324 2760 peccatis
3355 2688 3574 2744 nostris

199 2775 309 2824 τιῶν
337 2773 490 2845 ἡμῶν
524 2775 825 2842 παθοῦσαν,
857 2772 922 2840 ἢν
953 2773 1296 2850 χρηστότητι
1351 2774 1379 2828 ὁ
1435 2775 1619 2848 Πατὴρ
1669 2775 1767 2849 ἥγε

2003 2795 2107 2834 .ssa
2136 2784 2245 2844 est,
2278 2795 2457 2849 quam
2484 2780 2658 2833 Pater
2687 2777 3046 2849 benignitate
3085 2795 3192 2834 sua
3250 2777 3571 2835 suscitavit.

359 2827 388 2845 ιι
612 2827 634 2835 ν
814 2827 825 2842 ι
882 2827 892 2840 ι
956 2827 1065 2850 N-
1227 2827 1291 2843 ον
1362 2827 1369 2828 ί
1442 2827 1612 2848 νίννιγ
1678 2827 1761 2849 ’u'

207 2877 298 2928 ρεν.

1227 2827 1291 2843 ’ί
1362 2827 1369 2828 ί
1857 2827 2735 2940 οὲᾦξῇἷιζι”ςῆαξῆξέιὲρἶί

1785 2969 1941 3024 XIII.

364 3070 632 3124 GELASIUS
662 3070 704 3133 Ι,
750 3067 1044 3124 Adversus
1075 3070 1317 3139 Eutych.
1355 3076 1414 3126 et
1443 3074 1668 3128 Nestor.
1705 3079 1790 3131 Ea:
1819 3077 2078 3132 Biblioth.
2112 3078 2220 3131 PP.
2253 3077 2432 3132 Paris.
2467 3081 2596 3131 tom.
2626 3076 2729 3140 IV,
2749 3081 2904 3146 part.
2941 3091 2980 3140 ι,
3005 3091 3135 3146 pag.
3168 3075 3291 3146 423,
3323 3075 3381 3131 F.

247 3185 590 3240 Testimonia
623 3189 885 3240 veterum
919 3185 990 3240 de
1022 3185 1250 3241 duabus
1279 3188 1506 3244 naturis
1532 3189 1594 3243 in
1625 3191 1874 3247 Christo.
1910 3195 2120 3262 Ignatii
2150 3192 2392 3266 episcopi
2442 3197 2494 3246 et
2544 3194 2802 3262 martyris
2839 3191 3174 3246 Antiocheni
3223 3208 3293 3246 ex
3330 3193 3577 3263 Epistula

193 3272 250 3325 ad
273 3274 538 3343 Ephesios.
576 3276 744 3330 Unus
775 3275 1039 3330 medicus
1069 3281 1178 3341 est,
1213 3276 1466 3333 carnalis
1496 3283 1553 3333 et
1585 3281 1931 3352 spiritualis,
1965 3283 2157 3338 factus
2189 3288 2246 3337 et
2275 3299 2397 3338 non
2426 3282 2638 3350 factus,
2670 3282 2732 3336 in
2764 3281 3006 3336 homine
3039 3281 3212 3349 Deus,
3270 3281 3332 3335 in
3381 3285 3571 3336 morte

192 3361 290 3417 vita
315 3369 551 3434 aeterna,
587 3381 659 3420 ex
685 3365 865 3420 Maria
886 3370 944 3420 et
967 3382 1034 3421 ex
1052 3365 1192 3432 Deo,
1217 3367 1474 3438 primum
1493 3370 1796 3440 passibilis
1818 3377 2034 3428 ettunc
2055 3371 2463 3443 impassibilis,
2488 3371 2773 3427 Dominus
2797 3375 3001 3426 noster
3018 3371 3186 3426 Jesus
3209 3370 3574 3427 Christus.Et

189 3459 294 3518 post
314 3469 494 3522 pauca
514 3472 536 3507 :
567 3453 818 3525 Singuli,
849 3454 1056 3524 inquit,
1089 3455 1196 3510 viri
1223 3459 1621 3514 communiter
1650 3477 1882 3530 omnes,
1911 3479 1980 3517 ex
2007 3461 2195 3535 gratia
2225 3478 2295 3517 ex
2327 3462 2566 3517 nomine
2588 3461 2898 3518 convenite
2918 3461 2980 3516 in
3003 3476 3184 3516 unam
3203 3461 3405 3531 ﬁdem,
3434 3461 3572 3516 etin

191 3555 289 3595 uno
317 3543 445 3598 Jesu
467 3543 727 3610 Christo,
753 3543 1080 3600 secundum
1111 3561 1353 3602 carnem
1386 3563 1458 3602 ex
1489 3565 1702 3620 genere
1737 3551 1936 3617 David,
1969 3552 2092 3607 filio
2121 3552 2381 3608 hominis
2405 3557 2462 3608 et
2492 3551 2612 3607 ﬁlio
2645 3551 2767 3607 Dei.
2801 3552 2977 3621 Epist.
3013 3550 3088 3605 ad
3131 3551 3355 3621 Ephes,
3406 3567 3568 3622 uapp.

189 3631 213 3680 ’ἲ
237 3635 285 3682 et
309 3633 393 3686 20.

1791 3739 1930 3796 XIV.

229 3830 544 3886 Εριιιιιιιυε
575 3829 915 3903 patriarcha
943 3831 1428 3909 ’l‘_h_eopolitanus,
1461 3835 1520 3888 in
1549 3835 1731 3907 Epist.
1767 3838 1840 3892 ad
1871 3839 2191 3894 Zenobium
2221 3840 2637 3894 scholasticum
2668 3839 3031 3896 Emisenum.
3063 3839 3234 3909 Apud
3263 3841 3513 3894 Puorwu

973 3903 1248 3959 Biblioth.
1279 3906 1410 3960 Cod.
1444 3903 1706 3978 ccxxvm,
1733 3926 1870 3980 pag.
1904 3912 2028 3982 T78,
2060 3911 2192 3966 edit.
2234 3912 2558 3980 Rothomag.
2594 3913 2750 3965 1653.

241 4023 392 4098 Ὅπερ
423 4022 512 4080 οὗν
548 4023 762 4101 εἷ’ρηται
792 4027 925 4081 κατὰ
982 4027 1044 4082 τὸ
1091 4027 1276 4102 τρίτον
1317 4027 1611 4106 κεφάλαιον
1651 4029 1709 4087 ἔκ
1753 4053 1809 4088 τε

1999 4035 2157 4100 Quod
2188 4036 2366 4107 igitur
2423 4036 2596 4090 tertio
2657 4035 2845 4105 capite
2899 4033 3122 4089 dictum
3181 4039 3272 4089 est
3316 4039 3443 4089 tum
3497 4051 3567 4090 ex

185 4116 271 4165 τῶν
299 4115 668 4193 εὐαγγελικῶν
726 4120 921 4193 φωνῶν
975 4117 1064 4172 καὶ
1123 4117 1184 4172 ἐκ
1238 4120 1345 4174 τῶν
1405 4120 1753 4176 ἀποστολικῶ

1994 4125 2296 4198 angelicis,
2330 4131 2454 4180 tum
2483 4142 2551 4179 ex
2583 4123 2923 4194 apostolicis
2953 4122 3165 4191 verbis,
3185 4127 3360 4193 atque
3385 4122 3562 4178 etiam

185 4203 336 4276 καὶόὴ
365 4208 452 4263 καὶ
483 4210 685 4265 ἐκτῶν
747 4209 1026 4284 μακαρίων
1087 4211 1340 4283 Πατέρων
1399 4215 1583 4286 ἡμῶν,
1637 4220 1753 4291 Ἰγν‹

2024 4216 2211 4270 beatis
2243 4214 2513 4270 Patribus
2545 4213 2787 4280 nostris,
2823 4211 3046 4284 Ignatio
3078 4210 3332 4277 Deifero,
3385 4210 3562 4278 Julio,

184 4293 277 4348 τίον
326 4303 417 4354 τοῦ
475 4300 780 4378 Θεοφόρου,
840 4299 1094 4369 Ἰουλίου,
1149 4302 1240 4355 καὶ
1319 4301 1657 4374 Ἀθανασίου,
1715 4324 1752 4358 κη

1526 4301 1657 4374 τίοι),
1715 4301 1806 4358 καὶ
1921 4306 2263 4376 Athanasio,
2297 4305 2590 4378 Gregoriis
2624 4308 2682 4359 et
2713 4303 2950 4371 Basilio,
2982 4307 3094 4360 etc.

186 4387 468 4461 Γρηγορίων
499 4390 594 4444 καὶ
639 4388 948 4462 Βασιλείου,
980 4411 1032 4445 κ.
1066 4413 1113 4448 τ.
1150 4389 1204 4446 λ.

460 4480 740 4550 Ιοειι,ξῐ)θ
770 4481 956 4536 saeris
986 4481 1314 4536 Antiochia;
1343 4481 1570 4554 legibus
1603 4483 1700 4539 lib.
1733 4501 1810 4541 ιιι.
1846 4483 2010 4555 Apud

1688 4526 1700 4538 .
1733 4501 1810 4541 ιιι.
1846 4483 2010 4555 Apud
2040 4484 2314 4548 Ριίοτιωί,
2346 4481 2505 4548 ibid.,
2538 4480 2670 4536 Cod.
2704 4495 2932 4548 ccxxu,
2956 4495 3095 4550 pag.
3129 4481 3252 4547 810,

245 4587 701 4666 ΚαὶὸΘεοφόρος
755 4584 1120 4660 δέοἹγνᾶτιος
1179 4588 1266 4642 καὶ
1332 4590 1559 4660 μάρτυς,
1623 4597 1809 4666 Σμυρ-

1991 4593 2180 4648 Etiam
2210 4591 2495 4663 Ignatius,
2527 4590 2613 4645 vir
2639 4589 2872 4646 divinus
2902 4593 3219 4660 etmartyr,
3245 4587 3557 4661 epistolam

187 4672 328 4738 ναίοις
355 4673 726 4750 ἐπιστέλλων,
761 4677 969 4750 ὁμοίως
996 4675 1268 4756 κέχρηται
1296 4681 1378 4750 τῷ
1408 4676 1612 4755 ὄρθρῳ.

1921 4681 1994 4738 ad
2023 4682 2354 4753 Smyrnaeos
2383 4680 2669 4750 scribens,
2705 4679 2982 4735 similiter
3009 4677 3259 4735 articulo
3281 4679 3485 4736 utitur.

1802 4809 1917 4862 XV.

215 4923 390 4980 GILDAS
421 4927 684 4985 Sumus.
717 4926 773 4978 in
806 4923 1199 4996 Castigatione
1236 4922 1387 4979 Cleri
1424 4924 1761 4994 Britannim,
1788 4927 1884 4980 sub
1911 4926 2155 4981 initium.
2189 4928 2277 4982 Ea:
2305 4925 2450 4980 Bibl.
2482 4927 2590 4981 PP.
2623 4927 2801 4980 Paris.
2835 4931 2968 4978 tom.
3009 4925 3077 4988 V,
3104 4939 3239 4993 pag.
3290 4925 3416 4979 409.
3458 4926 3523 4980 D.

241 5041 362 5104 Quis
383 5048 672 5105 vestrum,
697 5044 763 5093 ut
789 5045 1029 5095 sanctus
1056 5044 1280 5110 martyr
1306 5039 1566 5112 Ignatlus
1596 5042 1921 5097 Antiochiae
1943 5042 2106 5096 urbis
2135 5043 2465 5114 episcopus,
2491 5045 2625 5112 post
2645 5039 3028 5095 admirabiles
3055 5039 3117 5093 in
3141 5038 3564 5097 Christo‘actus

189 5126 244 5180 ob
269 5131 672 5186 testimonium
700 5128 851 5199 ejus,
889 5129 1128 5182 leonum
1155 5127 1331 5182 molis
1363 5130 1559 5184 Romae
1591 5130 1926 5186 confractus
1959 5131 2095 5186 est?
2123 5132 2305 5200 Cujus
2331 5130 2530 5195 verba,
2562 5146 2696 5184 cum
2728 5129 2802 5184 ad
2832 5128 3165 5200 passionem
3221 5127 3564 5198 duceretur,

187 5217 462 5275 audientes
495 5219 570 5292 (si
605 5217 928 5288 aliquando
961 5217 1156 5272 vultus
1187 5217 1366 5272 vestri
1391 5218 1603 5274 rubore
1635 5220 1844 5274 sutl‘usi
1877 5222 2118 5291 essent),
2148 5236 2267 5274 non
2299 5220 2490 5274 solum
2523 5219 2583 5273 in
2632 5217 3072 5285 comparatione
3117 5217 3245 5285 ejus
3293 5234 3391 5272 vos
3441 5235 3562 5273 non

186 5308 437 5373 putabitis
468 5307 834 5364 sacerdotes.
871 5305 974 5361 sed
1005 5323 1078 5362 ne
1111 5306 1438 5362 mediocres
1458 5307 1700 5378 quidem
1721 5308 2086 5364 Christianos
2106 5325 2254 5363 esse.
2284 5308 2380 5363 Ait
2403 5307 2560 5364 enim
2583 5307 2645 5361 in
2668 5305 3135 5378 Epistola.quam
3151 5305 3223 5360 ad
3242 5307 3567 5363 Romanam

186 5391 474 5455 Ecclesiam
508 5399 712 5454 misit:
745 5400 794 5452 Α
827 5398 993 5466 Syria
1022 5413 1191 5466 usque
1222 5399 1446 5452 Romam
1477 5414 1598 5453 cum
1629 5399 1808 5453 bestiis
1839 5405 1986 5453 terra
2015 5401 2264 5467 marique
2291 5399 2566 5468 depugno,
2598 5396 2687 5450 die
2718 5413 2780 5450 ac
2810 5401 2962 5449 nocte
2993 5410 3269 5450 connexus
3319 5403 3371 5450 et
3401 5395 3560 5452 colli.

184 5491 312 5548 actus
335 5488 514 5544 decem
548 5487 846 5558 leopardis,
881 5485 1152 5540 militibus
1184 5485 1308 5541 dico
1338 5487 1412 5540 ad
1441 5489 1742 5542 custodiam
1772 5487 1940 5553 datis,
1990 5487 2089 5557 qui
2137 5504 2204 5541 ea:
2251 5488 2540 5556 beneficiis
2565 5487 2764 5540 nostris
2812 5485 3060 5538 saeviores
3106 5486 3262 5552 ﬁant.
3316 5484 3424 5541 Sed
3465 5501 3562 5554 ego

184 5585 338 5630 eorum
367 5575 635 5648 nequitiis
664 5576 842 5645 magis
872 5573 1096 5629 crudior
1118 5592 1137 5627 .-
1166 5591 1261 5630 nec
1293 5581 1471 5629 tamen
1509 5577 1569 5629 in
1601 5576 1698 5632 hoc
1719 5577 2056 5646 justiﬁcatus
2084 5593 2220 5632 sum.
2256 5577 2298 5632 Ο
2321 5577 2521 5631 salutat
2538 5592 2590 5630 es
2618 5575 2815 5630 bestias
2835 5589 2954 5644 quae
2966 5579 3360 5642 pravpal'antur
3380 5572 3561 5627 mihi!

183 5661 375 5724 Quando
401 5669 669 5722 venient?
698 5664 924 5737 quando
955 5664 1316 5721 emittentur?
1345 5666 1568 5736 quando
1600 5667 1675 5722 eis
1703 5667 1824 5734 frui
1856 5665 2040 5722 licebit
2072 5664 2326 5722 carnibus
2355 5666 2484 5721 meis
2505 5668 2532 5718 ?
2563 5666 2705 5734 Quas
2734 5680 2831 5735 ego
2859 5669 3059 5734 exopto
3088 5661 3325 5717 acriores
3337 5661 3559 5733 parari,
