3972 6306
343 354 422 412 23
1413 350 1476 409 S.
1523 347 1914 416 IGNATIUS.
1966 382 2036 392 —
2083 347 2708 412 PROLEGOMENA.
3677 345 3770 404 24

346 493 399 543 et
419 487 666 544 invitabo
697 490 770 544 ad
797 489 1204 544 devorationem
1229 486 1358 555 mei,
1390 491 1443 542 et
1470 483 1822 557 deprecabor,
1894 499 1964 538 ne
2004 486 2173 552 forte,
2218 489 2280 539 ut
2327 485 2608 541 nonnullis
2647 487 2918 556 fecerunt,
2961 483 3194 540 timeant
3234 484 3511 554 attingere
3557 495 3776 552 corpus

343 593 562 639 meum;
591 576 859 648 quinimo,
891 578 942 635 si
971 578 1404 643 cunctabuntur,
1437 591 1532 646 ego
1561 577 1671 630 vim
1697 575 1923 664 fgciam,
1955 590 2056 643 ego
2083 590 2168 628 me
2191 576 2456 644 ingeram.
2475 577 2636 641 Date,
2661 590 2866 647 quaeso,
2888 573 3139 640 veniam;
3171 589 3269 643 ego
3285 573 3417 628 novi
3430 572 3566 642 quid
3585 587 3770 642 expe—

344 667 466 721 diat
493 667 666 722 mihi:
695 684 842 722 nunc
871 667 1078 739 incipio
1108 683 1217 723 esse
1245 666 1451 723 Christi
1479 658 1804 735 discipulus.
1847 665 2097 719 Facessat
2125 664 2340 720 invidia
2363 665 2449 720 vel
2479 664 2714 736 humani
2741 665 2990 736 aﬁectus,
3015 663 3100 720 vel
3123 664 3390 735 nequitia:
3418 658 3768 732 spiritualis,

342 760 404 808 ut
449 755 632 810 Jesum
693 755 964 812 Christum
1020 771 1204 810 merar
1269 755 1508 824 adipisci
1581 756 1764 824 Ignes,
1812 767 2017 821 cruces,
2075 752 2287 822 bestiae,
2337 755 2702 824 dispersiones
2755 755 2973 824 ossium,
3031 752 3530 824 discerptionesque
3581 765 3766 806 mem-

345 843 581 908 brorum,
618 861 682 900 ac
713 844 882 902 totius
911 847 1155 916 corporis
1177 859 1382 915 paene,
1403 849 1458 899 et
1485 845 1674 898 omnia
1701 844 1762 896 in
1791 858 1876 897 me
1898 857 2069 897 unum
2097 844 2380 913 suppticia
2433 843 2644 898 diaboli
2697 849 2818 898 arte
2861 845 3097 914 quaesita
3147 841 3542 912 compleantur,
3587 837 3767 894 dum-

347 934 506 988 modo
535 935 720 990 Jesum
749 934 1021 991 Christum
1053 950 1266 990 merear
1294 932 1624 1004 adipisci....
1660 931 2027 988 Christianus
2060 947 2183 988 non
2212 931 2531 988 mediocris
2561 931 2666 989 sed
2697 933 3012 1006 perfectus,
3046 930 3327 988 sacerdos
3356 945 3479 986 non
3497 927 3630 985 vilis
3655 925 3786 986 sed

354 1023 711 1094 praecipuus,
745 1023 930 1080 dicit:
963 1027 1118 1079 Nunc
1145 1022 1358 1096 incipio
1387 1039 1494 1078 esse
1525 1020 1735 1078 Christi
1763 1020 2082 1092 discipulus.
2116 1021 2298 1093 Epist.
2333 1021 2407 1076 ad
2437 1023 2630 1091 Rom.,
2690 1035 2820 1094 cap.
2865 1025 2917 1078 5.
2966 1024 3050 1079 Ex
3091 1021 3328 1092 Rufino,
3376 1021 3520 1076 Htst.
3572 1019 3764 1076 eccles.

359 1111 464 1170 lib.
498 1129 579 1180 ιιι,
615 1129 742 1186 cap.
777 1115 866 1169 36.
967 1124 971 1128 ·

1982 1237 2126 1294 XVI.

1177 1341 1388 1396 Auctor
1417 1341 1682 1394 Cancrum
1713 1339 2043 1406 Pnscnsms,
2068 1354 2206 1409 pag.
2239 1341 2364 1394 221.
2396 1338 2532 1396 edit.
2564 1340 2743 1396 Paris.
2781 1339 2936 1394 1688.

431 1455 600 1522 Quod
629 1460 828 1513 autem
857 1457 1166 1525 Dominus,
1198 1457 1513 1528 praedicata
1537 1471 1646 1528 per
1675 1460 1794 1512 tres
1825 1472 2012 1511 annos

2195 1451 2408 1512 Ὅτιδέ
2434 1459 2582 1528 τρεῖς
2639 1453 2915 1520 ἐνιαυτοὺς
2968 1453 3204 1528 κηρύξας
3254 1453 3318 1509 τὸ
3371 1450 3708 1530 Εὖαγγέλιον
3743 1450 3774 1508 6

359 1545 695 1618 Evangelio,
729 1545 804 1601 ad
834 1544 1231 1601 voluntariam
1259 1551 1320 1600 et
1351 1545 1635 1601 viviﬁcam
1665 1561 1905 1602 crucem
1926 1562 2019 1601 ve-

364 1635 545 1702 nerit,
579 1635 749 1690 docet
796 1635 1058 1706 Ignatius
1108 1633 1207 1690 ille
1261 1633 1457 1688 Deifer
1503 1638 1563 1688 et
1610 1639 1854 1706 martyr,
1915 1633 2017 1705 qui

368 1724 610 1780 Joannis
632 1723 885 1796 theologi
910 1723 1205 1796 genuinus
1229 1722 1556 1794 discipulus
1573 1720 2018 1790 fuit,sanctissi-

365 1828 596 1884 musque
608 1813 996 1868 Antiochense
1015 1811 1292 1868 Ecclesia;
1313 1811 1627 1883 episcopus
1646 1811 1718 1867 ab
1735 1811 2020 1886 apostolis

370 1901 748 1958 constitutus.
781 1903 836 1956 Is
869 1901 1088 1974 quippe
1116 1901 1178 1956 in
1203 1899 1468 1972 Epistola
1489 1899 1564 1956 ad
1584 1901 1912 1956 Trallianos
1935 1901 2020 1956 sic

363 1991 540 2046 verbo
574 1995 746 2046 tenus
793 1989 1076 2062 scripsit:
1143 1991 1268 2045 l’ere
1323 1989 1521 2044 etenim
1562 1992 1784 2060 peperit
1836 1991 2023 2046 Maria

369 2096 588 2150 corpus,
622 2081 726 2135 Deo
759 2082 818 2134 in
849 2095 910 2134 eo
945 2079 1251 2145 habitante,
1298 2084 1348 2132 et
1378 2093 1502 2133 vere
1545 2085 1708 2134 notus
1757 2085 1835 2133 est
1882 2080 2022 2134 Deus

379 2170 620 2226 Verbum
645 2185 712 2223 ex
748 2167 997 2238 Virgine,
1029 2183 1227 2236 corpus
1265 2167 1521 2222 similiter
1561 2167 1716 2222 nobis
1765 2168 2024 2238 passibile

375 2261 496 2315 sine
521 2269 745 2328 peccato
784 2249 1035 2312 induens.
1095 2258 1230 2312 Vere
1274 2263 1562 2326 conceptus
1609 2261 1686 2310 est
1740 2258 1798 2311 in
1843 2263 2023 2324 utero,

374 2345 502 2420 (qui
530 2362 710 2402 omnes
743 2346 984 2400 homines
1015 2348 1072 2400 in
1097 2346 1258 2400 vulva
1285 2343 1492 2414 ﬁngit),
1537 2347 1786 2412 formans
1835 2351 1886 2400 et
1932 2348 2027 2414 fa-

379 2438 526 2492 ciens
555 2436 658 2490 sibi
689 2451 884 2505 corpus
914 2451 983 2490 ea:
1033 2437 1280 2504 Virgine,
1323 2435 1440 2490 sine
1467 2435 1672 2512 semine
1715 2433 1921 2490 scilicet
1974 2441 2027 2490 et

379 2524 768 2581 consuetudine
797 2525 908 2578 viri
929 2541 952 2588 ;
991 2529 1356 2594 portatusque
1388 2525 1443 2577 in
1473 2529 1649 2588 utero,
1678 2524 1818 2579 sicut
1847 2531 1898 2578 et
1930 2540 2028 2580 nos

381 2623 624 2684 tempore
645 2614 862 2684 portati
889 2629 1071 2668 sumus
1098 2629 1110 2667 :
1144 2619 1197 2668 et
1231 2628 1355 2667 vere
1387 2613 1622 2667 laetatus
1651 2618 1726 2668 est
1756 2616 1806 2667 et
1843 2616 2029 2669 nutri-

381 2711 466 2760 tus
493 2707 634 2760 sicut
676 2719 820 2773 nos;
853 2709 906 2758 et
935 2703 1054 2758 cibo
1082 2705 1130 2758 et
1157 2709 1296 2772 potu
1323 2701 1490 2758 sicuti
1518 2708 1570 2757 et
1599 2719 1697 2757 nos
1744 2718 1872 2758 usus
1907 2710 1985 2759 est
2006 2721 2028 2769 ;

2123 1541 2318 1617 Κύριος
2349 1541 2436 1599 ἐπὶ
2466 1543 2560 1599 τὸν
2591 1543 2838 1599 ἑκούσιον
2877 1541 2970 1599 καὶ
3021 1542 3290 1613 ζωοποιὸν
3337 1540 3476 1610 ἦλθε
3517 1539 3779 1614 σταυρὸν,

2123 1629 2363 1688 διδάσκει
2420 1633 2509 1688 καὶ
2571 1633 2840 1710 Ἰγοάτιος
2905 1635 2934 1688 6
2993 1630 3271 1710 θεοφόρος
3329 1630 3420 1687 καὶ
3479 1631 3708 1704 μάρτυς,
3743 1629 3772 1684 6

2125 1721 2373 1778 Ἰωάννου
2403 1725 2503 1777 τοῦ
2531 1718 2810 1796 Θεολόγου
2837 1723 3060 1794 γνήσιος
3093 1723 3345 1795 μαθητὴς
3375 1720 3633 1798 γεγονὼς,
3665 1725 3769 1785 τῆς
3827 1744 3839 1753 ·

2125 1810 2182 1866 δὲ
2210 1809 2264 1865 ἐν
2297 1810 2610 1885 Ἀντιοχείᾳ
2641 1811 2952 1886 ἁγιωτάτης
2979 1809 3311 1882 Ἐκκλησίας
3342 1808 3634 1870 ἐπίσκοπος
3665 1806 3770 1863 ὕπὸ

2123 1907 2231 1958 τῶν
2272 1900 2596 1958 ἀποστόλων
2624 1901 2998 1966 κατασταθείς.
3059 1903 3146 1958 Ἐν
3189 1902 3260 1974 τῇ
3309 1900 3445 1976 πρὸς
3493 1897 3782 1976 Τραλλια-

2125 1989 2253 2056 νοὺς
2277 1990 2456 2047 τοίνυν
2516 1988 2819 2065 Ἐπιστολῇ
2873 1991 3137 2067 γέγραφεν
3186 1987 3273 2045 ἐπὶ
3324 1987 3523 2060 λέξεως
3578 1987 3776 2050 οὕτως’

2127 2077 2382 2150 Ἀληθῶς
2483 2079 2667 2135 τοίνυν
2768 2078 3020 2154 ἐγέννησε
3101 2078 3284 2154 Μαρία
3386 2082 3566 2151 σῶμα,
3644 2077 3776 2133 Θεὸν

2128 2163 2258 2245 ἔχον
2320 2163 2551 2237 ἕνοικον,
2617 2168 2706 2224 καὶ
2769 2166 2994 2240 άληθῶς
3051 2165 3314 2244 ἐγεννήθη
3389 2167 3417 2222 ὁ
3484 2167 3658 2244 Λόγος
3717 2165 3780 2223 ἐκ

2129 2267 2228 2330 τῆς
2255 2259 2524 2335 παρθένου
2608 2259 2844 2336 Μαρίας,
2945 2263 3104 2332 σῶμα
3207 2261 3543 2332 ὁμοιοπαθὲς
3641 2261 3780 2331 ἡμῖν

2129 2349 2520 2429 ἠμφιεσμένος.
2582 2348 2836 2421 Ἀλησῶς
2899 2349 3118 2426 γέγονεν
3183 2347 3234 2403 ἐν
3298 2351 3501 2422 μήτρᾳ,
3559 2349 3586 2403 6
3643 2345 3777 2404 πάν-

2128 2461 2224 2502 τας
2275 2439 2594 2514 ἀνθρώπους
2653 2437 2704 2494 ἐν
2769 2441 2954 2515 μήτρᾳ
3009 2434 3380 2494 διαπλάττων·
3438 2437 3528 2493 καὶ
3589 2435 3780 2508 ἐποίη-

2133 2549 2217 2582 σεν
2271 2529 2446 2600 ἑαυτῷ
2513 2531 2672 2600 σῶμα
2737 2525 2798 2582 ἐκ
2859 2531 2968 2582 τῶν
3033 2528 3134 2594 τῆς
3201 2525 3474 2601 Παρθένου
3532 2525 3782 2599 σπερμά·

2129 2637 2256 2672 των·
2325 2615 2472 2686 πλήν
2541 2615 2664 2672 ὅσον
2732 2614 2958 2688 ὁμιλίας
3023 2612 3216 2690 ἀνδρὸς
3285 2614 3432 2672 ἄνεω
3517 2613 3782 2686 Ἀληθῶς

2133 2702 2504 2784 ἔκυοφορήθη,
2581 2707 2655 2768 ὡς
2760 2705 2850 2761 καὶ
2889 2691 3111 2780 ἡμεῖς,
3189 2705 3406 2782 χρόνων
3480 2701 3780 2780 περιόδοις·

381 2801 434 2850 et
465 2795 701 2864 triginta
727 2808 898 2848 annos
934 2808 1102 2862 agens
1156 2792 1467 2862 baptizatus
1513 2797 1590 2848 est
1625 2809 1662 2847 a
1689 2793 1920 2863 Joanne,
1965 2792 2027 2848 in

2155 2796 2224 2852 ιαὶ
2267 2795 2491 2866 ἀληθῶς
2545 2793 2768 2871 ἐτέχθη,
2836 2796 2914 2858 ὠς
2985 2796 3076 2850 καὶ
3134 2796 3318 2870 ἡμεῖς·
3379 2793 3602 2865 ἀληθῶς
3659 2791 3786 2870 ἔγα-

383 2887 612 2942 veritate
641 2890 694 2940 et
720 2899 832 2938 non
862 2885 921 2938 in
943 2883 1352 2954 phantasmate.
1393 2885 1465 2938 Et
1491 2883 1666 2938 tribus
1693 2885 1856 2938 annis
1877 2899 2028 2954 pra:-

2155 2885 2585 2962 Κακτοτροφήθη,
2631 2883 2721 2940 καὶ
2778 2891 2988 2961 τροφῆς
3045 2891 3232 2954 κοινῆς
3286 2884 3377 2940 καὶ
3431 2886 3604 2940 ποτοῦ
3655 2903 3786 2958 μετ·

385 2976 590 3030 dicarit
618 2972 1002 3044 Evangelium,
1036 2979 1090 3028 et
1118 2971 1252 3040 fecit
1287 2975 1448 3041 signa
1474 2978 1524 3026 et
1547 2973 1812 3042 prodigia
1845 2989 2029 3028 coram

381 3063 540 3132 falsis
567 3063 770 3118 Judzeis
795 3080 808 3130 ;
839 3069 891 3116 et
917 3062 1016 3116 sub
1047 3060 1234 3116 Pilato
1252 3061 1491 3132 praeside
1518 3062 1724 3117 Iudaeae
1742 3062 2030 3132 judicatus

380 3161 499 3212 est:
527 3153 834 3224 ﬂagellatus
889 3159 988 3218 est,
1048 3151 1296 3222 colaphis
1362 3164 1533 3208 caesus
1577 3158 1678 3218 est,
1735 3161 2032 3223 consputus

381 3249 478 3309 est,
507 3243 757 3312 spineam
788 3257 1044 3296 coronam
1067 3256 1518 3312 purpureamque
1538 3247 1736 3297 vestem
1758 3244 2030 3312 portavit,

386 3333 774 3388 condemnatus
804 3337 903 3398 est,
938 3332 1232 3399 cruciﬁxus
1258 3336 1337 3386 est
1360 3345 1618 3392 vere,non
1640 3331 2034 3400 phantastice;

387 3437 562 3491 neque
589 3419 871 3489 fallaciter
893 3425 1142 3474 mortuus
1171 3425 1267 3488 est,
1297 3419 1393 3474 sed
1443 3435 1604 3488 vere;
1649 3421 1897 3492 sepultus
1937 3427 2034 3488 est,

385 3522 436 3567 et
467 3512 774 3567 resurrexit
802 3527 837 3565 a
866 3511 1114 3567 mortuis.
1147 3512 1295 3567 Ecce
1315 3515 1516 3583 aperte
1539 3512 1784 3567 omnino
1814 3511 1952 3566 talis
1969 3529 2040 3568 ac

402 3605 598 3656 tantus
631 3599 904 3656 Ecclesia)
935 3599 1142 3656 doctor
1170 3600 1428 3656 triennio
1458 3617 1492 3654 a
1512 3601 1815 3656 Servatore
1836 3600 2042 3673 praedi-

400 3697 596 3746 catum
647 3688 1011 3762 evangelium
1065 3688 1225 3744 dicit.
1275 3690 1362 3744 Ea:
1403 3691 1557 3758 epist.
1611 3689 1685 3744 ad
1735 3691 2041 3746 Trallianos

399 3779 680 3848 interpol.,
711 3795 834 3848 cap.
869 3779 957 3832 '10.

2139 2975 2317 3050 έσχεν,
2385 2974 2460 3038 ὡς
2531 2973 2624 3029 καὶ
2700 2977 2886 3049 ἡμεῖς’
2963 2973 3053 3029 καὶ
3128 2979 3274 3049 τρεῖς
3350 2969 3575 3034 δεκάδας
3650 2969 3786 3028 ἐτῶν

2137 3061 2602 3138 πολιτευσάμενος
2661 3057 2958 3133 ἐϐαπτίσθη
3065 3063 3170 3119 ὖπὸ
3273 3055 3548 3135 Ἰωάννου,
3651 3060 3791 3132 ἁλη-

2139 3157 2246 3216 θῶς
2305 3153 2398 3208 καὶ
2465 3153 2528 3208 οὐ
2599 3150 2842 3224 δοκήσει.
2920 3153 3026 3210 Καὶ
3096 3154 3142 3229 γ’
3209 3149 3482 3215 ἐνιαυτοὺς
3545 3151 3784 3226 κηρύξας

2142 3243 2206 3300 τὸ
2285 3241 2647 3318 Εὐαγγέλιον,
2713 3243 2802 3298 καὶ
2870 3245 3107 3314 ποιήσας
3172 3247 3376 3318 σημεῖα
3437 3241 3530 3298 καὶ
3591 3242 3794 3316 τέρατα

2145 3331 2250 3388 ὑπὸ
2315 3336 2424 3387 τῶν
2487 3329 2943 3406 ψευδοϊουόαίων,
3029 3330 3118 3387 καί
3203 3329 3444 3396 Πιλάτου
3519 3329 3795 3406 ἡγεμόνος

2147 3422 2174 3476 6
2239 3421 2432 3494 κριτὴς
2494 3420 2709 3498 ἐκρίθη,
2781 3421 3159 3498 ἐμαπιγιῦθη,
3249 3421 3353 3477 ὑπὸ
3419 3417 3632 3476 δούλων
3696 3419 3790 3474 ἐπὶ

2146 3509 2318 3586 κόρης
2403 3508 2727 3588 ἒρῥαπισθη,
2821 3510 3140 3581 ἐνεπτύσθη,
3230 3510 3514 3566 ἀκάνθινον
3597 3507 3800 3588 στέφα-

2145 3619 2236 3654 νον
2305 3600 2394 3655 καὶ
2462 3603 2772 3676 πορφυροῦν
2841 3600 3064 3674 ἱμάτιον
3149 3598 3391 3678 ἐφόρεσε,
3479 3597 3797 3674 κατεκρίθη,

2149 3687 2462 3764 ἐσταυρώθη
2559 3687 2808 3760 ἀληθῶς,
2885 3687 2948 3744 ού
3051 3685 3292 3760 δοκήσει,
3369 3687 3436 3742 ού
3511 3685 3804 3766 φαντασίᾳ,

2153 3777 2252 3834 ούκ
2307 3777 2504 3852 ἀπάτῃο
2581 3777 2840 3843 ἀπέθανεν
2939 3776 3186 3850 ἀληθῶς,
3261 3775 3351 3832 καὶ
3439 3773 3632 3854 ἐτάφη,
3705 3775 3825 3850 καὶ.

403 3867 612 3940 ἠγέρθη
648 3863 707 3919 ἐκ
746 3869 855 3919 τῶν
919 3871 1143 3938 νεκρῶν.
1213 3861 1352 3920 Ἰδοὺ
1427 3871 1671 3944 φανερῶς
1739 3866 1766 3920 6
1833 3869 2082 3928 τοιοῦτος
2151 3865 2244 3922 καὶ
2303 3863 2634 3938 τηλικοῦτος
2696 3874 2798 3938 τῆς
2864 3863 3194 3938 Ἐκκλησίας
3259 3863 3588 3928 διδάσκαλος
3651 3867 3803 3934 τρεῖς

399 3954 668 4016 ἐνιαυτοὺς
702 3953 931 4028 κηρύξαι
959 3955 1022 4009 τὸ
1054 3951 1390 4030 Εύαγγέλιον
1421 3955 1514 4009 τὸν
1549 3961 1780 4030 Σωτῆρα
1813 3952 1982 4032 λέγει.

466 4080 550 4136 Cf.
588 4080 933 4138 Dufresnius
961 4081 1022 4136 in
1046 4080 1210 4136 notis
1239 4079 1312 4136 ad
1343 4079 1501 4135 hunc
1532 4079 1728 4136 locum
1762 4085 1964 4136 monet
1991 4083 2250 4138 veterem
2280 4083 2645 4155 Ignatianam
2677 4083 3230 4156 interpretationem
3262 4081 3373 4138 sibi
3405 4086 3746 4154 usurpatam
3775 4101 3792 4152 ;

399 4174 579 4239 quani
614 4173 812 4226 tamen
838 4169 1113 4224 nonnihil
1143 4168 1470 4239 pleniorem
1501 4174 1559 4224 et
1587 4169 1804 4224 alicubi
1833 4170 2054 4226 variam
2087 4169 2227 4225 editi
2259 4173 2558 4228 exhibent.

2012 4296 2182 4354 XVII.

567 4421 759 4476 Joems
786 4419 1105 4490 monachus,
1137 4421 1216 4476 De
1247 4420 1604 4478 (Economia
1629 4438 1724 4478 seu
1753 4420 1942 4550 ἕεὲὺο
1973 4420 2431 4550 incarnato,6l2ig.
2463 4442 2561 4494 vn,
2594 4442 2718 4497 cap.
2750 4428 2839 4484 31.
2870 4425 3040 4497 Apud
3068 4427 3318 4482 Paormu
3347 4422 3624 4480 Biblioth.

1802 4510 1830 4548 o
1877 4535 1889 4548 .
1923 4509 2110 4550 ccxxx.
2139 4509 2271 4550 paa.
2417 4540 2429 4550 .

1802 4509 1889 4548 oa.
1923 4509 2110 4564 ccxxx,
2133 4509 2271 4564 pag.
2306 4509 2429 4552 622.

439 4637 443 4642 τ
474 4620 616 4692 Nam
641 4619 754 4674 tria
775 4617 1006 4675 divinus
1025 4619 1284 4692 lgnatius
1306 4619 1500 4674 saeculi
1521 4619 1700 4691 hujus
1723 4619 2034 4692 principen

2230 4623 2373 4693 Φησὶ
2406 4625 2511 4699 γὰρ
2541 4624 2570 4678 ὃ
2602 4623 2866 4702 θεοφόρος
2899 4623 3163 4700 Ἰγνάτιος
3189 4622 3314 4698 τρία
3352 4619 3536 4686 λαθεῖν
3583 4620 3674 4676 τὸν
3703 4619 3811 4692 ἃρ-

405 4707 648 4762 laluisse
681 4712 1144 4774 commemorat;
1177 4704 1574 4780 virginitatem
1624 4708 1838 4776 Marim,
1896 4725 2048 4762 con-

2161 4735 2332 4792 χοντα
2385 4717 2483 4769 τοῦ
2537 4711 2738 4778 αἲῶνος
2791 4711 3007 4773 τούτου·
3067 4714 3166 4784 τὴν
3223 4710 3512 4787 παρθενίαν
3567 4710 3808 4785 Μαρίας,

405 4796 738 4867 ceptionem
801 4797 1060 4866 Domini,
1119 4803 1178 4851 et
1223 4797 1692 4853 cruciﬁxionem.
1753 4797 1924 4866 Epist.
1977 4812 2034 4851 ac

2158 4807 2258 4875 τὴν
2292 4801 2568 4878 σύλληψιν
2600 4807 2697 4858 τοῦ
2727 4801 2957 4880 Κυρίου,
2987 4802 3078 4858 καὶ
3109 4802 3208 4870 τήν
3237 4799 3562 4875 σταύρωσιν.

410 4886 623 4958 Ephes.,
657 4903 782 4958 cap.
825 4889 910 4944 19.

2010 5039 2202 5096 XVIII.

730 5175 1002 5230 LEONTIUS
1029 5174 1390 5241 BYZANTINUS,
1422 5170 1518 5226 lib.
1551 5171 1632 5225 De
1663 5169 1861 5234 sectis,
1889 5169 2016 5225 Act.
2053 5183 2138 5236 ιιι,
2167 5169 2260 5222 Ea:
2287 5164 2418 5221 bibl.
2449 5163 2557 5218 PP.
2591 5162 2772 5218 Paris.
2804 5165 2934 5216 tom.
2961 5156 3058 5223 XI,
3083 5172 3222 5228 pag.
3255 5154 3382 5219 503,
3411 5153 3474 5208 Ο.

486 5297 778 5354 Caeterum
805 5295 1172 5368 temporibus
1202 5294 1342 5360 illis,
1377 5309 1507 5364 qua)
1538 5311 1574 5348 a
1600 5291 1815 5348 Christi
1847 5290 2061 5346 nativi-

417 5390 534 5441 tate
561 5399 749 5456 usque
781 5385 856 5440 ad
885 5384 1202 5455 imperium
1236 5379 1605 5436 Constantini
1645 5385 2058 5449 numerantur,

2241 5284 2514 5361 Ἐγένοντο
2537 5281 2594 5339 δὶ
2624 5281 2676 5337 ἐν
2705 5286 2824 5346 τοῖς
2850 5280 3078 5356 *χρόνοις
3105 5281 3220 5338 τοῖς
3249 5274 3356 5330 ἀπὸ
3383 5275 3487 5342 τῆς
3509 5270 3820 5361 γεννή-σεως

2164 5379 2262 5432 τοῦ
2292 5353 2537 5452 Χριστοῦ
2571 5373 2738 5446 μέχρι
2767 5353 2867 5438 τῆς
2898 5353 3180 5443 βασιλείας
3213 5353 3824 5452 Km‘1nmclwvfidé-

417 5473 480 5527 hi
511 5447 780 5530 doctores
814 5479 870 5527 et
901 5447 1104 5526 Patres
1137 5470 1525 5525 exstiterunt:
1558 5470 1822 5543 lgnatius
1863 5469 2034 5525 Theo‘

2170 5447 2362 5520 σκαλοι
2393 5464 2481 5519 val
2513 5462 2741 5536 πατέρες
2781 5455 2914 5513 οἵδε·
2964 5455 3221 5532 Ἰγνάτιος
3243 5454 3272 5508 6
3303 5451 3594 5531 Θεοφόρος,
3635 5447 3827 5543 ΔΕἰρηή

429 5563 672 5634 phorus,
707 5563 986 5625 Irenmus,
1012 5559 1294 5626 Justinus,
1330 5565 1439 5614 etc.
1473 5561 1590 5615 Hos
1613 5576 1817 5616 omnes
1849 5564 2034 5616 secuta

2170 5561 2340 5624 ναῖος,
2373 5557 2682 5622 Ἰουστῖνος,
2740 5569 2792 5606 κ.
2833 5568 2883 5606 τ.
2923 5545 2980 5603 λ.
3033 5543 3268 5606 Τούτους
3321 5543 3560 5604 ἅπαντας
3600 5538 3657 5594 αἱ
3703 5539 3827 5612 μετ’

433 5649 714 5722 deinceps
745 5651 1004 5706 haereses
1033 5647 1352 5718 excipiunt.

2173 5645 2372 5706 αὐτοὺς
2403 5643 2686 5721 γενόμεναι
2716 5638 2948 5713 αἱρίσεις
2978 5631 3256 5710 δέχονται.
