3972 6306
201 397 282 457 25
1449 394 1828 458 VETERUM
1878 390 2383 453 TESTIMONIA.
3546 393 3627 452 26

1843 525 1981 584 XIX.

947 643 1191 700 Joanne
1218 642 1483 714 Rbetor.,
1514 639 1686 712 Apud
1714 639 2023 705 Evaonwu,
2057 634 2202 690 Hist.
2234 631 2392 690 Eccl.
2427 633 2521 689 l:b.
2555 651 2592 689 ι.
2625 650 2748 706 cap.
2786 638 2871 693 16.

270 745 408 802 Τότε
438 745 529 802 καὶ
560 746 836 822 Ἰγνάτιος
864 748 892 802 ὁ
926 748 1204 812 θεσπέσιος
1230 744 1417 819 ἐπειδή
1449 768 1535 823 γε,
1569 746 1644 809 ὡς
1699 739 1860 800 ἐϐού-
1889 746 1941 812 Α
2041 744 2204 798 Tunc
2233 741 2412 797 etiam
2443 743 2704 813 Ignatius

2041 744 2204 798 Tunc
2233 741 2412 797 etiam
2443 743 2704 813 Ignatius
2735 742 2970 798 divinus
3001 748 3335 815 postquam,
3378 747 3446 798 ut
3492 743 3618 815 ipse

196 833 347 905 λετο,
376 835 549 913 τάφον
578 836 673 898 τὰς
704 840 814 892 τῶν
847 837 1050 912 θηρίων
1079 835 1336 917 ἐσχηκὼς
1396 834 1659 914 γαστέρας
1690 832 1743 889 ἐν
1776 837 1855 906 τῷ
1966 832 2439 900 voluit,ferarum
2457 831 2718 887 ventresi

1966 832 2439 900 voluit,ferarum
2457 836 2689 887 ventres
2703 831 2763 888 in
2777 833 3214 905 amphitheatro
3238 833 3402 889 urbis
3418 836 3618 890 Romae

189 930 297 995 τῆς
326 924 555 997 Ῥώμης
586 924 968 1002 ἀμφιθεάτρῳ,
1009 946 1062 984 ιι.
1094 946 1145 984 τ.
1190 924 1247 985 λ.
1966 939 2072 996 pro
2104 922 2376 994 sepulcro
2399 921 2722 991 habuisset,

1966 939 2072 996 pro
2104 922 2376 994 sepulcro
2399 921 2724 991 habuisset,
2753 927 2864 978 etc.
2898 923 3068 993 Epist.
3103 924 3177 978 ad
3205 925 3358 979 Rom.
3369 964 3383 992 ,
3408 940 3530 994 cap.
3563 926 3620 980 4.

1856 1024 1972 1081 XX.

191 1133 548 1192 Anasnsms
576 1134 796 1190 Senior
822 1133 1160 1207 patriarcha.
1187 1134 1490 1204 Antioch.,
1524 1135 1753 1207 libisDe,
1780 1132 1958 1189 rectis
2006 1130 2270 1187 veritatis
2320 1129 2577 1207 dogmat.
2628 1132 2712 1185 Εω
2747 1145 2847 1185 ms.
2899 1129 3099 1202 Colleg.
3149 1131 3411 1188 Cantabr.
3462 1129 3622 1201 apud

1272 1209 1554 1279 Pauson.
1586 1205 1817 1263 Vindic.
1850 1206 2037 1278 Ignat.
2062 1209 2219 1274 part.
2252 1220 2295 1273 ι,
2326 1218 2450 1273 cap.
2483 1204 2538 1255 2.

274 1310 519 1387 Μορφήν
550 1306 757 1385 δούλου
787 1309 1182 1386 ἠμφιεσμένον,
1214 1310 1314 1368 ’ἱνα
1353 1310 1494 1389 λάθῃ
1518 1312 1650 1374 Θεὸς
1678 1308 1753 1366 ὥν
1768 1310 1860 1365 τὸν
2041 1312 2255 1366 Forma
2283 1307 2431 1365 servi
2465 1306 2722 1364 indutum

2041 1312 2255 1366 Forma
2283 1307 2431 1365 servi
2465 1306 2760 1377 indutum,
2790 1313 2854 1364 ut
2896 1314 3052 1365 Deus
3100 1308 3360 1366 existens
3408 1310 3620 1366 lateret

202 1397 451 1473 ἄρχοντα
477 1403 578 1455 τοῦ
607 1398 808 1463 «iam:
834 1400 1053 1460 τούτου.
1970 1399 2303 1473 principem
2332 1399 2513 1471 hujus
2542 1397 2720 1454 saecul

1970 1399 2303 1473 principem
2332 1399 2513 1471 hujus
2542 1397 2766 1454 seaculi.
2808 1399 2899 1454 Ad
2923 1400 3119 1470 Ephes.
3155 1416 3278 1472 cap.
3314 1401 3400 1455 19.

1843 1517 1994 1575 XXI.

1098 1629 1444 1685 Aususws
1482 1628 1728 1696 Susum,
1762 1626 1859 1681 lib.
1893 1620 2130 1701 Ὀδηγός
2161 1625 2441 1696 inscript"
2472 1640 2597 1695 cap.
2635 1626 2722 1678 12.

357 1742 469 1797 Τοῦ
502 1741 661 1816 ἆγίου
689 1741 957 1818 Ἰγνατίου
988 1740 1288 1798 ἐπισκόπου
1319 1741 1685 1816 Ἀντιοχείας.
2294 1741 2353 1796 S.
2390 1741 2605 1796 IGNA'm
2636 1743 2722 1811 epi

2294 1741 2353 1796 S.
2390 1741 2605 1796 IGNATII
2636 1742 2879 1811 episcopi
2906 1739 3259 1795 Antiocheni.

274 1847 500 1903 Ἐἀσατε
552 1850 808 1923 μιμητὴν
866 1849 1108 1927 γενέσθαι
1161 1854 1258 1906 τοῦ
1313 1849 1517 1914 πάθους
1571 1852 1668 1904 τοῦ
1724 1851 1858 1904 Θεοῦ
2039 1847 2224 1904 Sinite
2253 1863 2348 1902 me
2380 1846 2509 1903 ﬁeri
2537 1846 2722 1903 imitat

2039 1847 2224 1904 Sinite
2253 1863 2348 1902 me
2380 1846 2509 1903 ﬁeri
2537 1846 2897 1903 imitatorem
2918 1845 3211 1920 passionis
3233 1846 3335 1903 Dei
3360 1846 3495 1904 mei.
3524 1848 3618 1903 Ad

207 1956 347 2009 μου.
1968 1940 2125 1994 Rom.
2159 1952 2281 2007 cap.
2315 1939 2369 1992 6.

1968 1940 2125 1994 Rom.
2159 1952 2281 2007 cap.
2315 1939 2369 1992 6.

1834 2053 2004 2111 XXII.

884 2166 1224 2242 Auriocnus,
1250 2165 1445 2222 homil.
1479 2182 1663 2222 cxxiv.
1697 2167 1783 2221 Ea:
1812 2160 1954 2218 Bibl.
1987 2161 2096 2216 PP.
2124 2159 2306 2216 Paris.
2340 2166 2471 2214 tom.
2505 2159 2627 2224 XII,
2654 2176 2789 2231 pag.
2822 2158 2946 2214 2l9.

273 2283 335 2337 Ὀ
400 2285 678 2363 Θεοςοὸρος
755 2287 1014 2362 Ἰγνάτιος
1088 2286 1421 2359 ἐπιστέλλει,
1499 2287 1694 2364 λέγων·
1771 2292 1974 2360 ΤῷΒ.
2036 2285 2297 2359 Ignatius
2327 2285 2712 2358 Theophorus

1966 2327 1974 2335 .
2036 2285 2297 2359 Ignatius
2327 2285 2712 2358 Theophorus
2746 2300 2850 2356 per
2907 2284 3220 2357 epistolam
3268 2284 3450 2351 dicit;
3483 2285 3618 2355 Epi-

205 2371 496 2446 ἑπισκόπῳ
555 2377 879 2450 προσέχετε,
929 2375 1018 2432 ’ἶνα
1065 2378 1153 2433 καὶ
1211 2379 1241 2434 ὁ
1299 2380 1428 2440 Θεὸς
1482 2379 1630 2453 ὑμῖν.
1688 2376 1864 2434 Ἀντί·
1967 2392 2128 2447 scopo
2157 2375 2446 2441 attendite,
2479 2381 2540 2430 ut
2567 2381 2618 2430 et
2650 2376 2720 2430 De

1967 2392 2128 2447 scopo
2157 2375 2446 2441 attendite,
2479 2381 2540 2430 ut
2567 2381 2618 2430 et
2650 2376 2784 2431 Deus
2814 2376 2987 2430 vobis.
3021 2377 3228 2429 Anima
3259 2391 3375 2429 mea
3396 2390 3501 2444 pro
3523 2376 3614 2443 iis,

189 2465 374 2538 ψυχον
407 2462 516 2537 ἐγὼ
566 2468 652 2537 τῷ
713 2465 1141 2540 ὁποτασσομὲνῳ
1195 2468 1332 2542 [Ιθε.
1392 2471 1504 2524 τῶν
1565 2467 1867 2522 ὑποτασσο-
1969 2468 2067 2537 qui
2095 2470 2365 2536 ερὶεσυρο»
2397 2466 2722 2536 Ρνθεδυίθνίε

1969 2468 2067 2537 qui
2095 2470 2365 2536 episcopo,
2397 2466 2729 2536 presbyteris
2756 2472 2810 2520 et
2840 2466 3090 2521 diaconis
3120 2481 3322 2520 morem
3372 2471 3573 2535 gerunt
3594 2481 3614 2520 :

200 2553 409 2625 μένων]
468 2551 780 2626 ἐπισκόπῳ,
836 2552 1223 2630 πρεσϐυτέροις
1277 2577 1337 2611 τε
1418 2556 1511 2612 καὶ
1569 2553 1862 2617 διακόνοις.
1968 2571 2087 2610 cum
2118 2554 2231 2609 illis
2261 2556 2577 2625 portionem
2606 2554 2722 2609 habi

1968 2571 2087 2610 cum
2118 2554 2231 2609 illis
2261 2556 2577 2625 portionem
2606 2554 2806 2610 habere
2854 2555 2994 2610 mihi
3040 2556 3099 2609 in
3144 2556 3250 2610 Deo
3308 2557 3611 2625 contingat.

191 2642 318 2713 μετ’
354 2640 533 2696 αὐτῶν
569 2663 665 2715 μοι
706 2643 918 2718 γένοιτο
948 2644 1012 2699 τὸ
1046 2646 1209 2720 μέρος
1238 2642 1386 2720 ἔχειν
1418 2646 1473 2700 ἐν
1515 2648 1648 2718 Θεῷ.
1968 2644 2056 2699 Ad
2086 2646 2393 2718 Polycarp.
2427 2661 2556 2717 cap.
2591 2648 2643 2701 6.

1968 2644 2056 2699 Ad
2086 2646 2393 2718 Polycarp.
2427 2661 2556 2717 cap.
2591 2648 2643 2701 6.

264 2764 431 2821 Idem
461 2768 797 2826 Antiochus
827 2773 955 2827 tum
994 2770 1112 2840 hic,
1142 2776 1270 2827 tum
1319 2771 1461 2828 alibi
1509 2772 1731 2844 passim
1788 2770 1966 2828 verba
2004 2770 2194 2827 sancti
2240 2769 2451 2843 Ignatii
2509 2786 2579 2824 ex
2627 2769 2761 2825 aliis
2810 2771 2944 2840 ejus
2990 2770 3269 2843 Epistolis
3320 2770 3619 2843 descripta

190 2854 431 2911 recitat.

219 2969 224 2972 ·
1707 2951 1903 3007 XXIII.

814 3057 1074 3113 Munius
1103 3057 1166 3113 in
1197 3058 1390 3115 Schol.
1426 3057 1500 3115 ad
1531 3059 2011 3115 Pssuoo-Dionrs.
2045 3057 2325 3112 Ausone.
2362 3056 2439 3111 De
2470 3054 2687 3111 divinis
2717 3054 3009 3112 nominib.

1555 3147 1676 3201 cap.
1708 3132 1763 3199 4,
1796 3129 1826 3203 §
1859 3132 1944 3197 12,
1971 3144 2107 3200 pag.
2140 3128 2265 3182 613.

261 3239 326 3297 Ὁ
359 3238 497 3312 ἐμὸς
541 3237 702 3314 ἔρως.
736 3243 1030 3313 Ζητητὲον,
1089 3247 1207 3307 πῶς
1262 3243 1350 3300 ἐπὶ
1410 3245 1715 3318 Ὀνησίμου
1759 3248 1860 3300 τοῦ
2039 3245 2200 3299 Amor
2228 3260 2395 3299 meus.
2428 3244 2718 3309 Qumrend

2039 3245 2200 3299 Amor
2228 3260 2395 3299 meus.
2428 3244 2823 3309 Quaerendum
2856 3243 3154 3316 quomodo
3211 3245 3431 3318 lgnatio
3478 3260 3614 3301 cum

196 3329 338 3398 μετᾶ
370 3328 651 3400 Τιμόθεον
685 3331 944 3406 Ἰγνατίου
977 3331 1368 3408 διαλεγομένου
1389 3380 1404 3403 ,
1438 3334 1529 3389 καὶ
1558 3337 1859 3411 γράφοντος
1968 3333 2270 3403 Onesimo,
2305 3333 2595 3390 Timothei
2629 3351 2722 3406 po:

1968 3333 2270 3403 Onesimo,
2305 3333 2595 3390 Timothei
2629 3339 2888 3406 postero,
2922 3334 3262 3406 disputante
3292 3338 3351 3389 et
3378 3332 3451 3389 ad
3498 3335 3616 3389 Ro-

187 3416 496 3489 Ῥωμαίοις
554 3417 641 3487 τὸ,
704 3418 873 3492 Ἐμὸς
920 3417 1059 3496 ἔρως
1108 3420 1467 3497 ἐσταύρωται,
1509 3444 1561 3481 κ.
1593 3443 1644 3478 τ.
1680 3422 1734 3479 λ.
1969 3439 2148 3478 mano
2178 3422 2499 3488 scribente,
2529 3425 2702 3478 Amor

1969 3439 2148 3478 mano
2178 3422 2499 3488 scribente,
2529 3425 2702 3478 Amor
2747 3441 2895 3479 meus
2944 3427 3238 3492 cruciﬁxus
3284 3428 3378 3486 est,
3426 3428 3611 3480 etc....

190 3507 519 3580 Τεκμήριον
550 3503 737 3577 δὴ,τὸ
793 3508 870 3582 μή
924 3513 1295 3584 προσκεῖσθαι·
1355 3513 1551 3591 Γράφει
1613 3508 1670 3566 δὲ
1725 3533 1857 3581 τισι,
1968 3512 2148 3584 Cujus
2177 3512 2262 3567 rei
2322 3519 2722 3587 argumentum

1968 3512 2148 3584 Cujus
2177 3512 2262 3567 rei
2322 3519 2738 3587 argumentum
2797 3519 2906 3582 est,
2958 3515 3115 3586 quod
3158 3530 3278 3569 non
3328 3513 3616 3569 habeatur

190 3596 450 3650 τουτέστι
505 3598 828 3670 Ῥωμαίοις.
888 3596 1014 3655 ἀλλ’
1061 3596 1278 3662 ἁπλῶς·
1338 3599 1536 3679 Γράφει
1585 3596 1642 3655 δὲ
1698 3600 1786 3655 καὶ
1827 3602 1855 3655 ὁ
1897 3627 1937 3692 C
1972 3601 2091 3666 hic,
2148 3602 2341 3657 scribit
2402 3620 2528 3658 vero
2576 3604 2722 3675 quib:

1972 3601 2091 3666 hic,
2148 3602 2341 3657 scribit
2402 3620 2528 3658 vero
2576 3603 2923 3675 quibusdam,
2977 3602 3039 3657 id
3118 3607 3206 3658 est
3280 3602 3609 3669 Romanis;

191 3685 344 3744 θεῖος
373 3685 657 3760 Ἰγνάτιος.
1903 3685 1937 3692 “
1970 3690 2074 3745 sed
2106 3690 2458 3762 simpliciter
2502 3695 2694 3748 scribit

1970 3690 2074 3745 sed
2106 3690 2458 3762 simpliciter
2502 3695 2694 3748 scribit
2750 3710 2875 3749 vero
2921 3693 3077 3749 divus
3122 3695 3389 3763 Ignatius.
3438 3691 3608 3762 Epist.

1964 3775 2039 3830 ad
2069 3778 2247 3844 Rom.,
2281 3795 2405 3849 cap.
2435 3778 2490 3832 7.

771 3917 925 3985 lusu,
957 3919 1018 3972 in
1044 3918 1174 3974 Loc.
1209 3934 1424 3976 comm.
1457 3921 1630 3977 Serm.
1664 3938 1724 3975 ιι.
1752 3922 1835 3976 Ea:
1863 3921 2091 3976 edition.
2128 3921 2447 3992 Combeﬁsii,
2481 3929 2612 3979 tom.
2646 3924 2716 3994 Il,
2741 3941 2877 3993 pag.
2911 3925 3037 3979 534.

894 4042 1178 4105 Ἰγνατιου.
2670 4050 2906 4105 Ionam.

913 4063 1178 4115 ιγνατιου.
2670 4063 2722 4104 lo

264 4136 668 4204 Τέλειοιόντες
720 4139 906 4195 τέλεια
959 4145 1229 4217 φρονεῖτε·
1289 4140 1510 4198 θέλουσι
1570 4144 1672 4221 γὰρ
1733 4145 1860 4218 ὑμῖν
2039 4136 2147 4201 Ωιιί
2185 4135 2431 4208 Ferret)“
2480 4137 2643 4209 estis,
2693 4155 2722 4211 ι]

2670 4063 2906 4105 ιοΝΑτη.

2039 4136 2147 4201 Qui
2185 4135 2431 4208 perfecti
2480 4137 2643 4209 estis,
2693 4140 2955 4211 perfecta
2998 4139 3222 4210 sapite:
3273 4138 3611 4214 volentibus

197 4229 256 4283 εὖ
277 4230 566 4304 πράττειν,
597 4229 726 4291 Θεὸς
756 4227 976 4304 ἕτοιμος
1008 4229 1083 4293 εἰς
1110 4231 1175 4284 τὸ
1206 4231 1490 4307 παρέχειν.
1969 4224 2129 4280 enim
2159 4225 2322 4281 VObiS
2352 4226 2505 4282 bene
2535 4244 2722 4301 agere,

1969 4224 2129 4280 enim
2159 4225 2322 4281 vobis
2352 4226 2505 4282 bene
2535 4244 2730 4301 agere,
2764 4230 2918 4284 Deus
2943 4235 3184 4301 paratus
3210 4235 3298 4286 est
3321 4228 3608 4302 praebere.

1967 4317 2141 4385 Epist.
2175 4317 2251 4373 ad
2279 4319 2477 4388 Smyrn
2506 4359 2521 4385 ,
2555 4336 2677 4391 cap.
2713 4322 2799 4376 ii.

1410 4428 1563 4498 Iern,
1596 4430 1758 4499 ibid.,
1788 4447 1972 4500 serm.,
2013 4448 2162 4502 mn,
2194 4449 2254 4505 p.
2287 4436 2410 4490 638.

717 4552 824 4603 Τοῦ
849 4549 1008 4625 ἁγίου
1044 4551 1327 4628 Ἱγνατίου.
2557 4563 2722 4618 Sanct

2557 4563 2751 4618 Sancti
2779 4563 3011 4633 Ignatii.

275 4650 388 4705 Κᾶν
418 4646 731 4723 ὲρῥωμένος
759 4649 805 4702 ὧ
834 4648 902 4703 τᾶ
931 4648 1068 4704 κατὰ
1095 4649 1252 4721 Θεὸν,
1286 4647 1457 4706 πλέον
1517 4672 1585 4725 με
1639 4649 1721 4707 δεῖ
1765 4674 1860 4732 φο·
2038 4650 2183 4705 Cum
2216 4650 2276 4705 in
2308 4651 2486 4707 rebus
2518 4652 2722 4708 divinis

2038 4650 2183 4705 Cum
2216 4650 2276 4705 in
2308 4651 2486 4707 rebus
2518 4652 2734 4709 divinis
2766 4654 2974 4710 firmus
3005 4671 3071 4710 ac
3108 4655 3385 4712 robustus
3416 4656 3607 4726 fuero,

197 4734 440 4806 ϐεἶσθαι,
470 4738 557 4792 καὶ
591 4738 881 4814 προσέχειν
910 4743 1028 4802 τοῖς
1076 4738 1201 4811 εἰκῆ
1258 4742 1509 4819 φυσιοῦσί
1568 4762 1654 4816 με’
1710 4742 1859 4799 ὲπαι-
1887 4780 1933 4845 D
1965 4743 2091 4793 tum
2115 4740 2521 4797 vehementius
2537 4743 2714 4798 timea

1965 4743 2091 4793 tum
2115 4740 2521 4797 vehementius
2537 4743 2775 4798 timeam
2795 4748 3046 4816 Oportet,
3066 4744 3139 4800 ab
3161 4745 3354 4817 iisque
3375 4760 3610 4801 caveam

198 4833 426 4889 νοῦντες
461 4826 563 4903 γάρ
594 4847 681 4901 με,
719 4832 1095 4905 μαστιγοῦσιν.
1887 4826 1931 4845 ”
1966 4829 2067 4899 qui
2097 4845 2192 4885 me
2225 4830 2526 4886 incassum
2569 4832 2722 4888 inﬂa:

1966 4829 2067 4899 qui
2097 4845 2192 4885 me
2225 4830 2526 4886 incassum
2569 4832 2823 4899 inflant;
2874 4834 2971 4905 qui
3006 4835 3166 4890 enim
3214 4851 3309 4890 me
3340 4834 3606 4902 laudant,

1965 4916 2163 4991 flagris
2175 4934 2270 4975 me
2294 4919 2582 4976 afﬁciunt.
2608 4920 2789 4991 Epist.
2813 4921 2888 4976 ad
2910 4921 3078 4976 Trall.
3106 4923 3390 4993 interpol.,
3422 4923 3605 4992 cap.4.

1807 5032 2000 5093 XXIV.

934 5132 1265 5189 Tuononus
1292 5151 1624 5206 pessuma,
1656 5139 1810 5208 apud
1838 5140 2090 5198 Pnormu
2121 5142 2395 5199 Biblioth.
2429 5145 2559 5200 Cod.
2592 5161 2634 5214 ι,
2658 5160 2794 5217 pag.
2828 5146 2880 5200 3.

264 5266 395 5351 "3‘33;
431 5257 705 5351 eis?an
724 5261 949 5351 ﬁsso?"
969 5261 1249 5351 θεοφόρου
1274 5262 1537 5338 ’ῐγνατίου
1558 5261 1855 5336 ἐπιστολῆς
2036 5271 2154 5328 Cur
2177 5273 2492 5345 epistolam
2522 5274 2681 5331 beati
2710 5276 2722 5329 1

2036 5271 2154 5328 Cur
2177 5273 2492 5345 epistolam
2522 5274 2681 5331 beati
2710 5275 2919 5347 Ignatii
2969 5275 3066 5331 hic
3118 5275 3272 5333 liber
3317 5278 3605 5351 (Dionysii

191 5354 231 5421 ἡ
260 5344 471 5425 βίϐλος
498 5367 515 5419 ;
547 5349 575 5404 ὁ
627 5347 721 5422 μὲν
779 5348 884 5424 γὲιρ
938 5347 1219 5413 Διονύσιος
1275 5356 1393 5414 τοῖς
1450 5356 1559 5407 τῶν
1619 5354 1857 5412 ἀποστό-
1965 5344 2353 5436 Ατθορθέίιω)
2402 5365 2591 5420 citat?
2636 5365 2722 5419 Βί(

1965 5344 2353 5436 Areopagitas)
2402 5365 2591 5420 citat?
2636 5344 2952 5436 Dionysius
3002 5364 3159 5421 enim
3199 5344 3603 5437 apostolorum

196 5441 314 5498 λων
342 5440 617 5513 Mximas
645 5439 896 5528 χρόνοις·
931 5440 1198 5528 Ἰγνάτιος
1228 5438 1286 5498 δὲ
1315 5440 1404 5498 ἐπὶ
1429 5449 1703 5518 Τραϊανοῦ
1760 5447 1852 5502 τὸν
1962 5452 2332 5522 temporibus
2358 5452 2557 5508 ﬂoruit
2580 5469 2593 5507 :
2615 5455 2722 5525 Ign.

1965 5452 2332 5522 temporibus
2358 5452 2557 5508 ﬂoruit
2580 5469 2593 5507 :
2615 5453 2875 5525 Ignatius
2896 5470 3030 5509 vero
3060 5454 3319 5526 Trajano
3340 5460 3603 5528 Augusto

194 5529 290 5587 διὰ
324 5530 626 5604 μαρτυρίου
654 5525 899 5599 ἤθλησεν
929 5527 1133 5615 ἀγῶνα,
1166 5529 1225 5594 ὅς
1261 5531 1351 5586 καὶ
1386 5533 1492 5607 πρὸ
1543 5533 1723 5611 βραχὺ
1749 5542 1852 5607 τῆς
1963 5539 2294 5611 imperante
2308 5542 2574 5614 martyrii
2594 5548 2722 5597 cert

1965 5539 2294 5611 imperante
2308 5542 2574 5614 martyrii
2594 5548 2895 5599 certamen
2918 5540 3249 5611 certavit,et'
3263 5525 3605 5615 paulo‘ante

193 5619 469 5689 τελευτῆς
497 5619 702 5691 ταύτην
730 5614 1052 5691 ἐπιστολὴν,
1084 5618 1153 5690 ἧς
1187 5622 1222 5691 ἠ
1259 5616 1454 5697 βίϐλος
1495 5626 1850 5698 μνημονεύει,
1962 5634 2217 5686 mortem
2248 5648 2376 5688 eam
2410 5630 2722 5705 epistolam

1965 5634 2217 5686 mortem
2248 5648 2376 5688 eam
2410 5630 2723 5705 epistolam
2756 5650 2935 5705 quam
2966 5634 3063 5691 hic
3089 5633 3243 5690 liber
3266 5614 3431 5706 citat,
3462 5653 3606 5693 con-

194 5710 417 5791 γράφει.
1963 5720 2221 5792 scripsit.

1965 5720 2221 5792 scripsit.
