3972 6306
337 400 413 457 27
1396 395 1460 455 S.
1507 390 1910 456 IGNATIUS.
1959 425 2037 438 -—
2079 393 2696 457 PBOLEGOMENA.
3670 390 3750 449 28

1953 546 2120 602 XXV.

723 640 980 693 Annuus
1011 638 1326 708 Caunusxs,
1356 637 1545 693 homil.
1581 654 1639 705 ιι,
1673 635 2000 709 ἰιιίΝιιῐίνίι.
2037 637 2097 691 Β.
2132 637 2409 709 Virginis.
2442 639 2531 694 Em
2558 654 2655 693 ms.
2689 638 2867 693 Oxon.
2901 636 3055 707 apud
3084 637 3363 692 Pnansou.

1527 709 1589 765 in
1618 708 1846 764 Vindic.
1880 709 2065 781 lgnat.
2091 708 2253 780 part.
2274 726 2310 780 1,
2342 726 2465 780 cap.
2498 712 2550 766 2.

420 821 490 875 Ut
519 819 602 875 ait
630 823 868 874 sanctus
895 818 998 885 vir,
1033 817 1127 874 cui
1172 833 1391 873 nomen
1436 817 1738 890 Ignatius:
1784 819 1997 873 Princi-
2026 819 2079 885 Α

339 927 467 982 pom
496 910 660 979 hujus
686 909 873 964 saeculi
904 908 1066 963 latuit
1095 909 1388 977 virginitas
1429 908 1643 977 Maria,
1692 915 1746 963 et
1794 913 1995 978 partus

348 1001 483 1069 ejus,
516 998 776 1053 similitcr
799 1004 849 1053 et
878 1014 1021 1053 mors
1050 998 1251 1054 Christi
1286 1013 1298 1050 :
1333 996 1446 1051 tria
1477 997 1758 1052 tremenda
1795 1003 1997 1068 myste—

348 1090 454 1156 ria,
487 1102 615 1158 qua
644 1089 702 1142 in
727 1086 947 1143 silentio
975 1088 1075 1142 Dei
1096 1089 1253 1157 facta
1278 1092 1425 1142 sunt.
1464 1085 1644 1158 Epist.
1676 1085 1750 1142 ad
1780 1086 1994 1158 Ephes.

350 1195 478 1248 cap.
508 1180 595 1233 19.

2179 822 2274 876 Ὣς
2297 816 2428 894 φησί
2459 836 2565 871 που
2614 816 2773 892 ἃγιος
2821 814 2977 890 ἀνὴρ,
3028 812 3292 888 Ἰγνάτιος
3351 808 3526 887 ὅνόμα
3581 811 3750 885 αὐτῷ.

2105 905 2210 961 Καὶ
2242 899 2401 960 ἔλαθε
2455 906 2548 960 τὸν
2591 904 2828 981 ἄρχοντα
2888 908 2986 960 τοῦ
3052 903 3254 966 αίῶνος
3309 902 3505 958 τούτου
3543 904 3578 973 ἡ
3610 923 3753 978 παρ-

2106 993 2254 1059 θενία
2300 995 2531 1070 Μαρίας,
2588 995 2676 1049 καὶ
2740 996 2769 1050 6
2823 994 2985 1056 τόκος
3045 993 3237 1063 αὐτῆς,
3295 993 3506 1067 ὁμοίως
3569 991 3656 1048 καὶ
3722 993 3754 1048 6

2106 1082 2331 1145 θάνατος
2368 1087 2465 1138 τοῦ
2496 1084 2753 1158 Χριστοῦ’
2814 1082 2937 1158 τρία
2996 1083 3271 1158 μυστήρια
3327 1080 3549 1158 φρικτὰ,
3605 1081 3757 1137 ἅτινα

2107 1169 2163 1228 ἐν
2188 1172 2397 1252 ἡσυχίᾳ
2427 1175 2561 1228 Θεοῦ
2592 1170 2865 1249 ἐπράχθη.

1934 1294 2176 1350 XXXVI.

1293 1405 1575 1461 ANTONIUS
1604 1406 1865 1472 MELISSA,
1892 1403 2024 1459 Loc.
2058 1418 2298 1468 comm.,
2334 1401 2427 1457 lib.
2455 1418 2516 1469 ιι,
2550 1418 2672 1473 cap.
2705 1402 2794 1457 48.

418 1524 637 1578 Omnes
663 1523 835 1588 ferto,
868 1524 935 1577 ut
964 1525 1020 1575 te
1056 1519 1337 1576 Dominus
1365 1538 1377 1574 :
1429 1537 1636 1576 omnes
1681 1520 1906 1576 sustine
1935 1520 1997 1574 in

347 1611 633 1666 charitate
650 1626 664 1677 ;
681 1609 912 1683 postula
924 1607 1301 1681 prudentiam
1319 1609 1610 1681 majorem
1625 1625 1695 1665 ea
1706 1625 1885 1680 quam
1897 1609 1999 1665 ha-

2180 1516 2393 1578 Ηάντας
2427 1516 2659 1592 βάσταζε
2697 1513 2773 1578 ὥς
2829 1536 2887 1570 σε
2943 1516 2972 1571 6
3029 1513 3249 1590 Κύριος·
3283 1516 3498 1570 πάντων
3552 1513 3757 1595 ἀνέχου

2107 1605 2165 1661 ἐυ
2194 1605 2402 1681 ἀγάπην
2435 1604 2588 1661 αἲτοῦ
2617 1606 2827 1661 σύνεσιν
2878 1601 3106 1661 πλείονα
3158 1605 3227 1675 ἧς
3287 1602 3464 1681 ἔχεις.
3531 1603 3756 1661 Πάντων

342 1699 466 1754 bes.
490 1697 769 1754 Omnium
791 1697 1031 1753 morbos
1054 1701 1225 1768 porta
1250 1714 1264 1764 ;
1288 1696 1388 1752 ubi
1412 1697 1574 1752 enim
1598 1697 1733 1769 plus
1752 1696 1996 1766 laboris,

2178 1717 2201 1758 ς
2231 1695 2423 1758 νόσους
2459 1696 2709 1771 βάσταζε·
2752 1694 2890 1752 ὅπου
2917 1696 3020 1771 γὰρ
3051 1693 3256 1751 πλείων
3289 1694 3482 1762 κόπος,
3515 1692 3657 1750 πολὺ
3687 1698 3756 1752 τὸ

342 1788 426 1843 ibi
463 1787 611 1843 lucri
642 1787 921 1844 multum.
954 1787 1131 1857 Epist.
1165 1787 1239 1841 ad
1269 1787 1601 1856 Polycarp.,
1633 1803 1755 1856 cap.
1788 1789 1838 1840 1.

2105 1781 2318 1860 κέρδος.

1630 1895 1782 1959 Ιυειί,
1814 1895 1974 1964 ibid.,
2008 1895 2102 1950 lib.
2136 1911 2191 1950 ιι.
2220 1910 2341 1966 cap.
2374 1896 2464 1951 89.

420 2004 576 2058 Stato
608 2000 777 2072 quasi
803 2001 994 2067 incus,
1052 1999 1193 2054 dum
1244 1999 1536 2066 caederis;
1588 2001 1861 2072 generosi
1914 2006 2005 2057 est

346 2093 601 2159 athleta),
635 2089 781 2146 caedi
814 2095 871 2144 et
918 2088 1193 2154 vincere;
1240 2088 1493 2144 maxime
1542 2095 1784 2161 propter
1813 2091 1998 2146 Deum

354 2181 555 2235 omnia
586 2178 935 2235 sustinenda
967 2182 1127 2245 sunt,
1158 2184 1225 2232 ut
1251 2179 1381 2249 ipse
1412 2194 1646 2249 quoque
1685 2196 1795 2235 nos
1825 2180 2001 2234 susti-

344 2275 500 2325 neat.
534 2269 616 2324 Ad
642 2268 968 2338 Polycarp.,
1007 2283 1131 2337 cap.
1165 2268 1217 2335 3,

2183 2005 2362 2068 Στῆκε
2391 1999 2467 2060 ὡς
2516 1997 2728 2072 ἄκμων,
2785 1999 3148 2072 τυπτόμενος·
3212 1997 3453 2074 μεγάλου
3511 1995 3763 2069 ἀθλητοῦ

2112 2087 2222 2142 ἐστι
2282 2084 2525 2163 δέρεσθαι
2590 2086 2678 2142 καὶ
2738 2092 2913 2158 νικᾷν⁶
2977 2086 3216 2160 μάλιστα
3274 2084 3331 2142 δὲ
3383 2085 3560 2142 ἓνεκεν
3618 2091 3761 2142 Θεοῦ

2108 2178 2284 2232 πάντα
2313 2180 2461 2252 ἡμᾶς
2504 2176 2792 2251 ὑπομένειν
2826 2173 2929 2248 δεῖ,
2957 2175 3049 2232 ’ίνα
3077 2176 3167 2233 καὶ
3207 2176 3370 2240 αὐτὸς
3414 2178 3563 2251 ἡμᾶς
3619 2176 3759 2232 ὑπο-

2113 2269 2273 2345 μένῃ.

1628 2376 1779 2442 Ιιιειί,
1811 2375 1945 2431 ibid.
1955 2418 1973 2445 ,
2006 2377 2101 2432 lib.
2127 2396 2189 2449 ιι,
2226 2396 2348 2451 cap.
2381 2382 2470 2435 23.

417 2486 577 2541 Servi
611 2501 731 2540 non
763 2482 1106 2540 desiderent
1134 2499 1169 2538 a
1189 2481 1492 2538 communi
1517 2482 1691 2538 liberi
1711 2483 1869 2552 fieri;
1893 2483 1998 2539 sed

2183 2486 2251 2544 Οἱ
2282 2483 2474 2542 δοῦλοι
2506 2488 2583 2560 μὴ
2606 2486 2876 2562 ἐράτωσαν
2926 2485 3033 2542 ἀπὸ
3088 2490 3273 2541 κοινοῦ
3320 2486 3762 2562 ελευθεροῦσθαι,

349 2579 409 2631 iu
441 2576 692 2650 gloriam
720 2575 821 2632 Dei
856 2574 992 2646 plus
1023 2573 1299 2638 serviant,
1331 2577 1398 2628 ut
1443 2572 1678 2628 meliori
1726 2572 1997 2631 libertate

2174 2573 2238 2630 ,λ’
2269 2575 2345 2638 είς
2377 2573 2532 2647 δόξαν
2565 2576 2698 2631 Θεοῦ
2727 2575 2898 2632 πλέον
2932 2572 3359 2648 δουλευέτωσαν,
3378 2572 3472 2630 ἵνα
3512 2574 3755 2651 κρείττο-

354 2684 386 2721 a
418 2669 535 2722 Deo
566 2666 890 2738 potiantur,
925 2664 1017 2721 Ad
1046 2663 1359 2733 Polycarp.,
1392 2679 1515 2734 cap.
1547 2665 1599 2716 4.

2106 2684 2194 2725 νος
2226 2662 2531 2740 έλευθέρίας
2564 2665 2669 2721 ἀπὸ
2700 2669 2833 2720 Θεοῦ
2862 2664 3133 2740 τύχωσιν.

1644 2772 1795 2840 IDEM,
1824 2770 1987 2840 ibid.,
2013 2773 2108 2828 lib.
2141 2790 2180 2843 ι,
2216 2790 2338 2844 cap.
2370 2777 2455 2831 14.

427 2884 483 2940 Si
515 2882 650 2954 quis
681 2881 743 2936 in
774 2880 1045 2935 castitate
1075 2894 1318 2934 manere
1350 2882 1548 2949 potest
1597 2878 1671 2933 ad
1718 2879 2005 2934 honorem

2187 2876 2259 2936 Ei'
2281 2899 2364 2942 τις
2397 2877 2616 2935 δύναται
2647 2879 2699 2935 έν
2730 2879 2915 2955 ἁγνείᾳ
2948 2880 3123 2954 μένειν
3158 2879 3233 2942 εἷς
3260 2881 3430 2954 τιμὴν
3470 2886 3569 2949 τῆς
3627 2901 3765 2955 σαρ-

350 2972 546 3029 carnis
577 2968 833 3035 Domini,
867 2968 993 3023 sine
1020 2966 1311 3038 jactantia
1342 2972 1623 3031 maneat;
1658 2971 1717 3022 et
1745 2967 1794 3021 si
1816 2966 2000 3022 videri

2174 2989 2207 3030 ις
2233 2966 2331 3023 τοῖ’)
2362 2966 2580 3043 Κυρίου,
2621 2966 2674 3024 ἒν
2707 2967 3022 3045 ἀκαυχησίᾳ
3063 2969 3285 3042 μενέτω·
3326 2970 3414 3024 καὶ
3472 2967 3558 3025 ἐὰν
3609 2989 3764 3047 γνω-

352 3062 475 3115 vult
502 3058 636 3131 plus
667 3057 965 3129 episcopo,
998 3060 1314 3127 corruptus
1346 3060 1453 3110 est.
1484 3057 1659 3110 Decet
1679 3060 1878 3110 autem
1899 3055 2000 3110 du-

354 3158 554 3207 centes
585 3157 644 3205 et
672 3149 880 3204 ductas
911 3164 1047 3203 cum
1080 3148 1381 3205 sententia
1423 3148 1686 3220 episcopi
1718 3148 2001 3203 unionem

354 3244 568 3306 facere,
602 3244 668 3293 ut
697 3238 921 3309 nuptias
952 3238 1101 3291 ﬁant
1148 3237 1477 3293 secundum
1526 3239 1731 3306 Deum,
1778 3244 1836 3293 et
1884 3254 2003 3293 non

356 3328 685 3386 secundum
715 3326 1123 3398 cupiditatem.
1159 3328 1250 3382 Ad
1288 3328 1606 3397 Polycarp.,
1638 3344 1761 3398 cap.
1795 3331 1846 3384 5.

2115 3060 2215 3132 σθῇ
2246 3054 2416 3112 πλέον
2444 3055 2542 3112 τοῦ
2589 3055 2910 3129 ἐπισκόπου,
2965 3054 3244 3138 ἔφθαρται.
3290 3058 3489 3131 Ηρέπει
3540 3054 3597 3113 δὲ
3642 3063 3767 3120 τοῖς

2113 3150 2349 3222 γαμοῦσι
2398 3147 2487 3201 καὶ
2546 3167 2667 3209 ταις
2724 3146 3116 3221 γαμουμέναις,
3188 3147 3322 3220 μετὰ
3377 3147 3606 3223 γνώμης
3660 3152 3767 3204 τοῦ

2116 3235 2415 3292 ἐπισκόπου
2442 3236 2542 3304 τὴν
2572 3233 2765 3291 ’ἐνωσιν
2814 3238 3110 3309 ποιεῖσθαι,
3133 3235 3225 3293 ἵνα
3273 3239 3300 3292 6
3351 3238 3528 3313 γάμος
3624 3238 3769 3293 κατᾶ

2118 3325 2273 3394 Θεὸν,
2303 3325 2393 3379 καὶ
2430 3325 2506 3396 μή
2537 3326 2654 3380 κατ’
2685 3323 2999 3400 ἐπιθυμίαν.
3622 3320 3645 3333 ⁸

1630 3433 1787 3499 luxu,
1818 3432 1978 3500 ibid.,
2010 3433 2104 3488 lib.
2141 3449 2198 3502 ιι,
2237 3449 2360 3504 cap.
2388 3435 2477 3490 84.

428 3540 728 3595 Patienter
757 3533 856 3593 alii
888 3537 1038 3593 alios
1067 3554 1200 3593 cum
1223 3537 1680 3593 mansuetudine
1703 3538 2001 3611 patimini,

357 3638 421 3687 ut
452 3648 561 3687 nos
592 3647 826 3703 semper
855 3631 1031 3685 Deus.
1062 3628 1157 3684 Ad
1184 3629 1506 3701 Polycarp.,
1536 3646 1659 3700 cap.
1691 3631 1744 3685 6.
1894 3628 1900 3634 ’

2186 3539 2605 3613 Μακροθυμεῖτε
2658 3543 2774 3613 μετ’
2828 3536 3096 3610 ἀλλήλων
3163 3538 3214 3595 ἐν
3271 3550 3563 3614 πραΰτητι,
3622 3539 3700 3602 ὡς
3737 3540 3768 3596 6

2115 3625 2246 3690 Θεὸς
2278 3628 2396 3700 μεθ’
2420 3629 2581 3701 ἡμῶν
2616 3625 2706 3683 διὰ
2734 3627 2956 3690 παντός.

1651 3738 1805 3804 IDEM,
1836 3737 1997 3804 ibid.,
2030 3735 2127 3792 lib.
2154 3752 2216 3804 ιι,
2246 3752 2367 3808 cap.
2402 3738 2454 3793 3.

432 3845 573 3899 Date
605 3859 847 3915 operam
877 3858 953 3897 ne
984 3840 1274 3896 resistatis
1300 3840 1602 3912 episcopo,
1635 3846 1700 3895 ut
1725 3840 1854 3895 sitis
1884 3840 2004 3896 Deo

2192 3835 2543 3893 Σπουδάσατε
2586 3839 2662 3912 μὴ
2718 3837 3122 3904 ἀντιτάσσεσθαι
3178 3843 3257 3911 τῷ
3315 3837 3615 3913 ἐπισκόπῳ,
3670 3837 3777 3895 ’ίνα

362 3933 656 4005 subjecti;
691 3938 750 3988 et
775 3949 891 4003 quo
924 3930 1111 4003 magis
1166 3930 1410 3985 tacitum
1459 3930 1723 3985 videritis
1777 3929 2007 4002 episco-

367 4039 529 4094 pum,
563 4038 630 4077 eo
662 4021 848 4093 magis
879 4020 1051 4075 illum
1080 4019 1348 4075 metuite.
1381 4019 1825 4090 Quemcumque
1851 4018 2011 4073 enim

368 4112 550 4166 mittit
578 4110 1002 4181 paterfamilias
1034 4113 1100 4163 ut
1127 4109 1214 4163 rei
1273 4107 1614 4163 domesticae
1661 4107 1883 4179 praesit,
1929 4107 2015 4163 sic

369 4203 539 4256 decet
567 4218 674 4256 nos
705 4202 977 4272 excipere
1008 4198 1164 4254 velut
1194 4199 1392 4270 ipsum
1416 4198 1517 4269 qui
1547 4198 1748 4253 mittit.
1770 4198 2013 4269 Episco-

368 4306 509 4361 pum
538 4289 718 4361 igitur
756 4293 1038 4358 tanquam
1087 4287 1407 4342 Dominum
1455 4286 1653 4358 ipsum
1710 4286 2013 4357 suspicere

366 4382 615 4450 Oportet.
648 4378 739 4432 Ad
765 4376 984 4446 Ephes.,
1017 4391 1179 4445 capp.
1212 4378 1243 4429 5
1278 4379 1335 4430 et
1364 4376 1417 4429 6.

2117 3927 2216 3998 ἧτε
2242 3933 2358 4000 Θεῷ
2414 3927 2862 4001 ὑποτασσόμενοι·
2922 3927 3013 3984 καὶ
3077 3929 3202 3983 ’ὀσον
3247 3928 3477 4004 βλέπετε
3532 3933 3780 4004 σιγῶντα

2119 4016 2212 4073 τὸν
2245 4016 2562 4085 ἐπίσκοπον,
2587 4016 2754 4073 πλέον
2788 4016 2948 4073 αὐτὸν
3007 4012 3280 4097 φοϐεῖσθε.
3335 4018 3518 4073 Πάντα
3556 4017 3659 4092 γὰρ
3709 4018 3774 4073 ’όν

2121 4106 2325 4180 πέμπει
2356 4107 2385 4161 6
2416 4104 2809 4177 οἰκοδεσπότης
2840 4106 2915 4169 είς
2949 4104 3087 4161 ἰδίαν
3121 4105 3461 4180 οἰκονομίαν,
3485 4105 3658 4167 οὕτως
3688 4104 3782 4162 δεῖ

2123 4197 2271 4267 ἡμᾶς
2304 4194 2459 4250 αὐτὸν
2491 4192 2743 4274 δέχεσθαι
2795 4195 2870 4257 ὠς
2927 4196 3087 4252 αὐτὸν
3144 4196 3237 4251 τὸν
3292 4194 3597 4269 πέμποντα.
3658 4196 3775 4252 Τὸν

2126 4284 2219 4338 οὗν
2268 4282 2557 4339 ἐπίσκοπον
2615 4284 2690 4347 ὡς
2753 4282 2914 4339 αὐτὸν
2967 4284 3059 4340 τὸν
3128 4281 3328 4358 Κύριον
3388 4279 3468 4338 δεῖ
3525 4278 3782 4359 προελέ-

2124 4391 2265 4430 πειν.

1638 4481 1792 4547 IDEM,
1824 4480 1986 4551 ibid.,
2021 4480 2117 4538 lib.
2150 4497 2211 4550 ιι,
2241 4497 2364 4552 cap.
2397 4482 2486 4536 67.

436 4590 597 4645 Nihil
626 4594 716 4646 est
738 4605 881 4661 pace
910 4588 1147 4654 melius,
1182 4603 1299 4659 qua
1329 4602 1504 4642 omne
1530 4586 1756 4642 bellum
1778 4586 2006 4642 dirimi-

371 4683 486 4747 tur,
517 4679 609 4733 Ad
637 4678 855 4749 Ephcs.,
887 4693 1009 4748 cap.
1045 4677 1132 4730 13.

2189 4583 2359 4643 Οὐδὲν
2394 4584 2536 4641 ἐστιν
2588 4583 2813 4660 ἄμεινον
2860 4584 3106 4659 εἰρήνης,
3156 4583 3209 4641 έν
3328 4589 3432 4648 πᾶς
3463 4586 3492 4642 6
3523 4583 3786 4660 πόλεμος

2115 4672 2461 4731 καταλύεται.

1647 4783 1801 4852 Iesu,
1835 4781 1992 4851 ibid.,
2028 4784 2124 4838 lib.
2156 4800 2215 4852 ιι,
2247 4800 2368 4853 cap.
2400 4784 2486 4840 19.

442 4892 679 4950 Samuel
709 4908 845 4948 cum
877 4892 1069 4949 adhuc
1114 4907 1327 4963 parvus
1373 4907 1523 4964 puer
1572 4895 1748 4958 esset,
1797 4890 2012 4948 Videns

2191 4890 2251 4946 Ὁ
2277 4887 2542 4961 Σαμουὴλ
2586 4884 2872 4963 παιδάριον
2924 4885 3021 4956 ὢν,
3053 4888 3081 4942 6
3112 4885 3340 4944 Βλέπων
3393 4886 3632 4959 ἐκλήθη,
3683 4891 3785 4946 καὶ

370 4990 459 5037 est
486 4989 746 5051 vocatus,
776 4998 842 5037 ac
873 4982 935 5036 in
958 4981 1381 5052 prophetarum
1404 4996 1653 5036 numero
1675 4984 1763 5037 est
1786 4986 2017 5051 coopta-

371 5078 483 5127 tus.
503 5072 707 5127 Daniel
724 5070 1158 5141 adhucjuveuis
1180 5086 1469 5126 consenes
1492 5070 1779 5141 quosdam
1787 5069 2014 5141 judicio

369 5162 688 5223 damnavit.
722 5176 941 5231 eosque
968 5175 1089 5215 non
1121 5159 1407 5226 seniores,
1441 5158 1544 5214 sed
1575 5157 2018 5231 perditelibidi-

370 5268 545 5307 nosos
577 5267 706 5306 esse
734 5249 1180 5305 demonstravit.
1213 5249 1499 5305 Jeremias
1527 5265 1663 5304 cum
1684 5249 2015 5320 juventutis

371 5357 569 5406 causa,
602 5354 735 5395 eam
767 5354 945 5411 quam
986 5338 1139 5394 Deus
1188 5337 1240 5391 ei
1294 5337 1566 5393 tradebat
1616 5337 2014 5409 prophetandi

372 5430 735 5504 provinciam
760 5431 1080 5496 recusaret,
1097 5445 1130 5484 a
1156 5428 1269 5484 Deo
1293 5427 1398 5483 illa
1415 5426 1607 5483 audit:
1631 5427 1706 5482 Te
1710 5426 2014 5498 juniorem

372 5537 503 5576 esse
525 5536 598 5575 ne
620 5518 829 5574 dicito:
855 5518 928 5573 ad
950 5534 1337 5589 quoscunque
1364 5517 1524 5572 enim
1546 5520 1603 5571 te
1622 5514 1863 5584 misero,
1878 5533 2016 5587 pro-

373 5610 671 5666 iicisceris.
708 5609 986 5665 Salomon
1016 5614 1216 5665 autem
1240 5607 1341 5663 ille
1372 5606 1632 5679 sapiens,
1685 5622 1819 5662 cum
1867 5605 2015 5662 duo-

372 5699 564 5756 decim
583 5698 830 5755 haberet
846 5714 1336 5770 annos,magnam
1360 5697 1747 5769 quaestionem
1764 5695 1837 5752 de
1850 5695 2013 5767 igno-

2123 4980 2201 5047 τῷ
2231 4980 2387 5051 χορῷ
2431 4980 2541 5031 τῶν
2573 4972 2872 5054 προφητῶν
2927 4972 3321 5054 ἐγκατελέχθη.
3384 4975 3590 5045 Δανιὴλ
3645 4979 3784 5041 νέος

2125 5062 2222 5133 ὢν,
2255 5059 2454 5140 ἔκρινεν
2488 5065 2853 5140 όμογέροντάς
2885 5084 3057 5134 τινας,
3090 5061 3262 5134 δείξας
3288 5062 3510 5135 ἐξώλεις
3549 5065 3784 5137 αὐτοὺς,

2126 5155 2187 5209 οὐ
2208 5149 2604 5230 πρεσϐυτέρους
2636 5155 2797 5210 εἶναι.
2839 5153 3101 5228 Ἱερεμίας
3161 5150 3250 5208 διὰ
3300 5154 3363 5209 τὸ
3405 5154 3522 5210 νέον
3571 5175 3791 5232 παραι-

2122 5243 2382 5317 τούμενος
2433 5246 2534 5314 τὴν
2591 5242 3039 5319 έγχειριζομένην
3094 5243 3239 5313 αὐτῷ
3296 5244 3443 5317 παρᾶ
3492 5248 3588 5300 τοῦ
3636 5250 3793 5302 Θεοῦ

2124 5334 2483 5411 προφητείαν,
2520 5332 2728 5388 ἀκοῦει·
2769 5333 2859 5399 Μὴ
2919 5330 3067 5409 λέγε,
3123 5332 3383 5407 νεώτερος
3440 5332 3573 5407 εἶμί·
3633 5331 3800 5392 διότι

2124 5422 2262 5498 πρὸς
2289 5423 2492 5485 πάντας
2520 5421 2615 5483 οὓς
2671 5420 2759 5477 ἐὰν
2819 5417 3164 5492 ἐξαποστελῶ
3214 5440 3292 5489 σε,
3332 5421 3596 5497 πορεύσῃ.
3661 5429 3794 5478 Σα-

2126 5512 2319 5582 λομῶν
2352 5509 2407 5567 δὲ
2438 5513 2466 5567 6
2497 5511 2685 5591 σοφὸς,
2743 5506 3065 5565 δυοκαίδεκα
3102 5510 3396 5585 τυγχάνων
3442 5510 3597 5580 ἐτῶν,
3647 5533 3799 5568 συν-

2124 5605 2225 5667 ἧκε
2254 5600 2316 5655 τὸ
2350 5602 2489 5677 μέγα
2533 5606 2633 5670 τῆς
2682 5597 2954 5674 ἀγνωσίας
3005 5601 3113 5653 τῶν
3178 5601 3447 5673 γυναικῶν
3502 5597 3593 5654 ἐπὶ
3648 5607 3792 5665 τοῖς

2125 5700 2400 5771 σφετέροις
2431 5686 2639 5752 τέκνοις
2696 5688 2941 5761 ζήτημα.
3001 5680 3167 5743 Δαϐἰδ
3199 5688 3228 5742 6
3286 5689 3577 5766 προφήτης
3626 5689 3794 5765 ὁμοῦ
