3972 6306
212 398 274 469 29
1404 410 1780 473 VETERUM
1824 409 2341 474 TES'I‘IMONIA.
3518 412 3598 481 30

210 542 284 599 καὶ
334 541 602 617 βασιλεὺς,
667 539 944 619 μειράκιον
1006 545 1223 620 χρίεται
1286 544 1387 600 ὁπὸ
1448 547 1717 619 Σαμουὴλ
1757 566 1778 602 ε

2025 548 2176 603 tione
2206 545 2527 604 mulierum
2559 563 2677 603 non
2710 547 3157 622 agnoscentium
3204 560 3343 603 suos
3372 547 3593 604 liberos

220 631 430 708 βασιλέα,
1939 638 2019 709 dij
2031 636 2306 693 ndieavit.
2326 637 2508 692 David
2528 637 2820 709 propheta
2836 636 3017 692 simul
3037 640 3096 690 et
3114 650 3218 690 rex
3244 634 3594 692 adolescen-

1942 728 2104 783 tulus
2126 727 2319 783 adhuc
2341 743 2376 782 a
2394 726 2668 783 Samuele
2681 726 2755 782 ad
2777 727 3038 781 futurum
3061 741 3309 797 regnum
3330 726 3591 798 ungitur.

276 813 410 870 Editi
460 815 715 870 Melissa
742 815 958 883 ferunt,
992 814 1107 872 ista
1134 832 1205 871 ex
1231 816 1492 888 Epistola
1520 817 1595 873 ad
1624 818 2028 889 Magnesianos
2048 834 2179 873 esse
2207 817 2543 888 desumpta.
2585 817 2684 871 His
2706 815 2948 887 quidem
2978 816 3099 871 fere
3122 814 3342 871 similia
3361 822 3594 872 exstant

214 903 265 957 in
284 903 525 975 Epistola
556 904 633 960 ad
665 905 1072 977 Magnesianos
1102 905 1478 977 interpolata,
1512 923 1640 979 cap,
1674 908 1726 963 3.
1761 907 1872 963 Sed
1905 908 2029 964 haec
2060 907 2258 979 potius
2287 906 2518 962 videtur
2560 906 2940 977 descripsisse
2973 904 3207 960 Melissa
3231 921 3299 960 ex
3327 905 3592 977 Epistola

214 991 374 1047 Mariis
396 991 690 1048 Castabal.
723 993 998 1065 ascripta,
1029 992 1131 1050 ubi
1162 1010 1314 1067 pene
1343 990 1619 1067 αὑτολεξεί
1648 1000 1971 1052 occurrunt
2006 1012 2175 1068 capp.
2203 996 2237 1050 3
2267 1000 2326 1050 et
2353 997 2407 1050 4.

1767 1130 1993 1186 XXVII.

523 1236 860 1291 Tnnooonus
890 1236 1172 1304 Srumrns,
1204 1237 1496 1294 cateches.
1530 1254 1736 1294 cxxvu.
1769 1241 1854 1294 Ea:
1883 1238 2150 1293 Biblioth.
2178 1239 2286 1293 PP.
2338 1239 2512 1293 Paris.
2557 1243 2690 1292 tom.
2722 1240 2796 1306 II,
2822 1254 2964 1309 pag.
3005 1240 3130 1304 727,
3165 1238 3226 1294 F.

266 1368 532 1424 Συνέπετςιι
587 1365 647 1422 δὲ
730 1368 821 1423 καὶ
888 1370 917 1423 ὁ
975 1369 1247 1449 Θεοφόρος
1325 1370 1583 1446 Ἰγνάτιος
1617 1414 1631 1441 ,
1688 1368 1821 1427 τάδε

2016 1375 2117 1429 Nec
2147 1371 2379 1428 abludit
2413 1377 2473 1427 et
2506 1372 2703 1428 Deifer
2729 1373 3011 1445 Ignatius,
3045 1372 3313 1428 scribens
3343 1374 3404 1428 in
3424 1374 3584 1431 hunc

208 1458 371 1536 λέγων·
446 1456 829 1536 Προφυλάσσω
912 1461 1062 1532 ἡμᾶς
1120 1460 1226 1516 ἀπὸ
1280 1463 1390 1515 τῶν
1448 1458 1655 1533 θηρίων
1710 1464 1776 1515 τᾶ

2011 1477 2216 1517 nsum:
2276 1462 2594 1519 Prmoneo
2643 1478 2735 1518 vos
2790 1462 3263 1530 hominiformium
3309 1465 3579 1534 ferarum,

208 1547 652 1626 ἀνθρωπομόρφων
686 1592 702 1617 ,
785 1546 1089 1623 αἶρετικῶν·
1180 1550 1276 1611 οὖς
1373 1548 1436 1604 οὗ
1520 1550 1685 1621 μόνον
1757 1571 1776 1605 c

2007 1554 2355 1608 ireticorum:
2386 1566 2522 1622 quos
2549 1567 2659 1607 non
2687 1552 2862 1607 solum
2890 1568 3001 1607 non
3031 1552 3323 1607 admittere
3354 1553 3575 1620 debetis,

206 1632 275 1692 δεῖ
321 1636 448 1710 ὒμᾶς
528 1635 987 1716 παραδέχεσθαι,
1045 1636 1174 1694 ἀλλ’
1245 1639 1291 1694 εἰ
1377 1634 1621 1710 δυνατὸν,
1709 1661 1774 1715 μοι

2004 1642 2024 1697 ἰ
2054 1658 2120 1697 ne
2149 1657 2430 1697 occurrere
2448 1642 2693 1712 quidem,
2725 1642 2773 1696 si
2794 1647 2994 1711 potest.
3020 1641 3202 1714 Epist,
3236 1641 3309 1698 ad
3340 1642 3572 1714 Smyrn.

211 1722 257 1779 δὲ
279 1730 531 1796 συναντᾷν.
1698 1748 1707 1755 ‘

1698 1748 1707 1755 ‘
1934 1746 2061 1804 cap.
2097 1733 2151 1787 4.

225 1858 229 1867 ‘
257 1853 793 1924 Interpretationem
823 1854 1004 1927 hujus
1030 1854 1145 1912 loci
1178 1855 1487 1913 meliorem
1520 1856 1688 1913 dabit
1711 1856 2037 1913 Cotelerius
2068 1855 2224 1912 infra
2254 1871 2420 1912 num.
2453 1855 2544 1910 30.

665 1978 820 2035 Iona.
854 1981 913 2034 in
941 1980 1180 2049 lambis,
1212 1997 1364 2037 num.
1406 1984 1495 2038 70.
1528 1984 1617 2038 Ea:
1645 1981 1778 2041 edit.
1807 2000 1935 2055 opp.
1970 1982 2269 2039 Sirmondi
2301 1980 2482 2036 Paris.
2525 1987 2655 2037 tom.
2690 1980 2751 2047 V,
2777 1997 2914 2052 pag.
2948 1983 3074 2038 766.

376 2100 467 2166 Εἰς
491 2101 590 2157 τὸν
624 2102 782 2170 ἅγιον
810 2104 1108 2178 Ἰγνάντιον
1137 2105 1230 2160 τὸν
1262 2104 1553 2185 Θεοφόρον.
1844 2111 1893 2176 Β

1844 2111 1893 2176 Β
2208 2110 2275 2162 1η
2303 2113 2548 2163 sanctum
2580 2109 2861 2177 Ignatium
2896 2109 3293 2180 TheOphorum.

283 2190 448 2265 Ἐχων
473 2186 659 2263 ἔρωτα
683 2192 924 2268 Χριστὸν
955 2191 1009 2248 ἐν
1042 2196 1110 2266 σῇ
1142 2190 1355 2269 καρδίᾳ,

1999 2198 2219 2253 Gerens
2248 2196 2311 2252 in
2341 2196 2461 2253 alto
2493 2196 2707 2252 Christi
2740 2213 3005 2253 amorem
3037 2203 3302 2269 pectore,

280 2277 619 2335 ’Δποστόλων
647 2278 911 2351 σύσκηνος
939 2280 1127 2356 ὤφθης
1153 2281 1483 2358 τρισμάκαρ·

1990 2287 2410 2360 Apostoiorum
2440 2286 2598 2343 visus
2629 2303 2691 2341 es
2721 2285 2863 2341 felix
2891 2303 3092 2342 comes
3126 2303 3138 2341 :

276 2366 480 2432 Ἄθλοις
512 2368 573 2426 δὲ
605 2372 830 2444 θερμοῖς
860 2370 1198 2449 ἐκφλογίζων
1229 2372 1328 2441 τήν
1360 2371 1599 2444 πλάνην,

1991 2379 2264 2433 Errorem
2297 2380 2357 2431 et
2384 2376 2506 2432 acri
2536 2392 2904 2448 persequens
2933 2376 3277 2438 certamine.

278 2457 619 2523 Ἐπιστολαῖς
652 2481 749 2516 σου
785 2460 1004 2527 Παῦλος
1034 2459 1207 2528 ἄλλος
1233 2484 1318 2526 τις
1346 2462 1554 2528 πέλεις.

1990 2467 2188 2523 Alium
2220 2466 2338 2521 tuis
2368 2465 2431 2521 in
2458 2465 2737 2537 Epistolis
2767 2464 3018 2521 Paulum
3048 2464 3257 2521 refers.

1744 2594 1987 2651 XXVIII.

249 2697 473 2753 MIGHAEL
494 2699 838 2770 SYNOELLUS,
870 2700 932 2756 in
961 2702 1203 2758 Encom.
1228 2703 1491 2775 Dionysii
1520 2705 1805 2777 Aeropag.
1837 2705 1921 2759 Ea:
1940 2703 2075 2759 edit.
2098 2718 2227 2773 opp.
2255 2702 2589 2774 Areopagit
2626 2703 2921 2772 Antueip.,
2955 2707 3085 2756 tom.
3107 2703 3182 2768 II,
3201 2716 3336 2772 pag.
3368 2701 3493 2755 233.

252 2820 429 2897 Γράφει
489 2819 547 2877 δὲ
607 2823 696 2878 καὶ
757 2823 786 2879 ὁ
845 2824 989 2887 θεῖος
1038 2825 1308 2890 Ἰννάτιος·
1369 2827 1431 2883 Ὁ
1488 2824 1619 2901 ἐμὸς
1675 2820 1810 2903 ἔρως

2005 2827 2204 2885 Scribit
2221 2827 2381 2883 enim
2404 2831 2463 2882 et
2482 2827 2715 2882 divinus
2746 2827 3007 2899 Ignatius
3031 2843 3044 2881 :
3068 2829 3238 2881 Amor
3256 2841 3404 2881 meus
3420 2830 3573 2882 cruci

196 2904 515 2984 ἐσταύρωται.
572 2916 754 2969 Τοῦτο
815 2913 914 2989 γὰρ
970 2914 1033 2970 τὸ
1082 2915 1248 2987 ρητὸν
1278 2917 1306 2971 ὁ
1338 2916 1604 2992 θεοφόρος
1636 2917 1764 2991 Ἰγνε

2001 2920 2157 2987 νῇωιιε
2181 2923 2279 2972 est.
2334 2918 2454 2972 Hoc
2503 2916 2663 2972 enim
2722 2917 2965 2971 verbum
3015 2914 3252 2970 divinus
3308 2915 3569 2987 Ignatius

192 3016 304 3067 τιος,
334 2998 549 3073 μέλλων
581 2999 637 3056 ἐν
669 3001 861 3077 Ῥώμῃ
897 3009 1243 3078 μαρτυρικῶς
1275 3004 1556 3076 ἀθλήσειν,
1587 3005 1677 3060 καὶ
1698 3026 1759 3060 το

2001 3013 2185 3062 tremo
2218 3007 2506 3079 supplicio
2530 3009 2728 3062 Roma:
2758 3005 3167 3072 dimicaturus,
3201 3020 3269 3059 ac
3295 3003 3569 3060 leonibus

194 3082 349 3141 λέουσι
380 3088 512 3165 βορά
539 3090 683 3146 κατᾶ
704 3091 804 3160 τήν
832 3093 928 3147 τοῦ
974 3093 1235 3169 τυράννου
1265 3096 1533 3168 Τραϊανου
1573 3094 1762 3160 πρόσει

2000 3096 2175 3167 Lperio
2207 3096 2442 3166 Trajani
2488 3094 2664 3167 regis,
2725 3093 2891 3150 cibus
2948 3091 3377 3165 projiciendus,
3410 3092 3568 3148 circa

193 3172 254 3243 ξιν
276 3173 814 3252 παραϐληθήσεσθαι,
834 3181 957 3255 περὶ
979 3183 1042 3237 τὸ
1069 3186 1171 3248 τῆς
1189 3183 1368 3239 ,αὐτοῦ
1397 3182 1707 3260 τυραννείοις
1737 3178 1761 3238 ἕ

2012 3202 2153 3241 num
2185 3185 2349 3259 regni
2393 3185 2579 3257 ipsius
2636 3200 2881 3251 annum,
2944 3182 3318 3240 desmvientis
3364 3187 3572 3238 contra

188 3284 317 3320 νατον
346 3261 479 3336 ἔτος,
509 3268 652 3326 κατά
696 3274 805 3325 τῶν
839 3266 1235 3328 εὐσεϐεστάτων
1268 3276 1613 3349 Χριστιανῶν
1648 3271 1756 3328 διωε

2000 3275 2286 3330 .ristianos
2335 3274 2572 3347 pietatis
2633 3273 3098 3342 amantissimos,
3152 3272 3431 3328 Romanis
3463 3288 3568 3343 per

192 3352 273 3424 μὸν
298 3352 622 3433 ἐγείραντος,
653 3360 952 3433 Ῥωμαίοις
978 3342 1609 3443 ἐπιστέλλωνγέγραφι.

1200 3342 1609 3443 ,λωνυγέγραφι
1764 3342 1775 3349 ’
1852 3342 1894 3407 C
1923 3364 2236 3438 epistolam
2268 3342 2524 3437 scripsit.
2551 3365 2690 3435 Cap.
2718 3366 2768 3419 7.

1788 3471 1982 3530 XXIX.

1235 3580 1495 3646 Puorms,
1532 3579 1806 3651 Biblioth.
1838 3581 1972 3636 Cod.
2004 3596 2191 3650 cn",
2216 3598 2352 3654 pag.
2386 3583 2511 3637 306.

250 3677 393 3755 Δέγει
447 3678 506 3736 δὲ
543 3681 637 3736 καὶ
670 3682 790 3744 sic
839 3682 1134 3745 ἐπιστολὰς
1184 3681 1372 3746 αὒτοῖς
1405 3684 1670 3760 Ἰγνατίου
1716 3690 1817 3740 τοῦ

2005 3689 2199 3746 Refert
2228 3705 2464 3760 quoque
2494 3687 2922 3761 (Polycarpus),
2954 3686 3141 3743 divini
3169 3685 3379 3758 Ignatii
3413 3684 3573 3740 litte-

192 3768 437 3843 Θεοφόρου
493 3769 916 3842 ἀπεσταλκέναι,
964 3772 1054 3828 καὶ
1109 3772 1340 3829 αἲτεῖται
1385 3772 1754 3851 ἁναδιδαχθῆν

2000 3795 2022 3832 s
2056 3777 2130 3832 ad
2152 3777 2287 3832 illos
2317 3776 2767 3847 (Philippenses)
2794 3793 2855 3832 se
2886 3776 3161 3842 misisse;
3192 3773 3568 3847 postulatque

192 3857 295 3928 παρ’
322 3858 516 3930 αὐτῶν,
537 3859 592 3917 εἷ’
615 3882 672 3918 τι
704 3862 827 3937 περὶ
856 3861 1061 3918 ἐκείνου
1092 3859 1454 3922 διακούσαιεν.

2001 3865 2144 3921 rtior
2170 3865 2428 3923 vicissim
2458 3864 2608 3935 ﬁeri,
2642 3864 2691 3920 si
2721 3863 2867 3936 quid
2905 3864 3054 3920 forte
3098 3863 3170 3919 de
3200 3880 3269 3919 eo
3301 3862 3569 3919 inaudie-

1923 3957 2064 4011 rint.

1788 4082 1932 4139 XXX
1944 4120 1959 4140 .

546 4188 638 4243 Ea:
668 4189 879 4244 Comes
908 4187 1086 4244 R3610
1113 4190 1269 4244 1624.
1302 4190 1472 4261 Apud
1500 4190 1844 4246 Οοτιιιειιιιηί
1876 4192 1935 4245 in
1972 4186 2114 4245 Noti:

1610 4206 1844 4246 summa
1876 4192 1935 4245 in
1972 4186 2132 4245 Notis
2158 4189 2232 4243 ad
2257 4203 2380 4258 cap.
2420 4189 2474 4241 4.
2507 4185 2689 4257 Epist.
2722 4183 2795 4239 ad
2824 4183 3178 4254 Smyrnaaos.

369 4326 464 4385 Ἐκ
490 4335 593 4398 τῆς
626 4328 766 4403 πρὸς
815 4330 1155 4405 Σμυρναίους
1186 4331 1399 4406 ΙΙατρὸς
1431 4332 1602 4387 αὐτοῦ

2092 4334 2181 4387 Ea:
2217 4331 2467 4403 Epistola
2494 4330 2567 4385 ad
2593 4330 2902 4399 Smyrnwos
2935 4327 3176 4399 ejusdem
3214 4326 3398 4381 Patris

582 4420 602 4492 [
636 4416 904 4496 Ἰγνατίου
932 4422 1030 4475 τοῦ
1062 4418 1388 4498 Θεοφόρου].

2420 4420 2441 4488 [
2468 4418 2679 4489 Ignatii
2705 4417 3018 4488 Theophori
3046 4417 3086 4488 ].

246 4530 613 4613 Προφυλάσσω
674 4531 734 4590 δὲ
772 4535 914 4607 ὑμᾶς
969 4535 1076 4591 ἀπὸ
1131 4538 1240 4592 τῶν
1291 4534 1497 4613 θηρίων
1529 4537 1810 4613 ἀνθρωπο-

1999 4536 2332 4594 Prasmunio
2372 4539 2571 4592 autem
2628 4551 2729 4590 vos
2777 4539 2986 4589 contra
3039 4533 3195 4588 feras
3246 4531 3567 4587 humanam

438 4622 758 4699 αἰρετικῶν·
795 4605 889 4686 οὕς
922 4624 984 4679 οὐ
1035 4625 1200 4699 μόνον
1252 4625 1314 4681 οὐ
1347 4605 1438 4681 δεῖ
1464 4605 1765 4700 ἡμᾶς-παρι

2002 4642 2175 4682 rmam
2208 4643 2329 4697 prae
2362 4642 2423 4681 se
2454 4624 2748 4681 ferentes:
2784 4639 2932 4694 quos
2962 4638 3082 4677 non
3113 4620 3306 4676 solum
3337 4622 3570 4690 oportet

195 4699 405 4781 δέχεσθαι
439 4755 454 4781 ,
506 4709 640 4767 ἀλλ’
699 4710 746 4767 εἰ
802 4709 1028 4768 δυνατὸν
1114 4710 1255 4786 μηδὲ
1312 4718 1587 4785 συναντᾷν·
1649 4710 1763 4787 μὸνε

2000 4733 2025 4771 s
2055 4731 2176 4770 non
2206 4714 2491 4785 recipere,
2520 4712 2623 4768 sed
2675 4711 2725 4766 si
2774 4710 3058 4782 possibile
3091 4714 3199 4778 est,
3231 4724 3423 4780 neque
3455 4706 3568 4761 ob-

198 4790 240 4850 δὶ
281 4803 680 4879 προσεύχεσθαι
745 4804 879 4879 ὑπὲρ
931 4802 1106 4859 αὐτῶν
1135 4847 1151 4875 ,
1217 4806 1305 4861 ἐάν
1363 4826 1481 4871 πως
1540 4812 1766 4879 μετανοιί

1997 4821 2079 4860 1m
2107 4804 2192 4859 eis
2234 4802 2363 4859 fieri
2390 4818 2403 4869 ;
2438 4801 2629 4856 solum
2661 4817 2797 4855 vero
2839 4816 2944 4871 pro
2975 4798 3120 4870 ipsis
3148 4814 3339 4866 orare,
3372 4796 3421 4852 si
3451 4812 3565 4867 quo

198 4904 350 4948 σωσιν.

1967 4893 2104 4950 ιοᾱο
2134 4890 2540 4965 paenitentiam
2572 4893 2765 4961 agant.
2798 4889 2906 4944 Ad.
2940 4889 3187 4957 Smyrn,
3215 4902 3337 4956 cap.
3379 4888 3431 4939 4.
3532 4926 3535 4929 λ

249 4979 444 5040 Eadem
476 4984 674 5041 ferme
708 4984 922 5040 recitat
948 4985 1288 5042 Theodorus
1323 4986 1602 5056 Studites,
1631 4989 1699 5042 ut
1725 4983 1902 5042 modo
1959 4983 2253 5041 vidimus:
2312 4977 2470 5052 apud
2500 4994 2699 5049 quem,
2732 4976 2885 5033 sicut
2913 4981 2971 5033 et
3001 4976 3116 5043 hic,
3148 4971 3428 5050 a'lpetmi'ov
3479 4978 3571 5032 est

193 5068 489 5144 explicatio,
530 5090 660 5130 non
685 5076 884 5129 textus
909 5089 1067 5145 pars,
1099 5078 1382 5131 monente
1409 5074 1492 5130 Cl.
1538 5074 1851 5133 Cotelerio.

1777 5200 1967 5257 XXXI.

191 5297 265 5355 11m
288 5306 460 5364 Zomu
489 5306 787 5364 Jacobita.
823 5307 938 5363 llib.
971 5307 1267 5365 Adversus
1297 5309 1862 5382 Eutychen,_ca_p.q4.
1896 5308 1983 5363 Ea:
2011 5322 2109 5362 ms.
2142 5306 2261 5362 cod.
2294 5304 2542 5382 Arabico,
2573 5302 2872 5370 interprete
2918 5297 3019 5353 Ed.
3054 5297 3387 5366 ,Bernardo,
3421 5298 3571 5368 apud

725 5404 745 5415 ο
1266 5378 1542 5437 ΡΕΑιιὲοΝ.
1583 5380 1748 5436 Vind.
1780 5380 1964 5452 lgnat.
1998 5383 2152 5450 part.
2184 5394 2224 5432 ι.
2256 5392 2381 5446 cap.
2414 5378 2468 5429 2.

248 5483 380 5540 Dicit
405 5488 672 5560 lgnatius
704 5484 1048 5557 patriarcha
1075 5488 1491 5543 Antiochensis
1522 5488 1733 5543 tertius
1759 5504 1793 5543 ει
1820 5488 1993 5542 Petro
2024 5483 2313 5558 apostolo,
2346 5483 2408 5538 in
2427 5479 2688 5553 Epistola
2714 5494 2820 5533 sua
2844 5478 2917 5533 ad
2947 5477 3336 5549 Smyrnenses
3360 5491 3375 5542 ;
3407 5475 3569 5544 dicit,

201 5565 442 5643 inquam:
485 5579 552 5633 Et
584 5592 682 5632 vos
712 5581 881 5631 estote
931 5579 1184 5646 persuasi
1212 5576 1273 5631 in
1303 5579 1535 5632 Domino
1591 5582 1774 5633 nostra
1821 5578 1948 5632 Jesu
2005 5575 2241 5641 Christo,
2299 5576 2397 5644 qui
2452 5589 2521 5627 ea:
2566 5573 2767 5628 semine
2823 5568 3047 5625 Davidis
3067 5565 3358 5636 prophetae
3390 5564 3572 5635 quoad

202 5673 382 5734 Cm'pus,
411 5674 467 5722 at
497 5666 682 5723 Filius
712 5666 817 5720 Det
845 5666 907 5720 in
936 5666 1167 5721 veritate
1191 5669 1328 5739 ejus,
1361 5674 1525 5722 natus
1576 5682 1645 5722 ea:
1675 5664 1864 5722 Maria
1918 5666 2152 5737 virgine,
2186 5670 2238 5720 et
2271 5664 2577 5735 baptizatus
2607 5678 2641 5716 a
2669 5662 2900 5729 Joanne,
2932 5664 2985 5714 et
3013 5653 3308 5725 cruciﬁxus
3342 5662 3572 5726 propter

203 5761 276 5806 nos
300 5755 387 5809 sub
408 5759 771 5828 praefectura
798 5755 986 5810 Pontii
1023 5756 1213 5813 Pilati.
1247 5756 1335 5814 Ad
1366 5757 1599 5829 Smyrn.
1632 5771 1762 5828 cap.
1798 5758 1846 5811 1.
