3972 6306
353 366 428 427 31
1433 363 1500 427 S.
1544 363 1948 428 IGNATIUS.
1995 396 2074 407 —
2116 362 2725 428 PROLEGOMENA.
3691 361 3780 426 32

1834 501 1838 504 ’
1897 502 2052 570 Ιωιιι,
2083 500 2222 558 ibid.

427 615 500 668 Et
527 613 672 670 dicit
699 613 879 669 etiam
908 613 1211 687 (Ignatius)
1244 612 1307 668 in
1349 611 1610 686 Epistola
1641 629 1748 670 sua
1785 611 1859 668 ad
1888 611 2318 669 Antiochenses
2343 627 2357 666 :
2389 613 2494 677 Qui
2523 611 2704 667 credit
2758 625 2906 668 nunc
2954 611 3014 666 in
3044 609 3280 676 Christo,
3313 615 3368 665 et
3393 624 3503 665 non
3531 609 3593 664 in
3620 607 3778 664 obla-

357 703 500 756 tione
529 717 630 757 sua
658 702 786 773 (esse
815 701 958 771 eum)
987 702 1190 756 Filium
1223 701 1319 756 Dei
1363 702 1625 756 creatoris
1668 701 1884 770 mundi,
1917 701 2167 772 dicetque
2195 700 2343 770 quod
2371 705 2446 754 est
2495 697 2610 752 illic
2653 699 2802 768 filius
2858 696 3028 766 alius,
3081 704 3134 752 et
3189 698 3476 753 substituet
3502 713 3624 752 eum
3657 697 3777 751 loco

353 791 495 860 ejus,
529 791 596 847 de
626 807 732 862 quo
761 792 1054 846 vaticinati
1081 796 1212 845 sunt
1237 790 1546 862 propheta,
1572 806 1840 862 quemque
1861 790 2252 862 praedicarunt
2280 787 2563 858 discipuli,
2585 789 2876 858 palatium
2901 793 2979 844 est
3024 785 3255 843 diaboli.
3297 788 3382 842 Ex
3411 785 3596 858 Epist.
3629 800 3781 858 sup-

357 881 534 954 posit,
567 881 642 937 ad
673 881 1048 948 Antiochen.,
1077 897 1205 953 cap.

1003 1246 1570 1371 ISAACI
1685 1245 2144 1369 VOSII
2231 1241 3129 1368 ΡΗλἘΡΑΤΙΟ

1295 1467 1426 1562 ΙΝ
1467 1465 2152 1563 EPISTOLAS
2215 1465 2310 1561 S.
2370 1465 2834 1562 IGNATII

535 1677 679 1740 Quas
701 1676 922 1746 primus
951 1675 1012 1730 in
1043 1675 1214 1730 lucem
1242 1673 1445 1731 extulit
1473 1673 1891 1745 Amstelodami,
1945 1690 2094 1730 anno
2124 1673 2282 1742 1646»,
2331 1676 2482 1746 iit-4,
2512 1691 2584 1730 ea:
2611 1675 2797 1732 codice
2827 1690 2924 1731 ms-
2960 1673 3300 1730 bibliothecae
3326 1673 3576 1731 Medicae.

431 1843 516 1900 Ita
543 1848 651 1912 est,
706 1843 896 1899 lector
943 1843 1394 1911 humanissime,
1442 1843 1602 1916 quod
1633 1853 1689 1899 et
1720 1849 1782 1899 tu
1815 1849 1873 1900 et
1901 1861 2004 1918 ego
2035 1845 2088 1912 Α
2119 1849 2392 1916 testatur,
2442 1859 2578 1900 eum
2635 1844 2757 1900 ait:
2805 1841 3114 1919 Ἑγράψατέ
3176 1861 3270 1915 μοι
3325 1840 3416 1896 καὶ
3474 1839 3787 1916 insigni

361 1935 578 2005 saepius
607 1933 1134 1990 animadvertimus
1159 1950 1172 2000 ;
1217 1934 1426 1990 omnia
1473 1933 1592 2004 illa,
1625 1949 1755 2004 quas
1784 1934 1876 1990 vel
1905 1951 2011 1990 na-

359 2028 494 2079 tura
523 2023 841 2087 efﬁnxerit,
873 2022 966 2078 vel
1010 2029 1135 2079 arte
1200 2023 1324 2078 sint
1378 2021 1682 2090 fabricata,
1714 2023 1881 2078 illam
1912 2024 2014 2080 ha-

356 2113 502 2168 bent
531 2113 965 2180 conditionem,
997 2118 1064 2167 ut
1092 2129 1223 2183 quae
1251 2111 1313 2167 in
1341 2128 1556 2184 genere
1591 2128 1696 2166 suo
1731 2113 1850 2168 sint
1877 2128 2012 2184 per-

351 2202 620 2271 fectiora,
645 2206 864 2272 quanto
892 2201 1114 2257 diutius
1137 2206 1195 2256 et
1216 2200 1500 2257 attentius
1514 2201 2009 2274 contemplemur,

355 2299 520 2350 tanto
536 2293 786 2366 pulchra
803 2292 988 2366 magis
1005 2291 1412 2364 etartiﬁciosa,
1437 2293 1794 2348 intuentium
1829 2292 2014 2348 oculis

357 2399 486 2438 sese
519 2385 790 2438 offerant.
821 2381 1027 2438 Simile
1067 2381 1209 2452 quid
1239 2381 1386 2436 mihi
1445 2381 1642 2457 evenit
1671 2382 1732 2436 in
1761 2382 2007 2454 Ignatio,

359 2473 530 2543 cujus
561 2488 868 2542 nunquam
898 2471 1193 2542 Epistolas
1222 2470 1428 2543 relegi,
1459 2471 1604 2542 quin
1635 2487 1872 2542 semper
1890 2469 2010 2526 ali-

358 2561 503 2634 quid
533 2561 687 2628 novi,
721 2577 837 2632 quo
869 2560 1057 2633 magis
1110 2577 1241 2616 sese
1273 2560 1420 2616 mihi
1450 2559 1793 2632 probarent,
1825 2561 1888 2614 in
1936 2559 2008 2615 iis

356 2649 891 2722 deprehenderim:
929 2649 1182 2720 quoties,
1237 2649 1502 2720 inquam,
1535 2647 1673 2704 illas
1704 2648 1765 2704 in
1797 2665 2008 2704 manus

351 2738 672 2810 resumpsi,
707 2737 881 2792 toties
907 2735 1136 2808 aliquid
1164 2737 1459 2808 apparuit,
1491 2736 1649 2792 unde
1679 2735 2006 2808 genuinum

350 2829 648 2902 potuerim
674 2844 993 2902 agnoscere
1025 2827 1374 2900 scriptorem
1401 2845 1415 2896 ;
1445 2844 1606 2884 nunc
1637 2827 1878 2900 elegans
1902 2825 2007 2881 illa

351 2919 726 2991 simplicitas,
762 2923 820 2974 et
850 2918 1068 2974 saeculo
1099 2934 1216 2990 quo
1239 2917 1384 2972 vixit
1413 2917 2002 2984 convenientissima,

354 3025 514 3066 nunc
553 3025 750 3065 rerum
784 3013 844 3064 et
873 3007 1190 3064 verborum
1247 3007 1472 3079 passim
1523 3013 1580 3062 et
1609 3007 1830 3078 ubique
1861 3022 2002 3062 con-

353 3099 626 3173 gruentia
653 3115 722 3154 ac
743 3098 957 3152 veritas
983 3115 997 3167 ;
1021 3113 1181 3152 nunc
1209 3095 1368 3152 zelus
1399 3102 1458 3152 et
1487 3095 1754 3168 martyrii
1788 3095 2001 3166 fervor,

353 3189 455 3261 qui
485 3204 620 3244 cum
650 3187 815 3253 alibi,
851 3192 974 3242 tum
1009 3185 1267 3241 maxime
1300 3186 1361 3240 in
1391 3185 1654 3256 Epistola
1683 3185 1756 3240 ad
1791 3187 2001 3241 Roma-
2034 3213 2082 3279 B

355 3295 463 3333 nos
493 3276 719 3343 elucet;
753 3275 955 3330 omnia
984 3273 1241 3345 denique
1282 3279 1583 3330 auctorem
1618 3290 1792 3330 suum
1821 3279 2002 3330 testa-

355 3367 592 3422 bantur.
623 3365 747 3429 Quo
779 3363 965 3436 magis
1013 3363 1198 3418 miror
1245 3362 1448 3430 fuisse,
1491 3363 1592 3435 qui
1620 3380 1741 3419 non
1772 3367 2004 3420 tantum

361 3457 637 3528 negarent
649 3451 927 3524 epistolas
940 3453 1047 3508 has
1059 3468 1190 3507 esse
1203 3452 1410 3524 lgnatii
1427 3453 1529 3508 sed
1542 3469 1652 3508 nec
1665 3451 2006 3508 dubitarent

356 3545 653 3601 afﬁrmare
676 3541 844 3597 illum
875 3541 1072 3597 nullas
1093 3541 1338 3597 omnino
1370 3542 1698 3614 scripsisse.
1726 3544 1852 3598 Non
1884 3543 2003 3598 alio

355 3634 416 3690 id
429 3635 777 3706 argumento
791 3631 1147 3704 persuadere
1163 3631 1738 3704 conabantur,quam
1757 3649 1828 3687 eo
1847 3632 2007 3704 quod

355 3725 628 3782 dicerent
646 3723 948 3780 neminem
970 3728 1258 3790 veterum,
1281 3727 1419 3778 ante
1449 3722 2006 3791 Eusebium,earum

359 3815 724 3872 meminisse.
754 3815 900 3870 Nam
929 3812 1254 3868 sententias
1283 3829 1416 3885 qua)
1435 3811 1594 3883 apud
1625 3811 1918 3868 Irenaaum
1948 3815 2010 3868 et

360 3905 673 3978 Origenem
695 3907 1014 3970 exstarent,
1041 3919 1140 3958 eas
1161 3919 1261 3958 ore
1284 3901 1724 3974 pronuntiasse,
1757 3917 1880 3957 non
1899 3917 2008 3958 au-

361 4002 481 4052 tem
505 4013 576 4052 ex
597 3995 862 4068 epistolis
885 3994 1013 4066 ejus
1035 4009 1164 4050 esse
1186 3993 1400 4066 petitas
1424 4009 1438 4047 :
1471 4009 1589 4048 non
1623 3991 2008 4048 attenderunt

356 4087 464 4141 viri
493 4084 823 4142 doctissimi
854 4083 926 4140 ad
959 4101 1097 4140 eum
1128 4082 1397 4156 Origenis
1434 4082 1652 4148 locum,
1686 4082 1786 4154 qui
1818 4085 2009 4138 exstat

359 4174 568 4231 homil.
601 4191 650 4228 v1
680 4173 743 4228 in
774 4175 1022 4228 Lucam:
1075 4171 1226 4228 Unde
1281 4172 1562 4241 eleganter
1604 4173 1666 4224 in
1718 4171 2005 4241 cujusdam

362 4264 624 4333 martyris
660 4261 894 4334 epistola
921 4261 1123 4330 reperi,
1183 4261 1464 4330 Ignatium
1510 4258 1636 4316 dico
1690 4260 2006 4330 episcopum

361 4352 687 4419 Antiochia},
711 4356 838 4422 post
865 4351 1092 4405 Petrum
1113 4349 1411 4405 secundum
1430 4366 1454 4413 ;
1483 4351 1580 4420 qui
1598 4351 1660 4404 in
1672 4351 2008 4420 persecutio-

359 4457 428 4498 ne
457 4443 638 4496 Romae
659 4441 936 4512 pugnavit
983 4439 1058 4494 ad
1101 4440 1298 4494 bestias
1319 4455 1338 4492 :
1385 4460 1414 4489 «ς
1446 4439 1759 4508 Principem
1813 4434 2008 4495 seculi

360 4530 527 4601 hujus
558 4531 726 4587 latuit
752 4530 1048 4599 virginitas
1101 4528 1322 4595 Mariae,
1353 4547 1381 4578 »
1444 4531 1556 4584 etc.
1602 4527 1714 4582 Sed
1742 4525 1818 4582 ad
1847 4525 2004 4582 anti-

2121 1935 2408 2008 Ἰγνάτιος.
2444 1935 2778 2006 Supervixit
2805 1939 3005 1991 autem
3035 1934 3262 2006 Ignatio
3294 1933 3653 2006 Polycarpus
3675 1949 3788 1990 an-

2123 2025 2218 2080 nis
2249 2025 2384 2097 plus
2415 2025 2612 2080 minus
2643 2025 2967 2098 sexaginta.
2995 2023 3098 2079 Hic
3120 2024 3270 2097 jam,
3301 2039 3464 2097 rogo,
3498 2039 3782 2094 quasnam

2121 2115 2242 2170 veri
2301 2120 2391 2170 est
2411 2113 2736 2170 similitudo
2793 2118 2877 2182 ut,
2935 2113 3260 2186 Polycarpo
3317 2112 3568 2180 vivente,
3619 2126 3780 2168 vera)

2123 2205 2249 2260 istae
2269 2203 2479 2276 lgnatii
2503 2202 2770 2274 epistola:
2792 2193 3014 2257 fuerint
3044 2207 3465 2274 suppressm,et
3483 2200 3614 2257 aliae
3632 2217 3782 2272 sup-

2122 2293 2330 2366 positas
2351 2292 2379 2347 ‘2
2409 2290 2688 2362 Nunquid
2715 2307 2814 2346 eas
2835 2291 3098 2363 perdidit
3125 2290 3507 2363 Polycarpus,
3535 2294 3599 2344 ut
3621 2305 3777 2362 opus

2119 2383 2300 2438 fuerit
2342 2381 2489 2436 alias
2532 2381 2912 2452 excogitare?
2957 2382 3087 2436 Non
3129 2387 3270 2453 puto
3301 2395 3659 2451 quemquam
3686 2379 3780 2436 ita

2119 2472 2244 2528 fore
2276 2469 2617 2538 ridiculum,
2638 2475 2705 2525 ut
2731 2469 2876 2526 talia
2904 2469 3133 2542 probet.
3165 2471 3292 2526 Jam
3317 2485 3496 2542 pergo
3522 2485 3536 2524 :
3565 2469 3623 2523 Si
3651 2469 3772 2523 Po-

2115 2560 2390 2633 lycarpus
2434 2577 2534 2617 eas
2565 2561 2858 2616 habuerit.
2891 2561 3098 2632 utique
3138 2561 3377 2617 easdem
3409 2559 3617 2616 habuit
3644 2560 3782 2615 Ire-

2116 2670 2303 2721 nmus,
2337 2652 2467 2724 ejus
2516 2653 2866 2726 discipulus,
2918 2653 3020 2726 qui
3049 2653 3182 2709 illas
3212 2653 3430 2710 citavit.
3475 2655 3778 2709 Irenaaum

2116 2743 2336 2814 excipit
2361 2743 2663 2816 Origenes,
2687 2744 2858 2816 cujus
2872 2743 3000 2816 jam
3049 2743 3227 2799 verba
3267 2743 3546 2799 vidimus.
3581 2745 3770 2798 Nemo

2114 2837 2335 2900 autem,
2359 2837 2523 2904 puto,
2547 2833 2643 2899 sit,
2673 2831 2773 2904 qui
2807 2831 3106 2888 existimet
3127 2833 3388 2888 diversas
3408 2831 3590 2887 fuisse
3603 2833 3778 2906 Igna-

2113 2921 2180 2975 tii
2213 2921 2494 2994 epistolas
2517 2922 2735 2994 quibus
2757 2938 2902 2978 usus
2925 2928 3014 2977 est
3030 2923 3334 2996 Origenes,
3367 2921 3440 2978 ab
3471 2921 3592 2977 illis
3617 2939 3774 2994 quas

2115 3009 2254 3066 citat
2281 3009 2589 3068 Eusebius.
2641 3011 2982 3074 Eusebium,
3023 3018 3355 3083 sequuntur
3382 3011 3772 3084 Athanasius,

2113 3099 2528 3173 Hieronymus,
2573 3101 3048 3172 Chrysostomus,
3101 3100 3524 3170 Theodoretus,
3556 3100 3772 3157 Antio-

2113 3189 2360 3256 chenus,
2395 3191 2815 3258 Damascenus,
2846 3190 3110 3254 Photius,
3164 3195 3223 3246 et
3274 3190 3579 3246 innumeri
3609 3189 3710 3246 alii
3753 3207 3770 3261 ;

2113 3278 2215 3351 qui
2246 3295 2452 3334 omnes
2483 3280 2574 3334 usi
2608 3284 2751 3334 sunt
2775 3279 3117 3336 testimonio
3152 3280 3358 3354 lgnatii
3381 3319 3396 3346 ,
3427 3285 3486 3334 et
3515 3280 3598 3335 ita
3629 3281 3770 3352 qui-

2111 3367 2268 3432 dem,
2292 3373 2359 3424 ut
2387 3385 2699 3440 nunquam
2731 3385 3080 3440 aquoquam
3107 3369 3262 3424 inter
3290 3369 3659 3441 apocryphos
3685 3369 3775 3426 sit

2111 3457 2335 3512 relatus
2360 3475 2374 3524 ;
2409 3457 2565 3528 quod
2585 3463 2785 3512 tamen
2807 3474 2882 3513 ne
2915 3457 3050 3512 novi
3076 3457 3318 3528 quidem
3345 3456 3600 3513 Fmderis
3623 3456 3770 3514 libri

2113 3547 2370 3620 effugere
2428 3563 2636 3602 omnes
2679 3549 3016 3618 potuerunt.
3077 3546 3222 3600 Cum
3280 3545 3480 3617 itaque
3513 3545 3606 3600 hic
3637 3561 3771 3603 non

2111 3637 2504 3707 interruptam
2565 3635 2894 3691 habeamus
2951 3635 3168 3690 seriem
3223 3651 3453 3705 eorum,
3493 3633 3596 3704 qui
3652 3633 3769 3691 has

2113 3723 2395 3796 epistolas
2424 3723 2900 3795 approbaverunt
2925 3739 2940 3779 :
2964 3739 3086 3778 non
3106 3723 3276 3780 video
3299 3740 3414 3794 quo
3445 3736 3769 3796 argumen-

2114 3818 2172 3869 to
2203 3813 2550 3884 Opinionem
2583 3827 2748 3868 suam
2789 3811 3146 3868 conﬁrmare
3181 3811 3433 3884 possint,
3464 3810 3567 3882 qui
3596 3809 3769 3867 aliud

2112 3903 2398 3959 sentiunt.
2417 3903 2604 3958 Lectae
2635 3907 2776 3958 sunt
2794 3901 3083 3958 hactenus
3099 3902 3308 3975 lgnatii
3331 3899 3734 3973 epistolae,pro
3746 3932 3769 3944 -

2109 3998 2178 4049 ut
2191 3992 2264 4048 ab
2294 3991 2716 4064 interpolatore
2736 3991 2976 4048 fuerant
2987 3997 3278 4062 corruptos
3305 4008 3320 4048 :
3337 3996 3398 4046 et
3413 3995 3614 4047 tamen
3635 4005 3770 4048 non

2112 4081 2374 4151 defuere,
2397 4082 2496 4153 qui
2517 4081 2729 4154 judicii
2752 4081 3071 4138 acrimonia
3099 4081 3278 4136 etiam
3310 4095 3516 4136 verum
3545 4079 3607 4134 in
3637 4077 3770 4136 illis

2111 4170 2559 4243 deprehendere
2589 4169 2912 4242 potuerint.
2943 4169 3217 4226 Ostendit
3243 4169 3356 4226 hoc
3386 4169 3531 4225 satis
3561 4185 3774 4240 super.

2113 4277 2228 4332 que
2256 4259 2344 4314 vir
2373 4276 2642 4316 summus
2688 4259 2953 4316 Andreas
2983 4258 3248 4316 Rivetus.
3296 4260 3476 4314 Veras
3496 4257 3627 4330 jam
3657 4273 3771 4312 ex-

2110 4348 2286 4405 hibeo
2318 4352 2377 4404 et
2404 4347 2714 4421 genuinas,
2747 4349 2807 4404 et
2836 4347 3193 4404 testimoniis
3223 4347 3606 4418 antiquorum
3633 4345 3774 4406 ubi-

2113 4455 2226 4510 que
2257 4441 2691 4510 congruentes;
2751 4453 2821 4492 eo
2862 4437 2992 4508 jam
3032 4437 3402 4508 confugiunt,
3428 4439 3496 4492 ut
3543 4444 3775 4509 negent

2117 4535 2438 4600 martyrem
2469 4527 2636 4582 illum
2670 4527 2952 4599 epistolas
2983 4528 3311 4600 scripsisse.
3345 4525 3459 4583 Sed
3485 4525 3774 4588 fruantur

363 4577 525 4601 ""Jm
558 4577 721 4587 ”⁷“’⁷”
758 4577 822 4584 ⁷⁷⁷
841 4577 1046 4599 δ““““ν
1101 4577 1206 4584 “““’“
1229 4577 1322 4595 ’π’
1354 4577 1359 4578 ⁷
1449 4577 1556 4584 *⁷⁷⁷
1603 4577 1714 4582 ’“”“’“
1745 4577 1818 4582 “”’”
1851 4577 1971 4582 “⁷““”’
2117 4577 2236 4586 “”*”’
2254 4577 2330 4600 *εἴ*
2349 4577 2438 4583 “““-
2469 4577 2636 4582 ”“”“-“
2675 4577 2949 4599 *τ’-*⁷⁷η*
2983 4577 3311 4600 -ν--ι--·”-’·
3347 4577 3459 4583 ⁷⁷*-
3487 4577 3528 4581 ’“
3548 4577 3764 4588 *ἡν-⁵*

363 4619 573 4691 quiora
601 4617 925 4686 veniamus,
950 4635 1066 4688 quo
1089 4617 1275 4690 magis
1295 4620 1577 4690 appareat
1599 4615 1923 4686 antiquitas
1944 4621 2004 4671 et
2031 4577 2077 4642 C
2116 4617 2202 4674 illi
2235 4618 2518 4690 opinione
2549 4633 2678 4684 sua,
2713 4621 2906 4673 certus
2937 4634 3069 4674 sum
3100 4635 3320 4692 paucos
3362 4618 3606 4674 omnino
3633 4617 3774 4676 fore

361 4709 581 4764 veritas
608 4707 820 4781 lgnatii
851 4705 1058 4776 nostri,
1094 4711 1154 4762 et
1177 4721 1342 4762 error
1385 4722 1591 4762 eorum
1623 4705 1725 4777 qui
1770 4709 2004 4760 contra-

357 4798 515 4854 rium
535 4797 1064 4855 statuunt.Primus
1085 4797 1285 4868 itaque
1306 4795 1408 4868 qui
1429 4812 1635 4852 earum
1666 4793 2008 4851 meminerit

365 4888 416 4943 is
445 4892 535 4943 est
561 4876 920 4959 Polycarpus
952 4892 1174 4958 martyr
1201 4887 1262 4940 in
1283 4885 1546 4958 Epistola
1565 4885 1637 4942 ad
1668 4884 2004 4958 Philippen-

364 4993 496 5044 ses;
530 4977 908 5048 cujus'verba
927 4977 1051 5032 haec
1070 4981 1210 5032 sunt
1232 4991 1246 5043 ;
1269 4975 1380 5036 Τὰς
1411 4971 1708 5034 ἐπιστολὰς
1741 4972 2006 5046 Ἰγνατιου

361 5064 454 5125 τὰς
477 5064 812 5140 πεμφθείσας
843 5065 975 5135 ἡμῖν
1007 5063 1096 5118 ὐπ’
1135 5065 1322 5133 αὐτοῦ,
1351 5063 1440 5118 καὶ
1473 5059 1648 5122 ἄλλας
1679 5059 1807 5122 ὅσας
1841 5058 2004 5140 εἴχο-

368 5172 462 5224 μεν
517 5153 644 5226 παρ’
673 5153 830 5224 ἡμῖν,
867 5149 1185 5226 ἐπέμψαμεν
1239 5152 1389 5224 ὑμῖν,
1437 5149 1619 5212 καθὼς
1650 5147 2004 5220 ὲνετείλασθε,

363 5239 562 5304 αἵτινές
593 5241 1016 5316 ὑποτεταγμέναι
1070 5241 1171 5296 εἱσι
1219 5244 1289 5315 τῇ
1320 5237 1588 5314 ἐπιστολῇ
1618 5237 1814 5314 ταύτῃ,
1845 5237 1896 5310 ἐξ
1930 5239 2007 5294 ὧν

367 5328 577 5404 μεγάλα
629 5328 982 5410 ὠφεληθῆναι
1041 5327 1350 5400 δυνήσεσθε.
1404 5325 1732 5407 Περιέχουσι
1777 5326 1881 5404 γὰρ
1911 5325 2004 5383 πε-

363 5440 476 5475 στιν
507 5419 597 5475 καὶ
629 5419 930 5493 ὑπομονήν,
962 5417 1052 5474 καὶ
1083 5424 1260 5473 πᾶσαν
1315 5413 1616 5489 οἰκοδομὴν
1672 5417 1774 5486 τὴν
1807 5415 1882 5480 εἷς
1911 5416 2006 5472 τὸν

362 5509 568 5584 Κύριον
595 5511 756 5581 ἡμῶν
786 5510 1113 5580 ἀνήκουσαν.
1144 5508 1328 5564 Nemo
1351 5507 1481 5580 jam
1515 5508 1706 5581 possit
1735 5507 2006 5565 dubitare

363 5603 507 5674 quin
529 5603 890 5675 Polycarpus
912 5601 1023 5658 iste
1051 5599 1260 5673 lgnatii
1293 5597 1566 5655 habuerit
1587 5598 1886 5672 epistolas,
1911 5601 2006 5656 cui

365 5691 543 5748 etiam
585 5709 766 5750 unam
812 5709 883 5747 ex
931 5689 1052 5746 illis
1084 5693 1311 5762 septem
1343 5688 1668 5761 inscripsit,
1691 5689 1850 5760 quod
1879 5688 2008 5762 ipse

2117 4707 2218 4779 qui
2250 4723 2385 4763 cum
2425 4705 2572 4778 ipsis
2621 4706 2921 4776 sentiant,
2952 4707 3055 4778 qui
3085 4723 3223 4764 vero
3252 4705 3316 4762 id
3345 4722 3481 4764 cum
3527 4707 3772 4767 ratione

2113 4796 2312 4861 faciat,
2343 4796 2669 4852 neminem.
3455 4785 3458 4789 l

2185 4885 2351 4952 Quod
2378 4890 2577 4942 autem
2607 4903 2757 4958 pura
2783 4903 3180 4962 germanaque
3190 4888 3321 4960 jam
3339 4889 3533 4962 legere
3563 4889 3770 4960 possis

2116 4975 2336 5048 scripta
2356 4974 2481 5031 haec
2502 4975 2825 5048 lgnatiana,
2846 4975 3131 5034 benevole
3148 4978 3356 5048 lector,
3379 4977 3766 5039 bibliotheca

2081 5063 2389 5122 ‘Mediceoa
2439 5064 2659 5123 debes:
2692 5065 2872 5122 debes
2917 5068 3300 5124 serenissimo
3331 5068 3587 5140 principi
3620 5069 3775 5126 Fer-

2117 5153 2378 5210 dinando
2407 5154 2481 5221 ll,
2522 5171 2736 5227 magno
2765 5156 2982 5212 Eturiae
3013 5156 3170 5221 duci,
3203 5157 3376 5230 cujus
3422 5156 3776 5217 incredibili

2101 5259 2256 5318 erga
2280 5243 2476 5301 studia
2504 5260 2728 5314 amore,
2759 5245 2999 5318 inclytae
3029 5246 3160 5318 ejus
3206 5245 3584 5302 bibliothecaa
3615 5247 3778 5309 mihi

2117 5333 2365 5405 contigit
2392 5349 2594 5402 usura,
2640 5337 2698 5390 et
2738 5349 2845 5406 per
2872 5332 3027 5390 hanc
3058 5335 3396 5408 Ignatianus
3425 5333 3548 5402 ille,
3583 5352 3776 5408 quem

2118 5423 2348 5491 damus,
2363 5423 2714 5480 Thesaurus.
2737 5423 2972 5480 Utinam
2985 5441 3120 5480 vero
3139 5424 3224 5480 sic
3237 5423 3336 5480 alii
3351 5441 3588 5498 quoque
3605 5426 3779 5498 prin-

2118 5512 2278 5584 cipes
2307 5511 2552 5569 animati
2579 5511 2794 5578 forent,
2843 5527 2954 5568 nec
3005 5513 3270 5586 plerique
3323 5514 3480 5572 avari
3510 5513 3660 5570 adeo
3693 5515 3779 5576 iis

2115 5601 2374 5674 pretium
2407 5605 2756 5666 statuerent,
2801 5603 2972 5672 quasi
3003 5600 3230 5675 aliquid
3281 5603 3404 5660 suis
3449 5601 3520 5660 de
3551 5603 3778 5676 opibus

2110 5687 2503 5758 detereretur,
2513 5687 2562 5744 si
2575 5687 2712 5749 libri
2723 5687 2960 5762 publice
2975 5691 3173 5764 potius
3183 5689 3360 5747 utiles
3377 5689 3777 5766 forentquam
