3972 6306
253 393 333 453 33
1428 388 1490 447 J.
1534 386 1604 447 Β.
1648 385 2066 448 COTELERII
2111 384 2510 449 JUDICIUM.
2760 416 2763 417 ν
2840 410 2847 417 °
3595 395 3674 456 34

249 523 455 582 blattis
478 521 742 579 ettineis
761 520 1113 579 absumendi
1134 519 1609 593 relinqueretur;
1632 519 1693 575 hi
1719 520 1903 588 enim,
1936 523 1990 590 Α
2021 519 2308 591 Paganini
2342 519 2679 589 Gaudentii,
2713 520 2815 593 qui
2871 523 3068 580 favore
3121 538 3250 595 suo,
3294 541 3362 581 eo
3391 541 3489 582 me
3518 527 3677 599 apud

256 630 380 671 non
399 630 525 669 sum
551 612 879 684 quidquam
903 610 1101 682 gloria)
1133 609 1486 674 adimerent.
1519 610 1568 666 si
1600 609 1913 666 serenissi-

263 702 344 759 mi
370 702 665 775 principis
713 700 1052 770 exemplum
1098 700 1545 756 aemularentur.
1596 701 1786 770 Atque
1818 698 1914 753 hic

258 793 387 864 ejus
409 792 591 848 ardor
614 792 803 864 magis
818 790 1023 858 eluxit,
1049 795 1389 861 postquam,
1408 795 1473 844 ut
1489 788 1633 844 mihi
1657 787 1914 843 relatum

257 890 368 953 est,
386 883 801 939 Laurentiauae
820 898 941 937 sum
972 880 1240 953 praefecit
1266 882 1557 936 Joannem
1593 879 1914 951 Baptistam

260 974 533 1042 Donium,
562 972 752 1027 virum
784 971 1070 1040 nobilem,
1096 969 1515 1043 dignissimum
1542 969 1697 1025 Petri
1732 968 1916 1023 Victo-

257 1063 334 1118 rii
363 1078 788 1126 successorem,
822 1078 931 1116 uec
960 1061 1157 1132 ipsum
1184 1059 1359 1116 modo
1392 1057 1912 1126 litteratissimum,

254 1153 362 1208 sed
393 1169 461 1207 ea
490 1150 809 1221 praeditum
861 1149 1199 1221 prudentia.
1230 1154 1296 1203 ut
1325 1164 1500 1204 nemo
1524 1146 1757 1219 judicio
1788 1162 1915 1202 ma-

247 1242 370 1314 jori
396 1240 469 1296 ad
498 1256 570 1296 ea
601 1240 864 1295 sacraria
889 1239 967 1294 sit
995 1238 1365 1294 admissurus
1388 1238 1916 1309 quemquam.Post

258 1335 488 1388 tantum
536 1328 929 1401 imperiitauti
973 1327 1325 1400 principem,
1360 1327 1573 1399 majori
1614 1331 1794 1382 etiam
1824 1325 1917 1382 di—

252 1420 631 1494 gnissimum,
655 1424 851 1475 tacere
874 1433 994 1473 non
1020 1417 1207 1473 debeo
1234 1416 1528 1473 beneﬁcia
1554 1415 1663 1470 viri
1694 1414 1914 1471 summi

2024 609 2356 682 principem
2389 627 2562 666 suum
2595 610 2725 667 loco
2757 611 3085 679 collocavit,
3109 618 3176 670 ut
3198 630 3377 686 quam
3411 615 3679 673 diutissi-

2026 715 2118 754 me
2149 698 2510 755 bibliotheca
2540 701 2650 756 hac
2694 701 2872 770 bono,
2909 707 2971 758 et
2999 719 3154 772 meo,
3186 709 3247 760 et
3275 703 3531 777 publico,
3562 706 3678 762 frui

2022 788 2249 845 liceret.
2287 788 2399 843 Sed
2425 789 2497 844 de
2528 789 2658 861 ojus
2690 807 2827 863 erga
2873 808 2967 847 me
2993 790 3101 847 viri
3132 794 3382 863 meritis,
3417 794 3673 864 dabitur,

2024 895 2217 949 spero,
2238 879 2611 935 commodius
2637 881 2883 953 posthac
2913 881 3197 953 loquendi
3224 888 3478 955 tempus.
3514 886 3679 941 Nunc

2025 969 2150 1023 haec
2181 969 2471 1040 attingere
2501 970 2647 1026 satis
2665 972 2884 1042 putavi,
2909 977 2993 1037 ut,
3018 972 3160 1029 licet
3186 990 3279 1028 me
3310 973 3524 1030 debitis
3556 992 3677 1031 non

2025 1058 2338 1128 absolvam,
2371 1060 2681 1117 beneﬁciis
2725 1068 2924 1118 tamen
2984 1080 3105 1118 non
3145 1063 3345 1119 videar
3373 1064 3676 1137 indignus,

2025 1148 2140 1203 Nec
2168 1147 2335 1205 video
2363 1165 2468 1204 cur
2496 1149 2746 1206 ulterius
2779 1156 2834 1206 te
2866 1151 3188 1216 detineam.
3220 1152 3427 1209 lector.
3461 1154 3680 1209 Occur-

2023 1242 2165 1293 runt
2193 1238 2391 1294 animo
2423 1243 2482 1293 et
2510 1239 2647 1306 alia,
2693 1255 2805 1295 nec
2853 1239 2925 1296 ab
2976 1240 3249 1296 instituto
3281 1240 3479 1297 aliena
3510 1258 3523 1297 :
3574 1241 3678 1296 sed

2025 1325 2159 1382 aliis
2189 1328 2264 1382 iis
2295 1327 2534 1383 dabitur
2575 1329 3025 1386 convenientior
3066 1330 3254 1388 locus.
3308 1330 3447 1387 Vale
3478 1330 3679 1403 igitur,

2022 1415 2311 1487 pluraque
2343 1417 2405 1472 in
2438 1415 2563 1472 dies
2593 1435 2627 1473 a
2658 1434 2751 1473 me
2783 1423 3078 1490 exspecta.

1390 1754 1445 1878 Ι
1469 1858 1487 1878 .
1598 1753 1714 1880 Β.
1827 1751 2538 1877 COTELEBII

850 1984 1432 2081 JUDICIUM
1501 1983 1668 2077 DE
1719 1980 2358 2079 EPISTOLIS
2430 1984 2529 2094 S,
2588 1984 3086 2081 IGNATII.

1102 2191 1348 2272 (Patres
1376 2188 1707 2272 apostolici,
1738 2190 1840 2252 ed.
1874 2190 2219 2253 Amstelod.
2254 2193 2434 2267 1724,
2469 2203 2515 2252 t.
2545 2193 2618 2267 ll,
2656 2211 2714 2271 p.
2752 2192 2815 2273 9)

330 2379 451 2435 Nisi
477 2379 659 2434 ofﬁcii
686 2377 805 2433 mei
835 2377 984 2433 ratio
1007 2377 1301 2450 ﬂagitaret
1329 2378 1478 2433 utin
1510 2394 1785 2450 campum
1809 2376 1913 2433 de-
1940 2378 1987 2445 B
2020 2379 2121 2450 qui
2150 2380 2470 2437 Eusebium
2512 2382 2938 2455 transcribunt)
2970 2400 3101 2455 quae
3151 2384 3222 2439 ab
3276 2384 3409 2441 aliis
3450 2403 3669 2442 memo-

255 2468 634 2536 scenderem,
667 2467 925 2523 tuiturus
964 2465 1051 2521 vel
1097 2467 1552 2540 impugnaturus
1581 2468 1915 2538 lguatianas

253 2558 575 2629 Epistolas,
600 2557 861 2613 libenter
883 2557 1245 2615 abstinerem
1275 2573 1370 2611 me
1400 2556 1619 2611 celebri
1642 2556 1799 2611 bello
1821 2556 1915 2610 lit-

250 2648 498 2713 terario,
522 2647 684 2718 quod
707 2648 889 2703 sciam
914 2646 1289 2719 profligatum
1313 2646 1519 2714 fuisse,
1545 2646 1682 2701 dein
1712 2645 1914 2701 redin-

252 2741 572 2808 tegratum,
601 2741 661 2791 et
687 2736 761 2791 ad
783 2735 942 2806 quod
963 2734 1401 2791 conﬁciendum
1428 2734 1622 2791 adhuc
1646 2735 1913 2807 accinge-

250 2842 320 2882 re
352 2843 415 2881 se
444 2825 630 2881 armis
661 2825 900 2881 audiam
930 2824 1080 2880 duos
1128 2824 1311 2879 fortes
1352 2823 1694 2894 bellatores,
1728 2840 1915 2880 unum

250 2915 356 2971 hic
384 2916 449 2970 in
482 2915 690 2979 Gallia,
724 2914 978 2970 alterum
1009 2914 1071 2968 in
1111 2913 1251 2968 orbe
1301 2913 1603 2982 Britanno,
1633 2913 1914 2970 adversus

250 3024 555 3079 nuperum
586 3008 842 3073 hostem,
878 3012 1224 3063 veteranum
1255 3006 1530 3076 militem,
1562 3022 1912 3078 pugnacem,

253 3096 451 3153 doctis
482 3097 839 3168 disertisque
870 3096 1047 3152 dictis
1094 3101 1421 3152 certantem
1465 3100 1525 3151 et
1560 3095 1914 3164 maledictis,

250 3186 515 3258 peritum
551 3185 626 3241 ad
658 3186 784 3241 hmo
815 3184 1137 3257 cauponari
1195 3184 1422 3240 bellum
1453 3190 1513 3239 et
1539 3184 1915 3257 belligerare,

251 3275 359 3347 qui
383 3275 498 3330 hoc
526 3281 945 3348 stratagemate
978 3274 1269 3331 utendum
1299 3274 1524 3345 putavit
1568 3278 1652 3340 ut,
1687 3274 1827 3346 quia
1853 3274 1917 3329 in

250 3383 462 3423 verum
498 3366 786 3438 lgnatium
819 3364 1055 3422 abunde
1099 3380 1219 3420 non
1266 3363 1661 3436 suppetebant
1694 3363 1913 3435 jacula,

248 3456 473 3512 falsum
506 3456 711 3527 prmlio
742 3455 1089 3521 iuvolveret,
1121 3471 1239 3525 quo
1266 3453 1572 3509 imbellem
1601 3453 1913 3523 vincendo,

248 3546 547 3601 invictum
583 3545 761 3600 etiam
806 3545 1017 3600 vicisse
1069 3544 1390 3599 videretur.
1423 3543 1536 3598 Sed
1560 3542 1689 3614 jam
1720 3559 1917 3616 pugna

246 3634 455 3690 danda
468 3636 728 3689 est.Rem
743 3633 945 3705 paucis
959 3631 1299 3701 verbis,una
1312 3631 1767 3688 ratiocinatione
1780 3648 1916 3688 con-

246 3723 746 3779 cludoSanctum
762 3721 1054 3795 lgnatium
1071 3721 1350 3793 epistolas
1367 3721 1679 3792 scripsisse
1695 3721 1914 3777 diserte

2024 2470 2141 2524 rari
2190 2477 2484 2542 poterant.
2537 2478 2597 2527 et
2651 2488 2786 2528 vero
2843 2473 2972 2546 pari
3019 2474 3248 2529 ratione
3327 2475 3715 2545 deliebant?_

2024 2561 2182 2615 Eane
2214 2561 2415 2616 omnia
2443 2562 2819 2633 supposititia
2849 2562 3481 2635 dicent?Nequaquam
3504 2571 3668 2638 puto.

2024 2648 2306 2713 Quamam
2329 2666 2464 2705 vero
2495 2655 2637 2706 sunt
2666 2668 2797 2722 quas
2828 2658 3137 2723 opponunt
3168 2652 3316 2709 locis
3340 2654 3672 2726 Polycarpi,

2023 2738 2231 2793 Irenaai
2246 2744 2304 2793 et
2321 2738 2657 2811 Oorigenis‘?
2676 2743 2822 2795 Ecce
2843 2740 2967 2795 illa:
2988 2743 3329 2812 Nz'cephorus
3342 2743 3672 2813 patriarcha

2026 2827 2132 2882 ΟΡ.
2168 2827 2229 2882 in
2266 2827 2458 2883 Indice
2497 2829 2934 2899 apocryphorum
2982 2832 3118 2885 Novi
3168 2832 3516 2899 Testamenti,
3542 2835 3675 2888 scri-

2016 2922 2125 2986 pta
2152 2916 2365 2985 Ignatii
2395 2923 2446 2972 et
2468 2917 2768 2989 Polycarpi
2814 2919 3131 2989 apocrypha
3151 2920 3397 2989 judicat.
3430 2922 3675 2977 Anasta-

2024 3003 2136 3060 sius
2166 3005 2628 3063 Bibliothecarius
2660 3007 2847 3063 eadem
2878 3007 3039 3063 habet
3086 3010 3146 3062 in
3176 3008 3365 3064 Indice
3394 3026 3550 3080 quem
3580 3012 3677 3066 Hi-

2024 3100 2210 3153 storiae
2257 3114 2368 3153 suae
2415 3099 2812 3157 Ecclesiasticae
2860 3101 3135 3172 praeﬁxit,
3198 3118 3318 3171 quae
3349 3104 3458 3158 nisi
3486 3103 3674 3159 eadem

2026 3203 2146 3242 cum
2174 3187 2484 3259 Nicephoro
2514 3188 2580 3244 de
2622 3190 2705 3245 his
2751 3188 2993 3259 epistolis
3021 3191 3288 3260 sensisset,
3319 3207 3431 3245 non
3461 3191 3678 3246 videtur

2029 3274 2201 3345 fuisse
2247 3278 2367 3332 sine
2416 3278 2609 3348 aliqua
2665 3294 2894 3334 censura
2947 3278 3033 3334 vel
3087 3280 3562 3336 animadversione
3592 3282 3681 3335 di-

2031 3367 2316 3421 missurus.
2338 3367 2552 3423 Verum
2577 3371 2782 3425 auctor
2800 3368 2981 3440 hujus
3012 3367 3284 3424 laterculi
3319 3386 3441 3424 non
3474 3386 3676 3425 aman-

2027 3454 2128 3509 dat
2155 3455 2227 3510 ad
2258 3458 2595 3529 apocrypha
2647 3456 2927 3529 epistolas
2983 3459 3193 3531 Ignatii
3243 3464 3300 3514 et
3348 3459 3675 3531 Polycarpi,

2027 3545 2308 3601 amaudat
2336 3546 2547 3618 lgnatii
2569 3551 2628 3602 et
2648 3546 2953 3619 Polycarpi
2973 3547 3270 3603 nonnihil.
3305 3547 3460 3603 Illud
3480 3553 3679 3603 autem

2026 3633 2304 3689 nonnihil
2332 3651 2439 3690 cur
2484 3652 2606 3690 non
2670 3635 2867 3706 potius
2912 3652 3277 3708 exponemus
3307 3635 3378 3691 de
3410 3635 3681 3691 doctrina

2028 3725 2241 3797 lgnatii
2274 3730 2334 3780 et
2364 3723 2435 3780 de
2467 3724 2741 3780 doctrina
2774 3724 3099 3798 Poiycarpi.
3146 3725 3317 3780 libris
3361 3724 3678 3797 pseudepi~

248 3820 515 3871 testatur
535 3814 664 3884 ejus
684 3812 997 3868 familiaris
1018 3811 1226 3868 beatus
1248 3811 1646 3883 Polycarpus:
1679 3812 1786 3868 has
1816 3829 1908 3868 ve-
1943 3796 1986 3863 (ἶ
2022 3796 2261 3887 graphis
2282 3813 2309 3868 ‘2
2357 3817 2523 3868 Certe
2586 3810 2846 3886 Ἰγνατίου
2906 3796 3140 3887 διδαήχήν
3182 3819 3247 3870 ut
3277 3796 3677 3885 apocrypham

244 3922 320 3961 ro
358 3920 510 3975 quas
531 3920 639 3975 per
658 3903 847 3957 virum
869 3900 1264 3958 clarissimum
1294 3902 1561 3957 Isaacum
1594 3901 1866 3957 Vossium
1888 3919 1920 3957 e

248 3994 470 4052 codice
501 3994 840 4049 Florentino
873 3993 1132 4064 primum
1163 3990 1351 4047 editas
1379 3990 1653 4062 legimus,
1682 3992 1919 4048 easdem

247 4097 391 4139 esse
421 4098 606 4153 puras
633 4087 808 4152 putas
836 4078 1047 4152 lgnatii
1081 4077 1405 4134 ostendunt
1444 4079 1633 4135 relata
1661 4079 1723 4134 in
1754 4079 1918 4134 testi-

249 4170 487 4227 moniis
527 4176 793 4225 veterum
858 4169 988 4224 loca
1044 4168 1277 4234 Irenaci,
1322 4168 1613 4239 Origenis,
1658 4167 1916 4235 Eusebii,

248 4259 597 4323 Athanasii,
619 4258 983 4330 Hieronymi,
1005 4256 1380 4324 Theodoreti,
1413 4262 1878 4328 cmterorumque
1903 4272 1916 4312 :

246 4366 403 4406 nam
432 4348 819 4420 reperiuntur
873 4347 935 4401 iu
990 4346 1091 4402 illa
1140 4345 1424 4402 editione.
1456 4344 1607 4410 Quid
1655 4345 1921 4403 clarius?

247 4437 407 4511 quid
432 4437 657 4493 certius
678 4437 707 4492 ?

332 4528 562 4583 Contra
592 4526 717 4581 haec
746 4529 808 4581 et
832 4528 1041 4581 contra
1080 4529 1355 4581 nostrum
1381 4524 1679 4596 Ignatium
1708 4540 1920 4597 excep-

247 4619 461 4675 tiones
492 4615 964 4671 adversariorum
997 4613 1201 4670 multm
1232 4618 1393 4682 sunt,
1412 4613 1615 4669 multas
1642 4613 1924 4686 objectio-

244 4724 393 4775 nes,
420 4705 734 4779 generales
766 4703 920 4769 aliae,
952 4704 1086 4759 alia;
1115 4703 1527 4775 particulares.
1559 4703 1661 4759 His
1688 4704 1763 4759 ad
1792 4704 1923 4760 loca

244 4796 525 4869 singula,
554 4811 695 4850 cum
746 4810 991 4850 necesse
1043 4791 1470 4865 judicabimus,
1504 4809 1919 4850 occurremus:

243 4888 510 4943 illarum
558 4883 886 4956 praecipuas
936 4881 1365 4954 expendamus.
1414 4883 1480 4937 In
1527 4882 1676 4939 duas
1701 4883 1924 4939 classes

242 4974 546 5035 distribui
577 4976 860 5045 possunt:
892 4978 996 5028 aut
1038 4970 1201 5026 enim
1238 4975 1523 5042 petuntur
1552 4987 1624 5026 ex
1650 4972 1925 5043 antiquo-

240 5081 393 5123 rum
416 5062 684 5119 silentio.
709 5067 813 5117 aut
831 5079 863 5118 e
885 5061 1038 5133 stylo
1058 5059 1464 5132 epistolarum.
1489 5060 1673 5115 Aiunt
1688 5061 1886 5132 itaque
1909 5078 1922 5116 :

2023 3901 2381 3956 recensitam
2403 3900 2585 3957 habes
2608 3900 2709 3956 illo
2732 3918 2842 3956 ms.
2868 3901 3158 3969 iudiculo,
3181 3919 3358 3973 quem
3387 3901 3677 3957 Anastasii

2024 3990 2446 4057 Questionibus
2497 3989 2879 4061 subjunctum
2927 3990 3045 4045 ciat
3087 3990 3464 4046 doctissimus
3497 3991 3674 4045 Usse-

2024 4083 2169 4148 rius,
2199 4081 2271 4138 de
2298 4082 2508 4155 Iguatii
2541 4081 2831 4152 epistolis,
2878 4098 3006 4152 cap.
3055 4082 3105 4145 1,
3140 4087 3199 4135 et
3230 4078 3493 4154 Ἰγνατίου
3523 4076 3674 4132 διδα-

2024 4166 2250 4225 σκαλίκν
2280 4187 2416 4225 cum
2474 4167 2837 4242 Πολυκάρπου
2896 4163 3240 4237 διδασκαλίᾳ,
3280 4168 3543 4225 indiculo
3576 4169 3675 4224 iis-

2026 4258 2161 4314 dem
2220 4258 2655 4325 Quaastionibus
2710 4257 3011 4330 adjuncto,
3054 4256 3426 4313 bibliothecae
3484 4257 3675 4329 Regina

2025 4349 2323 4405 volumine
2352 4350 2507 4416 1789,
2529 4348 2629 4420 qui
2660 4364 2695 4403 a
2723 4365 2817 4404 me
2850 4364 3029 4420 supra
3048 4348 3276 4419 positus
3306 4345 3417 4401 fuit
3447 4346 3506 4401 in
3528 4345 3677 4399 meis

2025 4439 2203 4494 notis.
2238 4437 2449 4511 Iguatii
2478 4454 2617 4493 vero
2666 4438 3098 4509 Polycarpique
3131 4436 3413 4508 epistolas
3444 4435 3506 4490 in
3536 4450 3681 4503 apo-

2027 4528 2250 4600 crypha
2279 4527 2495 4584 relatas
2524 4526 2740 4582 uullibi
2764 4526 3052 4581 videmus.
3088 4526 3160 4582 Ut
3189 4525 3457 4580 omittam
3490 4522 3547 4577 Li
3561 4528 3678 4576 tur-

2027 4618 2184 4690 giam
2236 4617 2469 4689 lguatii,
2528 4616 2600 4672 de
2658 4632 2779 4687 qua
2835 4615 3043 4671 eodem
3097 4614 3228 4670 loco
3288 4612 3581 4679 Usserius,
3613 4628 3680 4667 ac

2027 4706 2300 4779 ejusdem
2329 4706 2607 4778 martyris
2650 4705 2877 4778 aliquid
2937 4704 3008 4760 de
3062 4720 3124 4760 re
3177 4704 3315 4760 ﬁdei
3345 4708 3403 4759 et
3433 4702 3680 4759 canoni-

2025 4794 2159 4862 bns,
2216 4795 2277 4850 in
2338 4794 2602 4866 catalogo
2674 4791 3028 4863 Hebedjesu,
3102 4809 3268 4847 num.
3328 4793 3414 4859 18,
3447 4789 3681 4845 videtur

2029 4885 2190 4940 enim
2238 4883 2537 4939 diversum
2577 4898 2705 4938 esse
2766 4882 2837 4937 ab
2897 4880 3163 4952 epistolis
3195 4878 3526 4934 Chaldaicis
3559 4878 3678 4933 sive

2029 4973 2283 5045 Syriacis
2312 4972 2490 5038 illius,
2519 4972 2591 5027 ab
2622 4970 2859 5027 Usserio
2892 4971 2952 5025 in
2991 4986 3119 5041 cap.
3151 4971 3183 5023 4
3213 4967 3580 5024 memoratis.
3612 4969 3683 5022 Et

2026 5079 2163 5118 vero
2196 5062 2530 5135 (occasione
2560 5078 2690 5117 sese
2714 5062 2998 5117 offerente
3019 5058 3273 5114 monebo
3292 5055 3679 5128 id)objectum

239 5158 413 5223 Quot
432 5169 466 5208 e
492 5152 703 5223 primis
722 5151 999 5207 Patribus
1030 5149 1397 5205 mentionem
1427 5147 1621 5204 facere
1651 5155 1926 5221 poterant
1955 5169 2000 5234 Ι)
2032 5152 2292 5208 indicem
2335 5168 2440 5207 seu
2497 5167 2788 5207 cauonem
2821 5149 3279 5219 Scripturarum,
3312 5148 3387 5203 ad
3415 5154 3685 5217 tempora

237 5262 319 5301 ac
353 5241 663 5299 debebant
706 5240 1151 5313 Ignatianarum
1196 5236 1601 5309 epistolarum,
1629 5255 1742 5294 nec
1768 5240 1924 5295 fece-

234 5338 400 5391 runt
430 5337 577 5387 ante
608 5330 920 5385 Eusebium
942 5328 971 5384 ?
999 5326 1307 5399 Polycarpi
1332 5326 1647 5397 siquidem,
1683 5329 1913 5397 Irenzei,

2030 5242 2343 5315 Nicephori
2372 5238 3014 5310 Constantinopolitani
3043 5244 3103 5294 et
3143 5238 3435 5293 Anastasii
3467 5236 3684 5292 Biblio-

2026 5331 2274 5387 thecarii
2289 5345 2665 5401 nequaquam
2686 5326 3188 5400 pertinere.facile
3208 5343 3441 5381 mecum
3464 5325 3684 5380 intelli-

237 5419 539 5494 Origeuis
583 5418 927 5474 testimonia
970 5422 1246 5488 suspecta
1292 5414 1605 5483 habentur,
1648 5416 1736 5471 vel
1765 5417 1919 5473 nihil
2027 5426 2143 5492 get,
2177 5420 2276 5490 qui
2308 5417 2772 5473 consideraverit
2819 5431 2978 5471 nono
3018 5431 3150 5469 εει-ω
3192 5413 3542 5469 Christiana:
3570 5431 3676 5470 sre-

234 5511 542 5587 probant.
576 5510 907 5578 Returqueo
957 5523 1064 5579 ego
1113 5504 1187 5561 ad
1217 5506 1375 5561 hunc
1428 5505 1671 5560 modum
1697 5523 1711 5560 :
1770 5508 1921 5572 Quot
2028 5509 2161 5564 culo
2192 5507 2485 5562 Ecclesias
2516 5507 2778 5561 Graecam
2801 5510 2860 5559 et
2884 5506 3207 5560 Romanam
3232 5518 3351 5558 non
3378 5502 3682 5558 dubitasse

236 5598 812 5660 ecclesiasticorum
835 5612 1085 5668 operum
1105 5595 1333 5667 primus
1353 5609 1422 5649 ac
1443 5610 1598 5666 saepe
1619 5611 1770 5651 unus
1799 5613 1922 5652 me-
2031 5597 2102 5653 de
2134 5602 2219 5652 tot
2248 5612 2431 5652 sacra:
2476 5596 2791 5667 Scripturae
2843 5592 3035 5659 libris,
3069 5598 3214 5666 quot
3242 5593 3306 5647 in
3335 5591 3582 5648 dubium
3612 5608 3682 5648 eo

233 5691 439 5750 minit
468 5687 762 5747 Eusebius
794 5685 1014 5760 (neque
1047 5683 1207 5741 enim
1237 5684 1301 5743 in
1328 5698 1647 5741 numerum
1675 5685 1923 5745 veniunt
2030 5686 2094 5745 iu
2122 5686 2409 5746 laterculo
2447 5690 2820 5743 revocantur.
2852 5685 3043 5750 Quare
3085 5683 3179 5739 vel
3222 5682 3552 5755 Nicephoro
3580 5696 3686 5754 pa-
