3972 6306
431 323 512 384 35

1521 321 1585 380 S.
1631 319 2029 382 IGNATIUS.
2076 355 2152 367 -—
2201 322 2806 388 PROLEGOMENA.

3771 336 3846 397 36

433 463 710 520 triarchze
727 476 921 518 canon
936 457 1330 531 abjudicetur,
1349 455 1442 514 vel
1463 456 1697 513 dicatur
1710 457 1785 514 ab
1803 473 1874 514 eo
1896 458 2082 532 magis
2111 463 2166 530 Α
2196 459 2534 534 Dionysius,
2566 463 2645 518 De
2670 463 2876 521 divinis
2903 465 3236 536 nominibus,
3281 481 3333 522 c.
3381 468 3438 535 4,
3471 483 3533 524 n.
3567 469 3634 523 l2
3658 484 3672 524 :
3702 466 3840 541 Γρά-

432 552 722 608 collectus
748 566 927 622 quam
957 547 1321 620 compositus
1344 562 1360 613 ;
1387 563 1495 619 per
1535 547 1915 604 Anastasium
1944 565 2082 604 vero

2191 571 2279 629 φει
2327 547 2386 606 δὲ
2432 553 2519 606 καὶ
2573 553 2602 607 ὁ
2645 553 2790 615 θεῖος
2843 553 3124 630 Ἰγνάτιος
3183 555 3245 613 Ὀ
3291 553 3425 629 ἐμὸς
3473 555 3610 633 ἔρως
3655 557 3847 614 ἐσταύ-

435 657 758 698 conversus
770 645 999 696 tantum
1015 643 1400 710 puteturmon
1416 642 1615 692 autem
1632 637 1812 693 etiam
1825 637 2047 694 creditu

2256 660 2381 697 παι.
2417 643 2653 716 Origeni
2684 643 2854 698 εἰπεῖν
2887 651 2998 714 est,
3051 645 3210 718 quod
3259 647 3540 721 Dionysio
3591 649 3837 728 γράφειν.

433 735 626 801 Atque
646 731 787 786 hinc
811 728 1179 784 evanescitin
1209 743 1384 782 auras
1413 725 1701 798 quidquid
1724 742 1937 798 magna
1954 743 2086 783 ver-
2190 731 2324 800 Sed,
2357 731 2656 804 inquiunt,
2689 736 3103 792 commentarii
3125 735 3211 792 illi
3234 753 3356 792 non
3379 743 3520 794 sunt
3548 725 3836 810 Origenis.

433 819 646 874 borum
669 818 988 890 pompa.ob
1011 818 1406 888 Nicephorum
1429 820 1486 871 et
1505 816 1885 872 Anastasium
1903 834 1938 872 a
1960 817 2088 897 viro

428 908 602 964 docto
625 907 796 963 toties
807 909 1086 979 jactatur.
1114 907 1185 962 Ut
1199 921 1458 961 necessus
1475 921 1598 959 non
1611 905 1687 960 sit
1697 905 2079 976 respondere,

427 1017 558 1071 quas
581 1005 780 1056 tamen
799 1015 918 1054 non
943 995 1419 1069 improbabiliter
1447 995 1723 1051 dicentur
1747 1011 1760 1050 :
1786 1001 1889 1051 aut
1906 995 2078 1068 Poly-

429 1107 672 1162 carpum
704 1106 837 1144 cum
870 1088 1096 1160 lgnatio
1134 1086 1318 1142 fuisse
1349 1085 1769 1156 proscriptum,
1799 1085 1872 1141 ob
1903 1085 2080 1156 syllo-

428 1195 542 1253 gen
559 1177 1270 1250 epistolasPolycarpianas
1285 1181 1344 1230 et
1363 1175 2082 1247 epistolarumlgnatiana-

423 1285 558 1324 rum
581 1275 696 1324 tam
719 1267 1210 1338 interpolatarum
1230 1281 1408 1336 quam
1431 1263 1844 1328 falsarum,aut
1862 1265 2076 1335 episto-

425 1358 545 1414 lam
571 1357 877 1430 Polycarpi
915 1361 974 1411 et
1003 1355 1280 1426 epistolas
1308 1353 1517 1426 lgnatii
1547 1353 1917 1425 apocryphas
1948 1369 2076 1410 esse

427 1449 776 1520 appellatas,
811 1445 986 1518 quod,
1023 1447 1162 1500 licet
1193 1444 1472 1512 innoxiae,
1504 1460 1615 1498 nec
1655 1442 2076 1516 pseudepigra-

424 1539 579 1610 phae,
603 1543 767 1594 extra
787 1552 1075 1592 canonem
1103 1535 1369 1590 omnium
1392 1533 1775 1590 ecclesiarum
1807 1532 2075 1604 legeren-

426 1626 698 1693 tur.Quid
727 1627 911 1691 enim,
945 1643 1168 1698 quaeso,
1203 1625 1388 1688 noxii,
1420 1621 1564 1694 quid
1595 1621 1918 1694 apostolico
1950 1622 2075 1678 viro

423 1719 652 1790 indigni
685 1719 951 1773 continet
972 1715 1394 1786 Polycarpiana
1413 1713 1518 1768 illa
1538 1711 1560 1767 ?
1580 1714 1840 1785 Pergunt
1867 1713 2076 1768 adver-

425 1824 523 1861 sus
543 1807 850 1878 epistolam
871 1805 1264 1877 Polycarpi,et
1279 1802 1582 1858 afﬁrmant
1602 1818 1729 1857 eam
1751 1802 2075 1874 pugnantia
2103 1838 2149 1904 Β

420 1896 606 1967 loqui,
659 1897 948 1968 Ignatium
991 1897 1302 1960 viventem,
1370 1893 1662 1965 Ignatium
1729 1896 2070 1947 mortuum:

421 2002 637 2056 nempe
650 1986 814 2056 prius
832 2002 937 2056 per
954 1987 1078 2039 tunc
1096 1983 1276 2038 verba
1296 1999 1345 2037 (τ.
1373 1983 1436 2036 13
1468 1998 1480 2037 :
1519 2003 1546 2031 α
1563 1983 1634 2036 Et
1654 1981 1726 2036 de
1750 1981 1878 2052 ipso
1901 1983 2074 2053 lgna-

429 2075 529 2141 tio,
553 2081 611 2129 et
639 2075 712 2129 de
746 2075 835 2129 his
867 2074 968 2144 qui
1001 2089 1134 2128 cum
1163 2089 1230 2127 eo
1261 2077 1420 2139 sunt,
1453 2070 1612 2142 quod
1643 2071 1862 2125 certius
1893 2086 2073 2142 agno-

421 2163 626 2218 veritis
659 2163 1005 2235 signiﬁcate.
1034 2185 1061 2211 »
1086 2161 1385 2216 Posterius
1411 2177 1518 2231 per
1537 2176 1607 2215 ea
1627 2176 1758 2230 quas
1781 2159 2078 2215 habentur

426 2253 616 2323 capite
649 2255 700 2320 9,
735 2253 807 2308 de
852 2253 1074 2325 lgnatio
1123 2250 1376 2320 aliisque
1427 2249 1805 2320 martyribus.
1839 2265 2074 2304 necnon

423 2342 728 2414 apostolis,
764 2341 922 2414 quod
945 2341 1139 2395 cuncti
1168 2345 1300 2412 post
1321 2331 1538 2411 agones
1568 2355 1706 2393 suos
1732 2338 1792 2392 in
1815 2338 1943 2394 loco
1962 2337 2072 2393 sibi

423 2431 624 2486 debito
661 2431 782 2486 sint
812 2429 969 2502 apud
1000 2431 1204 2484 Deum.
1239 2429 1381 2483 Mira
1407 2427 1670 2498 profecto
1702 2425 2002 2500 ἀντιλογία,
2021 2427 2071 2482 si

425 2521 671 2576 veritate
711 2521 1036 2574 niteretur:
1087 2525 1146 2574 at
1198 2533 1266 2574 ea
1311 2517 1484 2588 plane
1529 2515 1890 2574 destituitur.
1923 2517 2070 2572 Nam

417 2617 692 2682 ponatur,
718 2609 1221 2681 quemadmodum
1242 2605 1872 2678 sentimus,scripsisse
1896 2605 2071 2677 Poly-

419 2717 658 2773 carpum
692 2707 834 2756 tunc
880 2699 1186 2771 temporis,
1234 2713 1369 2752 cum
1427 2695 1686 2769 Ignatius
1715 2697 2069 2767 martyrium

417 2792 668 2847 subiisse
701 2790 1070 2858 credebatur,
1102 2787 1313 2844 incerti
1345 2793 1543 2842 tamen
1573 2787 1660 2859 (ut
1686 2786 1810 2842 fere
1845 2785 1934 2858 ﬁt)
1961 2802 2066 2842 ru-

417 2898 614 2938 mores
642 2880 988 2936 ferebantur
1010 2877 1084 2934 de
1113 2879 1186 2933 iis
1208 2895 1340 2948 quas
1371 2877 1432 2932 in
1465 2882 1653 2932 morte
1684 2875 1844 2931 illius
1875 2877 2067 2932 conti-

413 2977 640 3042 gerant.
665 2971 784 3026 Hoc
813 2970 1027 3042 posito,
1052 2983 1252 3024 nonne
1285 2965 1668 3022 conveniebat
1694 2970 1757 3019 ut
1785 2965 2064 3038 Polycar-

412 3077 523 3131 pus
554 3060 776 3115 diceret
805 3059 1097 3131 lgnatium
1124 3055 1282 3128 apud
1309 3057 1491 3110 Deum
1521 3055 1719 3110 locum
1753 3071 1926 3109 suum
1960 3054 2066 3110 ob-

410 3149 622 3218 tinere,
657 3147 956 3219 simulque
991 3151 1221 3218 peteret
1250 3144 1483 3200 edoceri
1515 3141 1637 3216 περὶ
1669 3143 1941 3216 Ἰγνατίου
1970 3143 2058 3198 καὶ

2187 821 2230 874 Ε
2279 823 2572 878 memoria
2614 823 2854 879 illorum
2903 824 3217 882 efﬂuxerat
3261 826 3430 882 citari
3480 843 3580 884 eos
3625 829 3687 882 in
3723 827 3837 884 ﬁne

2184 908 2522 965 Philocaiiw.
2553 911 2636 965 Tu
2667 926 2820 980 vero,
2881 927 2956 966 ne
3011 917 3248 985 tempus
3291 918 3478 969 teram
3510 915 3570 970 in
3610 915 3838 988 agenda

2185 1012 2250 1052 re
2279 1003 2429 1064 acta,
2463 998 2592 1054 vide
2620 1017 2751 1071 quas
2783 1017 2818 1056 a
2853 1001 3198 1057 doctissimo
3229 1001 3680 1075 clarissimoque
3714 1005 3833 1060 viro

2183 1087 2357 1143 Petro
2390 1088 2635 1144 Daniele
2666 1090 2876 1145 Huetio
2925 1090 3114 1146 solide
3163 1091 3235 1147 de
3282 1093 3394 1148 hac
3437 1095 3840 1150 controversia

2183 1175 2486 1247 dieputata
2513 1183 2653 1233 sunt
2679 1162 3171 1251 Origenianorum
3200 1180 3304 1238 lib.
3339 1198 3424 1250 ιιι,
3455 1199 3514 1254 p.
3547 1184 3670 1237 248.
3690 1183 3835 1256 Lege

2183 1266 2408 1337 pariter
2431 1283 2564 1337 qum
2619 1267 2826 1323 eodem
2883 1268 3058 1338 libro,
3089 1287 3148 1342 p.
3193 1273 3320 1338 252,
3351 1273 3476 1340 253,
3509 1273 3840 1328 afferuntur

2181 1371 2289 1426 pro
2320 1355 2589 1427 ejusdem
2645 1355 2984 1414 Adamantii
3028 1359 3285 1415 Homiliis
3333 1363 3391 1416 in
3431 1363 3658 1431 Lucam,
3690 1379 3839 1434 quas

2182 1443 2362 1498 etiam
2387 1443 2528 1518 quia
2547 1444 2661 1500 sibi
2687 1445 3133 1503 incommodant
3149 1455 3355 1520 aperta
3375 1450 3658 1506 citatione
3681 1453 3844 1524 lgna-

2183 1533 2360 1588 tianas
2385 1531 2682 1603 Epistolas,
2713 1533 2964 1606 rejicere
2995 1542 3308 1606 conantur,
3343 1537 3522 1610 idque
3553 1556 3660 1612 per
3689 1541 3844 1596 levi-

2181 1619 2314 1676 cula
2343 1628 2712 1693 argumenta,
2743 1623 2941 1679 solutu
2972 1624 3169 1682 facilia
3199 1625 3285 1682 eis
3315 1627 3416 1698 qui
3447 1628 3714 1685 animum
3749 1636 3840 1686 at-

2182 1709 2484 1766 tenderint
2498 1709 2714 1782 partim
2737 1713 2812 1769 ad
2837 1713 3260 1787 Hieronymum
3282 1715 3840 1792 interpretem,par-

2181 1799 2286 1854 tim
2317 1800 2390 1854 ad
2409 1799 2690 1872 juvenem
2714 1819 2781 1858 eo
2807 1809 3073 1875 temppre
3095 1805 3430 1877 Origenem.
3458 1805 3662 1863 Videto
3687 1825 3835 1880 quo-

2185 1906 2300 1960 que
2332 1907 2440 1946 nos
2470 1891 2626 1947 infra
2655 1891 2719 1946 in
2749 1909 2800 1947 c.
2840 1895 2904 1948 l9
2953 1893 3135 1965 Ep.ad
3184 1895 3502 1967 Ephes.,de
3534 1896 3752 1953 Basilio
3785 1903 3845 1954 et

2184 1978 2540 2051 Hieronymo
2571 1981 2677 2036 has
2709 1981 2984 2038 homilias
3014 1981 3366 2054 legentibus.

2256 2069 2550 2125 Hactenus
2578 2068 2653 2123 de
2679 2077 2968 2141 praeterito
2999 2079 3262 2128 veterum
3293 2072 3551 2132 silentio.
3575 2077 3746 2131 Nunc
3767 2075 3842 2132 ad

2182 2157 2398 2230 stylum
2443 2159 2827 2231 epistolamm
2875 2162 3247 2219 accedamus.
3300 2165 3606 2238 Ignatiana
3644 2169 3839 2224 oratio

2181 2240 2427 2304 diversa:
2459 2266 2492 2305 a
2521 2256 2726 2304 nostra
2756 2251 3067 2307 sententiae
3097 2254 3438 2310 auctoribus
3457 2255 3690 2312 videtur
3720 2258 3840 2312 mi-

2180 2354 2312 2394 rum
2343 2339 2867 2414 prodigiosumque
2883 2343 2944 2398 in
2966 2343 3210 2400 modum
3241 2361 3411 2413 nova,
3431 2348 3681 2418 poetica,
3706 2354 3840 2404 tur-

2179 2427 2336 2500 gida,
2368 2427 2593 2500 putida,
2625 2429 2862 2502 frigida,
2913 2431 3186 2498 obscura,
3231 2433 3406 2505 plena
3444 2437 3752 2493 cacozeliae
3780 2442 3840 2494 et

2177 2515 2533 2590 battologias,
2552 2519 2799 2575 omnino
2820 2519 3078 2576 absurda
3107 2528 3282 2592 atque
3313 2523 3612 2590 simulata,
3631 2527 3837 2584 nulla-

2177 2609 2351 2662 tenus
2381 2608 2725 2678 apostolica.
2778 2609 2972 2683 Longe
3027 2611 3200 2666 aliter
3255 2613 3524 2668 sentiunt
3563 2614 3689 2683 alii,
3725 2618 3833 2688 qui

2177 2693 2432 2766 plurima
2455 2695 2516 2750 in
2536 2695 2640 2752 illa
2659 2697 3032 2768 antiquitatis
3061 2716 3130 2754 ac
3159 2701 3554 2772 simpliciiatis
3583 2711 3835 2776 aposto-

2176 2783 2304 2839 licae
2327 2785 2776 2856 certissimaque
2797 2787 3256 2858 deprehendunt
3275 2791 3536 2864 vestigia,
3561 2793 3716 2850 nihil
3741 2813 3834 2852 ve-

2173 2889 2239 2928 ro
2269 2875 2798 2941 inconsideratum,
2825 2877 2976 2932 nihil
3009 2878 3236 2948 ﬁctum,
3259 2885 3362 2935 aut
3390 2895 3509 2936 non
3540 2885 3836 2954 apostoli-

2173 2979 2329 3018 cum.
2361 2964 2770 3021 Concedamus
2791 2971 2990 3022 tamen
3011 2968 3220 3040 Ignatii
3242 2969 3565 3026 dictionem
3597 2971 3837 3045 aliquid

2173 3051 2390 3108 habere
2421 3055 2719 3124 novitatis,
2741 3057 3014 3116 tumoris.
3037 3057 3433 3114 obscuritatis.
3468 3060 3618 3125 Quid
3648 3068 3785 3120 tum
3805 3065 3835 3120 ‘?

2172 3141 2324 3197 Suus
2350 3143 2563 3214 cuique
2597 3143 2782 3216 stylus
2813 3149 2921 3214 est,
2969 3162 3078 3202 sua
3123 3147 3420 3204 scribendi
3454 3150 3625 3206 ratio.
3661 3156 3829 3209 Non-

409 3236 534 3310 περὶ
587 3241 694 3291 τῶν
752 3235 876 3310 περὶ
936 3233 1119 3303 αὐτόν,
1179 3234 1227 3288 si
1285 3233 1428 3304 quid
1486 3231 1898 3304 Philippenses
1960 3249 2047 3288 ex-

2262 3231 2311 3285 si
2328 3231 2671 3302 hujusmodi
2693 3235 3134 3304 argutationum
3154 3236 3424 3294 minutiis
3439 3238 3830 3313 daturlocus,

411 3327 624 3398 plorati
682 3323 1106 3397 accepissent?
1182 3322 1436 3378 Dubium
1505 3321 1740 3376 nullum
1799 3326 1889 3377 est
1943 3322 2059 3378 nisi

412 3415 612 3472 fallor.

483 3509 532 3561 A
552 3505 874 3578 Polycarpo
894 3505 969 3562 ad
993 3505 1284 3561 Irenaeum
1307 3521 1320 3558 :
1340 3526 1366 3553 ‹‹
1392 3501 1901 3567 Quemadmodum
1925 3501 2062 3574 qui-

414 3595 550 3651 dam
583 3594 655 3651 de
685 3595 906 3651 nostris
935 3595 1104 3660 dixit,
1127 3599 1369 3666 propter
1399 3591 1748 3664 martyrium
1777 3591 1838 3645 in
1869 3591 2056 3646 Deum

411 3683 786 3756 adjudicatus
815 3683 890 3740 ad
919 3683 1174 3740 bestias:
1209 3682 1490 3754 quoniam
1521 3679 1888 3736 frumentum
1921 3695 2050 3735 sum

409 3774 648 3840 Christi,
681 3793 712 3827 ι»
743 3781 854 3830 etc.
917 3776 1092 3839 Dixit,
1152 3777 1478 3846 exponunt,
1529 3770 1739 3825 (oratus
1787 3775 1884 3836 est,
1935 3785 2052 3824 non

405 3865 646 3936 scripsit.
673 3866 788 3938 Ego
811 3881 966 3934 vero,
991 3881 1126 3921 cum
1154 3862 1398 3918 verbum
1429 3861 1579 3916 dixit
1611 3859 1684 3915 ad
1714 3875 2053 3915 sermonem

407 3959 464 4008 et
493 3953 565 4009 ad
597 3955 952 4026 scripturam
983 3953 1228 4026 perinde
1275 3952 1584 4014 referatur,
1627 3965 1880 4020 cumque
1906 3964 2050 4004 con-

405 4049 519 4098 stet
541 4059 609 4098 ex
636 4044 788 4100 Actis
819 4049 880 4100 et
900 4045 1028 4098 Vita
1055 4041 1281 4115 lgnatii,
1305 4045 1482 4112 atque
1515 4055 1584 4093 ex
1617 4038 1972 4108 Hieronymo
1994 4040 2054 4091 et

402 4131 628 4198 Adone,
663 4149 732 4188 ea
776 4132 954 4186 verba
1000 4146 1036 4184 a
1080 4130 1402 4184 fortissimo
1444 4133 1702 4198 martyre
1754 4127 1816 4179 in
1861 4141 2048 4197 agone

2167 3319 2578 3376 convellentur
2600 3320 2774 3378 facile
2803 3323 3088 3395 pleraque
3109 3326 3418 3382 vetustatis
3446 3327 3605 3384 haud
3637 3329 3832 3388 dubia

2165 3415 2554 3466 monumenta
2572 3410 2600 3464 ‘I
2617 3411 2914 3467 Nauseant
2932 3415 3105 3484 pauci
3127 3413 3202 3470 ad
3219 3416 3492 3486 quaedam
3511 3418 3835 3490 Ignatiana

2163 3497 2268 3553 sed
2297 3498 2526 3554 caeteris
2571 3498 2782 3556 fortior
2836 3507 2928 3556 est
2979 3503 3339 3560 stomachus.
3397 3505 3547 3562 Sane
3576 3511 3826 3568 veniam

2162 3587 2503 3643 merebatur
2523 3589 2934 3646 sanctissimus
2952 3597 3198 3664 martyr,
3225 3592 3573 3664 quod,inter
3585 3596 3827 3658 milites

2157 3675 2472 3747 leopardos
2502 3677 2788 3748 scribens,
2819 3695 3120 3752 unamque
3149 3682 3382 3753 spirans
3406 3685 3679 3757 martyrii
3711 3704 3828 3744 co-

2157 3781 2391 3832 ronam,
2423 3768 2755 3839 nequiverit
2782 3769 3060 3840 epistolas
3107 3786 3244 3827 suas
3289 3773 3584 3845 perpolire
3611 3791 3682 3832 ac
3717 3795 3830 3835 va-

2158 3856 2532 3928 riare.Atque
2545 3859 2671 3913 haec
2685 3858 3204 3930 inpraesentiarum
3219 3862 3492 3918 sufﬁcere
3509 3869 3830 3940 poterunt,

2157 3943 2418 4000 broviter
2437 3945 2595 4001 dicta
2617 3963 2722 4018 pro
2745 3949 2974 4003 ratione
2997 3955 3294 4020 notarum,
3316 3950 3506 4008 donec
3523 3953 3836 4024 prodeant

2157 4032 2528 4090 eruditorum
2557 4035 2866 4092 hominum
2899 4053 3005 4108 pro
3050 4038 3274 4110 Ignatio
3305 4047 3656 4112 exSpectataa
3688 4045 3832 4103 dis-

2157 4123 2528 4179 sertationes.
2559 4127 2786 4182 Paucos
2816 4127 3092 4182 existimo
3119 4127 3246 4184 fore
3277 4129 3379 4200 qui
3424 4129 3625 4199 trium,
3671 4131 3827 4192 licet

404 4237 637 4292 quoque
659 4221 788 4292 ipso
809 4219 993 4274 fuisse
1024 4218 1424 4288 pronuntiata,
1451 4232 1558 4270 cur
1573 4214 1726 4286 apud
1755 4215 2046 4268 Irenaeum
2153 4215 2350 4284 magni
2381 4215 2594 4270 merito
2623 4215 2886 4272 nominis
2917 4217 3282 4284 criticorum,
3315 4218 3604 4287 Salmasii,
3625 4222 3826 4282 Blon-

398 4309 711 4378 epistolam
757 4308 954 4378 potius
1003 4305 1326 4371 intelligam
1371 4319 1550 4374 quam
1598 4317 1820 4367 vocem,
1871 4317 2048 4358 causa
2151 4301 2314 4367 delli,
2343 4303 2568 4370 Dallaei,
2601 4321 2914 4362 censuram
2943 4307 3264 4378 praeferant
3285 4307 3512 4380 judicio
3543 4312 3824 4388 Eusebii,

363 4399 484 4450 'est
517 4401 641 4450 tum
673 4396 993 4452 auctoritas
1021 4393 1279 4458 Eusebii,
1344 4392 1444 4464 qui
1503 4393 1586 4446 ita
1637 4390 1885 4462 accepit,
1921 4395 2044 4445 tum
2149 4393 2480 4459 Athanasii,
2514 4394 2878 4466 Hieronymi,
2929 4395 3290 4460 Theodoriti.
3321 4397 3620 4469 totiusque
3649 4405 3826 4460 anti-

395 4485 554 4556 quod
587 4485 848 4540 Irenmus
880 4501 999 4539 non
1049 4482 1354 4554 scripserit
1383 4481 1771 4553 θηριομαχῶν,
1805 4481 2039 4547 cvmbe-
2153 4482 2419 4552 quitatis,
2461 4498 2694 4537 necnon
2752 4484 3004 4554 hujusce
3058 4487 3344 4557 temporis
3375 4486 3827 4552 catholicorum

395 4577 517 4630 stiis
541 4589 818 4644 pugnans,
846 4579 948 4628 aut
978 4572 1121 4643 quid
1155 4571 1371 4637 simile,
1397 4571 1500 4625 sed
1529 4567 1872 4642 κατακριθεὶς
1901 4568 2036 4640 πρὸς
2073 4565 2116 4630 C
2155 4573 2443 4638 omnium,
2476 4589 2545 4627 ac
2593 4572 3092 4630 heterodoxorum
3149 4573 3563 4646 plurimorum.
3597 4577 3822 4642 Dicam

399 4661 580 4734 θηρία,
615 4663 906 4719 damnatus
933 4663 1007 4718 ad
1037 4663 1254 4718 bestias.
1287 4662 1568 4732 Origenes
1599 4658 1838 4731 prologo
1882 4661 2042 4714 Com-
2151 4666 2351 4716 autem
2373 4658 2446 4715 de
2468 4676 2716 4716 numero
2740 4661 3125 4733 epistolamm
3151 4664 3213 4718 in
3237 4663 3400 4720 illam
3423 4665 3500 4720 ad
3527 4666 3825 4740 Polycar-

393 4753 790 4808 mentariorum
835 4755 895 4806 in
940 4752 1224 4806 Canticum
1269 4749 1608 4806 canticorum
1634 4766 1654 4803 :
1712 4770 1742 4798 ‹‹
1779 4748 2040 4820 Denique
2151 4764 2292 4820 pum
2312 4767 2327 4817 ;
2347 4748 2422 4803 de
2443 4747 2708 4820 epistolis
2729 4766 2864 4806 vero
2891 4751 3262 4823 interpolatis
3287 4759 3347 4808 et
3375 4753 3448 4810 de
3479 4755 3826 4820 subdititiis

395 4841 644 4898 memini
666 4841 923 4913 aliquem
945 4845 1282 4896 sanctorum
1301 4839 1836 4912 dixisse,lgnatium
1855 4837 2044 4894 nomi-
2151 4854 2257 4894 suo
2289 4839 2468 4894 etiam
2499 4839 2630 4895 loco
2672 4839 3015 4897 disseretur.

393 4946 490 4999 ne,
522 4929 594 4986 de
623 4931 850 4986 Christo
875 4945 887 4985 :
921 4933 1074 4987 Mcus
1093 4936 1273 4986 autem
1303 4944 1458 4985 amor
1484 4930 1778 4998 a‘uciﬁxus
1807 4933 1904 4984 est.
1935 4949 1965 4980 η
