3972 6306
209 343 279 403 37
843 348 902 410 εἰ.
948 347 1364 411 PEARSONII
1406 347 1792 412 VINDICIE
1833 348 2325 411 IGNATIANAE.
2376 380 2454 393 —
2495 348 2988 415 PROGMIUM.
3553 358 3632 417 38

991 626 1771 883 JOANNIS
1862 626 2846 885 PEARSMII

460 1023 1689 1213 VINDICUE
1814 1026 3361 1216 IGNATIANZE.

1122 1343 1456 1404 (GOTELEBIUS,
1493 1343 1670 1394 Patres
1706 1348 1872 1408 apost.
1922 1344 1983 1403 ll,
2007 1343 2118 1401 252,
2137 1344 2221 1393 ed.
2254 1343 2548 1394 Amstelod.
2585 1343 2726 1405 1724)

222 481 3627 513 Ἠ

1452 1587 1680 1632 ΒΟΠΙΝΟ
1752 1587 1958 1632 SUMME
2019 1586 2380 1632 HBVERENDO

1734 1686 1794 1728 D.
1828 1684 1961 1730 GILB
1970 1686 2000 1729 Β
2009 1684 2118 1730 RTO

1016 1782 1482 1828 ARCHIEPISCOPO
1526 1784 1986 1839 CANTUARIZ".NSI,
2028 1784 2236 1829 TOTIUS
2277 1783 2512 1828 ANGLIE
2558 1783 2822 1828 PRIMA“.

297 1913 419 1963 Cum
468 1916 778 1966 Anastasius
838 1918 1187 1967 Antiochenus
1238 1920 1308 1968 ad
1364 1919 1665 1983 Gregorium
1699 1920 1949 1982 Magnum
2016 1918 2319 1983 scripsisset,
2367 1923 2416 1969 et
2462 1919 2516 1971 S.
2584 1920 2781 1982 lgnatii
2847 1917 3128 1968 clausulam
3195 1919 3447 1983 episitolae
3519 1934 3627 1969 suae

230 1992 583 2056 subjunzisset,
614 1996 853 2045 eamdem
912 2011 1022 2046 sum
1068 1998 1227 2046 etiam
1283 1998 1559 2062 Gregorius
1607 1998 1890 2056 subtexuit,
1948 2002 1996 2048 et
2047 1998 2181 2047 hanc
2233 1999 2492 2048 rationem
2548 1998 2808 2057 reddidit,
2867 1999 2987 2064 quia
3046 2012 3156 2051 non
3204 2003 3411 2050 tantum
3452 2005 3630 2049 vester

232 2077 323 2130 est,
350 2076 440 2124 sed
473 2080 525 2125 et
567 2082 776 2127 noster.
832 2076 913 2126 Ita
966 2076 1255 2129 Occidentis
1295 2083 1345 2128 et
1402 2079 1628 2128 Orientis
1674 2077 1991 2143 patriarch
2041 2092 2138 2142 pro
2196 2078 2528 2128 sanctissimo
2589 2078 2684 2128 illo
2734 2078 2953 2142 praesule
2991 2081 3040 2128 et
3098 2083 3328 2141 martyre
3383 2080 3522 2129 inter
3573 2095 3626 2128 se

237 2156 621 2206 contendebant.
676 2157 797 2207 Alii
869 2156 1028 2219 hujus
1093 2159 1274 2208 saeculi
1344 2173 1526 2219 mores,
1602 2160 1723 2209 aliae
1781 2159 2182 2209 concertationes
2239 2172 2259 2207 :
2318 2162 2370 2208 et
2425 2158 2566 2210 docti
2620 2163 2669 2208 et
2736 2157 2951 2219 indocti,
3032 2162 3083 2209 et
3154 2160 3299 2208 domi
3364 2167 3415 2209 et
3476 2161 3624 2224 foris,

230 2235 625 2295 pretiosissimas
679 2236 827 2288 illius
872 2238 1125 2301 martyris
1177 2238 1430 2303 reliquias
1475 2238 1787 2289 convellunt.
1819 2238 1905 2289 Ad
1956 2238 2125 2288 sedem
2182 2240 2345 2302 igitur
2403 2243 2625 2288 vestram
2678 2238 3166 2303 archiepiscopalem
3221 2240 3455 2305 confugit
3502 2240 3612 2304 ipse

226 2316 648 2382 archiepiscOpus,
680 2322 733 2369 et
788 2319 882 2368 hoc
940 2334 1100 2369 unum
1156 2321 1439 2385 efﬂagitat,
1499 2336 1562 2371 ne
1617 2336 1712 2385 pro
1766 2321 2046 2385 impostore
2102 2320 2368 2370 habeatur.
2435 2321 2523 2380 Tu,
2577 2324 2664 2369 cui
2715 2322 2859 2385 apud
2910 2337 3003 2371 nos
3057 2321 3153 2371 sub
3208 2337 3329 2384 rege
3383 2321 3619 2375 maxime

228 2411 419 2448 summa
464 2399 519 2448 in
589 2401 793 2463 negotio
843 2400 1112 2463 religionis
1157 2405 1204 2450 et
1249 2417 1372 2451 cura
1427 2407 1477 2452 et
1525 2406 1766 2466 potestas,
1792 2401 2053 2466 singulari
2112 2400 2207 2453 Dei
2261 2400 2608 2465 providentia,
2670 2402 3003 2451 meritissimo
3059 2403 3328 2451 commissa
3383 2407 3473 2462 est,
3536 2408 3633 2468 qui

231 2479 506 2529 Ecclesium
590 2484 817 2529 nostram
896 2480 1143 2530 adversus
1217 2482 1540 2532 exulceratas
1608 2482 1873 2532 hominum
1940 2482 2161 2540 animos,
2227 2484 2276 2531 et
2333 2480 2815 2530 luctiosissimorum
2892 2484 3177 2545 temporum
3254 2483 3381 2531 vitio
3437 2488 3627 2531 enatus

226 2560 531 2612 inimicitias
575 2561 865 2624 prudentiae
909 2561 1231 2612 incredibilis
1287 2564 1599 2614 auctoritate
1646 2565 1822 2621 tueris,
1868 2567 1972 2613 tam
2028 2563 2335 2628 praclarum
2390 2561 2624 2626 pristinas
2681 2564 3044 2628 simplicitatis
3102 2578 3215 2613 cum
3271 2564 3327 2613 in
3382 2564 3622 2614 doctrina

233 2640 483 2693 catholica
514 2644 707 2692 tumin
740 2642 1025 2707 disciplina
1080 2643 1424 2695 ecclesiastica
1479 2647 1865 2694 monumentum
1909 2644 1972 2693 ab
2020 2644 2254 2707 ingeniis
2308 2643 2653 2706 male/eriatis
2711 2644 2974 2707 ventilari,
3009 2643 3250 2707 epistolas
3305 2644 3361 2693 in
3420 2646 3621 2695 vincula.-

230 2723 357 2772 inter
387 2724 762 2787 ferocientium
793 2724 1026 2773 militum
1052 2739 1235 2775 manus
1277 2728 1323 2775 et
1375 2740 1635 2775 carcerum
1688 2724 1967 2789 angustias
2025 2723 2203 2776 animo
2259 2723 2665 2788 praesentissimo
2727 2733 2973 2774 exaratos
3029 2727 3273 2789 tanquam
3328 2725 3627 2775 invenustus

219 2803 379 2866 refici,
469 2804 749 2853 hoeresium
833 2807 939 2853 tun:
1021 2806 1195 2870 primo
1265 2810 1566 2855 exortarum
1650 2809 1697 2855 et
1753 2819 1886 2855 nunc
1961 2804 2164 2853 demum
2239 2803 2673 2866 repullulantium
2764 2803 3200 2868 schismatumque
3280 2803 3626 2855 certissimum

218 2885 500 2934 remedium
571 2886 868 2949 exstirpari,
926 2887 1113 2949 [aciem
1172 2886 1388 2950 denique
1439 2885 1679 2936 Ecclesia:
1753 2885 2038 2949 primitivis
2093 2883 2383 2936 clarissime
2437 2885 2865 2948 reprwsentatam
2921 2884 3192 2947 deturpari
3245 2889 3295 2933 et
3349 2885 3632 2935 oblita-ari

219 2975 486 3029 nunquam
541 2967 775 3029 patieris.
830 2965 964 3026 Quid
998 2964 1320 3029 felicissimos
1367 2965 1721 3017 eruditissimi
1768 2966 2009 3030 primatis
2064 2962 2387 3015 Armachaai
2449 2967 2661 3012 conatus
2689 2979 2708 3012 .-
2737 2964 2864 3028 quid
2916 2961 3299 3027 conspirantem
3353 2964 3629 3029 originalis

225 3045 383 3096 ϐταςὶ
474 3046 676 3095 codicis
733 3060 764 3093 a
831 3045 1127 3097 doctissimo
1211 3046 1381 3095 Vossio
1459 3048 1839 3110 peropportune
1921 3049 2252 3108 procuratum
2333 3044 2612 3094 editionem
2657 3059 2678 3094 :
2729 3044 2864 3107 quid
2922 3044 3231 3094 ﬂammandi
3284 3045 3388 3094 viri
3443 3047 3626 3107 Optimi

220 3126 804 3190 consummatissimique
857 3125 1079 3191 theologi
1134 3125 1512 3178 lucubrationes
1565 3140 1954 3176 commemorem
2002 3126 2026 3173 t
2077 3125 2190 3175 Non
2244 3126 2381 3173 enim
2442 3123 2627 3173 dubito
2684 3125 2809 3189 quin
2884 3125 3063 3173 horum
3115 3122 3348 3175 omnium
3405 3124 3628 3177 labores.

221 3207 447 3256 maximo
498 3205 749 3256 Ecclesia
799 3208 1140 3257 emolumento
1197 3210 1470 3269 susceptos,
1529 3207 1619 3257 diu
1653 3211 1773 3257 ante
1822 3206 2125 3271 probaveris
2181 3220 2475 3270 magnoque
2536 3204 2782 3254 acerrimi
2815 3204 3016 3267 judicii
3077 3205 3462 3270 prudentiaque
3518 3208 3617 3253 tua

218 3288 433 3348 pondere
479 3285 835 3337 stabitiveris.
885 3286 1014 3336 Cum
1066 3295 1239 3337 autem
1275 3287 1387 3336 haec
1428 3287 1603 3340 omnia
1657 3287 1731 3338 ad
1782 3301 2011 3336 severum
2064 3286 2218 3337 nimis
2274 3300 2492 3336 examen
2553 3288 2731 3334 vocata
2779 3285 2934 3347 sint;
2978 3300 3095 3350 quas
3141 3286 3236 3335 hoc
3275 3285 3633 3350 qualicunque

216 3380 357 3429 apere
412 3367 726 3430 reponenda
780 3366 949 3430 ducit,
1000 3368 1046 3417 si
1093 3382 1196 3418 non
1250 3368 1424 3418 eodem
1474 3368 1675 3431 judicio
1730 3366 1971 3432 probare,
2023 3371 2194 3417 tamen
2241 3380 2298 3416 eo
2326 3381 2426 3431 quo
2487 3366 2654 3431 ipsum
2700 3364 2830 3415 soles
2874 3366 3098 3417 candore
3148 3366 3374 3430 recipere
3423 3368 3479 3415 ut
3522 3380 3629 3418 non

218 3447 536 3513 dedigneris,
588 3447 885 3498 humillime
913 3449 1044 3513 petit

1501 3510 1815 3562 Paternitati
1845 3515 1953 3561 tum
1982 3510 2359 3561 devotissimus

2955 3572 3195 3622 Joannes
3230 3574 3473 3623 Punson.

1468 3844 1633 3936 AD
1723 3842 2412 3938 LECTOREM.

286 4052 670 4123 Quaecunque
697 4051 772 4108 ad
803 4052 1261 4108 controversiam
1292 4051 1405 4107 hoc
1436 4068 1613 4124 opere
1660 4058 1876 4110 tracta-
1904 4059 1960 4124 Α
1989 4057 2159 4125 apost

1990 4053 2290 4125 apostolos
2344 4052 2679 4107 institutum
2711 4058 2838 4120 est;
2871 4055 3196 4126 νεωτερικὴν
3236 4072 3374 4111 vero
3404 4053 3573 4123 τάξιν,
3608 4080 3634 4105 ››

223 4146 332 4198 tam
362 4151 529 4200 recte
551 4142 1006 4216 intelligendam
1020 4143 1419 4211 conferant,in
1439 4144 1732 4199 Prooemio
1747 4144 1876 4216 jam

225 4233 356 4287 satis
380 4232 706 4305 perspicue
739 4238 799 4287 et
842 4232 1079 4304 copiose
1136 4232 1404 4303 exposita
1458 4237 1617 4302 sunt,
1647 4238 1713 4289 ut
1763 4233 1878 4290 alia

228 4322 568 4390 praefatione
621 4321 709 4376 uti
768 4337 1274 4393 supervacaneum
1350 4321 1528 4394 plane
1586 4322 1874 4381 videatur.

228 4409 462 4468 Unicum
489 4416 697 4467 tamen
726 4416 816 4466 est
872 4408 945 4465 de
1004 4426 1119 4481 quo
1181 4416 1259 4479 te,
1311 4410 1519 4466 Lector
1572 4411 1876 4480 benevole,

227 4499 513 4573 imprimis
549 4499 917 4556 monendum
950 4499 1111 4556 duxi.
1149 4501 1742 4557 Putarunthactenus
1774 4520 1882 4558 no-

230 4591 341 4656 stri,
367 4592 422 4647 S.
458 4589 680 4663 Ignatii
709 4588 989 4661 epistolas
1020 4590 1357 4661 antiquitati
1377 4591 1753 4662 episcopatus
1784 4591 1878 4647 lu-

230 4678 703 4735 culentissimum
732 4679 1143 4734 testimonium
1175 4678 1517 4750 prmbuisse.
1553 4680 1760 4735 Nescio
1794 4686 1882 4736 ta-

228 4781 351 4824 men
374 4786 496 4841 quo
522 4772 700 4840 pacto
737 4768 1012 4823 effectum
1043 4774 1150 4838 est,
1175 4773 1242 4822 ut
1291 4784 1363 4822 ex
1421 4768 1534 4823 hoc
1581 4784 1700 4823 uno
1733 4769 1880 4824 scri-

229 4862 400 4925 ptore,
434 4864 495 4913 et
517 4856 769 4929 quidem
791 4856 1099 4923 defaacato,
1134 4857 1278 4913 satis
1303 4858 1545 4912 ﬁrmum
1575 4872 1885 4930 argumen-

229 4948 340 5001 tum
362 4965 473 5019 pro
525 4946 798 5002 novitate
830 4946 1063 5001 ordinis
1116 4945 1468 5018 episcopalis
1517 4945 1652 5002 duci
1709 4964 1882 5018 posse

233 5036 564 5093 existiment
584 5034 882 5102 nonnulli,
908 5034 1178 5107 illudque
1203 5035 1266 5090 in
1298 5033 1516 5091 scholis
1533 5035 1883 5109 theologicis

232 5133 533 5199 usurpem.
571 5126 721 5181 Ecce
780 5125 965 5190 enim,
1022 5124 1182 5180 inter
1237 5125 1434 5180 theses
1466 5124 1528 5178 in
1581 5124 1885 5180 academia

236 5210 618 5271 Salmuriensi
642 5213 753 5269 sub
774 5213 1051 5286 prasidio
1071 5212 1345 5269 Ludovici
1379 5212 1643 5285 Cappelli
1667 5214 1738 5269 de
1758 5214 1882 5285 epi-

235 5304 382 5374 scopi
414 5310 476 5359 et
506 5302 846 5375 presbyteri
902 5302 1250 5358 discrimine
1281 5301 1630 5374 disputatas,
1661 5317 1883 5357 novum

234 5399 641 5462 argumentum
670 5394 734 5450 in
755 5394 918 5450 hunc
967 5392 1211 5450 modum
1248 5391 1595 5448 coniicitur:
1617 5410 1644 5440 ι(
1664 5392 1885 5446 Auctor

518 5447 944 5558 ad‘hiagljesi'os
969 5447 1724 5557 primo,npco6utéptov,hoc
1744 5485 1834 5537 est
1857 5503 1883 5531 ι)
1915 5447 1961 5512 Β

237 5570 541 5646 collegium
572 5574 1085 5647 presbyterorum,
1119 5593 1147 5624 α
1181 5577 1243 5628 et
1294 5569 1572 5627 Ecclesiae
1618 5569 1889 5641 perillud

236 5658 808 5722 administrationem
830 5670 1013 5736 atque
1030 5661 1320 5735 regimen,
1350 5664 1522 5715 vocat
1545 5658 1781 5734 Χριστοῦ
1807 5657 1889 5713 v6-

240 5767 351 5821 μον,
379 5753 527 5826 quia
561 5770 630 5810 ex
685 5754 1062 5816 institutione
1093 5757 1154 5810 et
1179 5750 1482 5809 voluntate
1529 5748 1743 5808 Christi
1781 5766 1890 5824 per

1989 4141 2280 4197 novellam
2300 4141 3095 4212 institutionemuvocat,eam
3110 4160 3239 4213 quae
3255 4160 3359 4199 suo
3376 4148 3636 4216 tempore

1991 4229 2337 4302 episcopum
2367 4229 2732 4303 presbyteris
2762 4231 3408 4302 prmponebatﬂertum
3433 4240 3631 4288 estau-
3673 4296 3679 4307 ε

1989 4325 2110 4375 tem
2138 4337 2276 4376 eum
2304 4321 2611 4392 scripsisse
2642 4325 2774 4391 post
2796 4321 3366 4378 Valentinihzeretici
3384 4326 3636 4394 tempus,
3668 4312 3672 4316 ’

1991 4412 2093 4482 qui
2124 4413 2371 4466 Romam
2396 4411 2559 4466 venit
2589 4411 2696 4465 sub
2729 4412 2950 4484 Hygino
2981 4428 3151 4483 papa,
3212 4414 3368 4469 circa
3414 4428 3634 4467 annum

1991 4516 2026 4556 a
2081 4500 2313 4555 Christo
2373 4505 2513 4555 nato
2576 4502 2696 4554 144.
2743 4501 2830 4558 Ita
2888 4501 2955 4554 ﬁt
3002 4501 3380 4556 manifestum
3433 4517 3638 4556 novam

1992 4589 2485 4644 constitutionem
2505 4588 2576 4644 de
2610 4589 2871 4661 episcopi
2890 4590 2950 4643 in
2970 4590 3346 4662 presbyteros
3362 4605 3646 4662 praeroga-

1995 4679 2108 4734 tiva
2138 4684 2197 4733 et
2243 4678 2595 4734 auctoritate
2618 4678 2833 4735 factam
2859 4695 2985 4734 esse
3011 4686 3145 4751 post
3165 4679 3559 4735 centesimum
3592 4684 3649 4733 et

1991 4767 2553 4839 quinquagesimum
2570 4786 2605 4824 a
2622 4768 2833 4824 Christi
2857 4770 3378 4838 resurrectione,et
3393 4767 3643 4839 Spiritus

1992 4856 2180 4911 sancti
2196 4856 2478 4912 missione
2493 4856 2552 4911 in
2568 4857 3171 4928 apostolos,annum.»
3197 4862 3314 4913 [Ioc
3328 4872 3646 4928 argumen—

1992 4951 2117 5000 tum
2131 4945 2382 5001 Dallaaus
2399 4946 2895 5017 praetermisit,vel
2914 4946 3071 5017 quod
3088 4946 3140 5001 ei
3173 4947 3399 5001 nullam
3417 4946 3533 5001 vim
3550 4946 3642 5000 in-

1992 5050 2121 5089 esse
2172 5039 2426 5106 putaret,
2480 5037 2571 5089 vel
2627 5034 2785 5105 quod
2852 5035 3201 5105 scriptorem
3261 5032 3645 5106 epistolarum

1996 5123 2384 5195 impostorem
2427 5140 2549 5178 non
2605 5123 2904 5195 probaret,
2955 5122 3058 5178 sed
3113 5129 3479 5196 supponeret
3510 5139 3523 5189 ;
3560 5119 3651 5175 vel

1992 5214 2152 5286 quod
2184 5231 2303 5270 sum
2346 5214 2657 5286 hypothesi
2710 5213 2959 5268 minime
3015 5215 3383 5282 conveniret,
3419 5213 3521 5284 qui
3546 5213 3653 5266 im-

1992 5309 2293 5375 postorem
2324 5320 2498 5359 suum
2528 5302 2620 5358 vel
2650 5302 2757 5358 sub
2781 5301 2961 5356 tinem
2986 5302 3267 5371 tertii,vel
3286 5301 3392 5357 sub
3412 5301 3648 5357 initium

1993 5392 2189 5463 quarti
2221 5391 2423 5448 saeculi
2444 5391 2660 5447 vixisse
2688 5391 2958 5463 putavit;
2991 5408 3108 5463 quo
3142 5397 3408 5463 tempore
3441 5407 3646 5462 nemo,

1992 5481 2094 5552 qui
2132 5497 2253 5536 non
2278 5479 2677 5550 insanivisset,
2718 5479 3126 5553 episcopatum
3176 5480 3452 5536 novellam
3481 5479 3647 5535 insti-

1996 5572 2263 5626 tutionem
2282 5574 2567 5626 vocasset.
2600 5571 2715 5625 Nos
2767 5569 2839 5626 ab
2894 5569 2994 5626 illo
3050 5570 3517 5644 prmtermissum
3547 5567 3645 5622 hic

1997 5659 2436 5717 discutiendum
2466 5659 2805 5732 putavimus
2833 5675 2848 5727 ;
2883 5676 2957 5716 ne
2980 5661 3113 5733 quis
3141 5664 3351 5732 postea
3372 5664 3491 5714 tam
3522 5656 3650 5710 ine-

1996 5755 2165 5823 ptum
2183 5750 2410 5825 Ignatio
2442 5765 2686 5811 sensum
2707 5748 2971 5822 efﬁngat,
2999 5754 3102 5806 aut
3131 5764 3201 5804 ex
3240 5745 3342 5801 illo
3375 5752 3496 5802 tam
3535 5740 3647 5797 fal-
