  <div class='ocr_page' id='page_1' title='image "/cluster/home/n/w/nwhite01/storage/ocr_20150623/5/pst.000005711819/027.png"; bbox 0 0 3972 6306; ppageno 0'>
   <div class='ocr_carea' id='block_1_1' title="bbox 379 344 3797 418">
    <p class='ocr_par' dir='ltr' id='par_1_1' title="bbox 379 344 3797 418">
     <span class='ocr_line' id='line_1_1' title="bbox 379 344 3797 418; baseline -0 -10"><span class='ocrx_word' id='word_1_1' title='bbox 379 359 456 418; x_wconf 88' lang='lat'>39</span> <span class='ocrx_word' id='word_1_2' title='bbox 1446 348 1509 408; x_wconf 78' lang='lat' dir='ltr'>S.</span> <span class='ocrx_word' id='word_1_3' title='bbox 1555 344 1948 407; x_wconf 83' lang='lat' dir='ltr'>lGNATlUS.</span> <span class='ocrx_word' id='word_1_4' title='bbox 1997 376 2073 391; x_wconf 92' lang='lat'><strong>-</strong></span> <span class='ocrx_word' id='word_1_5' title='bbox 2119 347 2729 411; x_wconf 75' lang='lat' dir='ltr'>PROLEGOMENA.</span> <span class='ocrx_word' id='word_1_6' title='bbox 3718 348 3797 407; x_wconf 66' lang='lat' dir='ltr'>l0</span> 
     </span>
    </p>
   </div>
   <div class='ocr_carea' id='block_1_2' title="bbox 377 478 3803 559">
    <p class='ocr_par' dir='ltr' id='par_1_2' title="bbox 377 478 3803 559">
     <span class='ocr_line' id='line_1_2' title="bbox 377 478 3803 559; baseline -0.003 -12"><span class='ocrx_word' id='word_1_7' title='bbox 377 507 509 548; x_wconf 89' lang='lat' dir='ltr'>sum</span> <span class='ocrx_word' id='word_1_8' title='bbox 558 494 616 545; x_wconf 91' lang='lat' dir='ltr'>et</span> <span class='ocrx_word' id='word_1_9' title='bbox 669 487 946 544; x_wconf 71' lang='lat' dir='ltr'>Ecclesia:</span> <span class='ocrx_word' id='word_1_10' title='bbox 1024 484 1426 559; x_wconf 78' lang='lat' dir='ltr'>perniciosum</span> <span class='ocrx_word' id='word_1_11' title='bbox 1496 481 1709 554; x_wconf 82' lang='lat' dir='ltr'>dogma</span> <span class='ocrx_word' id='word_1_12' title='bbox 1770 479 2038 535; x_wconf 75' lang='lat' dir='ltr'>deducat.</span> <span class='ocrx_word' id='word_1_13' title='bbox 2065 478 2120 548; x_wconf 79' lang='grc' dir='ltr'><strong>Α</strong></span> <span class='ocrx_word' id='word_1_14' title='bbox 2154 481 2225 537; x_wconf 91' lang='lat' dir='ltr'>ed</span> <span class='ocrx_word' id='word_1_15' title='bbox 2249 482 2626 555; x_wconf 89' lang='lat' dir='ltr'>juventutem</span> <span class='ocrx_word' id='word_1_16' title='bbox 2667 481 3218 555; x_wconf 89' lang='lat' dir='ltr'>episcopidenotat.</span> <span class='ocrx_word' id='word_1_17' title='bbox 3249 478 3594 537; x_wconf 86' lang='lat' dir='ltr'>Blondellus</span> <span class='ocrx_word' id='word_1_18' title='bbox 3621 480 3803 537; x_wconf 86' lang='lat' dir='ltr'>verba</span> 
     </span>
    </p>
   </div>
   <div class='ocr_carea' id='block_1_3' title="bbox 446 565 2035 641">
    <p class='ocr_par' dir='ltr' id='par_1_3' title="bbox 446 565 2035 641">
     <span class='ocr_line' id='line_1_3' title="bbox 446 565 2035 641; baseline -0.006 -7"><span class='ocrx_word' id='word_1_19' title='bbox 446 579 502 634; x_wconf 91' lang='lat' dir='ltr'>Si</span> <span class='ocrx_word' id='word_1_20' title='bbox 535 578 698 634; x_wconf 91' lang='lat' dir='ltr'>enim</span> <span class='ocrx_word' id='word_1_21' title='bbox 728 575 1158 633; x_wconf 90' lang='lat' dir='ltr'>concederetur</span> <span class='ocrx_word' id='word_1_22' title='bbox 1188 577 1245 628; x_wconf 92' lang='lat' dir='ltr'>et</span> <span class='ocrx_word' id='word_1_23' title='bbox 1272 576 1579 627; x_wconf 79' lang='lat' dir='ltr'>auctorem</span> <span class='ocrx_word' id='word_1_24' title='bbox 1643 567 1914 641; x_wconf 64' lang='lat' dir='ltr'>epistola)</span> <span class='ocrx_word' id='word_1_25' title='bbox 1960 565 2035 624; x_wconf 88' lang='lat' dir='ltr'>ad</span> 
     </span>
    </p>
   </div>
   <div class='ocr_carea' id='block_1_4' title="bbox 376 658 2034 740">
    <p class='ocr_par' dir='ltr' id='par_1_4' title="bbox 376 658 2034 740">
     <span class='ocr_line' id='line_1_4' title="bbox 376 658 2034 740; baseline -0.008 -15"><span class='ocrx_word' id='word_1_26' title='bbox 376 667 705 740; x_wconf 84' lang='lat' dir='ltr'>Magnesios</span> <span class='ocrx_word' id='word_1_27' title='bbox 731 666 1117 738; x_wconf 87' lang='lat' dir='ltr'>impostorem</span> <span class='ocrx_word' id='word_1_28' title='bbox 1146 662 1357 731; x_wconf 87' lang='lat' dir='ltr'>fuisse,</span> <span class='ocrx_word' id='word_1_29' title='bbox 1390 666 1449 716; x_wconf 89' lang='lat' dir='ltr'>et</span> <span class='ocrx_word' id='word_1_30' title='bbox 1480 658 1886 732; x_wconf 76' lang='lat' dir='ltr'>episcopatum</span> <span class='ocrx_word' id='word_1_31' title='bbox 1927 674 2034 712; x_wconf 89' lang='lat' dir='ltr'>no-</span> 
     </span>
    </p>
   </div>
   <div class='ocr_carea' id='block_1_5' title="bbox 377 746 2033 819">
    <p class='ocr_par' dir='ltr' id='par_1_5' title="bbox 377 746 2033 819">
     <span class='ocr_line' id='line_1_5' title="bbox 377 746 2033 819; baseline -0.007 -7"><span class='ocrx_word' id='word_1_32' title='bbox 377 758 592 812; x_wconf 90' lang='lat' dir='ltr'>veliam</span> <span class='ocrx_word' id='word_1_33' title='bbox 624 755 1059 811; x_wconf 86' lang='lat' dir='ltr'>institutionem</span> <span class='ocrx_word' id='word_1_34' title='bbox 1091 768 1349 819; x_wconf 89' lang='lat' dir='ltr'>vocasse,</span> <span class='ocrx_word' id='word_1_35' title='bbox 1383 749 1549 806; x_wconf 91' lang='lat' dir='ltr'>nullo</span> <span class='ocrx_word' id='word_1_36' title='bbox 1576 748 1752 804; x_wconf 89' lang='lat' dir='ltr'>modo</span> <span class='ocrx_word' id='word_1_37' title='bbox 1786 746 2033 803; x_wconf 85' lang='lat' dir='ltr'>manife-</span> 
     </span>
    </p>
   </div>
   <div class='ocr_carea' id='block_1_6' title="bbox 378 837 2034 912">
    <p class='ocr_par' dir='ltr' id='par_1_6' title="bbox 378 837 2034 912">
     <span class='ocr_line' id='line_1_6' title="bbox 378 837 2034 912; baseline -0.007 -10"><span class='ocrx_word' id='word_1_38' title='bbox 378 853 538 902; x_wconf 88' lang='lat' dir='ltr'>stum</span> <span class='ocrx_word' id='word_1_39' title='bbox 569 853 725 902; x_wconf 83' lang='lat' dir='ltr'>esset</span> <span class='ocrx_word' id='word_1_40' title='bbox 757 843 1243 901; x_wconf 85' lang='lat' dir='ltr'>constitutionem</span> <span class='ocrx_word' id='word_1_41' title='bbox 1288 841 1361 896; x_wconf 94' lang='lat' dir='ltr'>de</span> <span class='ocrx_word' id='word_1_42' title='bbox 1393 839 1652 912; x_wconf 84' lang='lat' dir='ltr'>episcOpi</span> <span class='ocrx_word' id='word_1_43' title='bbox 1685 837 2034 893; x_wconf 83' lang='lat' dir='ltr'>auctoritate</span> 
     </span>
    </p>
   </div>
   <div class='ocr_carea' id='block_1_7' title="bbox 380 927 2031 1008">
    <p class='ocr_par' dir='ltr' id='par_1_7' title="bbox 380 927 2031 1008">
     <span class='ocr_line' id='line_1_7' title="bbox 380 927 2031 1008; baseline -0.007 -16"><span class='ocrx_word' id='word_1_44' title='bbox 380 942 516 1008; x_wconf 90' lang='lat' dir='ltr'>post</span> <span class='ocrx_word' id='word_1_45' title='bbox 544 953 769 992; x_wconf 91' lang='lat' dir='ltr'>annum</span> <span class='ocrx_word' id='word_1_46' title='bbox 810 953 845 991; x_wconf 87' lang='lat' dir='ltr'>a</span> <span class='ocrx_word' id='word_1_47' title='bbox 901 934 1117 989; x_wconf 82' lang='lat' dir='ltr'>Christi</span> <span class='ocrx_word' id='word_1_48' title='bbox 1174 930 1611 987; x_wconf 86' lang='lat' dir='ltr'>resurrectione</span> <span class='ocrx_word' id='word_1_49' title='bbox 1670 929 1771 982; x_wconf 82' lang='grc'>150</span> <span class='ocrx_word' id='word_1_50' title='bbox 1816 927 2031 983; x_wconf 84' lang='lat' dir='ltr'>factam</span> 
     </span>
    </p>
   </div>
   <div class='ocr_carea' id='block_1_8' title="bbox 374 1023 2034 1097">
    <p class='ocr_par' dir='ltr' id='par_1_8' title="bbox 374 1023 2034 1097">
     <span class='ocr_line' id='line_1_8' title="bbox 374 1023 2034 1097; baseline -0.006 -18"><span class='ocrx_word' id='word_1_51' title='bbox 374 1025 580 1082; x_wconf 86' lang='lat' dir='ltr'>fuisse.</span> <span class='ocrx_word' id='word_1_52' title='bbox 607 1028 749 1081; x_wconf 86' lang='lat' dir='ltr'>Nam</span> <span class='ocrx_word' id='word_1_53' title='bbox 772 1025 987 1097; x_wconf 90' lang='lat' dir='ltr'>primo,</span> <span class='ocrx_word' id='word_1_54' title='bbox 1024 1023 1072 1079; x_wconf 89' lang='lat' dir='ltr'>si</span> <span class='ocrx_word' id='word_1_55' title='bbox 1105 1023 1395 1095; x_wconf 90' lang='lat' dir='ltr'>impostor</span> <span class='ocrx_word' id='word_1_56' title='bbox 1427 1023 1602 1084; x_wconf 86' lang='lat' dir='ltr'>esset,</span> <span class='ocrx_word' id='word_1_57' title='bbox 1638 1032 1759 1072; x_wconf 89' lang='lat' dir='ltr'>non</span> <span class='ocrx_word' id='word_1_58' title='bbox 1789 1030 2034 1071; x_wconf 90' lang='lat' dir='ltr'>necesse</span> 
     </span>
    </p>
   </div>
   <div class='ocr_carea' id='block_1_9' title="bbox 378 1105 2033 1183">
    <p class='ocr_par' dir='ltr' id='par_1_9' title="bbox 378 1105 2033 1183">
     <span class='ocr_line' id='line_1_9' title="bbox 378 1105 2033 1183; baseline -0.007 -12"><span class='ocrx_word' id='word_1_59' title='bbox 378 1122 535 1171; x_wconf 86' lang='lat' dir='ltr'>esset</span> <span class='ocrx_word' id='word_1_60' title='bbox 573 1121 639 1171; x_wconf 90' lang='lat' dir='ltr'>ut</span> <span class='ocrx_word' id='word_1_61' title='bbox 692 1117 758 1170; x_wconf 88' lang='lat' dir='ltr'>de</span> <span class='ocrx_word' id='word_1_62' title='bbox 813 1131 909 1170; x_wconf 90' lang='lat' dir='ltr'>suo</span> <span class='ocrx_word' id='word_1_63' title='bbox 958 1121 1200 1183; x_wconf 72' lang='lat' dir='ltr'>tempore</span> <span class='ocrx_word' id='word_1_64' title='bbox 1256 1111 1646 1181; x_wconf 88' lang='lat' dir='ltr'>loqueretur;</span> <span class='ocrx_word' id='word_1_65' title='bbox 1691 1105 2033 1178; x_wconf 77' lang='lat' dir='ltr'>fingendum</span> 
     </span>
    </p>
   </div>
   <div class='ocr_carea' id='block_1_10' title="bbox 378 1200 2035 1276">
    <p class='ocr_par' dir='ltr' id='par_1_10' title="bbox 378 1200 2035 1276">
     <span class='ocr_line' id='line_1_10' title="bbox 378 1200 2035 1276; baseline -0.005 -16"><span class='ocrx_word' id='word_1_66' title='bbox 378 1206 539 1260; x_wconf 90' lang='lat' dir='ltr'>enim</span> <span class='ocrx_word' id='word_1_67' title='bbox 571 1206 684 1260; x_wconf 87' lang='lat' dir='ltr'>sibi</span> <span class='ocrx_word' id='word_1_68' title='bbox 717 1204 1040 1276; x_wconf 86' lang='lat' dir='ltr'>sumpsisse</span> <span class='ocrx_word' id='word_1_69' title='bbox 1061 1200 1349 1257; x_wconf 89' lang='lat' dir='ltr'>dicendus</span> <span class='ocrx_word' id='word_1_70' title='bbox 1367 1204 1523 1255; x_wconf 85' lang='lat' dir='ltr'>esset</span> <span class='ocrx_word' id='word_1_71' title='bbox 1541 1204 1798 1253; x_wconf 86' lang='lat' dir='ltr'>veterem</span> <span class='ocrx_word' id='word_1_72' title='bbox 1821 1202 1879 1251; x_wconf 91' lang='lat' dir='ltr'>et</span> <span class='ocrx_word' id='word_1_73' title='bbox 1899 1213 2035 1268; x_wconf 89' lang='lat' dir='ltr'>apo-</span> 
     </span>
    </p>
   </div>
   <div class='ocr_carea' id='block_1_11' title="bbox 376 1287 2031 1364">
    <p class='ocr_par' dir='ltr' id='par_1_11' title="bbox 376 1287 2031 1364">
     <span class='ocr_line' id='line_1_11' title="bbox 376 1287 2031 1364; baseline -0.007 -13"><span class='ocrx_word' id='word_1_74' title='bbox 376 1295 652 1351; x_wconf 88' lang='lat' dir='ltr'>stolicum</span> <span class='ocrx_word' id='word_1_75' title='bbox 684 1293 974 1362; x_wconf 80' lang='lat' dir='ltr'>virum,ab</span> <span class='ocrx_word' id='word_1_76' title='bbox 997 1291 1282 1364; x_wconf 88' lang='lat' dir='ltr'>apostolis</span> <span class='ocrx_word' id='word_1_77' title='bbox 1303 1288 1639 1344; x_wconf 91' lang='lat' dir='ltr'>ordinatum</span> <span class='ocrx_word' id='word_1_78' title='bbox 1663 1287 2031 1358; x_wconf 88' lang='lat' dir='ltr'>episcopum,</span> 
     </span>
    </p>
   </div>
   <div class='ocr_carea' id='block_1_12' title="bbox 376 1373 2033 1457">
    <p class='ocr_par' dir='ltr' id='par_1_12' title="bbox 376 1373 2033 1457">
     <span class='ocr_line' id='line_1_12' title="bbox 376 1373 2033 1457; baseline -0.008 -16"><span class='ocrx_word' id='word_1_79' title='bbox 376 1390 435 1441; x_wconf 90' lang='lat' dir='ltr'>et</span> <span class='ocrx_word' id='word_1_80' title='bbox 464 1385 640 1457; x_wconf 88' lang='lat' dir='ltr'>paulo</span> <span class='ocrx_word' id='word_1_81' title='bbox 663 1389 798 1456; x_wconf 91' lang='lat' dir='ltr'>post</span> <span class='ocrx_word' id='word_1_82' title='bbox 828 1384 884 1439; x_wconf 93' lang='lat' dir='ltr'>S.</span> <span class='ocrx_word' id='word_1_83' title='bbox 908 1381 1151 1437; x_wconf 83' lang='lat' dir='ltr'>Joannis</span> <span class='ocrx_word' id='word_1_84' title='bbox 1182 1378 1437 1451; x_wconf 86' lang='lat' dir='ltr'>apostoli</span> <span class='ocrx_word' id='word_1_85' title='bbox 1474 1377 1701 1433; x_wconf 89' lang='lat' dir='ltr'>obitum</span> <span class='ocrx_word' id='word_1_86' title='bbox 1749 1373 2033 1447; x_wconf 84' lang='lat' dir='ltr'>martyrio</span> 
     </span>
    </p>
   </div>
   <div class='ocr_carea' id='block_1_13' title="bbox 377 1464 2035 1544">
    <p class='ocr_par' dir='ltr' id='par_1_13' title="bbox 377 1464 2035 1544">
     <span class='ocr_line' id='line_1_13' title="bbox 377 1464 2035 1544; baseline -0.008 -11"><span class='ocrx_word' id='word_1_87' title='bbox 377 1482 746 1533; x_wconf 88' lang='lat' dir='ltr'>coronatum.</span> <span class='ocrx_word' id='word_1_88' title='bbox 781 1473 948 1538; x_wconf 90' lang='lat' dir='ltr'>Quod</span> <span class='ocrx_word' id='word_1_89' title='bbox 979 1473 1027 1527; x_wconf 93' lang='lat' dir='ltr'>si</span> <span class='ocrx_word' id='word_1_90' title='bbox 1060 1472 1447 1544; x_wconf 90' lang='lat' dir='ltr'>impostorem</span> <span class='ocrx_word' id='word_1_91' title='bbox 1503 1468 1657 1523; x_wconf 88' lang='lat' dir='ltr'>bene</span> <span class='ocrx_word' id='word_1_92' title='bbox 1686 1470 1905 1539; x_wconf 79' lang='lat' dir='ltr'>ageret,</span> <span class='ocrx_word' id='word_1_93' title='bbox 1960 1464 2035 1520; x_wconf 89' lang='lat' dir='ltr'>ad</span> 
     </span>
    </p>
   </div>
   <div class='ocr_carea' id='block_1_14' title="bbox 377 1554 2034 1626">
    <p class='ocr_par' dir='ltr' id='par_1_14' title="bbox 377 1554 2034 1626">
     <span class='ocr_line' id='line_1_14' title="bbox 377 1554 2034 1626; baseline -0.009 -2"><span class='ocrx_word' id='word_1_94' title='bbox 377 1584 509 1623; x_wconf 89' lang='lat' dir='ltr'>eam</span> <span class='ocrx_word' id='word_1_95' title='bbox 541 1570 774 1621; x_wconf 83' lang='lat' dir='ltr'>aetatem</span> <span class='ocrx_word' id='word_1_96' title='bbox 799 1562 1001 1619; x_wconf 88' lang='lat' dir='ltr'>omnia</span> <span class='ocrx_word' id='word_1_97' title='bbox 1029 1561 1251 1617; x_wconf 82' lang='lat' dir='ltr'>referre</span> <span class='ocrx_word' id='word_1_98' title='bbox 1280 1558 1485 1615; x_wconf 86' lang='lat' dir='ltr'>debuit</span> <span class='ocrx_word' id='word_1_99' title='bbox 1515 1572 1530 1626; x_wconf 88' lang='lat'><strong>;</strong></span> <span class='ocrx_word' id='word_1_100' title='bbox 1559 1561 1618 1613; x_wconf 90' lang='lat' dir='ltr'>et</span> <span class='ocrx_word' id='word_1_101' title='bbox 1646 1556 1720 1613; x_wconf 89' lang='lat' dir='ltr'>ad</span> <span class='ocrx_word' id='word_1_102' title='bbox 1756 1554 1909 1611; x_wconf 91' lang='lat' dir='ltr'>illud</span> <span class='ocrx_word' id='word_1_103' title='bbox 1929 1571 2034 1610; x_wconf 71' lang='lat' dir='ltr'>saa-</span> 
     </span>
    </p>
   </div>
   <div class='ocr_carea' id='block_1_15' title="bbox 376 1644 2032 1726">
    <p class='ocr_par' dir='ltr' id='par_1_15' title="bbox 376 1644 2032 1726">
     <span class='ocr_line' id='line_1_15' title="bbox 376 1644 2032 1726; baseline -0.008 -14"><span class='ocrx_word' id='word_1_104' title='bbox 376 1657 578 1713; x_wconf 91' lang='lat' dir='ltr'>culum</span> <span class='ocrx_word' id='word_1_105' title='bbox 608 1655 735 1709; x_wconf 68' lang='lat' dir='ltr'>haec</span> <span class='ocrx_word' id='word_1_106' title='bbox 755 1653 885 1726; x_wconf 92' lang='lat' dir='ltr'>ipsa</span> <span class='ocrx_word' id='word_1_107' title='bbox 916 1669 1052 1707; x_wconf 92' lang='lat' dir='ltr'>eum</span> <span class='ocrx_word' id='word_1_108' title='bbox 1086 1667 1208 1705; x_wconf 89' lang='lat' dir='ltr'>non</span> <span class='ocrx_word' id='word_1_109' title='bbox 1266 1649 1566 1713; x_wconf 89' lang='lat' dir='ltr'>retulisse,</span> <span class='ocrx_word' id='word_1_110' title='bbox 1599 1645 1839 1719; x_wconf 90' lang='lat' dir='ltr'>probari</span> <span class='ocrx_word' id='word_1_111' title='bbox 1864 1644 2032 1700; x_wconf 89' lang='lat' dir='ltr'>nullo</span> 
     </span>
    </p>
   </div>
   <div class='ocr_carea' id='block_1_16' title="bbox 376 1732 2036 1815">
    <p class='ocr_par' dir='ltr' id='par_1_16' title="bbox 376 1732 2036 1815">
     <span class='ocr_line' id='line_1_16' title="bbox 376 1732 2036 1815; baseline -0.008 -14"><span class='ocrx_word' id='word_1_112' title='bbox 376 1744 555 1803; x_wconf 91' lang='lat' dir='ltr'>modo</span> <span class='ocrx_word' id='word_1_113' title='bbox 586 1746 801 1815; x_wconf 89' lang='lat' dir='ltr'>potest.</span> <span class='ocrx_word' id='word_1_114' title='bbox 855 1739 1017 1795; x_wconf 89' lang='lat' dir='ltr'>Nihil</span> <span class='ocrx_word' id='word_1_115' title='bbox 1072 1738 1252 1811; x_wconf 66' lang='lat' dir='ltr'>igitur</span> <span class='ocrx_word' id='word_1_116' title='bbox 1302 1735 1464 1792; x_wconf 86' lang='lat' dir='ltr'>aliud</span> <span class='ocrx_word' id='word_1_117' title='bbox 1521 1752 1592 1791; x_wconf 87' lang='lat' dir='ltr'>ex</span> <span class='ocrx_word' id='word_1_118' title='bbox 1649 1732 1872 1805; x_wconf 89' lang='lat' dir='ltr'>duplici</span> <span class='ocrx_word' id='word_1_119' title='bbox 1931 1732 2036 1788; x_wconf 85' lang='lat' dir='ltr'>illa</span> 
     </span>
    </p>
   </div>
   <div class='ocr_carea' id='block_1_17' title="bbox 2144 570 3799 646">
    <p class='ocr_par' dir='ltr' id='par_1_17' title="bbox 2144 570 3799 646">
     <span class='ocr_line' id='line_1_17' title="bbox 2144 570 3799 646; baseline -0.002 -17"><span class='ocrx_word' id='word_1_120' title='bbox 2144 573 2352 646; x_wconf 83' lang='lat' dir='ltr'>Ignatii</span> <span class='ocrx_word' id='word_1_121' title='bbox 2410 573 2654 642; x_wconf 88' lang='lat' dir='ltr'>notavit,</span> <span class='ocrx_word' id='word_1_122' title='bbox 2688 573 2889 629; x_wconf 88' lang='lat' dir='ltr'>Latine</span> <span class='ocrx_word' id='word_1_123' title='bbox 2947 589 3071 628; x_wconf 89' lang='lat' dir='ltr'>non</span> <span class='ocrx_word' id='word_1_124' title='bbox 3126 570 3426 627; x_wconf 88' lang='lat' dir='ltr'>reddidit:</span> <span class='ocrx_word' id='word_1_125' title='bbox 3471 570 3799 627; x_wconf 87' lang='lat' dir='ltr'>Salmasius</span> 
     </span>
    </p>
   </div>
   <div class='ocr_carea' id='block_1_18' title="bbox 2143 661 3797 737">
    <p class='ocr_par' dir='ltr' id='par_1_18' title="bbox 2143 661 3797 737">
     <span class='ocr_line' id='line_1_18' title="bbox 2143 661 3797 737; baseline -0.001 -18"><span class='ocrx_word' id='word_1_126' title='bbox 2143 663 2412 721; x_wconf 88' lang='lat' dir='ltr'>omnium</span> <span class='ocrx_word' id='word_1_127' title='bbox 2442 665 2673 736; x_wconf 87' lang='lat' dir='ltr'>primus</span> <span class='ocrx_word' id='word_1_128' title='bbox 2708 663 3037 737; x_wconf 80' lang='grc' dir='ltr'><strong>νεωτερικήν</strong></span> <span class='ocrx_word' id='word_1_129' title='bbox 3081 661 3253 733; x_wconf 84' lang='grc' dir='ltr'>τάξιν,</span> <span class='ocrx_word' id='word_1_130' title='bbox 3281 666 3488 718; x_wconf 88' lang='lat' dir='ltr'>contra</span> <span class='ocrx_word' id='word_1_131' title='bbox 3532 661 3797 735; x_wconf 79' lang='lat' dir='ltr'>Ignatia—</span> 
     </span>
    </p>
   </div>
   <div class='ocr_carea' id='block_1_19' title="bbox 2140 751 3798 825">
    <p class='ocr_par' dir='ltr' id='par_1_19' title="bbox 2140 751 3798 825">
     <span class='ocr_line' id='line_1_19' title="bbox 2140 751 3798 825; baseline -0.002 -16"><span class='ocrx_word' id='word_1_132' title='bbox 2140 770 2285 810; x_wconf 90' lang='lat' dir='ltr'>num</span> <span class='ocrx_word' id='word_1_133' title='bbox 2311 754 2597 825; x_wconf 89' lang='lat' dir='ltr'>loquendi</span> <span class='ocrx_word' id='word_1_134' title='bbox 2627 770 2879 824; x_wconf 86' lang='lat' dir='ltr'>morem,</span> <span class='ocrx_word' id='word_1_135' title='bbox 2931 756 3139 810; x_wconf 87' lang='lat' dir='ltr'>contra</span> <span class='ocrx_word' id='word_1_136' title='bbox 3182 752 3567 809; x_wconf 89' lang='lat' dir='ltr'>manifestum</span> <span class='ocrx_word' id='word_1_137' title='bbox 3611 751 3798 806; x_wconf 89' lang='lat' dir='ltr'>totius</span> 
     </span>
    </p>
   </div>
   <div class='ocr_carea' id='block_1_20' title="bbox 2141 839 3794 913">
    <p class='ocr_par' dir='ltr' id='par_1_20' title="bbox 2141 839 3794 913">
     <span class='ocr_line' id='line_1_20' title="bbox 2141 839 3794 913; baseline -0.004 -13"><span class='ocrx_word' id='word_1_138' title='bbox 2141 850 2454 901; x_wconf 82' lang='lat' dir='ltr'>contextus</span> <span class='ocrx_word' id='word_1_139' title='bbox 2477 860 2743 910; x_wconf 89' lang='lat' dir='ltr'>sensum,</span> <span class='ocrx_word' id='word_1_140' title='bbox 2779 848 2986 900; x_wconf 88' lang='lat' dir='ltr'>contra</span> <span class='ocrx_word' id='word_1_141' title='bbox 3014 849 3278 901; x_wconf 89' lang='lat' dir='ltr'>mentem</span> <span class='ocrx_word' id='word_1_142' title='bbox 3310 840 3616 913; x_wconf 89' lang='lat' dir='ltr'>scriptoris</span> <span class='ocrx_word' id='word_1_143' title='bbox 3648 839 3794 896; x_wconf 86' lang='lat' dir='ltr'>alibi</span> 
     </span>
    </p>
   </div>
   <div class='ocr_carea' id='block_1_21' title="bbox 2141 929 3800 1007">
    <p class='ocr_par' dir='ltr' id='par_1_21' title="bbox 2141 929 3800 1007">
     <span class='ocr_line' id='line_1_21' title="bbox 2141 929 3800 1007; baseline -0.004 -17"><span class='ocrx_word' id='word_1_144' title='bbox 2141 934 2284 991; x_wconf 89' lang='lat' dir='ltr'>satis</span> <span class='ocrx_word' id='word_1_145' title='bbox 2317 934 2692 1007; x_wconf 82' lang='lat' dir='ltr'>explicatam,</span> <span class='ocrx_word' id='word_1_146' title='bbox 2743 950 2941 989; x_wconf 86' lang='lat' dir='ltr'>novam</span> <span class='ocrx_word' id='word_1_147' title='bbox 2995 931 3399 988; x_wconf 75' lang='lat' dir='ltr'>institutionem</span> <span class='ocrx_word' id='word_1_148' title='bbox 3449 929 3543 985; x_wconf 91' lang='lat' dir='ltr'>vel</span> <span class='ocrx_word' id='word_1_149' title='bbox 3593 946 3800 984; x_wconf 85' lang='lat' dir='ltr'>novum</span> 
     </span>
    </p>
   </div>
   <div class='ocr_carea' id='block_1_22' title="bbox 2140 1019 3799 1081">
    <p class='ocr_par' dir='ltr' id='par_1_22' title="bbox 2140 1019 3799 1081">
     <span class='ocr_line' id='line_1_22' title="bbox 2140 1019 3799 1081; baseline -0.005 0"><span class='ocrx_word' id='word_1_150' title='bbox 2140 1025 2385 1081; x_wconf 85' lang='lat' dir='ltr'>ordinem</span> <span class='ocrx_word' id='word_1_151' title='bbox 2407 1021 2781 1079; x_wconf 81' lang='lat' dir='ltr'>reddidit.Ad</span> <span class='ocrx_word' id='word_1_152' title='bbox 2797 1022 2951 1080; x_wconf 88' lang='lat' dir='ltr'>hanc</span> <span class='ocrx_word' id='word_1_153' title='bbox 2964 1021 3411 1078; x_wconf 89' lang='lat' dir='ltr'>translationem</span> <span class='ocrx_word' id='word_1_154' title='bbox 3431 1019 3584 1076; x_wconf 81' lang='lat' dir='ltr'>conti</span> <span class='ocrx_word' id='word_1_155' title='bbox 3594 1035 3799 1075; x_wconf 83' lang='lat' dir='ltr'>rman-</span> 
     </span>
    </p>
   </div>
   <div class='ocr_carea' id='block_1_23' title="bbox 2140 1112 3799 1188">
    <p class='ocr_par' dir='ltr' id='par_1_23' title="bbox 2140 1112 3799 1188">
     <span class='ocr_line' id='line_1_23' title="bbox 2140 1112 3799 1188; baseline -0.004 -17"><span class='ocrx_word' id='word_1_156' title='bbox 2140 1115 2276 1172; x_wconf 91' lang='lat' dir='ltr'>dam</span> <span class='ocrx_word' id='word_1_157' title='bbox 2295 1115 2493 1172; x_wconf 88' lang='lat' dir='ltr'>locum</span> <span class='ocrx_word' id='word_1_158' title='bbox 2526 1114 2733 1188; x_wconf 85' lang='lat' dir='ltr'>Ignatii</span> <span class='ocrx_word' id='word_1_159' title='bbox 2761 1115 2977 1170; x_wconf 91' lang='lat' dir='ltr'>misere</span> <span class='ocrx_word' id='word_1_160' title='bbox 2987 1112 3270 1180; x_wconf 88' lang='lat' dir='ltr'>detorsit;</span> <span class='ocrx_word' id='word_1_161' title='bbox 3295 1117 3506 1168; x_wconf 88' lang='lat' dir='ltr'>etcum</span> <span class='ocrx_word' id='word_1_162' title='bbox 3524 1116 3799 1167; x_wconf 88' lang='lat' dir='ltr'>nostrum</span> 
     </span>
    </p>
   </div>
   <div class='ocr_carea' id='block_1_24' title="bbox 2139 1200 3798 1270">
    <p class='ocr_par' dir='ltr' id='par_1_24' title="bbox 2139 1200 3798 1270">
     <span class='ocr_line' id='line_1_24' title="bbox 2139 1200 3798 1270; baseline -0.004 -10"><span class='ocrx_word' id='word_1_163' title='bbox 2139 1205 2503 1262; x_wconf 91' lang='lat' dir='ltr'>locutionem</span> <span class='ocrx_word' id='word_1_164' title='bbox 2524 1206 2578 1261; x_wconf 91' lang='lat' dir='ltr'>S.</span> <span class='ocrx_word' id='word_1_165' title='bbox 2603 1204 2772 1261; x_wconf 90' lang='lat' dir='ltr'>Pauli</span> <span class='ocrx_word' id='word_1_166' title='bbox 2796 1205 3054 1261; x_wconf 82' lang='lat' dir='ltr'>maxime</span> <span class='ocrx_word' id='word_1_167' title='bbox 3073 1209 3344 1259; x_wconf 88' lang='lat' dir='ltr'>secutum</span> <span class='ocrx_word' id='word_1_168' title='bbox 3362 1218 3492 1258; x_wconf 86' lang='lat' dir='ltr'>esse</span> <span class='ocrx_word' id='word_1_169' title='bbox 3514 1200 3798 1270; x_wconf 88' lang='lat' dir='ltr'>novisset,</span> 
     </span>
    </p>
   </div>
   <div class='ocr_carea' id='block_1_25' title="bbox 2139 1291 3796 1366">
    <p class='ocr_par' dir='ltr' id='par_1_25' title="bbox 2139 1291 3796 1366">
     <span class='ocr_line' id='line_1_25' title="bbox 2139 1291 3796 1366; baseline -0.004 -16"><span class='ocrx_word' id='word_1_170' title='bbox 2139 1295 2304 1351; x_wconf 91' lang='lat' dir='ltr'>illum</span> <span class='ocrx_word' id='word_1_171' title='bbox 2337 1294 2515 1350; x_wconf 90' lang='lat' dir='ltr'>etiam</span> <span class='ocrx_word' id='word_1_172' title='bbox 2536 1309 2848 1366; x_wconf 87' lang='lat' dir='ltr'>perperam</span> <span class='ocrx_word' id='word_1_173' title='bbox 2891 1298 2951 1349; x_wconf 91' lang='lat' dir='ltr'>et</span> <span class='ocrx_word' id='word_1_174' title='bbox 2997 1298 3197 1349; x_wconf 82' lang='lat' dir='ltr'>coacta</span> <span class='ocrx_word' id='word_1_175' title='bbox 3228 1291 3653 1363; x_wconf 88' lang='lat' dir='ltr'>interpretatus</span> <span class='ocrx_word' id='word_1_176' title='bbox 3683 1294 3796 1344; x_wconf 89' lang='lat' dir='ltr'>est.</span> 
     </span>
    </p>
   </div>
   <div class='ocr_carea' id='block_1_26' title="bbox 2139 1379 3799 1456">
    <p class='ocr_par' dir='ltr' id='par_1_26' title="bbox 2139 1379 3799 1456">
     <span class='ocr_line' id='line_1_26' title="bbox 2139 1379 3799 1456; baseline -0.005 -15"><span class='ocrx_word' id='word_1_177' title='bbox 2139 1388 2203 1442; x_wconf 88' lang='lat' dir='ltr'>In</span> <span class='ocrx_word' id='word_1_178' title='bbox 2289 1383 2535 1456; x_wconf 83' lang='lat' dir='ltr'>Epistola</span> <span class='ocrx_word' id='word_1_179' title='bbox 2606 1384 2792 1453; x_wconf 81' lang='lat' dir='ltr'>Pauli,</span> <span class='ocrx_word' id='word_1_180' title='bbox 2871 1382 3086 1455; x_wconf 86' lang='lat' dir='ltr'>inquit,</span> <span class='ocrx_word' id='word_1_181' title='bbox 3165 1381 3240 1437; x_wconf 84' lang='lat' dir='ltr'>ad</span> <span class='ocrx_word' id='word_1_182' title='bbox 3323 1379 3663 1436; x_wconf 80' lang='lat' dir='ltr'>Timotheum</span> <span class='ocrx_word' id='word_1_183' title='bbox 3725 1379 3799 1444; x_wconf 88' lang='lat' dir='ltr'>II,</span> 
     </span>
    </p>
   </div>
   <div class='ocr_carea' id='block_1_27' title="bbox 2140 1468 3801 1547">
    <p class='ocr_par' dir='ltr' id='par_1_27' title="bbox 2140 1468 3801 1547">
     <span class='ocr_line' id='line_1_27' title="bbox 2140 1468 3801 1547; baseline -0.004 -16"><span class='ocrx_word' id='word_1_184' title='bbox 2140 1492 2269 1547; x_wconf 85' lang='lat' dir='ltr'>cap.</span> <span class='ocrx_word' id='word_1_185' title='bbox 2302 1491 2362 1539; x_wconf 86' lang='lat' dir='ltr'>ll,</span> <span class='ocrx_word' id='word_1_186' title='bbox 2395 1477 2484 1542; x_wconf 83' lang='lat'>22,</span> <span class='ocrx_word' id='word_1_187' title='bbox 2515 1471 2832 1547; x_wconf 81' lang='grc' dir='ltr'><strong>νεωτερικαὶ</strong></span> <span class='ocrx_word' id='word_1_188' title='bbox 2862 1468 3148 1545; x_wconf 75' lang='grc' dir='ltr'><strong>ἐπιθυμίαι</strong></span> <span class='ocrx_word' id='word_1_189' title='bbox 3177 1487 3289 1527; x_wconf 89' lang='lat' dir='ltr'>non</span> <span class='ocrx_word' id='word_1_190' title='bbox 3326 1476 3454 1527; x_wconf 84' lang='lat' dir='ltr'>sunt</span> <span class='ocrx_word' id='word_1_191' title='bbox 3495 1469 3801 1542; x_wconf 90' lang='lat' dir='ltr'>juveniles</span> 
     </span>
    </p>
   </div>
   <div class='ocr_carea' id='block_1_28' title="bbox 2140 1559 3799 1638">
    <p class='ocr_par' dir='ltr' id='par_1_28' title="bbox 2140 1559 3799 1638">
     <span class='ocr_line' id='line_1_28' title="bbox 2140 1559 3799 1638; baseline -0.005 -17"><span class='ocrx_word' id='word_1_192' title='bbox 2140 1564 2517 1638; x_wconf 84' lang='lat' dir='ltr'>cupiditates,</span> <span class='ocrx_word' id='word_1_193' title='bbox 2555 1563 2651 1619; x_wconf 84' lang='lat' dir='ltr'>sed</span> <span class='ocrx_word' id='word_1_194' title='bbox 2678 1579 2866 1633; x_wconf 70' lang='lat' dir='ltr'>novm,</span> <span class='ocrx_word' id='word_1_195' title='bbox 2896 1561 2982 1618; x_wconf 84' lang='lat' dir='ltr'>vel</span> <span class='ocrx_word' id='word_1_196' title='bbox 3001 1577 3287 1618; x_wconf 90' lang='lat' dir='ltr'>novarum</span> <span class='ocrx_word' id='word_1_197' title='bbox 3316 1564 3625 1629; x_wconf 88' lang='lat' dir='ltr'>rerum,ut</span> <span class='ocrx_word' id='word_1_198' title='bbox 3652 1559 3799 1614; x_wconf 85' lang='lat' dir='ltr'>alibi</span> 
     </span>
    </p>
   </div>
   <div class='ocr_carea' id='block_1_29' title="bbox 2138 1651 3803 1725">
    <p class='ocr_par' dir='ltr' id='par_1_29' title="bbox 2138 1651 3803 1725">
     <span class='ocr_line' id='line_1_29' title="bbox 2138 1651 3803 1725; baseline -0.005 -14"><span class='ocrx_word' id='word_1_199' title='bbox 2138 1671 2236 1712; x_wconf 82' lang='lat' dir='ltr'>nos</span> <span class='ocrx_word' id='word_1_200' title='bbox 2290 1653 2710 1725; x_wconf 70' lang='lat' dir='ltr'>explicabimus.</span> <span class='ocrx_word' id='word_1_201' title='bbox 2762 1651 3010 1718; x_wconf 88' lang='lat' dir='ltr'>Idcirco,</span> <span class='ocrx_word' id='word_1_202' title='bbox 3067 1656 3136 1707; x_wconf 90' lang='lat' dir='ltr'>ut</span> <span class='ocrx_word' id='word_1_203' title='bbox 3190 1651 3304 1706; x_wconf 92' lang='lat' dir='ltr'>hoc</span> <span class='ocrx_word' id='word_1_204' title='bbox 3380 1652 3803 1722; x_wconf 85' lang='lat' dir='ltr'>argumentum</span> 
     </span>
    </p>
   </div>
   <div class='ocr_carea' id='block_1_30' title="bbox 2142 1737 3807 1816">
    <p class='ocr_par' dir='ltr' id='par_1_30' title="bbox 2142 1737 3807 1816">
     <span class='ocr_line' id='line_1_30' title="bbox 2142 1737 3807 1816; baseline -0.005 -16"><span class='ocrx_word' id='word_1_205' title='bbox 2142 1740 3210 1816; x_wconf 43' lang='lat' dir='ltr'>prorsusiexplodaturmrimo,lector</span> <span class='ocrx_word' id='word_1_206' title='bbox 3228 1739 3599 1808; x_wconf 88' lang='lat' dir='ltr'>benevole,S.</span> <span class='ocrx_word' id='word_1_207' title='bbox 3628 1737 3807 1794; x_wconf 89' lang='lat' dir='ltr'>Pauli</span> 
     </span>
    </p>
   </div>
   <div class='ocr_carea' id='block_1_31' title="bbox 379 1823 2029 1908">
    <p class='ocr_par' dir='ltr' id='par_1_31' title="bbox 379 1823 2029 1900">
     <span class='ocr_line' id='line_1_31' title="bbox 379 1823 2029 1900; baseline -0.008 -10"><span class='ocrx_word' id='word_1_208' title='bbox 379 1833 761 1890; x_wconf 88' lang='lat' dir='ltr'>concessione</span> <span class='ocrx_word' id='word_1_209' title='bbox 838 1829 1127 1900; x_wconf 88' lang='lat' dir='ltr'>sequitur,</span> <span class='ocrx_word' id='word_1_210' title='bbox 1166 1843 1345 1899; x_wconf 88' lang='lat' dir='ltr'>quam</span> <span class='ocrx_word' id='word_1_211' title='bbox 1402 1824 1561 1897; x_wconf 90' lang='lat' dir='ltr'>quod</span> <span class='ocrx_word' id='word_1_212' title='bbox 1619 1840 1689 1880; x_wconf 84' lang='lat' dir='ltr'>ex</span> <span class='ocrx_word' id='word_1_213' title='bbox 1746 1823 2029 1894; x_wconf 89' lang='lat' dir='ltr'>imposto-</span> 
     </span>
    </p>
   </div>
   <div class='ocr_carea' id='block_1_32' title="bbox 2214 1823 3806 1908">
    <p class='ocr_par' dir='ltr' id='par_1_32' title="bbox 2214 1831 3806 1905">
     <span class='ocr_line' id='line_1_32' title="bbox 2214 1831 3806 1905; baseline -0.004 -15"><span class='ocrx_word' id='word_1_214' title='bbox 2214 1850 2513 1905; x_wconf 80' lang='lat' dir='ltr'>cus,quem</span> <span class='ocrx_word' id='word_1_215' title='bbox 2536 1838 2806 1890; x_wconf 88' lang='lat' dir='ltr'>secutum</span> <span class='ocrx_word' id='word_1_216' title='bbox 2837 1831 2934 1888; x_wconf 91' lang='lat' dir='ltr'>hic</span> <span class='ocrx_word' id='word_1_217' title='bbox 2960 1836 3025 1887; x_wconf 90' lang='lat' dir='ltr'>ut</span> <span class='ocrx_word' id='word_1_218' title='bbox 3044 1831 3189 1888; x_wconf 88' lang='lat' dir='ltr'>alibi</span> <span class='ocrx_word' id='word_1_219' title='bbox 3218 1835 3490 1888; x_wconf 75' lang='lat' dir='ltr'>notstrum</span> <span class='ocrx_word' id='word_1_220' title='bbox 3521 1846 3651 1885; x_wconf 90' lang='lat' dir='ltr'>esse</span> <span class='ocrx_word' id='word_1_221' title='bbox 3677 1845 3806 1884; x_wconf 90' lang='lat' dir='ltr'>non</span> 
     </span>
    </p>
   </div>
   <div class='ocr_carea' id='block_1_33' title="bbox 373 1911 2035 1992">
    <p class='ocr_par' dir='ltr' id='par_1_33' title="bbox 373 1911 2035 1992">
     <span class='ocr_line' id='line_1_33' title="bbox 373 1911 2035 1992; baseline -0.009 -13"><span class='ocrx_word' id='word_1_222' title='bbox 373 1925 457 1979; x_wconf 90' lang='lat' dir='ltr'>ris</span> <span class='ocrx_word' id='word_1_223' title='bbox 487 1922 784 1978; x_wconf 85' lang='lat' dir='ltr'>sententia</span> <span class='ocrx_word' id='word_1_224' title='bbox 813 1919 1284 1992; x_wconf 88' lang='lat' dir='ltr'>episcopatus,ut</span> <span class='ocrx_word' id='word_1_225' title='bbox 1311 1914 1729 1987; x_wconf 87' lang='lat' dir='ltr'>presbyteratu</span> <span class='ocrx_word' id='word_1_226' title='bbox 1759 1911 2035 1984; x_wconf 89' lang='lat' dir='ltr'>superior</span> 
     </span>
    </p>
   </div>
   <div class='ocr_carea' id='block_1_34' title="bbox 375 2002 2034 2078">
    <p class='ocr_par' dir='ltr' id='par_1_34' title="bbox 375 2002 2034 2078">
     <span class='ocr_line' id='line_1_34' title="bbox 375 2002 2034 2078; baseline -0.009 -10"><span class='ocrx_word' id='word_1_227' title='bbox 375 2017 635 2078; x_wconf 31' lang='lat' dir='ltr'>estgtunc</span> <span class='ocrx_word' id='word_1_228' title='bbox 666 2010 900 2067; x_wconf 89' lang='lat' dir='ltr'>novella</span> <span class='ocrx_word' id='word_1_229' title='bbox 930 2008 1225 2063; x_wconf 84' lang='lat' dir='ltr'>institutio</span> <span class='ocrx_word' id='word_1_230' title='bbox 1245 2006 1585 2074; x_wconf 84' lang='lat' dir='ltr'>fuerit,cum</span> <span class='ocrx_word' id='word_1_231' title='bbox 1618 2002 2034 2073; x_wconf 83' lang='lat' dir='ltr'>sanctuslgna-</span> 
     </span>
    </p>
   </div>
   <div class='ocr_carea' id='block_1_35' title="bbox 374 2091 2035 2172">
    <p class='ocr_par' dir='ltr' id='par_1_35' title="bbox 374 2091 2035 2172">
     <span class='ocr_line' id='line_1_35' title="bbox 374 2091 2035 2172; baseline -0.009 -15"><span class='ocrx_word' id='word_1_232' title='bbox 374 2103 492 2157; x_wconf 89' lang='lat' dir='ltr'>tius</span> <span class='ocrx_word' id='word_1_233' title='bbox 515 2102 589 2156; x_wconf 92' lang='lat' dir='ltr'>ad</span> <span class='ocrx_word' id='word_1_234' title='bbox 612 2099 961 2172; x_wconf 87' lang='lat' dir='ltr'>martyrium</span> <span class='ocrx_word' id='word_1_235' title='bbox 987 2112 1092 2169; x_wconf 92' lang='lat' dir='ltr'>per</span> <span class='ocrx_word' id='word_1_236' title='bbox 1116 2095 1310 2151; x_wconf 89' lang='lat' dir='ltr'>Asiam</span> <span class='ocrx_word' id='word_1_237' title='bbox 1342 2094 1679 2149; x_wconf 89' lang='lat' dir='ltr'>duceretur.</span> <span class='ocrx_word' id='word_1_238' title='bbox 1697 2091 1816 2146; x_wconf 82' lang='lat' dir='ltr'>Hoc</span> <span class='ocrx_word' id='word_1_239' title='bbox 1834 2094 2035 2145; x_wconf 87' lang='lat' dir='ltr'>autem</span> 
     </span>
    </p>
   </div>
   <div class='ocr_carea' id='block_1_36' title="bbox 379 2180 2034 2256">
    <p class='ocr_par' dir='ltr' id='par_1_36' title="bbox 379 2180 2034 2256">
     <span class='ocr_line' id='line_1_36' title="bbox 379 2180 2034 2256; baseline -0.007 -11"><span class='ocrx_word' id='word_1_240' title='bbox 379 2191 599 2246; x_wconf 67' lang='lat' dir='ltr'>factum</span> <span class='ocrx_word' id='word_1_241' title='bbox 636 2194 727 2244; x_wconf 89' lang='lat' dir='ltr'>est</span> <span class='ocrx_word' id='word_1_242' title='bbox 758 2189 915 2242; x_wconf 88' lang='lat' dir='ltr'>intra</span> <span class='ocrx_word' id='word_1_243' title='bbox 972 2189 1041 2241; x_wconf 83' lang='lat'>75</span> <span class='ocrx_word' id='word_1_244' title='bbox 1098 2202 1290 2240; x_wconf 83' lang='lat' dir='ltr'>annos</span> <span class='ocrx_word' id='word_1_245' title='bbox 1343 2189 1477 2256; x_wconf 91' lang='lat' dir='ltr'>post</span> <span class='ocrx_word' id='word_1_246' title='bbox 1532 2180 2034 2237; x_wconf 88' lang='lat' dir='ltr'>resurrectionem</span> 
     </span>
    </p>
   </div>
   <div class='ocr_carea' id='block_1_37' title="bbox 382 2267 2031 2348">
    <p class='ocr_par' dir='ltr' id='par_1_37' title="bbox 382 2267 2031 2348">
     <span class='ocr_line' id='line_1_37' title="bbox 382 2267 2031 2348; baseline -0.007 -14"><span class='ocrx_word' id='word_1_247' title='bbox 382 2279 619 2348; x_wconf 83' lang='lat' dir='ltr'>Christi,</span> <span class='ocrx_word' id='word_1_248' title='bbox 652 2279 807 2333; x_wconf 86' lang='lat' dir='ltr'>intra</span> <span class='ocrx_word' id='word_1_249' title='bbox 836 2279 867 2330; x_wconf 92' lang='lat'><em>8</em></span> <span class='ocrx_word' id='word_1_250' title='bbox 902 2281 1033 2348; x_wconf 88' lang='lat' dir='ltr'>post</span> <span class='ocrx_word' id='word_1_251' title='bbox 1066 2279 1317 2329; x_wconf 87' lang='lat' dir='ltr'>mortem</span> <span class='ocrx_word' id='word_1_252' title='bbox 1361 2273 1416 2327; x_wconf 91' lang='lat' dir='ltr'>S.</span> <span class='ocrx_word' id='word_1_253' title='bbox 1470 2270 1712 2326; x_wconf 86' lang='lat' dir='ltr'>Joannis</span> <span class='ocrx_word' id='word_1_254' title='bbox 1734 2267 1985 2341; x_wconf 87' lang='lat' dir='ltr'>apostoli</span> <span class='ocrx_word' id='word_1_255' title='bbox 2016 2289 2031 2335; x_wconf 89' lang='lat'><strong>;</strong></span> 
     </span>
    </p>
   </div>
   <div class='ocr_carea' id='block_1_38' title="bbox 382 2361 2031 2441">
    <p class='ocr_par' dir='ltr' id='par_1_38' title="bbox 382 2361 2031 2441">
     <span class='ocr_line' id='line_1_38' title="bbox 382 2361 2031 2441; baseline -0.008 -16"><span class='ocrx_word' id='word_1_256' title='bbox 382 2376 449 2426; x_wconf 91' lang='lat' dir='ltr'>ut</span> <span class='ocrx_word' id='word_1_257' title='bbox 482 2369 856 2441; x_wconf 79' lang='lat' dir='ltr'>episcopatus</span> <span class='ocrx_word' id='word_1_258' title='bbox 878 2372 937 2421; x_wconf 91' lang='lat' dir='ltr'>et</span> <span class='ocrx_word' id='word_1_259' title='bbox 961 2365 1197 2420; x_wconf 79' lang='lat' dir='ltr'>novella</span> <span class='ocrx_word' id='word_1_260' title='bbox 1230 2362 1525 2418; x_wconf 84' lang='lat' dir='ltr'>institutio</span> <span class='ocrx_word' id='word_1_261' title='bbox 1557 2361 1692 2419; x_wconf 88' lang='lat' dir='ltr'>dici.</span> <span class='ocrx_word' id='word_1_262' title='bbox 1729 2366 1785 2415; x_wconf 91' lang='lat' dir='ltr'>et</span> <span class='ocrx_word' id='word_1_263' title='bbox 1834 2366 2031 2414; x_wconf 88' lang='lat' dir='ltr'>tamen</span> 
     </span>
    </p>
   </div>
   <div class='ocr_carea' id='block_1_39' title="bbox 377 2447 2031 2530">
    <p class='ocr_par' dir='ltr' id='par_1_39' title="bbox 377 2447 2031 2530">
     <span class='ocr_line' id='line_1_39' title="bbox 377 2447 2031 2530; baseline -0.008 -16"><span class='ocrx_word' id='word_1_264' title='bbox 377 2458 740 2530; x_wconf 84' lang='lat' dir='ltr'>apostolicus</span> <span class='ocrx_word' id='word_1_265' title='bbox 763 2472 890 2511; x_wconf 83' lang='lat' dir='ltr'>esse</span> <span class='ocrx_word' id='word_1_266' title='bbox 923 2453 1327 2527; x_wconf 88' lang='lat' dir='ltr'>potuerit.Sub</span> <span class='ocrx_word' id='word_1_267' title='bbox 1350 2451 1645 2507; x_wconf 86' lang='lat' dir='ltr'>Antonino</span> <span class='ocrx_word' id='word_1_268' title='bbox 1677 2449 1767 2504; x_wconf 91' lang='lat' dir='ltr'>vel</span> <span class='ocrx_word' id='word_1_269' title='bbox 1791 2447 2031 2503; x_wconf 86' lang='lat' dir='ltr'>Aurelio</span> 
     </span>
    </p>
   </div>
   <div class='ocr_carea' id='block_1_40' title="bbox 373 2539 2033 2618">
    <p class='ocr_par' dir='ltr' id='par_1_40' title="bbox 373 2539 2033 2618">
     <span class='ocr_line' id='line_1_40' title="bbox 373 2539 2033 2618; baseline -0.005 -16"><span class='ocrx_word' id='word_1_270' title='bbox 373 2548 590 2602; x_wconf 81' lang='lat' dir='ltr'>vixisse</span> <span class='ocrx_word' id='word_1_271' title='bbox 622 2549 1011 2618; x_wconf 87' lang='lat' dir='ltr'>impostorem</span> <span class='ocrx_word' id='word_1_272' title='bbox 1044 2562 1216 2599; x_wconf 82' lang='lat' dir='ltr'>suum</span> <span class='ocrx_word' id='word_1_273' title='bbox 1241 2542 1360 2598; x_wconf 90' lang='lat' dir='ltr'>vult</span> <span class='ocrx_word' id='word_1_274' title='bbox 1386 2539 1895 2609; x_wconf 87' lang='lat' dir='ltr'>Salmasius,unde</span> <span class='ocrx_word' id='word_1_275' title='bbox 1926 2555 2033 2611; x_wconf 94' lang='lat' dir='ltr'>pro</span> 
     </span>
    </p>
   </div>
   <div class='ocr_carea' id='block_1_41' title="bbox 380 2632 2030 2705">
    <p class='ocr_par' dir='ltr' id='par_1_41' title="bbox 380 2632 2030 2705">
     <span class='ocr_line' id='line_1_41' title="bbox 380 2632 2030 2705; baseline -0.008 -10"><span class='ocrx_word' id='word_1_276' title='bbox 380 2656 544 2696; x_wconf 91' lang='lat' dir='ltr'>more</span> <span class='ocrx_word' id='word_1_277' title='bbox 573 2655 677 2694; x_wconf 95' lang='lat' dir='ltr'>suo</span> <span class='ocrx_word' id='word_1_278' title='bbox 710 2637 1015 2693; x_wconf 87' lang='lat' dir='ltr'>concludit</span> <span class='ocrx_word' id='word_1_279' title='bbox 1040 2654 1051 2692; x_wconf 92' lang='lat'><strong>:</strong></span> <span class='ocrx_word' id='word_1_280' title='bbox 1079 2658 1106 2685; x_wconf 82' lang='lat'><strong>«</strong></span> <span class='ocrx_word' id='word_1_281' title='bbox 1129 2638 1208 2690; x_wconf 89' lang='lat' dir='ltr'>Eo</span> <span class='ocrx_word' id='word_1_282' title='bbox 1242 2632 1456 2690; x_wconf 71' lang='lat' dir='ltr'>saeculo</span> <span class='ocrx_word' id='word_1_283' title='bbox 1488 2632 1685 2705; x_wconf 88' lang='lat' dir='ltr'>palam</span> <span class='ocrx_word' id='word_1_284' title='bbox 1705 2637 1816 2699; x_wconf 88' lang='lat' dir='ltr'>est,</span> <span class='ocrx_word' id='word_1_285' title='bbox 1842 2648 2030 2683; x_wconf 78' lang='grc' dir='ltr'><strong>νεωτε·</strong></span> 
     </span>
    </p>
   </div>
   <div class='ocr_carea' id='block_1_42' title="bbox 385 2720 2033 2801">
    <p class='ocr_par' dir='ltr' id='par_1_42' title="bbox 385 2720 2033 2801">
     <span class='ocr_line' id='line_1_42' title="bbox 385 2720 2033 2801; baseline -0.004 -22"><span class='ocrx_word' id='word_1_286' title='bbox 385 2727 538 2801; x_wconf 71' lang='grc' dir='ltr'><strong>ρικὴν</strong></span> <span class='ocrx_word' id='word_1_287' title='bbox 573 2727 740 2783; x_wconf 90' lang='lat' dir='ltr'>illam</span> <span class='ocrx_word' id='word_1_288' title='bbox 768 2726 917 2795; x_wconf 83' lang='grc' dir='ltr'><strong>τάξιν</strong></span> <span class='ocrx_word' id='word_1_289' title='bbox 947 2725 1207 2797; x_wconf 84' lang='lat' dir='ltr'>episcopi</span> <span class='ocrx_word' id='word_1_290' title='bbox 1240 2739 1422 2795; x_wconf 88' lang='lat' dir='ltr'>supra</span> <span class='ocrx_word' id='word_1_291' title='bbox 1444 2721 1824 2793; x_wconf 83' lang='lat' dir='ltr'>presbyteros</span> <span class='ocrx_word' id='word_1_292' title='bbox 1844 2720 2033 2774; x_wconf 86' lang='lat' dir='ltr'>intro-</span> 
     </span>
    </p>
   </div>
   <div class='ocr_carea' id='block_1_43' title="bbox 380 2809 2033 2886">
    <p class='ocr_par' dir='ltr' id='par_1_43' title="bbox 380 2809 2033 2886">
     <span class='ocr_line' id='line_1_43' title="bbox 380 2809 2033 2886; baseline -0.005 -14"><span class='ocrx_word' id='word_1_293' title='bbox 380 2817 618 2873; x_wconf 79' lang='lat' dir='ltr'>ductam</span> <span class='ocrx_word' id='word_1_294' title='bbox 634 2820 856 2884; x_wconf 87' lang='lat' dir='ltr'>esse,ut</span> <span class='ocrx_word' id='word_1_295' title='bbox 868 2831 936 2870; x_wconf 87' lang='lat' dir='ltr'>ex</span> <span class='ocrx_word' id='word_1_296' title='bbox 957 2817 1065 2870; x_wconf 91' lang='lat' dir='ltr'>hac</span> <span class='ocrx_word' id='word_1_297' title='bbox 1084 2813 1339 2886; x_wconf 88' lang='lat' dir='ltr'>epistola</span> <span class='ocrx_word' id='word_1_298' title='bbox 1356 2811 1477 2867; x_wconf 85' lang='lat' dir='ltr'>sole</span> <span class='ocrx_word' id='word_1_299' title='bbox 1497 2810 1720 2866; x_wconf 91' lang='lat' dir='ltr'>clarius</span> <span class='ocrx_word' id='word_1_300' title='bbox 1751 2809 2033 2864; x_wconf 83' lang='lat' dir='ltr'>dilucet.»</span> 
     </span>
    </p>
   </div>
   <div class='ocr_carea' id='block_1_44' title="bbox 378 2899 2033 2978">
    <p class='ocr_par' dir='ltr' id='par_1_44' title="bbox 378 2899 2033 2978">
     <span class='ocr_line' id='line_1_44' title="bbox 378 2899 2033 2978; baseline -0.005 -17"><span class='ocrx_word' id='word_1_301' title='bbox 378 2911 472 2976; x_wconf 87' lang='lat' dir='ltr'>At,</span> <span class='ocrx_word' id='word_1_302' title='bbox 501 2908 547 2961; x_wconf 88' lang='lat' dir='ltr'>si</span> <span class='ocrx_word' id='word_1_303' title='bbox 577 2907 867 2978; x_wconf 88' lang='lat' dir='ltr'>impostor</span> <span class='ocrx_word' id='word_1_304' title='bbox 900 2904 1003 2960; x_wconf 89' lang='lat' dir='ltr'>ille</span> <span class='ocrx_word' id='word_1_305' title='bbox 1035 2902 1143 2958; x_wconf 90' lang='lat' dir='ltr'>sub</span> <span class='ocrx_word' id='word_1_306' title='bbox 1203 2902 1314 2957; x_wconf 84' lang='lat' dir='ltr'>hoc</span> <span class='ocrx_word' id='word_1_307' title='bbox 1369 2900 1461 2955; x_wconf 90' lang='lat' dir='ltr'>vel</span> <span class='ocrx_word' id='word_1_308' title='bbox 1512 2900 1615 2955; x_wconf 92' lang='lat' dir='ltr'>illo</span> <span class='ocrx_word' id='word_1_309' title='bbox 1676 2899 2033 2969; x_wconf 88' lang='lat' dir='ltr'>imperatore</span> 
     </span>
    </p>
   </div>
   <div class='ocr_carea' id='block_1_45' title="bbox 376 2986 2033 3067">
    <p class='ocr_par' dir='ltr' id='par_1_45' title="bbox 376 2986 2033 3067">
     <span class='ocr_line' id='line_1_45' title="bbox 376 2986 2033 3067; baseline -0.005 -16"><span class='ocrx_word' id='word_1_310' title='bbox 376 2997 606 3067; x_wconf 86' lang='lat' dir='ltr'>vixerit,</span> <span class='ocrx_word' id='word_1_311' title='bbox 634 2996 827 3066; x_wconf 84' lang='lat' dir='ltr'>palam</span> <span class='ocrx_word' id='word_1_312' title='bbox 846 3010 968 3049; x_wconf 90' lang='lat' dir='ltr'>non</span> <span class='ocrx_word' id='word_1_313' title='bbox 998 2999 1098 3058; x_wconf 84' lang='lat' dir='ltr'>est,</span> <span class='ocrx_word' id='word_1_314' title='bbox 1131 2989 1462 3063; x_wconf 74' lang='grc' dir='ltr'><strong>νεωτερικὴν</strong></span> <span class='ocrx_word' id='word_1_315' title='bbox 1492 2987 1639 3058; x_wconf 79' lang='grc' dir='ltr'><strong>τάξιν</strong></span> <span class='ocrx_word' id='word_1_316' title='bbox 1669 3004 1830 3042; x_wconf 92' lang='lat' dir='ltr'>nunc</span> <span class='ocrx_word' id='word_1_317' title='bbox 1851 2986 2033 3042; x_wconf 82' lang='lat' dir='ltr'>fuisse</span> 
     </span>
    </p>
   </div>
   <div class='ocr_carea' id='block_1_46' title="bbox 399 3075 2034 3151">
    <p class='ocr_par' dir='ltr' id='par_1_46' title="bbox 399 3075 2034 3151">
     <span class='ocr_line' id='line_1_46' title="bbox 399 3075 2034 3151; baseline -0.008 -10"><span class='ocrx_word' id='word_1_318' title='bbox 399 3085 782 3141; x_wconf 87' lang='lat' dir='ltr'>ntroductam</span> <span class='ocrx_word' id='word_1_319' title='bbox 807 3099 821 3151; x_wconf 86' lang='lat'><strong>;</strong></span> <span class='ocrx_word' id='word_1_320' title='bbox 855 3083 985 3137; x_wconf 81' lang='lat' dir='ltr'>ﬁeri</span> <span class='ocrx_word' id='word_1_321' title='bbox 1018 3082 1179 3136; x_wconf 89' lang='lat' dir='ltr'>enim</span> <span class='ocrx_word' id='word_1_322' title='bbox 1201 3079 1486 3151; x_wconf 87' lang='lat' dir='ltr'>potuisse,</span> <span class='ocrx_word' id='word_1_323' title='bbox 1510 3082 1578 3131; x_wconf 91' lang='lat' dir='ltr'>ut</span> <span class='ocrx_word' id='word_1_324' title='bbox 1598 3075 1808 3147; x_wconf 76' lang='lat' dir='ltr'>Ignatii</span> <span class='ocrx_word' id='word_1_325' title='bbox 1827 3075 2034 3130; x_wconf 89' lang='lat' dir='ltr'>simius</span> 
     </span>
    </p>
   </div>
   <div class='ocr_carea' id='block_1_47' title="bbox 379 3168 2032 3249">
    <p class='ocr_par' dir='ltr' id='par_1_47' title="bbox 379 3168 2032 3249">
     <span class='ocr_line' id='line_1_47' title="bbox 379 3168 2032 3249; baseline -0.006 -16"><span class='ocrx_word' id='word_1_326' title='bbox 379 3183 703 3249; x_wconf 86' lang='lat' dir='ltr'>martyrem</span> <span class='ocrx_word' id='word_1_327' title='bbox 736 3176 933 3247; x_wconf 89' lang='lat' dir='ltr'>ipsum</span> <span class='ocrx_word' id='word_1_328' title='bbox 972 3174 1452 3244; x_wconf 69' lang='lat' dir='ltr'>repraesentaret,</span> <span class='ocrx_word' id='word_1_329' title='bbox 1485 3168 1559 3224; x_wconf 94' lang='lat' dir='ltr'>ad</span> <span class='ocrx_word' id='word_1_330' title='bbox 1618 3184 1747 3224; x_wconf 89' lang='lat' dir='ltr'>eam</span> <span class='ocrx_word' id='word_1_331' title='bbox 1798 3173 2032 3223; x_wconf 65' lang='lat' dir='ltr'>aetatem</span> 
     </span>
    </p>
   </div>
   <div class='ocr_carea' id='block_1_48' title="bbox 384 3258 2031 3339">
    <p class='ocr_par' dir='ltr' id='par_1_48' title="bbox 384 3258 2031 3339">
     <span class='ocr_line' id='line_1_48' title="bbox 384 3258 2031 3339; baseline -0.006 -16"><span class='ocrx_word' id='word_1_332' title='bbox 384 3284 501 3339; x_wconf 88' lang='lat' dir='ltr'>qua</span> <span class='ocrx_word' id='word_1_333' title='bbox 529 3266 791 3339; x_wconf 79' lang='lat' dir='ltr'>lgnatius</span> <span class='ocrx_word' id='word_1_334' title='bbox 821 3265 983 3332; x_wconf 86' lang='lat' dir='ltr'>vixit,</span> <span class='ocrx_word' id='word_1_335' title='bbox 1004 3268 1061 3319; x_wconf 91' lang='lat' dir='ltr'>et</span> <span class='ocrx_word' id='word_1_336' title='bbox 1081 3264 1294 3317; x_wconf 89' lang='lat' dir='ltr'>Damas</span> <span class='ocrx_word' id='word_1_337' title='bbox 1326 3260 1519 3315; x_wconf 91' lang='lat' dir='ltr'>adhuc</span> <span class='ocrx_word' id='word_1_338' title='bbox 1532 3258 1770 3330; x_wconf 87' lang='lat' dir='ltr'>juvenis</span> <span class='ocrx_word' id='word_1_339' title='bbox 1792 3260 2031 3330; x_wconf 80' lang='lat' dir='ltr'>Magne-</span> 
     </span>
    </p>
   </div>
   <div class='ocr_carea' id='block_1_49' title="bbox 384 3347 2031 3426">
    <p class='ocr_par' dir='ltr' id='par_1_49' title="bbox 384 3347 2031 3426">
     <span class='ocr_line' id='line_1_49' title="bbox 384 3347 2031 3426; baseline -0.005 -15"><span class='ocrx_word' id='word_1_340' title='bbox 384 3358 607 3411; x_wconf 85' lang='lat' dir='ltr'>siorum</span> <span class='ocrx_word' id='word_1_341' title='bbox 639 3355 953 3426; x_wconf 90' lang='lat' dir='ltr'>episcopus</span> <span class='ocrx_word' id='word_1_342' title='bbox 984 3352 1115 3418; x_wconf 90' lang='lat' dir='ltr'>fuit,</span> <span class='ocrx_word' id='word_1_343' title='bbox 1144 3350 1487 3421; x_wconf 86' lang='lat' dir='ltr'>respiceret,</span> <span class='ocrx_word' id='word_1_344' title='bbox 1540 3365 1749 3403; x_wconf 84' lang='lat' dir='ltr'>omnes</span> <span class='ocrx_word' id='word_1_345' title='bbox 1797 3347 2031 3402; x_wconf 89' lang='lat' dir='ltr'>vident:</span> 
     </span>
    </p>
   </div>
   <div class='ocr_carea' id='block_1_50' title="bbox 383 3437 2033 3514">
    <p class='ocr_par' dir='ltr' id='par_1_50' title="bbox 383 3437 2033 3514">
     <span class='ocr_line' id='line_1_50' title="bbox 383 3437 2033 3514; baseline -0.004 -15"><span class='ocrx_word' id='word_1_346' title='bbox 383 3444 542 3499; x_wconf 90' lang='lat' dir='ltr'>unde</span> <span class='ocrx_word' id='word_1_347' title='bbox 575 3443 846 3514; x_wconf 86' lang='lat' dir='ltr'>sequitur</span> <span class='ocrx_word' id='word_1_348' title='bbox 876 3458 1006 3497; x_wconf 89' lang='lat' dir='ltr'>eam</span> <span class='ocrx_word' id='word_1_349' title='bbox 1056 3439 1347 3495; x_wconf 89' lang='lat' dir='ltr'>novellam</span> <span class='ocrx_word' id='word_1_350' title='bbox 1379 3438 1811 3493; x_wconf 89' lang='lat' dir='ltr'>institutionem</span> <span class='ocrx_word' id='word_1_351' title='bbox 1842 3437 2033 3508; x_wconf 90' lang='lat' dir='ltr'>primo</span> 
     </span>
    </p>
   </div>
   <div class='ocr_carea' id='block_1_51' title="bbox 383 3526 2034 3600">
    <p class='ocr_par' dir='ltr' id='par_1_51' title="bbox 383 3526 2034 3600">
     <span class='ocr_line' id='line_1_51' title="bbox 383 3526 2034 3600; baseline -0.004 -13"><span class='ocrx_word' id='word_1_352' title='bbox 383 3530 596 3587; x_wconf 58' lang='lat' dir='ltr'>saeculo</span> <span class='ocrx_word' id='word_1_353' title='bbox 622 3529 917 3585; x_wconf 89' lang='lat' dir='ltr'>introduci</span> <span class='ocrx_word' id='word_1_354' title='bbox 951 3529 1212 3600; x_wconf 88' lang='lat' dir='ltr'>potuisse</span> <span class='ocrx_word' id='word_1_355' title='bbox 1241 3530 1526 3581; x_wconf 63' lang='lat' dir='ltr'>l‘ltrevera</span> <span class='ocrx_word' id='word_1_356' title='bbox 1551 3526 2034 3581; x_wconf 86' lang='lat' dir='ltr'>constitutionem</span> 
     </span>
    </p>
   </div>
   <div class='ocr_carea' id='block_1_52' title="bbox 384 3616 2033 3693">
    <p class='ocr_par' dir='ltr' id='par_1_52' title="bbox 384 3616 2033 3693">
     <span class='ocr_line' id='line_1_52' title="bbox 384 3616 2033 3693; baseline -0.005 -15"><span class='ocrx_word' id='word_1_357' title='bbox 384 3622 754 3679; x_wconf 86' lang='lat' dir='ltr'>auctoritatis</span> <span class='ocrx_word' id='word_1_358' title='bbox 780 3620 1134 3693; x_wconf 89' lang='lat' dir='ltr'>episcopalis</span> <span class='ocrx_word' id='word_1_359' title='bbox 1165 3619 1240 3674; x_wconf 89' lang='lat' dir='ltr'>ad</span> <span class='ocrx_word' id='word_1_360' title='bbox 1269 3634 1492 3674; x_wconf 90' lang='lat' dir='ltr'>annum</span> <span class='ocrx_word' id='word_1_361' title='bbox 1528 3620 1628 3671; x_wconf 71' lang='lat' dir='ltr'>liiO</span> <span class='ocrx_word' id='word_1_362' title='bbox 1648 3622 1783 3688; x_wconf 93' lang='lat' dir='ltr'>post</span> <span class='ocrx_word' id='word_1_363' title='bbox 1819 3616 2033 3671; x_wconf 90' lang='lat' dir='ltr'>Christi</span> 
     </span>
    </p>
   </div>
   <div class='ocr_carea' id='block_1_53' title="bbox 381 3706 2032 3779">
    <p class='ocr_par' dir='ltr' id='par_1_53' title="bbox 381 3706 2032 3779">
     <span class='ocr_line' id='line_1_53' title="bbox 381 3706 2032 3779; baseline -0.005 -12"><span class='ocrx_word' id='word_1_364' title='bbox 381 3713 905 3778; x_wconf 88' lang='lat' dir='ltr'>resurrectionem,</span> <span class='ocrx_word' id='word_1_365' title='bbox 939 3710 1052 3765; x_wconf 90' lang='lat' dir='ltr'>hoc</span> <span class='ocrx_word' id='word_1_366' title='bbox 1077 3713 1184 3777; x_wconf 88' lang='lat' dir='ltr'>est,</span> <span class='ocrx_word' id='word_1_367' title='bbox 1232 3707 1307 3763; x_wconf 88' lang='lat' dir='ltr'>ad</span> <span class='ocrx_word' id='word_1_368' title='bbox 1355 3706 1610 3779; x_wconf 83' lang='lat' dir='ltr'>vulgaris</span> <span class='ocrx_word' id='word_1_369' title='bbox 1643 3723 1774 3760; x_wconf 67' lang='grc' dir='ltr'><strong>σει-ω</strong></span> <span class='ocrx_word' id='word_1_370' title='bbox 1806 3721 2032 3760; x_wconf 90' lang='lat' dir='ltr'>annum</span> 
     </span>
    </p>
   </div>
   <div class='ocr_carea' id='block_1_54' title="bbox 387 3793 2032 3869">
    <p class='ocr_par' dir='ltr' id='par_1_54' title="bbox 387 3793 2032 3869">
     <span class='ocr_line' id='line_1_54' title="bbox 387 3793 2032 3869; baseline -0.004 -14"><span class='ocrx_word' id='word_1_371' title='bbox 387 3804 487 3856; x_wconf 87' lang='grc'>183</span> <span class='ocrx_word' id='word_1_372' title='bbox 519 3801 763 3869; x_wconf 84' lang='lat' dir='ltr'>referre,</span> <span class='ocrx_word' id='word_1_373' title='bbox 788 3816 859 3855; x_wconf 87' lang='lat' dir='ltr'>ex</span> <span class='ocrx_word' id='word_1_374' title='bbox 890 3803 1061 3854; x_wconf 60' lang='lat' dir='ltr'>astate</span> <span class='ocrx_word' id='word_1_375' title='bbox 1108 3797 1468 3868; x_wconf 86' lang='lat' dir='ltr'>impostoris,</span> <span class='ocrx_word' id='word_1_376' title='bbox 1503 3794 1575 3851; x_wconf 88' lang='lat' dir='ltr'>ab</span> <span class='ocrx_word' id='word_1_377' title='bbox 1608 3793 1770 3849; x_wconf 90' lang='lat' dir='ltr'>omni</span> <span class='ocrx_word' id='word_1_378' title='bbox 1802 3794 2032 3850; x_wconf 89' lang='lat' dir='ltr'>ratione</span> 
     </span>
    </p>
   </div>
   <div class='ocr_carea' id='block_1_55' title="bbox 386 3886 2032 3958">
    <p class='ocr_par' dir='ltr' id='par_1_55' title="bbox 386 3886 2032 3958">
     <span class='ocr_line' id='line_1_55' title="bbox 386 3886 2032 3958; baseline -0.003 -13"><span class='ocrx_word' id='word_1_379' title='bbox 386 3890 650 3946; x_wconf 88' lang='lat' dir='ltr'>alienum</span> <span class='ocrx_word' id='word_1_380' title='bbox 683 3895 791 3956; x_wconf 91' lang='lat' dir='ltr'>est,</span> <span class='ocrx_word' id='word_1_381' title='bbox 825 3905 960 3945; x_wconf 91' lang='lat' dir='ltr'>cum</span> <span class='ocrx_word' id='word_1_382' title='bbox 990 3887 1079 3942; x_wconf 91' lang='lat' dir='ltr'>illi</span> <span class='ocrx_word' id='word_1_383' title='bbox 1137 3887 1239 3958; x_wconf 90' lang='lat' dir='ltr'>qui</span> <span class='ocrx_word' id='word_1_384' title='bbox 1285 3903 1421 3942; x_wconf 91' lang='lat' dir='ltr'>eum</span> <span class='ocrx_word' id='word_1_385' title='bbox 1469 3886 1854 3957; x_wconf 89' lang='lat' dir='ltr'>impostorem</span> <span class='ocrx_word' id='word_1_386' title='bbox 1902 3900 2032 3940; x_wconf 89' lang='lat' dir='ltr'>esse</span> 
     </span>
    </p>
   </div>
   <div class='ocr_carea' id='block_1_56' title="bbox 386 3976 2023 4051">
    <p class='ocr_par' dir='ltr' id='par_1_56' title="bbox 386 3976 2023 4051">
     <span class='ocr_line' id='line_1_56' title="bbox 386 3976 2023 4051; baseline -0.004 -16"><span class='ocrx_word' id='word_1_387' title='bbox 386 3981 613 4047; x_wconf 89' lang='lat' dir='ltr'>volunt,</span> <span class='ocrx_word' id='word_1_388' title='bbox 647 3979 720 4035; x_wconf 89' lang='lat' dir='ltr'>de</span> <span class='ocrx_word' id='word_1_389' title='bbox 755 3980 882 4051; x_wconf 87' lang='lat' dir='ltr'>ejus</span> <span class='ocrx_word' id='word_1_390' title='bbox 914 3983 1085 4034; x_wconf 72' lang='lat' dir='ltr'>aetate</span> <span class='ocrx_word' id='word_1_391' title='bbox 1118 3976 1431 4033; x_wconf 89' lang='lat' dir='ltr'>convenire</span> <span class='ocrx_word' id='word_1_392' title='bbox 1461 3990 1769 4045; x_wconf 81' lang='lat' dir='ltr'>nunquam</span> <span class='ocrx_word' id='word_1_393' title='bbox 1825 3979 2023 4045; x_wconf 81' lang='lat' dir='ltr'>potue-</span> 
     </span>
    </p>
   </div>
   <div class='ocr_carea' id='block_1_57' title="bbox 382 4063 2034 4135">
    <p class='ocr_par' dir='ltr' id='par_1_57' title="bbox 382 4063 2034 4135">
     <span class='ocr_line' id='line_1_57' title="bbox 382 4063 2034 4135; baseline -0.004 -11"><span class='ocrx_word' id='word_1_394' title='bbox 382 4070 521 4125; x_wconf 88' lang='lat' dir='ltr'>rint.</span> <span class='ocrx_word' id='word_1_395' title='bbox 558 4071 726 4125; x_wconf 86' lang='lat' dir='ltr'>Circa</span> <span class='ocrx_word' id='word_1_396' title='bbox 753 4068 1018 4124; x_wconf 88' lang='lat' dir='ltr'>medium</span> <span class='ocrx_word' id='word_1_397' title='bbox 1061 4065 1306 4122; x_wconf 89' lang='lat' dir='ltr'>secundi</span> <span class='ocrx_word' id='word_1_398' title='bbox 1338 4064 1539 4121; x_wconf 62' lang='lat' dir='ltr'>saeculi</span> <span class='ocrx_word' id='word_1_399' title='bbox 1597 4063 1911 4135; x_wconf 89' lang='lat' dir='ltr'>epistolam</span> <span class='ocrx_word' id='word_1_400' title='bbox 1960 4063 2034 4120; x_wconf 89' lang='lat' dir='ltr'>ad</span> 
     </span>
    </p>
   </div>
   <div class='ocr_carea' id='block_1_58' title="bbox 387 4149 2032 4227">
    <p class='ocr_par' dir='ltr' id='par_1_58' title="bbox 387 4149 2032 4227">
     <span class='ocr_line' id='line_1_58' title="bbox 387 4149 2032 4227; baseline -0.003 -18"><span class='ocrx_word' id='word_1_401' title='bbox 387 4157 711 4227; x_wconf 79' lang='lat' dir='ltr'>Maguesios</span> <span class='ocrx_word' id='word_1_402' title='bbox 743 4155 1023 4225; x_wconf 88' lang='lat' dir='ltr'>scriptam</span> <span class='ocrx_word' id='word_1_403' title='bbox 1053 4153 1236 4208; x_wconf 84' lang='lat' dir='ltr'>fuisse</span> <span class='ocrx_word' id='word_1_404' title='bbox 1268 4149 1801 4207; x_wconf 73' lang='lat' dir='ltr'>sensitAlbertinu.o</span> <span class='ocrx_word' id='word_1_405' title='bbox 1824 4150 2032 4222; x_wconf 92' lang='lat' dir='ltr'>;paulo</span> 
     </span>
    </p>
   </div>
   <div class='ocr_carea' id='block_1_59' title="bbox 384 4239 2034 4315">
    <p class='ocr_par' dir='ltr' id='par_1_59' title="bbox 384 4239 2034 4315">
     <span class='ocr_line' id='line_1_59' title="bbox 384 4239 2034 4315; baseline -0.003 -16"><span class='ocrx_word' id='word_1_406' title='bbox 384 4245 679 4315; x_wconf 87' lang='lat' dir='ltr'>posterius</span> <span class='ocrx_word' id='word_1_407' title='bbox 706 4245 859 4298; x_wconf 87' lang='lat' dir='ltr'>forte</span> <span class='ocrx_word' id='word_1_408' title='bbox 909 4242 1251 4297; x_wconf 89' lang='lat' dir='ltr'>Salmasius.</span> <span class='ocrx_word' id='word_1_409' title='bbox 1293 4242 1368 4294; x_wconf 84' lang='lat' dir='ltr'>At</span> <span class='ocrx_word' id='word_1_410' title='bbox 1421 4240 1470 4293; x_wconf 91' lang='lat' dir='ltr'>si</span> <span class='ocrx_word' id='word_1_411' title='bbox 1518 4239 1753 4295; x_wconf 88' lang='lat' dir='ltr'>novella</span> <span class='ocrx_word' id='word_1_412' title='bbox 1791 4256 1859 4295; x_wconf 93' lang='lat' dir='ltr'>eo</span> <span class='ocrx_word' id='word_1_413' title='bbox 1890 4245 2034 4294; x_wconf 85' lang='lat' dir='ltr'>tem-</span> 
     </span>
    </p>
   </div>
   <div class='ocr_carea' id='block_1_60' title="bbox 380 4328 2031 4404">
    <p class='ocr_par' dir='ltr' id='par_1_60' title="bbox 380 4328 2031 4404">
     <span class='ocr_line' id='line_1_60' title="bbox 380 4328 2031 4404; baseline -0.003 -15"><span class='ocrx_word' id='word_1_414' title='bbox 380 4351 523 4404; x_wconf 85' lang='lat' dir='ltr'>pore</span> <span class='ocrx_word' id='word_1_415' title='bbox 555 4331 846 4388; x_wconf 87' lang='lat' dir='ltr'>institutio</span> <span class='ocrx_word' id='word_1_416' title='bbox 877 4330 1307 4393; x_wconf 84' lang='lat' dir='ltr'>fuit,institutio</span> <span class='ocrx_word' id='word_1_417' title='bbox 1340 4334 1535 4383; x_wconf 90' lang='lat' dir='ltr'>tamen</span> <span class='ocrx_word' id='word_1_418' title='bbox 1566 4328 1677 4384; x_wconf 80' lang='lat' dir='ltr'>luit</span> <span class='ocrx_word' id='word_1_419' title='bbox 1705 4334 1764 4383; x_wconf 87' lang='lat' dir='ltr'>et</span> <span class='ocrx_word' id='word_1_420' title='bbox 1791 4330 2031 4401; x_wconf 89' lang='lat' dir='ltr'>quidem</span> 
     </span>
    </p>
   </div>
   <div class='ocr_carea' id='block_1_61' title="bbox 381 4418 2033 4491">
    <p class='ocr_par' dir='ltr' id='par_1_61' title="bbox 381 4418 2033 4491">
     <span class='ocr_line' id='line_1_61' title="bbox 381 4418 2033 4491; baseline -0.002 -15"><span class='ocrx_word' id='word_1_421' title='bbox 381 4420 517 4477; x_wconf 86' lang='lat' dir='ltr'>ante</span> <span class='ocrx_word' id='word_1_422' title='bbox 550 4422 693 4476; x_wconf 84' lang='lat' dir='ltr'>illud</span> <span class='ocrx_word' id='word_1_423' title='bbox 719 4426 951 4491; x_wconf 89' lang='lat' dir='ltr'>tempus</span> <span class='ocrx_word' id='word_1_424' title='bbox 971 4419 1162 4486; x_wconf 84' lang='lat' dir='ltr'>facta;</span> <span class='ocrx_word' id='word_1_425' title='bbox 1187 4418 1481 4489; x_wconf 89' lang='lat' dir='ltr'>quomodo</span> <span class='ocrx_word' id='word_1_426' title='bbox 1504 4418 1682 4490; x_wconf 81' lang='lat' dir='ltr'>igitur</span> <span class='ocrx_word' id='word_1_427' title='bbox 1702 4419 1819 4474; x_wconf 90' lang='lat' dir='ltr'>dici</span> <span class='ocrx_word' id='word_1_428' title='bbox 1841 4419 2033 4491; x_wconf 89' lang='lat' dir='ltr'>potuit</span> 
     </span>
    </p>
   </div>
   <div class='ocr_carea' id='block_1_62' title="bbox 382 4507 2028 4580">
    <p class='ocr_par' dir='ltr' id='par_1_62' title="bbox 382 4507 2028 4580">
     <span class='ocr_line' id='line_1_62' title="bbox 382 4507 2028 4580; baseline -0.002 -14"><span class='ocrx_word' id='word_1_429' title='bbox 382 4512 508 4566; x_wconf 65' lang='lat' dir='ltr'>haec</span> <span class='ocrx_word' id='word_1_430' title='bbox 548 4509 891 4566; x_wconf 82' lang='lat' dir='ltr'>constitutio</span> <span class='ocrx_word' id='word_1_431' title='bbox 922 4514 1055 4580; x_wconf 88' lang='lat' dir='ltr'>post</span> <span class='ocrx_word' id='word_1_432' title='bbox 1083 4525 1307 4564; x_wconf 90' lang='lat' dir='ltr'>annum</span> <span class='ocrx_word' id='word_1_433' title='bbox 1338 4507 1491 4563; x_wconf 87' lang='lat' dir='ltr'>facta</span> <span class='ocrx_word' id='word_1_434' title='bbox 1522 4509 1664 4564; x_wconf 74' lang='lat'>182?</span> <span class='ocrx_word' id='word_1_435' title='bbox 1686 4508 2028 4564; x_wconf 90' lang='lat' dir='ltr'>Blondellus</span> 
     </span>
    </p>
   </div>
   <div class='ocr_carea' id='block_1_63' title="bbox 2143 1911 3797 1995">
    <p class='ocr_par' dir='ltr' id='par_1_63' title="bbox 2143 1911 3797 1995">
     <span class='ocr_line' id='line_1_63' title="bbox 2143 1911 3797 1995; baseline -0.005 -16"><span class='ocrx_word' id='word_1_436' title='bbox 2143 1923 2371 1995; x_wconf 89' lang='lat' dir='ltr'>injusta</span> <span class='ocrx_word' id='word_1_437' title='bbox 2396 1922 2656 1995; x_wconf 89' lang='lat' dir='ltr'>suspicio</span> <span class='ocrx_word' id='word_1_438' title='bbox 2687 1911 3200 1993; x_wconf 79' lang='lat' dir='ltr'>est,explicabitur</span> <span class='ocrx_word' id='word_1_439' title='bbox 3221 1937 3235 1989; x_wconf 90' lang='lat'><strong>;</strong></span> <span class='ocrx_word' id='word_1_440' title='bbox 3260 1918 3545 1986; x_wconf 89' lang='lat' dir='ltr'>secundo,</span> <span class='ocrx_word' id='word_1_441' title='bbox 3576 1918 3797 1991; x_wconf 79' lang='lat' dir='ltr'>Ignatii</span> 
     </span>
    </p>
   </div>
   <div class='ocr_carea' id='block_1_64' title="bbox 2140 2008 3807 2085">
    <p class='ocr_par' dir='ltr' id='par_1_64' title="bbox 2140 2008 3807 2085">
     <span class='ocr_line' id='line_1_64' title="bbox 2140 2008 3807 2085; baseline -0.004 -16"><span class='ocrx_word' id='word_1_442' title='bbox 2140 2014 2321 2070; x_wconf 89' lang='lat' dir='ltr'>verba</span> <span class='ocrx_word' id='word_1_443' title='bbox 2350 2013 2507 2068; x_wconf 90' lang='lat' dir='ltr'>nude</span> <span class='ocrx_word' id='word_1_444' title='bbox 2539 2017 2598 2067; x_wconf 90' lang='lat' dir='ltr'>et</span> <span class='ocrx_word' id='word_1_445' title='bbox 2618 2017 2821 2085; x_wconf 88' lang='lat' dir='ltr'>aperte</span> <span class='ocrx_word' id='word_1_446' title='bbox 2854 2016 3312 2083; x_wconf 84' lang='lat' dir='ltr'>exponentur,et</span> <span class='ocrx_word' id='word_1_447' title='bbox 3337 2009 3410 2065; x_wconf 89' lang='lat' dir='ltr'>ab</span> <span class='ocrx_word' id='word_1_448' title='bbox 3440 2008 3807 2080; x_wconf 89' lang='lat' dir='ltr'>importunis</span> 
     </span>
    </p>
   </div>
   <div class='ocr_carea' id='block_1_65' title="bbox 2143 2101 3367 2175">
    <p class='ocr_par' dir='ltr' id='par_1_65' title="bbox 2143 2101 3367 2175">
     <span class='ocr_line' id='line_1_65' title="bbox 2143 2101 3367 2175; baseline -0.003 -15"><span class='ocrx_word' id='word_1_449' title='bbox 2143 2103 2615 2160; x_wconf 84' lang='lat' dir='ltr'>adversariorum</span> <span class='ocrx_word' id='word_1_450' title='bbox 2647 2101 2859 2175; x_wconf 79' lang='lat' dir='ltr'>glossis</span> <span class='ocrx_word' id='word_1_451' title='bbox 2888 2101 3367 2156; x_wconf 87' lang='lat' dir='ltr'>vindicabuntur.</span> 
     </span>
    </p>
   </div>
   <div class='ocr_carea' id='block_1_66' title="bbox 2214 2188 3804 2262">
    <p class='ocr_par' dir='ltr' id='par_1_66' title="bbox 2214 2188 3804 2262">
     <span class='ocr_line' id='line_1_66' title="bbox 2214 2188 3804 2262; baseline -0.003 -16"><span class='ocrx_word' id='word_1_452' title='bbox 2214 2190 2350 2246; x_wconf 72' lang='lat' dir='ltr'>Néov</span> <span class='ocrx_word' id='word_1_453' title='bbox 2381 2209 2539 2247; x_wconf 92' lang='lat' dir='ltr'>nunc</span> <span class='ocrx_word' id='word_1_454' title='bbox 2560 2192 2841 2262; x_wconf 78' lang='lat' dir='ltr'>juvenem,</span> <span class='ocrx_word' id='word_1_455' title='bbox 2866 2207 3027 2246; x_wconf 90' lang='lat' dir='ltr'>nunc</span> <span class='ocrx_word' id='word_1_456' title='bbox 3055 2206 3256 2245; x_wconf 84' lang='lat' dir='ltr'>novum</span> <span class='ocrx_word' id='word_1_457' title='bbox 3287 2188 3625 2262; x_wconf 82' lang='lat' dir='ltr'>signiﬁcare</span> <span class='ocrx_word' id='word_1_458' title='bbox 3670 2204 3804 2243; x_wconf 88' lang='lat' dir='ltr'>om-</span> 
     </span>
    </p>
   </div>
   <div class='ocr_carea' id='block_1_67' title="bbox 2142 2274 3809 2348">
    <p class='ocr_par' dir='ltr' id='par_1_67' title="bbox 2142 2274 3809 2348">
     <span class='ocr_line' id='line_1_67' title="bbox 2142 2274 3809 2348; baseline -0.004 -12"><span class='ocrx_word' id='word_1_459' title='bbox 2142 2298 2250 2337; x_wconf 90' lang='lat' dir='ltr'>nes</span> <span class='ocrx_word' id='word_1_460' title='bbox 2273 2287 2513 2336; x_wconf 90' lang='lat' dir='ltr'>norunt.</span> <span class='ocrx_word' id='word_1_461' title='bbox 2545 2278 2907 2335; x_wconf 84' lang='lat' dir='ltr'>Glossarium</span> <span class='ocrx_word' id='word_1_462' title='bbox 2937 2281 3146 2334; x_wconf 88' lang='lat' dir='ltr'>Vetus:</span> <span class='ocrx_word' id='word_1_463' title='bbox 3170 2274 3286 2338; x_wconf 68' lang='grc' dir='ltr'><strong>νέος</strong></span> <span class='ocrx_word' id='word_1_464' title='bbox 3311 2275 3619 2348; x_wconf 76' lang='grc' dir='ltr'><strong>ἄνθρωπος,</strong></span> <span class='ocrx_word' id='word_1_465' title='bbox 3633 2278 3809 2347; x_wconf 82' lang='lat' dir='ltr'>juve-</span> 
     </span>
    </p>
   </div>
   <div class='ocr_carea' id='block_1_68' title="bbox 2140 2363 3811 2443">
    <p class='ocr_par' dir='ltr' id='par_1_68' title="bbox 2140 2363 3811 2443">
     <span class='ocr_line' id='line_1_68' title="bbox 2140 2363 3811 2443; baseline -0.005 -17"><span class='ocrx_word' id='word_1_466' title='bbox 2140 2374 2246 2435; x_wconf 85' lang='lat' dir='ltr'>nis,</span> <span class='ocrx_word' id='word_1_467' title='bbox 2271 2371 2388 2430; x_wconf 79' lang='grc' dir='ltr'>νὲος</span> <span class='ocrx_word' id='word_1_468' title='bbox 2423 2370 2596 2435; x_wconf 74' lang='grc' dir='ltr'><strong>οἶκος,</strong></span> <span class='ocrx_word' id='word_1_469' title='bbox 2623 2364 2660 2438; x_wconf 74' lang='grc' dir='ltr'>ἤ</span> <span class='ocrx_word' id='word_1_470' title='bbox 2683 2363 2869 2443; x_wconf 66' lang='grc' dir='ltr'><strong>ἕτερόν</strong></span> <span class='ocrx_word' id='word_1_471' title='bbox 2902 2387 2975 2429; x_wconf 84' lang='grc' dir='ltr'>τι,</span> <span class='ocrx_word' id='word_1_472' title='bbox 3007 2384 3198 2436; x_wconf 86' lang='lat' dir='ltr'>novus,</span> <span class='ocrx_word' id='word_1_473' title='bbox 3248 2366 3494 2423; x_wconf 70' lang='lat' dir='ltr'>novellus</span> <span class='ocrx_word' id='word_1_474' title='bbox 3521 2385 3542 2432; x_wconf 86' lang='lat'>,&#39;</span> <span class='ocrx_word' id='word_1_475' title='bbox 3600 2383 3634 2422; x_wconf 83' lang='lat' dir='ltr'>a</span> <span class='ocrx_word' id='word_1_476' title='bbox 3680 2363 3811 2427; x_wconf 77' lang='grc' dir='ltr'>νὲος</span> 
     </span>
    </p>
   </div>
   <div class='ocr_carea' id='block_1_69' title="bbox 2141 2455 3809 2533">
    <p class='ocr_par' dir='ltr' id='par_1_69' title="bbox 2141 2455 3809 2533">
     <span class='ocr_line' id='line_1_69' title="bbox 2141 2455 3809 2533; baseline -0.002 -20"><span class='ocrx_word' id='word_1_477' title='bbox 2141 2457 2403 2533; x_wconf 82' lang='grc' dir='ltr'><strong>νεώτερος</strong></span> <span class='ocrx_word' id='word_1_478' title='bbox 2434 2459 2659 2532; x_wconf 89' lang='lat' dir='ltr'>pariter</span> <span class='ocrx_word' id='word_1_479' title='bbox 2686 2457 2781 2515; x_wconf 92' lang='lat' dir='ltr'>vel</span> <span class='ocrx_word' id='word_1_480' title='bbox 2800 2460 3023 2529; x_wconf 83' lang='lat' dir='ltr'>junior,</span> <span class='ocrx_word' id='word_1_481' title='bbox 3044 2457 3135 2513; x_wconf 85' lang='lat' dir='ltr'>vel</span> <span class='ocrx_word' id='word_1_482' title='bbox 3156 2458 3424 2513; x_wconf 83' lang='lat' dir='ltr'>recentior</span> <span class='ocrx_word' id='word_1_483' title='bbox 3448 2471 3462 2523; x_wconf 92' lang='lat'><strong>;</strong></span> <span class='ocrx_word' id='word_1_484' title='bbox 3495 2460 3596 2511; x_wconf 90' lang='lat' dir='ltr'>aut</span> <span class='ocrx_word' id='word_1_485' title='bbox 3622 2455 3809 2511; x_wconf 89' lang='lat' dir='ltr'>etiam</span> 
     </span>
    </p>
   </div>
   <div class='ocr_carea' id='block_1_70' title="bbox 2134 2545 3807 2622">
    <p class='ocr_par' dir='ltr' id='par_1_70' title="bbox 2134 2545 3807 2622">
     <span class='ocr_line' id='line_1_70' title="bbox 2134 2545 3807 2622; baseline -0.004 -17"><span class='ocrx_word' id='word_1_486' title='bbox 2134 2552 2378 2622; x_wconf 77' lang='lat' dir='ltr'>juvenis,</span> <span class='ocrx_word' id='word_1_487' title='bbox 2414 2549 2765 2622; x_wconf 85' lang='lat' dir='ltr'>Hesychius,</span> <span class='ocrx_word' id='word_1_488' title='bbox 2794 2549 3082 2620; x_wconf 85' lang='grc' dir='ltr'><strong>νεώτερον,</strong></span> <span class='ocrx_word' id='word_1_489' title='bbox 3115 2545 3179 2600; x_wconf 83' lang='grc' dir='ltr'><strong>οὐ</strong></span> <span class='ocrx_word' id='word_1_490' title='bbox 3216 2545 3381 2619; x_wconf 69' lang='grc' dir='ltr'><strong>μόνον</strong></span> <span class='ocrx_word' id='word_1_491' title='bbox 3416 2547 3807 2619; x_wconf 80' lang='grc' dir='ltr'>συγκριτικῶς,</span> 
     </span>
    </p>
   </div>
   <div class='ocr_carea' id='block_1_71' title="bbox 2143 2634 3805 2705">
    <p class='ocr_par' dir='ltr' id='par_1_71' title="bbox 2143 2634 3805 2705">
     <span class='ocr_line' id='line_1_71' title="bbox 2143 2634 3805 2705; baseline -0.004 -11"><span class='ocrx_word' id='word_1_492' title='bbox 2143 2638 2403 2695; x_wconf 81' lang='grc' dir='ltr'><strong>ἀλλὰκαὶ</strong></span> <span class='ocrx_word' id='word_1_493' title='bbox 2432 2640 2552 2692; x_wconf 75' lang='grc' dir='ltr'><strong>νέον</strong></span> <span class='ocrx_word' id='word_1_494' title='bbox 2593 2635 2854 2694; x_wconf 82' lang='grc' dir='ltr'><strong>Ἀττικοί.</strong></span> <span class='ocrx_word' id='word_1_495' title='bbox 2908 2639 3085 2693; x_wconf 85' lang='lat' dir='ltr'>Vetus</span> <span class='ocrx_word' id='word_1_496' title='bbox 3137 2634 3526 2705; x_wconf 87' lang='lat' dir='ltr'>Glossarium,</span> <span class='ocrx_word' id='word_1_497' title='bbox 3572 2634 3805 2704; x_wconf 80' lang='lat' dir='ltr'>junior,</span> 
     </span>
    </p>
   </div>
   <div class='ocr_carea' id='block_1_72' title="bbox 2139 2724 3805 2803">
    <p class='ocr_par' dir='ltr' id='par_1_72' title="bbox 2139 2724 3805 2803">
     <span class='ocr_line' id='line_1_72' title="bbox 2139 2724 3805 2803; baseline -0.002 -21"><span class='ocrx_word' id='word_1_498' title='bbox 2139 2729 2419 2803; x_wconf 83' lang='grc' dir='ltr'><strong>νεώτερος,</strong></span> <span class='ocrx_word' id='word_1_499' title='bbox 2445 2729 2689 2800; x_wconf 83' lang='lat' dir='ltr'>juvenis,</span> <span class='ocrx_word' id='word_1_500' title='bbox 2711 2726 2993 2800; x_wconf 85' lang='grc' dir='ltr'><strong>νεώτερος.</strong></span> <span class='ocrx_word' id='word_1_501' title='bbox 3025 2729 3097 2781; x_wconf 83' lang='grc' dir='ltr'>Ει</span> <span class='ocrx_word' id='word_1_502' title='bbox 3126 2727 3187 2780; x_wconf 90' lang='lat' dir='ltr'>in</span> <span class='ocrx_word' id='word_1_503' title='bbox 3209 2724 3532 2796; x_wconf 82' lang='lat' dir='ltr'>Excerptis,</span> <span class='ocrx_word' id='word_1_504' title='bbox 3550 2725 3805 2794; x_wconf 80' lang='lat' dir='ltr'>juvenis,</span> 
     </span>
    </p>
   </div>
   <div class='ocr_carea' id='block_1_73' title="bbox 2142 2809 3808 2893">
    <p class='ocr_par' dir='ltr' id='par_1_73' title="bbox 2142 2809 3808 2893">
     <span class='ocr_line' id='line_1_73' title="bbox 2142 2809 3808 2893; baseline -0.005 -22"><span class='ocrx_word' id='word_1_505' title='bbox 2142 2818 2425 2893; x_wconf 83' lang='grc' dir='ltr'><strong>νεώτερος,</strong></span> <span class='ocrx_word' id='word_1_506' title='bbox 2481 2834 2516 2874; x_wconf 90' lang='lat' dir='ltr'>a</span> <span class='ocrx_word' id='word_1_507' title='bbox 2570 2815 2833 2889; x_wconf 81' lang='grc' dir='ltr'><strong>νεώτερος</strong></span> <span class='ocrx_word' id='word_1_508' title='bbox 2907 2832 3017 2870; x_wconf 88' lang='lat' dir='ltr'>vox</span> <span class='ocrx_word' id='word_1_509' title='bbox 3076 2813 3410 2886; x_wconf 88' lang='lat' dir='ltr'>possessiva</span> <span class='ocrx_word' id='word_1_510' title='bbox 3457 2809 3808 2884; x_wconf 79' lang='grc' dir='ltr'><strong>νεωτερικός,</strong></span> 
     </span>
    </p>
   </div>
   <div class='ocr_carea' id='block_1_74' title="bbox 2133 2897 3809 2979">
    <p class='ocr_par' dir='ltr' id='par_1_74' title="bbox 2133 2897 3809 2979">
     <span class='ocr_line' id='line_1_74' title="bbox 2133 2897 3809 2979; baseline -0.007 -14"><span class='ocrx_word' id='word_1_511' title='bbox 2133 2907 2424 2979; x_wconf 81' lang='lat' dir='ltr'>juvenilis.</span> <span class='ocrx_word' id='word_1_512' title='bbox 2447 2904 2813 2962; x_wconf 88' lang='lat' dir='ltr'>Glossarium</span> <span class='ocrx_word' id='word_1_513' title='bbox 2859 2902 3362 2960; x_wconf 70' lang='lat' dir='ltr'>Graeco-Latinum</span> <span class='ocrx_word' id='word_1_514' title='bbox 3405 2916 3419 2955; x_wconf 88' lang='lat'><strong>:</strong></span> <span class='ocrx_word' id='word_1_515' title='bbox 3453 2897 3809 2971; x_wconf 79' lang='grc' dir='ltr'><strong>νεωτερικὸς,</strong></span> 
     </span>
    </p>
   </div>
   <div class='ocr_carea' id='block_1_75' title="bbox 2132 2986 3807 3069">
    <p class='ocr_par' dir='ltr' id='par_1_75' title="bbox 2132 2986 3807 3069">
     <span class='ocr_line' id='line_1_75' title="bbox 2132 2986 3807 3069; baseline -0.009 -16"><span class='ocrx_word' id='word_1_516' title='bbox 2132 2998 2447 3069; x_wconf 77' lang='lat' dir='ltr'>juvenilis:</span> <span class='ocrx_word' id='word_1_517' title='bbox 2493 2995 3026 3057; x_wconf 62' lang='lat' dir='ltr'>Latino-Gracum,</span> <span class='ocrx_word' id='word_1_518' title='bbox 3080 2989 3376 3063; x_wconf 82' lang='lat' dir='ltr'>juvenilis,</span> <span class='ocrx_word' id='word_1_519' title='bbox 3426 2986 3807 3061; x_wconf 80' lang='grc' dir='ltr'><strong>νεωτερικός;</strong></span> 
     </span>
    </p>
   </div>
   <div class='ocr_carea' id='block_1_76' title="bbox 2132 3073 3809 3156">
    <p class='ocr_par' dir='ltr' id='par_1_76' title="bbox 2132 3073 3809 3156">
     <span class='ocr_line' id='line_1_76' title="bbox 2132 3073 3809 3156; baseline -0.008 -14"><span class='ocrx_word' id='word_1_520' title='bbox 2132 3086 2402 3156; x_wconf 84' lang='lat' dir='ltr'>juvenile,</span> <span class='ocrx_word' id='word_1_521' title='bbox 2441 3081 2776 3156; x_wconf 83' lang='grc' dir='ltr'><strong>νεωτερικόν.</strong></span> <span class='ocrx_word' id='word_1_522' title='bbox 2829 3079 3164 3155; x_wconf 81' lang='grc' dir='ltr'><strong>Νεωτερικός</strong></span> <span class='ocrx_word' id='word_1_523' title='bbox 3222 3079 3401 3152; x_wconf 79' lang='lat' dir='ltr'>igitur</span> <span class='ocrx_word' id='word_1_524' title='bbox 3450 3094 3484 3133; x_wconf 90' lang='lat' dir='ltr'>a</span> <span class='ocrx_word' id='word_1_525' title='bbox 3536 3073 3809 3149; x_wconf 84' lang='grc' dir='ltr'><strong>νεώτερος</strong></span> 
     </span>
    </p>
   </div>
   <div class='ocr_carea' id='block_1_77' title="bbox 2135 3166 3811 3247">
    <p class='ocr_par' dir='ltr' id='par_1_77' title="bbox 2135 3166 3811 3247">
     <span class='ocr_line' id='line_1_77' title="bbox 2135 3166 3811 3247; baseline -0.007 -14"><span class='ocrx_word' id='word_1_526' title='bbox 2135 3175 2425 3247; x_wconf 82' lang='lat' dir='ltr'>juvenilis,</span> <span class='ocrx_word' id='word_1_527' title='bbox 2452 3191 2573 3230; x_wconf 91' lang='lat' dir='ltr'>non</span> <span class='ocrx_word' id='word_1_528' title='bbox 2622 3188 2806 3228; x_wconf 76' lang='lat' dir='ltr'>rerum</span> <span class='ocrx_word' id='word_1_529' title='bbox 2833 3187 3103 3226; x_wconf 84' lang='lat' dir='ltr'>novarum</span> <span class='ocrx_word' id='word_1_530' title='bbox 3140 3169 3392 3240; x_wconf 88' lang='lat' dir='ltr'>cupidus,</span> <span class='ocrx_word' id='word_1_531' title='bbox 3452 3166 3554 3237; x_wconf 92' lang='lat' dir='ltr'>qui</span> <span class='ocrx_word' id='word_1_532' title='bbox 3602 3166 3811 3221; x_wconf 82' lang='lat' dir='ltr'>Graece</span> 
     </span>
    </p>
   </div>
   <div class='ocr_carea' id='block_1_78' title="bbox 2144 3254 3810 3340">
    <p class='ocr_par' dir='ltr' id='par_1_78' title="bbox 2144 3254 3810 3340">
     <span class='ocr_line' id='line_1_78' title="bbox 2144 3254 3810 3340; baseline -0.004 -22"><span class='ocrx_word' id='word_1_533' title='bbox 2144 3264 2554 3340; x_wconf 76' lang='grc' dir='ltr'><strong>νεωτεριστικός</strong></span> <span class='ocrx_word' id='word_1_534' title='bbox 2604 3262 2842 3329; x_wconf 88' lang='lat' dir='ltr'>dicitur,</span> <span class='ocrx_word' id='word_1_535' title='bbox 2893 3278 2927 3316; x_wconf 80' lang='grc' dir='ltr'>ο.</span> <span class='ocrx_word' id='word_1_536' title='bbox 2981 3258 3159 3315; x_wconf 80' lang='lat' dir='ltr'>verbo</span> <span class='ocrx_word' id='word_1_537' title='bbox 3205 3255 3567 3330; x_wconf 81' lang='grc' dir='ltr'>νεωτερίζειν.</span> <span class='ocrx_word' id='word_1_538' title='bbox 3635 3254 3810 3311; x_wconf 88' lang='lat' dir='ltr'>Unde</span> 
     </span>
    </p>
   </div>
   <div class='ocr_carea' id='block_1_79' title="bbox 2141 3345 3811 3423">
    <p class='ocr_par' dir='ltr' id='par_1_79' title="bbox 2141 3345 3811 3423">
     <span class='ocr_line' id='line_1_79' title="bbox 2141 3345 3811 3423; baseline -0.008 -12"><span class='ocrx_word' id='word_1_539' title='bbox 2141 3356 2299 3411; x_wconf 92' lang='lat' dir='ltr'>inter</span> <span class='ocrx_word' id='word_1_540' title='bbox 2322 3354 2537 3409; x_wconf 85' lang='lat' dir='ltr'>vitiosa</span> <span class='ocrx_word' id='word_1_541' title='bbox 2559 3359 2619 3409; x_wconf 89' lang='lat' dir='ltr'>et</span> <span class='ocrx_word' id='word_1_542' title='bbox 2637 3349 3029 3423; x_wconf 88' lang='lat' dir='ltr'>vituperanda</span> <span class='ocrx_word' id='word_1_543' title='bbox 3057 3347 3312 3404; x_wconf 87' lang='lat' dir='ltr'>oratoris</span> <span class='ocrx_word' id='word_1_544' title='bbox 3357 3351 3462 3402; x_wconf 89' lang='lat' dir='ltr'>aut</span> <span class='ocrx_word' id='word_1_545' title='bbox 3491 3345 3811 3417; x_wconf 79' lang='lat' dir='ltr'>demagogi</span> 
     </span>
    </p>
   </div>
   <div class='ocr_carea' id='block_1_80' title="bbox 2142 3438 3809 3519">
    <p class='ocr_par' dir='ltr' id='par_1_80' title="bbox 2142 3438 3809 3519">
     <span class='ocr_line' id='line_1_80' title="bbox 2142 3438 3809 3519; baseline -0.008 -17"><span class='ocrx_word' id='word_1_546' title='bbox 2142 3447 2404 3519; x_wconf 88' lang='lat' dir='ltr'>epitheta</span> <span class='ocrx_word' id='word_1_547' title='bbox 2430 3446 2555 3501; x_wconf 69' lang='lat' dir='ltr'>haec</span> <span class='ocrx_word' id='word_1_548' title='bbox 2596 3447 3024 3499; x_wconf 88' lang='lat' dir='ltr'>enumerantur</span> <span class='ocrx_word' id='word_1_549' title='bbox 3052 3457 3087 3497; x_wconf 87' lang='lat' dir='ltr'>a</span> <span class='ocrx_word' id='word_1_550' title='bbox 3130 3439 3280 3496; x_wconf 70' lang='lat' dir='ltr'>Iulio</span> <span class='ocrx_word' id='word_1_551' title='bbox 3310 3438 3575 3501; x_wconf 89' lang='lat' dir='ltr'>Polluce,</span> <span class='ocrx_word' id='word_1_552' title='bbox 3620 3454 3809 3508; x_wconf 82' lang='grc' dir='ltr'><strong>παρα-</strong></span> 
     </span>
    </p>
   </div>
   <div class='ocr_carea' id='block_1_81' title="bbox 2140 3522 3808 3610">
    <p class='ocr_par' dir='ltr' id='par_1_81' title="bbox 2140 3522 3808 3610">
     <span class='ocr_line' id='line_1_81' title="bbox 2140 3522 3808 3610; baseline -0.006 -20"><span class='ocrx_word' id='word_1_553' title='bbox 2140 3536 2377 3610; x_wconf 69' lang='grc' dir='ltr'><strong>τρέπων,</strong></span> <span class='ocrx_word' id='word_1_554' title='bbox 2410 3532 2768 3605; x_wconf 79' lang='grc' dir='ltr'>νεωτερίζων,</span> <span class='ocrx_word' id='word_1_555' title='bbox 2822 3530 3202 3603; x_wconf 73' lang='grc' dir='ltr'><strong>νεωτεριστής,</strong></span> <span class='ocrx_word' id='word_1_556' title='bbox 3259 3522 3687 3599; x_wconf 80' lang='grc' dir='ltr'><strong>νεωτεριστικός.</strong></span> <span class='ocrx_word' id='word_1_557' title='bbox 3719 3525 3808 3580; x_wconf 91' lang='lat' dir='ltr'>Eo</span> 
     </span>
    </p>
   </div>
   <div class='ocr_carea' id='block_1_82' title="bbox 2139 3614 3811 3698">
    <p class='ocr_par' dir='ltr' id='par_1_82' title="bbox 2139 3614 3811 3698">
     <span class='ocr_line' id='line_1_82' title="bbox 2139 3614 3811 3698; baseline -0.006 -19"><span class='ocrx_word' id='word_1_558' title='bbox 2139 3626 2318 3698; x_wconf 78' lang='lat' dir='ltr'>igitur</span> <span class='ocrx_word' id='word_1_559' title='bbox 2349 3626 2499 3692; x_wconf 88' lang='lat' dir='ltr'>loco,</span> <span class='ocrx_word' id='word_1_560' title='bbox 2530 3623 2630 3678; x_wconf 92' lang='lat' dir='ltr'>ubi</span> <span class='ocrx_word' id='word_1_561' title='bbox 2672 3621 2784 3677; x_wconf 91' lang='lat' dir='ltr'>hoc</span> <span class='ocrx_word' id='word_1_562' title='bbox 2841 3619 3147 3675; x_wconf 87' lang='lat' dir='ltr'>Timotheo</span> <span class='ocrx_word' id='word_1_563' title='bbox 3202 3614 3522 3688; x_wconf 84' lang='lat' dir='ltr'>Apostolus</span> <span class='ocrx_word' id='word_1_564' title='bbox 3575 3629 3811 3685; x_wconf 71' lang='lat' dir='ltr'>praece-</span> 
     </span>
    </p>
   </div>
   <div class='ocr_carea' id='block_1_83' title="bbox 2140 3704 3806 3787">
    <p class='ocr_par' dir='ltr' id='par_1_83' title="bbox 2140 3704 3806 3787">
     <span class='ocr_line' id='line_1_83' title="bbox 2140 3704 3806 3787; baseline -0.008 -18"><span class='ocrx_word' id='word_1_565' title='bbox 2140 3720 2306 3787; x_wconf 86' lang='lat' dir='ltr'>ptum</span> <span class='ocrx_word' id='word_1_566' title='bbox 2339 3715 2478 3770; x_wconf 85' lang='lat' dir='ltr'>dat:</span> <span class='ocrx_word' id='word_1_567' title='bbox 2510 3710 2622 3770; x_wconf 74' lang='grc' dir='ltr'>Τᾶς</span> <span class='ocrx_word' id='word_1_568' title='bbox 2655 3706 2712 3764; x_wconf 75' lang='grc' dir='ltr'>δὲ</span> <span class='ocrx_word' id='word_1_569' title='bbox 2759 3706 3085 3779; x_wconf 83' lang='grc' dir='ltr'><strong>νεωτερικὰς</strong></span> <span class='ocrx_word' id='word_1_570' title='bbox 3120 3704 3415 3777; x_wconf 80' lang='grc' dir='ltr'>ἐπιθυμίας</span> <span class='ocrx_word' id='word_1_571' title='bbox 3447 3704 3631 3780; x_wconf 75' lang='grc' dir='ltr'><strong>φεῦγε,</strong></span> <span class='ocrx_word' id='word_1_572' title='bbox 3662 3720 3806 3756; x_wconf 86' lang='grc' dir='ltr'><strong>νεω-</strong></span> 
     </span>
    </p>
   </div>
   <div class='ocr_carea' id='block_1_84' title="bbox 2137 3792 3811 3878">
    <p class='ocr_par' dir='ltr' id='par_1_84' title="bbox 2137 3792 3811 3878">
     <span class='ocr_line' id='line_1_84' title="bbox 2137 3792 3811 3878; baseline -0.008 -20"><span class='ocrx_word' id='word_1_573' title='bbox 2137 3801 2355 3878; x_wconf 74' lang='grc' dir='ltr'><strong>τερικᾶς</strong></span> <span class='ocrx_word' id='word_1_574' title='bbox 2388 3799 2680 3873; x_wconf 76' lang='grc' dir='ltr'><strong>ἐπιθυμίας</strong></span> <span class='ocrx_word' id='word_1_575' title='bbox 2716 3816 2838 3854; x_wconf 91' lang='lat' dir='ltr'>non</span> <span class='ocrx_word' id='word_1_576' title='bbox 2878 3813 3068 3867; x_wconf 88' lang='lat' dir='ltr'>novas,</span> <span class='ocrx_word' id='word_1_577' title='bbox 3119 3795 3224 3852; x_wconf 90' lang='lat' dir='ltr'>sed</span> <span class='ocrx_word' id='word_1_578' title='bbox 3277 3793 3556 3867; x_wconf 86' lang='lat' dir='ltr'>juveniles</span> <span class='ocrx_word' id='word_1_579' title='bbox 3584 3792 3811 3862; x_wconf 86' lang='lat' dir='ltr'>cupidi-</span> 
     </span>
    </p>
   </div>
   <div class='ocr_carea' id='block_1_85' title="bbox 2142 3881 3807 3955">
    <p class='ocr_par' dir='ltr' id='par_1_85' title="bbox 2142 3881 3807 3955">
     <span class='ocr_line' id='line_1_85' title="bbox 2142 3881 3807 3955; baseline -0.008 -6"><span class='ocrx_word' id='word_1_580' title='bbox 2142 3900 2279 3949; x_wconf 86' lang='lat' dir='ltr'>tates</span> <span class='ocrx_word' id='word_1_581' title='bbox 2306 3891 2478 3948; x_wconf 91' lang='lat' dir='ltr'>reddi</span> <span class='ocrx_word' id='word_1_582' title='bbox 2499 3890 2738 3955; x_wconf 88' lang='lat' dir='ltr'>debere,</span> <span class='ocrx_word' id='word_1_583' title='bbox 2797 3887 3078 3943; x_wconf 88' lang='lat' dir='ltr'>omnibus</span> <span class='ocrx_word' id='word_1_584' title='bbox 3144 3889 3307 3940; x_wconf 89' lang='lat' dir='ltr'>recte</span> <span class='ocrx_word' id='word_1_585' title='bbox 3360 3881 3807 3954; x_wconf 88' lang='lat' dir='ltr'>interpretandi</span> 
     </span>
    </p>
   </div>
   <div class='ocr_carea' id='block_1_86' title="bbox 2138 3969 3806 4050">
    <p class='ocr_par' dir='ltr' id='par_1_86' title="bbox 2138 3969 3806 4050">
     <span class='ocr_line' id='line_1_86' title="bbox 2138 3969 3806 4050; baseline -0.007 -13"><span class='ocrx_word' id='word_1_586' title='bbox 2138 3981 2469 4039; x_wconf 88' lang='lat' dir='ltr'>rationibus</span> <span class='ocrx_word' id='word_1_587' title='bbox 2500 3977 3058 4050; x_wconf 88' lang='lat' dir='ltr'>probabimus.Nam</span> <span class='ocrx_word' id='word_1_588' title='bbox 3088 3972 3430 4047; x_wconf 89' lang='lat' dir='ltr'>primo,sive</span> <span class='ocrx_word' id='word_1_589' title='bbox 3451 3987 3579 4026; x_wconf 91' lang='lat' dir='ltr'>rem</span> <span class='ocrx_word' id='word_1_590' title='bbox 3602 3969 3806 4040; x_wconf 90' lang='lat' dir='ltr'>ipsam</span> 
     </span>
    </p>
   </div>
   <div class='ocr_carea' id='block_1_87' title="bbox 2141 4061 3806 4144">
    <p class='ocr_par' dir='ltr' id='par_1_87' title="bbox 2141 4061 3806 4144">
     <span class='ocr_line' id='line_1_87' title="bbox 2141 4061 3806 4144; baseline -0.01 -16"><span class='ocrx_word' id='word_1_591' title='bbox 2141 4089 2272 4144; x_wconf 63' lang='lat' dir='ltr'>quas</span> <span class='ocrx_word' id='word_1_592' title='bbox 2299 4076 2530 4126; x_wconf 89' lang='lat' dir='ltr'>vetatur</span> <span class='ocrx_word' id='word_1_593' title='bbox 2559 4067 2935 4139; x_wconf 90' lang='lat' dir='ltr'>spectes,sive</span> <span class='ocrx_word' id='word_1_594' title='bbox 2967 4079 3284 4137; x_wconf 87' lang='lat' dir='ltr'>personam</span> <span class='ocrx_word' id='word_1_595' title='bbox 3313 4061 3406 4118; x_wconf 89' lang='lat' dir='ltr'>cui</span> <span class='ocrx_word' id='word_1_596' title='bbox 3430 4063 3806 4132; x_wconf 65' lang='lat' dir='ltr'>prmoeptum</span> 
     </span>
    </p>
   </div>
   <div class='ocr_carea' id='block_1_88' title="bbox 2140 4147 3805 4230">
    <p class='ocr_par' dir='ltr' id='par_1_88' title="bbox 2140 4147 3805 4230">
     <span class='ocr_line' id='line_1_88' title="bbox 2140 4147 3805 4230; baseline -0.008 -13"><span class='ocrx_word' id='word_1_597' title='bbox 2140 4161 2314 4217; x_wconf 89' lang='lat' dir='ltr'>datur</span> <span class='ocrx_word' id='word_1_598' title='bbox 2332 4157 2881 4230; x_wconf 88' lang='lat' dir='ltr'>respicias,utrique</span> <span class='ocrx_word' id='word_1_599' title='bbox 2908 4154 3036 4209; x_wconf 68' lang='lat' dir='ltr'>haec</span> <span class='ocrx_word' id='word_1_600' title='bbox 3066 4150 3477 4223; x_wconf 87' lang='lat' dir='ltr'>interpretatio</span> <span class='ocrx_word' id='word_1_601' title='bbox 3501 4147 3805 4219; x_wconf 84' lang='lat' dir='ltr'>imprimis</span> 
     </span>
    </p>
   </div>
   <div class='ocr_carea' id='block_1_89' title="bbox 2140 4235 3806 4317">
    <p class='ocr_par' dir='ltr' id='par_1_89' title="bbox 2140 4235 3806 4317">
     <span class='ocr_line' id='line_1_89' title="bbox 2140 4235 3806 4317; baseline -0.008 -12"><span class='ocrx_word' id='word_1_602' title='bbox 2140 4249 2585 4306; x_wconf 87' lang='lat' dir='ltr'>convenit.Nam</span> <span class='ocrx_word' id='word_1_603' title='bbox 2606 4246 2802 4317; x_wconf 85' lang='lat' dir='ltr'>reipsa</span> <span class='ocrx_word' id='word_1_604' title='bbox 2824 4240 3128 4313; x_wconf 78' lang='grc' dir='ltr'><strong>ἐπιθυμίαι,</strong></span> <span class='ocrx_word' id='word_1_605' title='bbox 3149 4241 3269 4297; x_wconf 90' lang='lat' dir='ltr'>sive</span> <span class='ocrx_word' id='word_1_606' title='bbox 3295 4239 3645 4311; x_wconf 83' lang='lat' dir='ltr'>cupiditates,</span> <span class='ocrx_word' id='word_1_607' title='bbox 3674 4235 3806 4292; x_wconf 88' lang='lat' dir='ltr'>sive</span> 
     </span>
    </p>
   </div>
   <div class='ocr_carea' id='block_1_90' title="bbox 2140 4324 3807 4406">
    <p class='ocr_par' dir='ltr' id='par_1_90' title="bbox 2140 4324 3807 4406">
     <span class='ocr_line' id='line_1_90' title="bbox 2140 4324 3807 4406; baseline -0.007 -11"><span class='ocrx_word' id='word_1_608' title='bbox 2140 4337 2544 4406; x_wconf 85' lang='lat' dir='ltr'>libidines,sive</span> <span class='ocrx_word' id='word_1_609' title='bbox 2566 4335 2858 4400; x_wconf 82' lang='lat' dir='ltr'>desideria,</span> <span class='ocrx_word' id='word_1_610' title='bbox 2885 4333 3004 4388; x_wconf 89' lang='lat' dir='ltr'>sive</span> <span class='ocrx_word' id='word_1_611' title='bbox 3025 4334 3306 4403; x_wconf 82' lang='lat' dir='ltr'>appetitus</span> <span class='ocrx_word' id='word_1_612' title='bbox 3328 4328 3419 4383; x_wconf 85' lang='lat' dir='ltr'>vel</span> <span class='ocrx_word' id='word_1_613' title='bbox 3449 4324 3807 4398; x_wconf 77' lang='lat' dir='ltr'>appetentius</span> 
     </span>
    </p>
   </div>
   <div class='ocr_carea' id='block_1_91' title="bbox 2135 4414 3805 4498">
    <p class='ocr_par' dir='ltr' id='par_1_91' title="bbox 2135 4414 3805 4498">
     <span class='ocr_line' id='line_1_91' title="bbox 2135 4414 3805 4498; baseline -0.007 -16"><span class='ocrx_word' id='word_1_614' title='bbox 2135 4432 2364 4484; x_wconf 89' lang='lat' dir='ltr'>vertere</span> <span class='ocrx_word' id='word_1_615' title='bbox 2396 4426 2647 4498; x_wconf 89' lang='lat' dir='ltr'>placeat,</span> <span class='ocrx_word' id='word_1_616' title='bbox 2682 4423 2754 4479; x_wconf 88' lang='lat' dir='ltr'>ab</span> <span class='ocrx_word' id='word_1_617' title='bbox 2787 4421 3066 4479; x_wconf 91' lang='lat' dir='ltr'>omnibus</span> <span class='ocrx_word' id='word_1_618' title='bbox 3096 4434 3335 4491; x_wconf 88' lang='lat' dir='ltr'>semper</span> <span class='ocrx_word' id='word_1_619' title='bbox 3354 4414 3605 4488; x_wconf 89' lang='lat' dir='ltr'>juvenili</span> <span class='ocrx_word' id='word_1_620' title='bbox 3635 4416 3805 4470; x_wconf 58' lang='grc' dir='ltr'><strong>ωηιῐί</strong></span> 
     </span>
    </p>
   </div>
   <div class='ocr_carea' id='block_1_92' title="bbox 2138 4504 3803 4590">
    <p class='ocr_par' dir='ltr' id='par_1_92' title="bbox 2138 4504 3803 4590">
     <span class='ocr_line' id='line_1_92' title="bbox 2138 4504 3803 4590; baseline -0.01 -16"><span class='ocrx_word' id='word_1_621' title='bbox 2138 4517 2437 4590; x_wconf 60' lang='lat' dir='ltr'>praecipue</span> <span class='ocrx_word' id='word_1_622' title='bbox 2469 4514 2691 4569; x_wconf 91' lang='lat' dir='ltr'>tributa</span> <span class='ocrx_word' id='word_1_623' title='bbox 2721 4516 2883 4568; x_wconf 87' lang='lat' dir='ltr'>sunt.</span> <span class='ocrx_word' id='word_1_624' title='bbox 2952 4508 3321 4579; x_wconf 85' lang='lat' dir='ltr'>Aristoteles,</span> <span class='ocrx_word' id='word_1_625' title='bbox 3371 4504 3803 4562; x_wconf 76' lang='lat' dir='ltr'>Rhetoricorum</span> 
     </span>
    </p>
   </div>
   <div class='ocr_carea' id='block_1_93' title="bbox 382 4590 2029 4677">
    <p class='ocr_par' dir='ltr' id='par_1_93' title="bbox 382 4592 2027 4671">
     <span class='ocr_line' id='line_1_93' title="bbox 382 4592 2027 4671; baseline -0.002 -17"><span class='ocrx_word' id='word_1_626' title='bbox 382 4601 640 4671; x_wconf 81' lang='lat' dir='ltr'>Ignatius</span> <span class='ocrx_word' id='word_1_627' title='bbox 675 4592 1080 4669; x_wconf 79' lang='grc' dir='ltr'><strong>ὑποϐολιμαῖον</strong></span> <span class='ocrx_word' id='word_1_628' title='bbox 1113 4602 1248 4669; x_wconf 88' lang='lat' dir='ltr'>post</span> <span class='ocrx_word' id='word_1_629' title='bbox 1295 4598 1616 4653; x_wconf 89' lang='lat' dir='ltr'>Clementis</span> <span class='ocrx_word' id='word_1_630' title='bbox 1641 4597 2027 4653; x_wconf 83' lang='lat' dir='ltr'>Alexandrini</span> 
     </span>
    </p>
   </div>
   <div class='ocr_carea' id='block_1_94' title="bbox 2214 4590 3805 4677">
    <p class='ocr_par' dir='ltr' id='par_1_94' title="bbox 2214 4590 3805 4677">
     <span class='ocr_line' id='line_1_94' title="bbox 2214 4590 3805 4677; baseline -0.009 -17"><span class='ocrx_word' id='word_1_631' title='bbox 2214 4630 2238 4660; x_wconf 72' lang='grc' dir='ltr'><strong>ι.</strong></span> <span class='ocrx_word' id='word_1_632' title='bbox 2275 4624 2332 4673; x_wconf 89' lang='lat' dir='ltr'>ll,</span> <span class='ocrx_word' id='word_1_633' title='bbox 2362 4622 2490 4677; x_wconf 89' lang='lat' dir='ltr'>cap.</span> <span class='ocrx_word' id='word_1_634' title='bbox 2525 4605 2586 4659; x_wconf 86' lang='grc'>11</span> <span class='ocrx_word' id='word_1_635' title='bbox 2620 4619 2634 4658; x_wconf 88' lang='lat'><strong>:</strong></span> <span class='ocrx_word' id='word_1_636' title='bbox 2683 4601 2753 4658; x_wconf 77' lang='grc' dir='ltr'>Οἱ</span> <span class='ocrx_word' id='word_1_637' title='bbox 2801 4600 2896 4672; x_wconf 78' lang='grc' dir='ltr'>μὶν</span> <span class='ocrx_word' id='word_1_638' title='bbox 2941 4596 3034 4653; x_wconf 76' lang='grc' dir='ltr'>οὖν</span> <span class='ocrx_word' id='word_1_639' title='bbox 3096 4599 3210 4654; x_wconf 76' lang='grc' dir='ltr'>νέοι</span> <span class='ocrx_word' id='word_1_640' title='bbox 3256 4595 3325 4652; x_wconf 77' lang='grc' dir='ltr'><strong>τὰ</strong></span> <span class='ocrx_word' id='word_1_641' title='bbox 3379 4591 3473 4665; x_wconf 73' lang='grc' dir='ltr'>ἔθη</span> <span class='ocrx_word' id='word_1_642' title='bbox 3502 4592 3636 4648; x_wconf 78' lang='grc' dir='ltr'><strong>εἰσὶν</strong></span> <span class='ocrx_word' id='word_1_643' title='bbox 3669 4590 3805 4647; x_wconf 69' lang='grc' dir='ltr'><strong>ἑπι-</strong></span> 
     </span>
    </p>
   </div>
   <div class='ocr_carea' id='block_1_95' title="bbox 383 4687 2023 4758">
    <p class='ocr_par' dir='ltr' id='par_1_95' title="bbox 383 4687 2023 4758">
     <span class='ocr_line' id='line_1_95' title="bbox 383 4687 2023 4758; baseline -0.001 -15"><span class='ocrx_word' id='word_1_644' title='bbox 383 4688 751 4754; x_wconf 89' lang='lat' dir='ltr'>obitum,hoc</span> <span class='ocrx_word' id='word_1_645' title='bbox 782 4688 1285 4758; x_wconf 89' lang='lat' dir='ltr'>est,postinitium</span> <span class='ocrx_word' id='word_1_646' title='bbox 1306 4689 1462 4743; x_wconf 90' lang='lat' dir='ltr'>tertii</span> <span class='ocrx_word' id='word_1_647' title='bbox 1495 4688 1725 4754; x_wconf 64' lang='lat' dir='ltr'>seaculi;</span> <span class='ocrx_word' id='word_1_648' title='bbox 1752 4687 2023 4757; x_wconf 84' lang='lat' dir='ltr'>Dallaeus,</span> 
     </span>
    </p>
   </div>
   <div class='ocr_carea' id='block_1_96' title="bbox 381 4777 2029 4848">
    <p class='ocr_par' dir='ltr' id='par_1_96' title="bbox 381 4777 2029 4848">
     <span class='ocr_line' id='line_1_96' title="bbox 381 4777 2029 4848; baseline -0.002 -15"><span class='ocrx_word' id='word_1_649' title='bbox 381 4782 483 4833; x_wconf 89' lang='lat' dir='ltr'>aut</span> <span class='ocrx_word' id='word_1_650' title='bbox 507 4777 669 4833; x_wconf 91' lang='lat' dir='ltr'>circa</span> <span class='ocrx_word' id='word_1_651' title='bbox 699 4777 879 4832; x_wconf 83' lang='lat' dir='ltr'>finem</span> <span class='ocrx_word' id='word_1_652' title='bbox 905 4778 1084 4845; x_wconf 90' lang='lat' dir='ltr'>tertii,</span> <span class='ocrx_word' id='word_1_653' title='bbox 1118 4782 1221 4833; x_wconf 92' lang='lat' dir='ltr'>aut</span> <span class='ocrx_word' id='word_1_654' title='bbox 1248 4777 1486 4834; x_wconf 90' lang='lat' dir='ltr'>initium</span> <span class='ocrx_word' id='word_1_655' title='bbox 1517 4777 1745 4848; x_wconf 88' lang='lat' dir='ltr'>quarti;</span> <span class='ocrx_word' id='word_1_656' title='bbox 1780 4777 2029 4832; x_wconf 86' lang='lat' dir='ltr'>Bcchar-</span> 
     </span>
    </p>
   </div>
   <div class='ocr_carea' id='block_1_97' title="bbox 379 4867 2023 4940">
    <p class='ocr_par' dir='ltr' id='par_1_97' title="bbox 379 4867 2023 4940">
     <span class='ocr_line' id='line_1_97' title="bbox 379 4867 2023 4940; baseline -0.001 -18"><span class='ocrx_word' id='word_1_657' title='bbox 379 4872 496 4931; x_wconf 83' lang='lat' dir='ltr'>tus,</span> <span class='ocrx_word' id='word_1_658' title='bbox 530 4868 637 4924; x_wconf 90' lang='lat' dir='ltr'>sub</span> <span class='ocrx_word' id='word_1_659' title='bbox 682 4868 932 4940; x_wconf 92' lang='lat' dir='ltr'>imperio</span> <span class='ocrx_word' id='word_1_660' title='bbox 981 4868 1376 4938; x_wconf 89' lang='lat' dir='ltr'>Constantini,</span> <span class='ocrx_word' id='word_1_661' title='bbox 1417 4868 1726 4940; x_wconf 90' lang='lat' dir='ltr'>scripsisse</span> <span class='ocrx_word' id='word_1_662' title='bbox 1775 4867 2023 4934; x_wconf 90' lang='lat' dir='ltr'>statuit;</span> 
     </span>
    </p>
   </div>
   <div class='ocr_carea' id='block_1_98' title="bbox 380 4955 2028 5027">
    <p class='ocr_par' dir='ltr' id='par_1_98' title="bbox 380 4955 2028 5027">
     <span class='ocr_line' id='line_1_98' title="bbox 380 4955 2028 5027; baseline -0.001 -16"><span class='ocrx_word' id='word_1_663' title='bbox 380 4973 559 5011; x_wconf 91' lang='lat' dir='ltr'>nemo</span> <span class='ocrx_word' id='word_1_664' title='bbox 593 4961 789 5011; x_wconf 88' lang='lat' dir='ltr'>autem</span> <span class='ocrx_word' id='word_1_665' title='bbox 824 4972 1003 5011; x_wconf 90' lang='lat' dir='ltr'>sanus</span> <span class='ocrx_word' id='word_1_666' title='bbox 1029 4957 1273 5019; x_wconf 91' lang='lat' dir='ltr'>diceret,</span> <span class='ocrx_word' id='word_1_667' title='bbox 1299 4971 1370 5012; x_wconf 75' lang='lat' dir='ltr'>ea</span> <span class='ocrx_word' id='word_1_668' title='bbox 1414 4961 1588 5011; x_wconf 61' lang='lat' dir='ltr'>astate</span> <span class='ocrx_word' id='word_1_669' title='bbox 1619 4955 2028 5027; x_wconf 90' lang='lat' dir='ltr'>episcopatum</span> 
     </span>
    </p>
   </div>
   <div class='ocr_carea' id='block_1_99' title="bbox 382 5044 1389 5102">
    <p class='ocr_par' dir='ltr' id='par_1_99' title="bbox 382 5044 1389 5102">
     <span class='ocr_line' id='line_1_99' title="bbox 382 5044 1389 5102; baseline 0.001 -3"><span class='ocrx_word' id='word_1_670' title='bbox 382 5044 675 5101; x_wconf 89' lang='lat' dir='ltr'>novellam</span> <span class='ocrx_word' id='word_1_671' title='bbox 708 5046 1142 5102; x_wconf 87' lang='lat' dir='ltr'>institutionem</span> <span class='ocrx_word' id='word_1_672' title='bbox 1182 5046 1389 5101; x_wconf 84' lang='lat' dir='ltr'>fuisse.</span> 
     </span>
    </p>
   </div>
   <div class='ocr_carea' id='block_1_100' title="bbox 451 5132 2032 5205">
    <p class='ocr_par' dir='ltr' id='par_1_100' title="bbox 451 5132 2032 5205">
     <span class='ocr_line' id='line_1_100' title="bbox 451 5132 2032 5205; baseline 0.001 -17"><span class='ocrx_word' id='word_1_673' title='bbox 451 5134 565 5189; x_wconf 91' lang='lat' dir='ltr'>Sed</span> <span class='ocrx_word' id='word_1_674' title='bbox 583 5141 859 5190; x_wconf 89' lang='lat' dir='ltr'>neutrum</span> <span class='ocrx_word' id='word_1_675' title='bbox 874 5132 1322 5191; x_wconf 89' lang='lat' dir='ltr'>concedendum</span> <span class='ocrx_word' id='word_1_676' title='bbox 1338 5138 1426 5190; x_wconf 89' lang='lat' dir='ltr'>est</span> <span class='ocrx_word' id='word_1_677' title='bbox 1441 5151 1453 5188; x_wconf 87' lang='lat'><strong>:</strong></span> <span class='ocrx_word' id='word_1_678' title='bbox 1470 5150 1590 5189; x_wconf 90' lang='lat' dir='ltr'>non</span> <span class='ocrx_word' id='word_1_679' title='bbox 1603 5132 2032 5205; x_wconf 86' lang='lat' dir='ltr'>primum,quia</span> 
     </span>
    </p>
   </div>
   <div class='ocr_carea' id='block_1_101' title="bbox 382 5221 2031 5297">
    <p class='ocr_par' dir='ltr' id='par_1_101' title="bbox 382 5221 2031 5297">
     <span class='ocr_line' id='line_1_101' title="bbox 382 5221 2031 5297; baseline -0.001 -18"><span class='ocrx_word' id='word_1_680' title='bbox 382 5229 587 5279; x_wconf 89' lang='lat' dir='ltr'>auctor</span> <span class='ocrx_word' id='word_1_681' title='bbox 608 5223 871 5295; x_wconf 71' lang='lat' dir='ltr'>epistola)</span> <span class='ocrx_word' id='word_1_682' title='bbox 902 5224 975 5279; x_wconf 93' lang='lat' dir='ltr'>ad</span> <span class='ocrx_word' id='word_1_683' title='bbox 1004 5224 1424 5297; x_wconf 84' lang='lat' dir='ltr'>Magnesios,ut</span> <span class='ocrx_word' id='word_1_684' title='bbox 1444 5228 1503 5277; x_wconf 88' lang='lat' dir='ltr'>et</span> <span class='ocrx_word' id='word_1_685' title='bbox 1527 5237 1627 5278; x_wconf 85' lang='lat' dir='ltr'>sex</span> <span class='ocrx_word' id='word_1_686' title='bbox 1641 5221 2031 5293; x_wconf 86' lang='lat' dir='ltr'>reliquarum,</span> 
     </span>
    </p>
   </div>
   <div class='ocr_carea' id='block_1_102' title="bbox 383 5312 2033 5384">
    <p class='ocr_par' dir='ltr' id='par_1_102' title="bbox 383 5312 2033 5384">
     <span class='ocr_line' id='line_1_102' title="bbox 383 5312 2033 5384; baseline -0.001 -17"><span class='ocrx_word' id='word_1_687' title='bbox 383 5329 505 5368; x_wconf 88' lang='lat' dir='ltr'>non</span> <span class='ocrx_word' id='word_1_688' title='bbox 535 5313 839 5384; x_wconf 89' lang='lat' dir='ltr'>impostor,</span> <span class='ocrx_word' id='word_1_689' title='bbox 866 5314 969 5369; x_wconf 91' lang='lat' dir='ltr'>sed</span> <span class='ocrx_word' id='word_1_690' title='bbox 994 5330 1167 5369; x_wconf 88' lang='lat' dir='ltr'>verus</span> <span class='ocrx_word' id='word_1_691' title='bbox 1226 5312 1502 5384; x_wconf 85' lang='lat' dir='ltr'>lgnatius,</span> <span class='ocrx_word' id='word_1_692' title='bbox 1547 5312 1871 5367; x_wconf 63' lang='lat' dir='ltr'>Antiochia;</span> <span class='ocrx_word' id='word_1_693' title='bbox 1904 5312 2033 5383; x_wconf 90' lang='lat' dir='ltr'>epi-</span> 
     </span>
    </p>
   </div>
   <div class='ocr_carea' id='block_1_103' title="bbox 384 5400 2029 5473">
    <p class='ocr_par' dir='ltr' id='par_1_103' title="bbox 384 5400 2029 5473">
     <span class='ocr_line' id='line_1_103' title="bbox 384 5400 2029 5473; baseline -0.001 -16"><span class='ocrx_word' id='word_1_694' title='bbox 384 5418 595 5473; x_wconf 89' lang='lat' dir='ltr'>scopus</span> <span class='ocrx_word' id='word_1_695' title='bbox 624 5402 758 5472; x_wconf 84' lang='lat' dir='ltr'>fuit,</span> <span class='ocrx_word' id='word_1_696' title='bbox 785 5409 852 5459; x_wconf 88' lang='lat' dir='ltr'>ut</span> <span class='ocrx_word' id='word_1_697' title='bbox 872 5408 994 5458; x_wconf 93' lang='lat' dir='ltr'>toto</span> <span class='ocrx_word' id='word_1_698' title='bbox 1025 5403 1137 5457; x_wconf 92' lang='lat' dir='ltr'>hoc</span> <span class='ocrx_word' id='word_1_699' title='bbox 1177 5417 1354 5473; x_wconf 89' lang='lat' dir='ltr'>opere</span> <span class='ocrx_word' id='word_1_700' title='bbox 1398 5400 1712 5472; x_wconf 90' lang='lat' dir='ltr'>probatum</span> <span class='ocrx_word' id='word_1_701' title='bbox 1745 5406 1834 5455; x_wconf 89' lang='lat' dir='ltr'>est</span> <span class='ocrx_word' id='word_1_702' title='bbox 1862 5415 1875 5467; x_wconf 90' lang='lat'>;</span> <span class='ocrx_word' id='word_1_703' title='bbox 1907 5417 2029 5456; x_wconf 89' lang='lat' dir='ltr'>non</span> 
     </span>
    </p>
   </div>
   <div class='ocr_carea' id='block_1_104' title="bbox 386 5488 2033 5564">
    <p class='ocr_par' dir='ltr' id='par_1_104' title="bbox 386 5488 2033 5564">
     <span class='ocr_line' id='line_1_104' title="bbox 386 5488 2033 5564; baseline 0.001 -19"><span class='ocrx_word' id='word_1_704' title='bbox 386 5492 732 5560; x_wconf 88' lang='lat' dir='ltr'>secundum,</span> <span class='ocrx_word' id='word_1_705' title='bbox 753 5493 893 5564; x_wconf 88' lang='lat' dir='ltr'>quia</span> <span class='ocrx_word' id='word_1_706' title='bbox 917 5492 1170 5562; x_wconf 88' lang='lat' dir='ltr'>scriptor</span> <span class='ocrx_word' id='word_1_707' title='bbox 1199 5490 1321 5560; x_wconf 87' lang='lat' dir='ltr'>ille,</span> <span class='ocrx_word' id='word_1_708' title='bbox 1354 5490 1623 5562; x_wconf 89' lang='lat' dir='ltr'>quisquis</span> <span class='ocrx_word' id='word_1_709' title='bbox 1653 5488 1784 5551; x_wconf 81' lang='lat' dir='ltr'>fuit,</span> <span class='ocrx_word' id='word_1_710' title='bbox 1808 5492 2033 5561; x_wconf 89' lang='lat' dir='ltr'>episco-</span> 
     </span>
    </p>
   </div>
   <div class='ocr_carea' id='block_1_105' title="bbox 381 5580 2029 5653">
    <p class='ocr_par' dir='ltr' id='par_1_105' title="bbox 381 5580 2029 5653">
     <span class='ocr_line' id='line_1_105' title="bbox 381 5580 2029 5653; baseline 0.002 -17"><span class='ocrx_word' id='word_1_711' title='bbox 381 5586 585 5653; x_wconf 90' lang='lat' dir='ltr'>patum</span> <span class='ocrx_word' id='word_1_712' title='bbox 607 5583 900 5638; x_wconf 90' lang='lat' dir='ltr'>novellam</span> <span class='ocrx_word' id='word_1_713' title='bbox 934 5580 1375 5637; x_wconf 89' lang='lat' dir='ltr'>institutionem</span> <span class='ocrx_word' id='word_1_714' title='bbox 1430 5594 1739 5649; x_wconf 86' lang='lat' dir='ltr'>nunquam</span> <span class='ocrx_word' id='word_1_715' title='bbox 1785 5583 2029 5641; x_wconf 89' lang='lat' dir='ltr'>vocavit.</span> 
     </span>
    </p>
   </div>
   <div class='ocr_carea' id='block_1_106' title="bbox 385 5668 2029 5745">
    <p class='ocr_par' dir='ltr' id='par_1_106' title="bbox 385 5668 2029 5745">
     <span class='ocr_line' id='line_1_106' title="bbox 385 5668 2029 5745; baseline 0.002 -19"><span class='ocrx_word' id='word_1_716' title='bbox 385 5670 492 5726; x_wconf 91' lang='lat' dir='ltr'>llla</span> <span class='ocrx_word' id='word_1_717' title='bbox 523 5672 681 5727; x_wconf 89' lang='lat' dir='ltr'>enim</span> <span class='ocrx_word' id='word_1_718' title='bbox 701 5689 809 5728; x_wconf 88' lang='lat' dir='ltr'>vox</span> <span class='ocrx_word' id='word_1_719' title='bbox 838 5670 1130 5745; x_wconf 79' lang='grc' dir='ltr'><strong>νεωτερική</strong></span> <span class='ocrx_word' id='word_1_720' title='bbox 1151 5687 1271 5726; x_wconf 91' lang='lat' dir='ltr'>non</span> <span class='ocrx_word' id='word_1_721' title='bbox 1291 5670 1609 5726; x_wconf 87' lang='lat' dir='ltr'>novitatem</span> <span class='ocrx_word' id='word_1_722' title='bbox 1633 5668 2029 5745; x_wconf 88' lang='lat' dir='ltr'>episcopatus,</span> 
     </span>
    </p>
   </div>
   <div class='ocr_carea' id='block_1_107' title="bbox 2136 4678 3801 4768">
    <p class='ocr_par' dir='ltr' id='par_1_107' title="bbox 2136 4678 3801 4768">
     <span class='ocr_line' id='line_1_107' title="bbox 2136 4678 3801 4768; baseline -0.008 -18"><span class='ocrx_word' id='word_1_723' title='bbox 2136 4691 2455 4768; x_wconf 79' lang='grc' dir='ltr'><strong>θυμητικοί.</strong></span> <span class='ocrx_word' id='word_1_724' title='bbox 2490 4695 2570 4748; x_wconf 89' lang='lat' dir='ltr'>Ac</span> <span class='ocrx_word' id='word_1_725' title='bbox 2600 4708 2807 4748; x_wconf 84' lang='lat' dir='ltr'>rursus</span> <span class='ocrx_word' id='word_1_726' title='bbox 2840 4706 2855 4746; x_wconf 87' lang='lat'><strong>:</strong></span> <span class='ocrx_word' id='word_1_727' title='bbox 2888 4682 3269 4762; x_wconf 82' lang='grc' dir='ltr'><strong>Εὖμετάϐολοι</strong></span> <span class='ocrx_word' id='word_1_728' title='bbox 3302 4682 3360 4740; x_wconf 63' lang='grc' dir='ltr'>δὲ</span> <span class='ocrx_word' id='word_1_729' title='bbox 3408 4682 3501 4739; x_wconf 74' lang='grc' dir='ltr'><strong>καὶ</strong></span> <span class='ocrx_word' id='word_1_730' title='bbox 3531 4678 3801 4756; x_wconf 78' lang='grc' dir='ltr'><strong>ἁψίκοροι</strong></span> 
     </span>
    </p>
   </div>
   <div class='ocr_carea' id='block_1_108' title="bbox 2134 4767 3803 4859">
    <p class='ocr_par' dir='ltr' id='par_1_108' title="bbox 2134 4767 3803 4859">
     <span class='ocr_line' id='line_1_108' title="bbox 2134 4767 3803 4859; baseline -0.008 -19"><span class='ocrx_word' id='word_1_731' title='bbox 2134 4767 2272 4859; x_wconf 80' lang='grc' dir='ltr'><strong>πρὸς</strong></span> <span class='ocrx_word' id='word_1_732' title='bbox 2304 4780 2614 4856; x_wconf 81' lang='grc' dir='ltr'><strong>ἐπιθυμίας.</strong></span> <span class='ocrx_word' id='word_1_733' title='bbox 2646 4780 2832 4849; x_wconf 89' lang='lat' dir='ltr'>Idem,</span> <span class='ocrx_word' id='word_1_734' title='bbox 2866 4782 3190 4850; x_wconf 87' lang='lat' dir='ltr'>Topicorum</span> <span class='ocrx_word' id='word_1_735' title='bbox 3220 4777 3324 4832; x_wconf 90' lang='lat' dir='ltr'>lib.</span> <span class='ocrx_word' id='word_1_736' title='bbox 3349 4791 3433 4843; x_wconf 83' lang='grc' dir='ltr'><strong>ιιι,</strong></span> <span class='ocrx_word' id='word_1_737' title='bbox 3456 4790 3508 4829; x_wconf 91' lang='lat' dir='ltr'>c.</span> <span class='ocrx_word' id='word_1_738' title='bbox 3540 4767 3803 4827; x_wconf 71' lang='grc' dir='ltr'><strong>2εΜᾶλο</strong></span> 
     </span>
    </p>
   </div>
   <div class='ocr_carea' id='block_1_109' title="bbox 2137 4860 3800 4948">
    <p class='ocr_par' dir='ltr' id='par_1_109' title="bbox 2137 4860 3800 4948">
     <span class='ocr_line' id='line_1_109' title="bbox 2137 4860 3800 4948; baseline -0.01 -19"><span class='ocrx_word' id='word_1_739' title='bbox 2137 4873 2233 4930; x_wconf 80' lang='grc' dir='ltr'><strong>λον</strong></span> <span class='ocrx_word' id='word_1_740' title='bbox 2260 4874 2367 4948; x_wconf 83' lang='grc' dir='ltr'><strong>γὰρ</strong></span> <span class='ocrx_word' id='word_1_741' title='bbox 2400 4870 2453 4926; x_wconf 69' lang='grc' dir='ltr'><strong>οἳ</strong></span> <span class='ocrx_word' id='word_1_742' title='bbox 2482 4871 2597 4926; x_wconf 85' lang='grc' dir='ltr'>νέοι</span> <span class='ocrx_word' id='word_1_743' title='bbox 2651 4872 2759 4924; x_wconf 83' lang='grc' dir='ltr'><strong>τῶν</strong></span> <span class='ocrx_word' id='word_1_744' title='bbox 2792 4862 3172 4943; x_wconf 65' lang='grc' dir='ltr'><strong>πρεσϐυτέρων</strong></span> <span class='ocrx_word' id='word_1_745' title='bbox 3204 4864 3312 4943; x_wconf 61' lang='lat' dir='ltr'>{me</span> <span class='ocrx_word' id='word_1_746' title='bbox 3340 4865 3450 4918; x_wconf 82' lang='grc' dir='ltr'><strong>τῶν</strong></span> <span class='ocrx_word' id='word_1_747' title='bbox 3483 4860 3800 4931; x_wconf 79' lang='grc' dir='ltr'><strong>ἐπιθυμιῶν</strong></span> 
     </span>
    </p>
   </div>
   <div class='ocr_carea' id='block_1_110' title="bbox 2137 4948 3804 5039">
    <p class='ocr_par' dir='ltr' id='par_1_110' title="bbox 2137 4948 3804 5039">
     <span class='ocr_line' id='line_1_110' title="bbox 2137 4948 3804 5039; baseline -0.008 -21"><span class='ocrx_word' id='word_1_748' title='bbox 2137 4962 2515 5039; x_wconf 79' lang='grc' dir='ltr'><strong>ἐνοχλοῦνται.</strong></span> <span class='ocrx_word' id='word_1_749' title='bbox 2547 4959 2691 5015; x_wconf 90' lang='lat' dir='ltr'>Inde</span> <span class='ocrx_word' id='word_1_750' title='bbox 2723 4960 2906 5014; x_wconf 87' lang='lat' dir='ltr'>Varro</span> <span class='ocrx_word' id='word_1_751' title='bbox 2937 4959 3000 5013; x_wconf 92' lang='lat' dir='ltr'>in</span> <span class='ocrx_word' id='word_1_752' title='bbox 3029 4956 3283 5013; x_wconf 91' lang='lat' dir='ltr'>Tithono</span> <span class='ocrx_word' id='word_1_753' title='bbox 3313 4950 3471 5026; x_wconf 89' lang='lat' dir='ltr'>apud</span> <span class='ocrx_word' id='word_1_754' title='bbox 3501 4948 3804 5006; x_wconf 84' lang='lat' dir='ltr'>Nonium:</span> 
     </span>
    </p>
   </div>
   <div class='ocr_carea' id='block_1_111' title="bbox 2138 5036 3803 5121">
    <p class='ocr_par' dir='ltr' id='par_1_111' title="bbox 2138 5036 3803 5121">
     <span class='ocr_line' id='line_1_111' title="bbox 2138 5036 3803 5121; baseline -0.008 -12"><span class='ocrx_word' id='word_1_755' title='bbox 2138 5036 2313 5121; x_wconf 75' lang='lat' dir='ltr'>Quam</span> <span class='ocrx_word' id='word_1_756' title='bbox 2341 5051 2639 5121; x_wconf 81' lang='lat' dir='ltr'>dereliquit</span> <span class='ocrx_word' id='word_1_757' title='bbox 2669 5046 3048 5119; x_wconf 81' lang='lat' dir='ltr'>multicupida</span> <span class='ocrx_word' id='word_1_758' title='bbox 3067 5036 3803 5116; x_wconf 74' lang='lat' dir='ltr'>juvenilitas.S.Basilius:</span> 
     </span>
    </p>
   </div>
   <div class='ocr_carea' id='block_1_112' title="bbox 2140 5123 3814 5217">
    <p class='ocr_par' dir='ltr' id='par_1_112' title="bbox 2140 5123 3814 5217">
     <span class='ocr_line' id='line_1_112' title="bbox 2140 5123 3814 5217; baseline -0.01 -20"><span class='ocrx_word' id='word_1_759' title='bbox 2140 5145 2350 5217; x_wconf 77' lang='grc' dir='ltr'><strong>Κοῦφον</strong></span> <span class='ocrx_word' id='word_1_760' title='bbox 2382 5141 2417 5208; x_wconf 77' lang='grc' dir='ltr'>ἡ</span> <span class='ocrx_word' id='word_1_761' title='bbox 2447 5137 2640 5208; x_wconf 84' lang='grc' dir='ltr'><strong>νεότης</strong></span> <span class='ocrx_word' id='word_1_762' title='bbox 2671 5135 2763 5192; x_wconf 83' lang='grc' dir='ltr'>καὶ</span> <span class='ocrx_word' id='word_1_763' title='bbox 2814 5135 3099 5206; x_wconf 79' lang='grc' dir='ltr'><strong>εὐκίνητον</strong></span> <span class='ocrx_word' id='word_1_764' title='bbox 3156 5132 3294 5209; x_wconf 85' lang='grc' dir='ltr'><strong>πρὸς</strong></span> <span class='ocrx_word' id='word_1_765' title='bbox 3346 5130 3415 5185; x_wconf 80' lang='grc' dir='ltr'>τὰ</span> <span class='ocrx_word' id='word_1_766' title='bbox 3444 5125 3647 5207; x_wconf 78' lang='grc' dir='ltr'>φαῦλα,</span> <span class='ocrx_word' id='word_1_767' title='bbox 3682 5123 3814 5182; x_wconf 75' lang='grc' dir='ltr'><strong>ἐπι-</strong></span> 
     </span>
    </p>
   </div>
   <div class='ocr_carea' id='block_1_113' title="bbox 2138 5217 3813 5303">
    <p class='ocr_par' dir='ltr' id='par_1_113' title="bbox 2138 5217 3813 5303">
     <span class='ocr_line' id='line_1_113' title="bbox 2138 5217 3813 5303; baseline -0.007 -19"><span class='ocrx_word' id='word_1_768' title='bbox 2138 5227 2326 5303; x_wconf 81' lang='grc' dir='ltr'><strong>θυμίαι</strong></span> <span class='ocrx_word' id='word_1_769' title='bbox 2357 5225 2730 5291; x_wconf 77' lang='grc' dir='ltr'><strong>δυσκάθεκτον..</strong></span> <span class='ocrx_word' id='word_1_770' title='bbox 2783 5227 2939 5292; x_wconf 85' lang='lat' dir='ltr'>Quas</span> <span class='ocrx_word' id='word_1_771' title='bbox 2987 5223 3164 5300; x_wconf 78' lang='grc' dir='ltr'><strong>ὁρμὰς</strong></span> <span class='ocrx_word' id='word_1_772' title='bbox 3223 5217 3612 5284; x_wconf 75' lang='grc' dir='ltr'><strong>δυσκαθέκτους</strong></span> <span class='ocrx_word' id='word_1_773' title='bbox 3682 5234 3813 5290; x_wconf 80' lang='lat' dir='ltr'>ap-</span> 
     </span>
    </p>
   </div>
   <div class='ocr_carea' id='block_1_114' title="bbox 2138 5306 3815 5393">
    <p class='ocr_par' dir='ltr' id='par_1_114' title="bbox 2138 5306 3815 5393">
     <span class='ocr_line' id='line_1_114' title="bbox 2138 5306 3815 5393; baseline -0.008 -18"><span class='ocrx_word' id='word_1_774' title='bbox 2138 5318 2382 5393; x_wconf 90' lang='lat' dir='ltr'>pellavit</span> <span class='ocrx_word' id='word_1_775' title='bbox 2405 5318 2577 5373; x_wconf 88' lang='lat' dir='ltr'>Philo</span> <span class='ocrx_word' id='word_1_776' title='bbox 2606 5316 3413 5387; x_wconf 71' lang='lat' dir='ltr'>Judmus.S.Chrysostomus,</span> <span class='ocrx_word' id='word_1_777' title='bbox 3445 5306 3585 5381; x_wconf 79' lang='grc' dir='ltr'>Πρὸς</span> <span class='ocrx_word' id='word_1_778' title='bbox 3620 5307 3815 5377; x_wconf 78' lang='grc' dir='ltr'><strong>θυμὸν</strong></span> 
     </span>
    </p>
   </div>
   <div class='ocr_carea' id='block_1_115' title="bbox 2136 5393 3816 5481">
    <p class='ocr_par' dir='ltr' id='par_1_115' title="bbox 2136 5393 3816 5481">
     <span class='ocr_line' id='line_1_115' title="bbox 2136 5393 3816 5481; baseline -0.008 -19"><span class='ocrx_word' id='word_1_779' title='bbox 2136 5407 2228 5462; x_wconf 75' lang='grc' dir='ltr'><strong>καὶ</strong></span> <span class='ocrx_word' id='word_1_780' title='bbox 2260 5405 2398 5481; x_wconf 84' lang='grc' dir='ltr'><strong>πρὸς</strong></span> <span class='ocrx_word' id='word_1_781' title='bbox 2427 5405 2720 5479; x_wconf 76' lang='grc' dir='ltr'><strong>ἐπιθυμίας</strong></span> <span class='ocrx_word' id='word_1_782' title='bbox 2777 5400 3126 5475; x_wconf 71' lang='grc' dir='ltr'><strong>εὐέμπτωτος</strong></span> <span class='ocrx_word' id='word_1_783' title='bbox 3157 5396 3372 5473; x_wconf 81' lang='grc' dir='ltr'>μᾶλλόν</span> <span class='ocrx_word' id='word_1_784' title='bbox 3425 5394 3565 5450; x_wconf 77' lang='grc' dir='ltr'><strong>ἐστιν</strong></span> <span class='ocrx_word' id='word_1_785' title='bbox 3596 5394 3626 5448; x_wconf 82' lang='grc' dir='ltr'>ὁ</span> <span class='ocrx_word' id='word_1_786' title='bbox 3654 5393 3816 5458; x_wconf 76' lang='grc' dir='ltr'><strong>νὲος,</strong></span> 
     </span>
    </p>
   </div>
   <div class='ocr_carea' id='block_1_116' title="bbox 2139 5484 3820 5569">
    <p class='ocr_par' dir='ltr' id='par_1_116' title="bbox 2139 5484 3820 5569">
     <span class='ocr_line' id='line_1_116' title="bbox 2139 5484 3820 5569; baseline -0.007 -16"><span class='ocrx_word' id='word_1_787' title='bbox 2139 5498 2281 5565; x_wconf 87' lang='lat' dir='ltr'>Quis</span> <span class='ocrx_word' id='word_1_788' title='bbox 2312 5496 2491 5569; x_wconf 81' lang='lat' dir='ltr'>igitur</span> <span class='ocrx_word' id='word_1_789' title='bbox 2521 5512 2657 5552; x_wconf 92' lang='lat' dir='ltr'>cum</span> <span class='ocrx_word' id='word_1_790' title='bbox 2688 5491 2977 5565; x_wconf 68' lang='grc' dir='ltr'><strong>ἐπιθυμίας</strong></span> <span class='ocrx_word' id='word_1_791' title='bbox 3004 5492 3216 5548; x_wconf 88' lang='lat' dir='ltr'>vetitas</span> <span class='ocrx_word' id='word_1_792' title='bbox 3244 5484 3669 5555; x_wconf 84' lang='lat' dir='ltr'>cernat,iisque</span> <span class='ocrx_word' id='word_1_793' title='bbox 3701 5501 3820 5542; x_wconf 85' lang='lat' dir='ltr'>vo-</span> 
     </span>
    </p>
   </div>
   <div class='ocr_carea' id='block_1_117' title="bbox 2141 5579 3821 5659">
    <p class='ocr_par' dir='ltr' id='par_1_117' title="bbox 2141 5579 3821 5659">
     <span class='ocr_line' id='line_1_117' title="bbox 2141 5579 3821 5659; baseline -0.007 -15"><span class='ocrx_word' id='word_1_794' title='bbox 2141 5603 2271 5644; x_wconf 90' lang='lat' dir='ltr'>cem</span> <span class='ocrx_word' id='word_1_795' title='bbox 2290 5582 2613 5659; x_wconf 84' lang='grc' dir='ltr'><strong>νεωτερικάς</strong></span> <span class='ocrx_word' id='word_1_796' title='bbox 2640 5583 2987 5655; x_wconf 88' lang='lat' dir='ltr'>adjunctam</span> <span class='ocrx_word' id='word_1_797' title='bbox 3017 5579 3468 5646; x_wconf 85' lang='lat' dir='ltr'>animadvertat,</span> <span class='ocrx_word' id='word_1_798' title='bbox 3516 5588 3641 5630; x_wconf 88' lang='lat' dir='ltr'>non</span> <span class='ocrx_word' id='word_1_799' title='bbox 3670 5580 3821 5633; x_wconf 77' lang='lat' dir='ltr'>sta.-</span> 
     </span>
    </p>
   </div>
   <div class='ocr_carea' id='block_1_118' title="bbox 2139 5666 3828 5747">
    <p class='ocr_par' dir='ltr' id='par_1_118' title="bbox 2139 5666 3828 5747">
     <span class='ocr_line' id='line_1_118' title="bbox 2139 5666 3828 5747; baseline -0.007 -13"><span class='ocrx_word' id='word_1_800' title='bbox 2139 5677 2247 5734; x_wconf 90' lang='lat' dir='ltr'>tim</span> <span class='ocrx_word' id='word_1_801' title='bbox 2281 5692 2383 5733; x_wconf 86' lang='lat' dir='ltr'>eas</span> <span class='ocrx_word' id='word_1_802' title='bbox 2402 5675 2682 5747; x_wconf 83' lang='lat' dir='ltr'>juveniles</span> <span class='ocrx_word' id='word_1_803' title='bbox 2711 5689 2841 5730; x_wconf 89' lang='lat' dir='ltr'>esse</span> <span class='ocrx_word' id='word_1_804' title='bbox 2864 5671 3160 5746; x_wconf 82' lang='lat' dir='ltr'>judicabit</span> <span class='ocrx_word' id='word_1_805' title='bbox 3180 5670 3209 5726; x_wconf 69' lang='grc' dir='ltr'><strong><em>τ</em></strong></span> <span class='ocrx_word' id='word_1_806' title='bbox 3236 5670 3339 5727; x_wconf 89' lang='lat' dir='ltr'>Est</span> <span class='ocrx_word' id='word_1_807' title='bbox 3358 5666 3521 5724; x_wconf 89' lang='lat' dir='ltr'>enim</span> <span class='ocrx_word' id='word_1_808' title='bbox 3550 5682 3763 5742; x_wconf 77' lang='grc' dir='ltr'><strong>νεωτερ</strong></span> <span class='ocrx_word' id='word_1_809' title='bbox 3777 5687 3828 5722; x_wconf 83' lang='grc' dir='ltr'><strong>ι-</strong></span> 
     </span>
    </p>
   </div>
  </div>
