3972 6306
176 364 247 420 41

843 362 903 423 J.
946 361 1367 426 PEARSONI]
1413 364 1778 426 VINDICIIE
1819 367 2299 434 IGNATIANJE.
2350 409 2411 421 --

2049 370 2141 430 ,‘IA
2152 373 2299 434 NJE.
2350 409 2426 421 --
2468 376 2957 439 ΡΡιοίΕΜῙυΜ.
3539 381 3617 440 42

180 493 283 553 κός
315 511 426 550 Vox
457 495 825 566 possessiva.
856 500 923 550 ut
970 499 1338 565 grammatici
1404 499 1749 570 loquuntur,
1798 505 1857 554 et
1881 503 1933 567 A
1965 502 2762 576 fugemluveniliadesideria
2782 510 2914 567 etin
2938 510 3184 566 senibus
3197 525 3325 567 esse
3345 517 3617 583 possunt,

180 583 374 638 forma
404 588 465 638 et
490 583 958 657 signiﬁcatione.
989 583 1196 640 Ἐκεῖνα
1228 584 1284 639 δέ
1316 584 1424 640 ἐστι
1453 591 1535 657 τῷ
1571 587 1732 658 τύπῳ
1763 587 1853 640 καὶ

196 669 274 743 τῷ
304 672 716 745 σημαινομὲνῳ
746 672 997 741 κτητικὰ,
1049 673 1145 727 ὅσα
1202 673 1278 735 εἰς
1331 676 1429 744 τήν
1485 677 1702 750 γενικὴν
1757 678 1854 729 τοῦ

196 759 566 833 πρωτοτύπου
596 759 948 828 ἀναλύονται,
982 762 1176 833 inquit
1206 765 1590 838 etymologus.
1638 770 1851 819 Νεωτε-

200 849 346 924 ρικός
370 857 577 906 autem
598 851 921 906 resolvitur
969 852 1031 907 in
1076 854 1400 923 genitivum
1449 855 1579 926 ejus
1609 856 1764 909 vocis
1821 872 1855 911 a

194 957 316 1011 qua
345 940 641 1012 originem
675 940 863 1008 duxit,
893 946 961 994 ut
988 940 1148 997 idem
1195 942 1272 996 sit
1311 942 1655 1013 νεωτερικὰς,
1691 942 1852 1015 quod

186 1024 465 1102 νεωτέρων
497 1027 809 1099 ἐπιθυμίας.
867 1030 994 1084 Jam
1033 1047 1171 1086 vero
1228 1048 1501 1102 persona,
1553 1033 1645 1087 cui
1697 1050 1851 1104 pras-

188 1132 431 1198 ceptum
462 1127 576 1182 hoc
607 1126 815 1182 datum
847 1128 1190 1199 estjuvenis
1208 1128 1338 1186 fuit.
1370 1131 1515 1185 Nam
1547 1130 1567 1186 Ι
1597 1131 1745 1186 Tim.
1772 1148 1849 1198 JV,

189 1219 260 1269 12
301 1233 314 1270 :
351 1213 560 1284 Μηδείς
593 1233 691 1268 σου
748 1219 849 1282 τῆς
903 1216 1156 1284 νεότητος
1204 1216 1625 1293 καταφρονείτω.
1689 1222 1853 1275 Nemo

185 1306 611 1362 adolescentiam
624 1312 775 1360 tuam
786 1307 1238 1376 contemnat,vel,
1260 1313 1325 1362 ut
1343 1308 1646 1379 antiquior
1670 1314 1857 1364 trans-

187 1394 367 1451 slatio
398 1394 558 1466 apud
605 1394 1134 1460 Ambrosiastrum,
1180 1398 1550 1467 juventutem.
1586 1398 1856 1453 Secunda

187 1491 394 1541 autem
426 1485 689 1556 Epistola
711 1485 983 1557 proximo
1014 1491 1149 1558 post
1176 1488 1428 1558 primam
1459 1504 1615 1544 anno
1639 1489 1858 1561 scripta

190 1581 321 1631 est:
345 1575 540 1631 adhuc
571 1576 751 1648 igitur
779 1576 1122 1632 Timotheus
1146 1577 1384 1647 juvenis
1413 1578 1544 1633 fuit.
1573 1580 1855 1634 Juvenem

190 1665 373 1736 igitur
402 1665 723 1736 Apostolus
756 1671 990 1734 monet,
1036 1671 1103 1720 ut
1160 1663 1451 1739 ἐπιθυμίας
1508 1668 1711 1739 fugiat,
1760 1683 1858 1723 eas

184 1762 512 1835 νεωτερικάς
543 1763 860 1835 indigitat;
895 1765 1023 1819 sine
1058 1762 1259 1832 dubio,
1295 1782 1533 1837 nempe,
1557 1765 1856 1837 juveniles

1967 593 2014 647 si
2048 593 2174 649 hmo
2205 603 2399 669 agant,
2424 615 2555 669 quae
2585 600 2854 671 gravitati
2887 616 3006 655 non
3038 600 3398 655 conveniant
3424 601 3623 656 Chris-

1966 681 2170 737 tianae:
2198 690 2257 739 et
2275 702 2309 740 a
2327 686 2644 757 juvenibus
2666 688 2821 744 vinci
2845 694 3113 760 possunt,
3134 689 3183 744 si
3205 694 3449 745 caveant
3478 689 3620 744 levi-

1965 773 2207 827 tatem.»
2239 775 2511 832 Sedulius
2537 778 2859 833 :Juvenilia
2902 778 3199 834 desideria
3239 778 3395 851 fuge,
3455 779 3516 833 id
3545 785 3625 834 est

1970 861 2392 926 fornicationem
2415 882 2437 928 ;
2450 881 2628 936 quam
2643 883 2769 921 rem
2793 882 3005 921 novam
3026 882 3156 922 esse
3178 883 3355 922 nemo
3377 867 3617 922 dixerit.

1966 959 2440 1027 Quarto,veteres
2461 962 2737 1017 Ecclesia
2760 963 3081 1034 scriptores
3105 962 3433 1018 secundum
3453 963 3617 1018 hunc

1964 1048 2281 1103 Paulinum
2315 1066 2555 1105 sensum
2586 1067 2787 1105 vocem
2813 1049 3130 1123 νεωτερικός
3146 1050 3545 1121 usurpabant,
3560 1055 3627 1105 ut

1966 1136 2271 1204 Eusebius,
2304 1138 2456 1193 libro
2491 1141 2564 1193 De
2609 1139 2942 1208 martyribus
3018 1139 3342 1204 Palaestina,
3404 1156 3533 1210 cap.
3567 1140 3621 1207 4η,

1966 1224 2065 1279 ubi
2100 1225 2382 1281 describit
2411 1227 2806 1282 fortissimum
2876 1232 3195 1298 martyrem
3238 1227 3624 1298 Apphianum

1966 1315 2231 1369 nondum
2253 1316 2457 1388 viginti
2489 1334 2680 1372 annos
2712 1322 2940 1384 natum,
2992 1317 3091 1388 qui
3127 1317 3322 1386 Beryti
3344 1316 3571 1371 vixerat
3605 1332 3618 1372 :

1967 1399 2275 1475 Παράδοξον
2307 1403 2397 1457 καὶ
2431 1403 2599 1458 εἰπεῖν
2628 1404 2702 1464 ὡς
2729 1403 2781 1458 ἐν
2840 1404 3067 1477 τοιαύτῃ
3111 1402 3270 1458 πόλει
3327 1407 3437 1457 τῶν
3486 1423 3620 1456 νεω-

1964 1496 2195 1565 τερικῶν
2236 1491 2540 1565 ἐπιθυμιῶν
2586 1492 2834 1567 ὑπεράνω
2864 1493 3177 1567 γενόμενος,
3238 1492 3329 1546 καὶ
3365 1493 3497 1563 μήθ’
3528 1492 3621 1546 ὑπ’

1967 1581 2150 1655 ἀκμῆς
2176 1587 2273 1638 τοῦ
2310 1584 2585 1657 σώματος,
2619 1586 2749 1657 μήθ’
2801 1585 2905 1640 ὑπὸ
2961 1590 3064 1653 τῆς
3114 1590 3224 1639 τῶν
3272 1583 3404 1639 νέων
3467 1583 3620 1637 ἐται-

1970 1671 2111 1745 ρείας
2145 1670 2456 1749 διαφθαρεὶς
2486 1675 2577 1727 τὸν
2636 1674 2862 1747 τρόπον,
2909 1672 3264 1750 σωφροσῦνην
3306 1673 3604 1743 ἠσπάζετο.

1975 1771 2371 1827 «Incredibile
2393 1772 2556 1826 dictu
2579 1777 2808 1842 est,quo
2827 1777 2996 1843 pacto
3019 1772 3081 1826 in
3100 1772 3203 1826 tali
3226 1772 3460 1826 civitate
3484 1771 3622 1826 ado-

186 1854 510 1910 intellexit.
556 1853 847 1918 Secundo,
900 1855 1057 1910 hunc
1098 1872 1227 1911 esse
1276 1857 1489 1911 horum
1543 1857 1856 1912 verborum
1888 1866 1934 1930 Β
1962 1861 3620 1933 lescentiaacupiditatibussuperior,necvigorecorporis,

194 1958 443 1997 sensum
470 1942 658 2013 liquet
684 1960 753 1999 ex
769 1944 1047 2000 omnibus
1061 1950 1324 2001 veterum
1339 1946 1853 2001 translationibus.

192 2038 378 2092 Vetus
410 2039 703 2110 interpres
738 2039 1000 2104 Latinus,
1046 2041 1327 2097 Juvenilia
1377 2049 1559 2099 autem
1590 2043 1862 2098 desideria

190 2130 355 2197 fuge,
379 2128 600 2198 aliique
624 2144 692 2183 eo
729 2129 1101 2199 antiquiores
1133 2131 1342 2187 Latini.
1396 2132 1700 2197 Quomodo
1732 2131 1861 2203 Syri

198 2217 561 2287 Apostolum
592 2217 1017 2287 intellexerint,
1060 2219 1218 2276 inter
1274 2238 1422 2292 quos
1480 2227 1744 2277 versatus
1777 2226 1865 2276 est

200 2305 259 2359 S.
295 2306 709 2378 lgnatius,non
742 2308 954 2363 melius
985 2309 1548 2382 intelligitur,quam
1580 2327 1650 2366 ex
1680 2310 1864 2366 veteri

200 2398 478 2454 versione
499 2396 759 2487 S'yriaca,
793 2414 923 2468 qua:
954 2398 1040 2453 sic
1098 2399 1225 2487 hinc
1262 2399 1439 2457 verba
1476 2400 1757 2469 reddidit,
1787 2408 1865 2487 pa

195 2498 368 2577 Phy.
398 2472 664 2546 “mil-mw
739 2496 951 2577 "mu"
1014 2473 1185 2577 νηίπι
1224 2491 1310 2544 Ab
1389 2492 1637 2547 omnibus
1706 2472 1863 2561 cup'i-

196 2575 471 2632 ditatibus
525 2575 909 2631 adolescentiae
980 2575 1136 2647 fuge.
1205 2579 1352 2634 Sunt
1419 2580 1600 2650 enim,
1651 2589 1860 2642 enim

192 2650 465 2725 R1111me
523 2662 749 2738 ὀρέξεις,
821 2665 911 2720 vel
973 2662 1258 2739 ἐπιθυμίαι
1334 2673 1434 2736 τῆς
1497 2668 1772 2737 νεότητος,
1805 2673 1873 2724 ut

195 2763 403 2818 Matth.
456 2780 573 2828 nx,
626 2766 694 2816 2O
758 2779 772 2817 ε
840 2747 1160 2853 νηνὸτοςςῃ
1225 2761 1283 2818 ἐκ
1313 2764 1571 2835 νεότητός
1625 2786 1755 2853 p.00,
1816 2770 1875 2821 et

194 2855 217 2907 ι
263 2855 417 2909 Tim.
460 2857 639 2922 1v,12
691 2870 705 2908 :
749 2838 970 2940 1111751:
1041 2838 1115 2919 Sir
1179 2867 1346 2917 ann:
1412 2868 1541 2918 iam
1580 2842 1682 2919 n51
1760 2878 1870 2929 μη-

194 2940 307 3003 δείς
340 2961 438 2995 σου
472 2949 572 3010 τῆς
612 2939 865 3010 νεότητος
924 2962 1022 2996 κατ
1039 2944 1362 3021 αφρονείτω.
1423 2947 1509 3002 Ita
1556 2945 1871 3016 utrobique

199 3032 584 3103 juventutem
623 3032 915 3087 Timothei
967 3033 1301 3104 respiciens
1339 3035 1613 3091 eamdem
1666 3051 1870 3090 vocem

206 3130 537 3201 usurpavit.
592 3130 717 3184 Non
768 3129 939 3184 aliter
986 3130 1177 3185 versio
1231 3131 1502 3201 Arabica,
1549 3136 1609 3186 et
1653 3131 1872 3187 IEthio-

1965 1967 2075 2005 nec
2098 1951 2387 2021 juvenum
2408 1951 2676 2005 sodalitio
2702 1966 2898 2005 mores
2921 1966 3057 2005 suos
3071 1950 3369 2021 corrumpi
3387 1965 3620 2021 passus,

1970 2038 2326 2094 modestiam
2368 2039 2740 2110 amplexatus
2771 2044 2879 2095 est.
2915 2061 2942 2089 »
2977 2040 3031 2093 S.
3065 2039 3520 2110 Chrysostomus
3551 2037 3623 2093 de

1968 2129 2165 2200 seipso
2199 2128 2395 2184 adhuc
2418 2128 2935 2201 juvene,oratione
2959 2129 3035 2182 De
3062 2129 3370 2184 sacerdotio
3391 2127 3586 2198 prima
3610 2143 3625 2182 :

1967 2213 2198 2271 Επειδὲιν
2258 2213 2317 2269 δὲ
2371 2213 2478 2270 ἔδει
2537 2216 2630 2271 τὸν
2697 2216 2961 2288 μακάριον
3026 2215 3117 2270 τὸν
3178 2218 3288 2270 τῶν
3353 2218 3619 2289 μοναχῶν

1973 2301 2330 2376 μεταδιώκειν
2366 2303 2508 2379 βίον,
2538 2305 2627 2359 καὶ
2661 2305 2759 2373 τὴν
2794 2303 3124 2381 φιλοσοφίαν
3151 2304 3252 2371 τὴν
3292 2301 3501 2372 ἀληθῆ,
3532 2302 3625 2357 καὶ

1975 2393 2074 2448 οὐκ
2103 2388 2180 2449 ἔτι
2212 2395 2350 2465 ἡμῖν
2383 2394 2410 2447 ὁ
2444 2394 2601 2468 ζυγὸς
2635 2393 2794 2456 οὗτος
2823 2392 2943 2455 ’ἶσος
2973 2395 3062 2462 ἧν,
3094 2389 3225 2447 ἀλλ’
3252 2393 3287 2460 ἡ
3336 2392 3426 2463 μὶν
3459 2389 3626 2446 αὺτοῦ

1977 2493 2246 2569 πλάστιγξ
2271 2493 2586 2572 ἐκουφίζετο
2639 2492 2930 2569 μετέωρος,
2984 2492 3090 2569 ἐγὼ
3147 2490 3193 2547 δ’
3249 2485 3328 2546 ἔτι
3386 2496 3505 2554 ταῖς
3531 2494 3630 2545 τοῦ

1978 2583 2187 2657 κόσμου
2216 2581 2588 2656 πεπεδημένος
2617 2577 2928 2655 ἕπιθυμίαις
2961 2579 3249 2637 καθεῖλκον
3271 2581 3370 2649 τήν
3394 2578 3630 2653 ἐμαυτοῦ

1980 2675 2183 2749 ψυχὴν,
2216 2674 2302 2728 καὶ
2338 2669 2636 2746 ἐϐιαζόμην
2666 2674 2815 2728 κάτω
2869 2674 3045 2745 μὲνειν
3080 2676 3428 2746 νεωτερικαῖς
3458 2671 3626 2738 αὐτὴν

1980 2758 2274 2837 ἐπιϐρίθων
2297 2761 2630 2839 φαντασίαις.
2651 2786 2679 2815 ‹‹
2695 2765 2838 2818 Cum
2860 2769 3059 2819 autem
3081 2761 3627 2833 oporteretbeatam

1982 2853 2373 2908 monasticam
2393 2853 2572 2907 vitam
2591 2852 2892 2924 persequi,
2917 2867 3233 2921 veramque
3255 2849 3629 2921 philosophi-

1982 2970 2097 3021 am,
2130 2970 2242 3008 nec
2250 2954 2377 3025 jam
2398 2952 2567 3008 nobis
2590 2969 2696 3024 par
2712 2957 2932 3008 statera
2948 2956 3125 3018 esset,
3160 2949 3264 3006 sed
3280 2948 3440 3003 illius
3472 2948 3636 3016 lanx,

1982 3048 2187 3114 utpote
2208 3041 2409 3109 levior,
2426 3041 2695 3097 sublimis
2716 3042 2990 3108 ferretur,
3024 3058 3129 3113 ego
3153 3056 3287 3093 vero
3309 3036 3638 3092 mundanis

1983 3131 2405 3203 cupiditatibus
2427 3130 2970 3202 impeditus,meam
2984 3129 3218 3184 lancem
3233 3127 3512 3182 deorsum
3525 3131 3638 3180 tra-

200 3220 365 3291 pica.
396 3218 613 3284 Tertio,
640 3223 870 3273 veteres
899 3236 1108 3275 omnes
1140 3225 1264 3275 tum
1295 3222 1479 3276 Grmci
1508 3226 1632 3276 tum
1677 3220 1868 3276 Latini
1899 3229 1943 3296 α
1979 3221 2534 3291 herem,etinferius
2554 3238 2795 3278 manere
2820 3216 3478 3293 cogerem.juvenilibus
3501 3232 3632 3271 eam

202 3310 420 3365 eodem
455 3309 630 3365 modo
651 3309 813 3365 hunc
841 3308 1035 3365 locum
1064 3311 1436 3382 interpretati
1461 3312 1871 3368 sunt.Ambro-

203 3398 550 3469 siaster,qui
582 3399 689 3453 sub
723 3399 972 3455 Damaso
1004 3400 1242 3472 scripsit
1270 3417 1282 3454 :
1313 3401 1603 3457 Juvenilia
1634 3400 1869 3456 tudesi-

203 3487 378 3543 deria
418 3487 576 3559 fuge.
627 3488 907 3543 Juvenilia
935 3488 1212 3544 desideria
1260 3490 1491 3545 adversa
1543 3497 1673 3545 sunt
1705 3496 1870 3546 :sunt

202 3580 357 3633 enim
382 3577 686 3646 voluptates
742 3579 1055 3644 mundanas,
1114 3593 1244 3649 qua
1300 3580 1553 3635 omnibus
1600 3579 1870 3635 illecebris

201 3677 542 3745 mancipata
570 3681 716 3741 sunt,
759 3693 822 3731 ac
858 3694 962 3747 per
1022 3677 1120 3731 hoc
1160 3693 1195 3732 a
1249 3678 1343 3732 Dei
1372 3694 1526 3733 servo
1581 3679 1873 3749 fugienda

202 3772 358 3821 sunt.
394 3766 630 3820 Sectare
670 3781 806 3820 vero
856 3764 1177 3835 justitiam,
1238 3766 1440 3833 ﬁdem,
1497 3767 1870 3836 charitatem,

207 3870 444 3927 pacem.
479 3856 605 3908 Haec
631 3855 891 3909 sectanda
911 3855 1092 3924 jubet,
1118 3872 1239 3926 quae
1255 3857 1499 3926 juvenili
1530 3860 1685 3912 atati
1713 3857 1873 3912 devia

208 3944 481 3998 videntur
508 3948 559 3996 et
588 3958 804 4012 aspera.
824 3943 880 3998 S.
899 3944 1356 4014 Chrysostomus
1370 3943 1444 4000 ad
1474 3944 1705 4000 locum:
1728 3950 1876 3999 Νεω-

204 4030 429 4105 τερικαὶ
461 4028 570 4106 οὐχ
600 4028 756 4085 αὗταί
788 4029 923 4084 εἰσιν
956 4031 1011 4084 αἱ
1040 4037 1139 4095 τῆς
1208 4032 1460 4106 πορνείας
1513 4033 1697 4105 μόνον,
1730 4032 1876 4088 ἀλλᾶ

208 4124 363 4173 πᾶσα
430 4115 694 4190 ἐπιθυμία
752 4116 956 4180 ἄτοπος
1045 4121 1361 4194 νεωτερική·
1424 4118 1762 4175 ἀκουέτωσαν
1825 4120 1876 4173 οἱ

206 4204 587 4282 γεγηρακότες
621 4205 707 4260 ὅτι
743 4206 803 4261 οὐ
838 4205 921 4261 δεῖ
946 4208 1017 4262 τὰ
1045 4211 1152 4262 τῶν
1208 4207 1486 4283 νεωτέρων
1545 4214 1744 4266 ποιεῖν.
1776 4212 1877 4265 Ju-

212 4297 423 4353 reniles
455 4296 545 4354 ha?
566 4296 923 4368 cupiditates
954 4314 1066 4353 non
1096 4299 1265 4353 solius
1317 4301 1705 4368 fomicationis
1731 4305 1879 4376 sunt,

208 4397 306 4452 sed
330 4397 516 4450 omnis
546 4394 824 4465 cupiditas
849 4395 1090 4451 absurda
1111 4396 1401 4466 juvenilis.
1442 4397 1695 4452 Audiant
1709 4412 1880 4464 senes,

209 4494 373 4565 quod
404 4508 521 4547 non
577 4499 832 4562 oporteat
890 4510 953 4547 ea
997 4496 1202 4561 facere,
1260 4511 1381 4564 qua:
1418 4500 1545 4549 sunt
1591 4496 1879 4565 juvenum.

1978 3328 2295 3385 aggravans
2313 3311 2831 3384 cogitationibus.»
2857 3311 2961 3365 Hic
2974 3309 3133 3365 enim
3152 3309 3633 3380 paritervewcepi-

1974 3399 2071 3459 xit:
2106 3397 2395 3475 φαντασίας
2423 3400 2750 3472 usurpavit,
2786 3416 2852 3454 ac
2911 3400 2973 3453 in
3006 3397 3371 3469 expositione
3410 3394 3526 3449 loci
3558 3393 3632 3449 ad

1978 3499 2372 3567 Timotheum,
2432 3495 2723 3558 φαντασίας
2778 3494 3096 3569 νεωτερικὰς
3160 3497 3343 3569 φεῦγε.
3415 3495 3636 3547 Auctor

1980 3587 2444 3643 Constitutionum
2477 3587 2932 3657 Apostolicarum,
2967 3585 3072 3639 lib.
3108 3601 3170 3653 ιι,
3212 3600 3262 3640 c.
3300 3586 3349 3651 1,
3403 3598 3473 3636 ex
3532 3579 3633 3635 Di-

1981 3677 2258 3743 dascalia,
2287 3681 2355 3732 ut
2383 3675 2635 3741 videtur,
2664 3693 2734 3731 ea
2780 3693 2911 3746 quae
2959 3674 3184 3746 Ignatio
3243 3672 3636 3736 tribuebatur,

1982 3765 2154 3820 docet
2184 3765 2526 3836 episcopum
2575 3781 2697 3820 non
2730 3764 2947 3819 debere
2979 3780 3107 3819 esse
3166 3762 3462 3817 minorem
3493 3762 3638 3813 natu

1984 3878 2163 3933 quam
2194 3877 2489 3916 annorum
2520 3860 2974 3931 quinquaginta,
3034 3857 3116 3912 ὅτι
3164 3857 3354 3931 τρόπῳ
3411 3855 3517 3910 τινὶ
3546 3853 3641 3913 τὰς

1983 3947 2306 4021 νεωτερικὰς
2338 3946 2552 4017 ἀταξίας
2581 3948 2666 4001 καὶ
2705 3947 2801 4007 τὰς
2831 3942 3021 4014 ἔξωθεν
3056 3939 3317 4004 διαϐολὰς
3369 3944 3632 4015 ἐκπεφευ-

1983 4036 2096 4109 γὼς
2132 4035 2389 4109 ὑπάρχει.
2423 4058 2450 4085 ‹‹
2497 4035 2663 4099 Quod
2720 4051 2789 4089 ea
2844 4038 2987 4088 astas
3047 4029 3487 4102 quodammodo
3510 4028 3638 4098 jam

1979 4125 2279 4199 juveniles
2305 4125 2746 4197 petulantias,et
2764 4138 2968 4178 eorum
2988 4121 3089 4193 qui
3110 4121 3255 4175 foris
3272 4124 3412 4174 sunt
3439 4116 3640 4171 obtre-

1989 4224 2281 4279 ctationes
2300 4222 2608 4294 eﬂ‘ugerit;
2636 4243 2662 4271 ››
2688 4220 2805 4276 nisi
2826 4220 2976 4276 forte
3009 4219 3142 4290 quis
3175 4217 3387 4290 dignus
3409 4215 3488 4270 sit
3519 4212 3645 4286 epi-

1993 4319 2255 4385 scopatu,
2288 4306 2377 4364 διὰ
2402 4313 2500 4374 τῆς
2550 4309 2806 4377 νεότητος
2861 4306 2914 4362 ἐν
2966 4306 3235 4382 πραότητι
3290 4303 3379 4358 καὶ
3437 4298 3653 4374 εὐταξίᾳ

1990 4408 2163 4475 γῆρας
2223 4397 2682 4472 ἐπιδεικνύμενος,
2743 4400 2804 4454 in
2866 4400 3178 4472 juventute
3228 4400 3536 4452 mansuete
3594 4398 3652 4448 et

1993 4491 2322 4562 composite
2354 4490 2598 4546 vivendo
2617 4494 2983 4545 senectutem
3002 4484 3647 4551 ostendens.Plurihus,

214 4585 389 4639 Hanc
402 4582 960 4652 interpretationem
978 4588 1310 4653 sequuntur
1327 4584 1799 4654 TheOphylactus
1828 4588 1887 4638 et
1916 4590 1965 4655 D
1995 4588 2426 4661 opinor,modis
2449 4587 2763 4659 explicatio
2796 4587 2953 4642 vocis
2985 4585 3280 4658 μονήρους,
3312 4599 3444 4654 quaa
3467 4578 3651 4636 semel

214 4681 647 4739 (Ecumenius.
681 4680 974 4753 Pelagius,
1007 4687 1073 4735 ut
1093 4680 1343 4751 videtur,
1370 4681 1431 4736 in
1453 4683 1891 4738 Commentario

216 4772 333 4828 sub
358 4769 709 4840 Hieronymi
732 4770 974 4825 nomine
998 4771 1176 4827 edito.
1207 4771 1498 4826 Juvenilia
1520 4777 1719 4826 autem
1737 4771 1893 4827 desi-

214 4860 396 4915 deria
414 4857 572 4927 fuge.
611 4857 754 4922 Quia
784 4857 844 4911 hi
883 4874 952 4912 ea:
1008 4860 1313 4914 senioribus
1369 4874 1478 4915 esse
1506 4876 1619 4914 non
1643 4866 1891 4931 possunt.

214 4952 264 5004 si
298 4948 430 5004 haec
460 4953 636 5016 agant
680 4962 810 5016 qua?
865 4949 1138 5015 gravitati
1192 4964 1304 5002 non
1353 4951 1685 5004 conveniunt
1734 4949 1895 5004 Chri-

216 5043 437 5097 stianae
468 5056 487 5097 :
518 5044 570 5091 et
601 5053 634 5090 a
653 5038 957 5107 juvenibus
982 5039 1300 5106 vincuntur,
1334 5042 1383 5093 si
1433 5040 1671 5094 habeant
1701 5040 1898 5094 levita-

222 5138 359 5184 tem.
398 5128 458 5181 Β.
496 5124 903 5181 Theodoretus
933 5125 994 5181 in
1024 5127 1464 5183 Commentario
1490 5144 1501 5182 :
1545 5128 1655 5188 Τᾶς
1687 5124 1744 5181 δὲ
1763 5147 1895 5181 νεω-

213 5213 443 5290 τερικὰς
477 5211 797 5284 ἐπιθυμίας,
828 5210 1095 5281 τουτέστι,
1154 5215 1392 5286 τρυφὴν,
1456 5209 1699 5288 γέλωτος
1749 5214 1894 5285 διμε-

215 5308 405 5379 τρὶαν,
444 5299 606 5372 δόξαν
636 5302 819 5370 κενήν,
881 5301 972 5354 καὶ
1027 5301 1095 5355 τὰ
1144 5301 1362 5363 τούτοις
1419 5302 1750 5376 προσόμοιά.
1784 5306 1899 5360 Hoc

227 5413 328 5472 est,
367 5403 620 5469 delicias,
668 5400 845 5457 risum
901 5400 1342 5465 immoderatum,
1395 5418 1595 5456 vanam
1640 5402 1897 5473 gloriam,

216 5502 265 5548 et
296 5508 425 5564 quae
455 5498 588 5547 sunt
619 5491 705 5545 his
734 5488 984 5551 similia;
999 5505 1129 5559 quas
1157 5489 1398 5560 quidem
1418 5506 1538 5545 non
1571 5496 1708 5546 sunt
1723 5507 1898 5563 novz,

219 5592 324 5640 aut
354 5598 629 5638 novarum
658 5596 849 5635 rerum
878 5577 1260 5650 cupiditates,
1288 5579 1391 5635 sed
1403 5580 1689 5651 juvenilis
1709 5582 1900 5637 astatis

218 5672 494 5729 comites.
547 5668 883 5727 Primasius
930 5684 950 5720 .-

470 5792 741 5851 ΡΑτιιοι.
790 5788 905 5849 Gn.
955 5786 1030 5845 V.

1004 5667 1293 5723 Juvenilia
1359 5673 1558 5725 autem
1606 5669 1904 5727 desideria

2001 4684 2236 4734 tantum
2297 4677 2359 4731 in
2421 4677 2724 4746 Scriptura
2776 4675 3093 4747 reperitur,
3148 4670 3490 4729 conﬁrmari
3534 4684 3655 4724 non

2002 4773 2233 4840 potest:
2267 4783 2422 4830 cum,
2458 4766 2508 4820 si
2531 4782 2657 4820 rem
2690 4766 2882 4836 ipsam
2913 4781 3043 4836 quae
3066 4768 3319 4829 vetatur,
3351 4762 3401 4818 si
3451 4775 3659 4830 perso-
3695 4746 3712 4763 ’

2005 4873 2145 4912 nam
2200 4855 2294 4910 cui
2345 4854 2548 4910 datum
2607 4858 2699 4908 est
2752 4857 3139 4924 praeceptum,
3196 4848 3557 4916 consideres,
3609 4846 3659 4901 si

2004 4943 2437 5014 interpretes,si
2468 4940 3045 5007 commentatores,si
3067 4938 3365 5010 vulgatum
3389 4934 3660 4990 vocabuli

2005 5032 2162 5105 apud
2187 5037 2413 5087 veteres
2444 5048 2615 5086 usum
2629 5035 3095 5102 spectes,omnes
3126 5028 3186 5082 in
3218 5027 3326 5081 hac
3346 5040 3469 5080 una
3485 5038 3665 5095 expo-

2009 5126 2224 5181 sitione
2256 5124 2636 5181 consentiant
2664 5128 2842 5194 atque
2898 5121 3264 5192 conspirent.
3297 5117 3461 5173 Cuod
3493 5117 3541 5171 si
3591 5130 3661 5170 ea

2007 5224 2163 5279 vocis
2190 5222 2372 5293 hujus
2393 5221 2657 5292 acceptio
2680 5218 2836 5291 apud
2856 5216 3206 5288 Apostolum
3219 5215 3401 5287 recipi
3416 5213 3659 5269 omnino

2011 5312 2241 5377 debeat,
2294 5311 2611 5381 plusquam
2665 5305 2988 5363 verisimile
3022 5309 3131 5370 est,
3166 5303 3323 5374 apud
3366 5302 3659 5373 Ignatium

2009 5406 2485 5470 nostrum,quem
2514 5403 2643 5452 tum
2676 5396 2737 5451 in
2767 5394 2945 5450 rebus
2976 5399 3102 5449 tum
3127 5393 3189 5446 in
3216 5390 3410 5445 verbis
3431 5391 3486 5445 S.
3508 5391 3662 5444 Pau-

2008 5493 2134 5547 lum
2156 5488 2454 5561 praecipue
2486 5485 2786 5541 imitatum
2809 5499 2939 5539 esse
2968 5487 3027 5539 et
3054 5479 3243 5537 nostri
3265 5478 3544 5546 fatentur,
3605 5480 3664 5531 et

2009 5579 2328 5639 adversarii
2360 5574 2987 5649 queruntur,eamdem
3015 5587 3217 5629 vocem
3248 5570 3457 5628 eodem
3479 5583 3661 5625 sensu

2010 5668 2416 5742 accipiendam
2456 5683 2605 5723 esse.
