3972 6306
430 365 510 422 47

1496 357 1560 418 S.
1605 355 1990 419 IGNATIUS.
2037 388 2116 400 -—-
2157 355 2763 419 PROLEGOMENA.

3754 367 3834 424 48

433 495 824 551 ambitionem
855 493 1462 564 introductam,quam
1489 509 1524 548 a
1543 490 2074 564 presbyteris,dum

2213 495 2378 546 sonat.
2403 493 2490 548 Ita
2511 493 2688 565 igitur
2707 499 2891 563 verto,
2917 492 2980 546 οὐ
3013 494 3470 573 προσειληφότας,
3513 518 3537 550 α
3563 515 3682 554 non
3731 517 3833 555 co-

435 585 537 641 alii
563 585 764 640 nescio
797 585 896 656 qui
930 599 1060 639 eam
1087 582 1464 638 introducere
1495 587 1874 649 conarentur,
1905 597 2078 652 repu—

437 673 680 729 diatam.
718 673 829 728 Sed
859 673 1042 728 talem
1064 671 1498 727 institutionem
1515 676 1616 726 aut
1637 687 1901 740 unquam
1925 669 2080 723 obti—

439 763 771 827 nuisse,aut
797 767 940 816 tunc
997 759 1367 832 repudiatam
1399 775 1527 814 esse
1584 764 1797 814 neuter
1845 757 2076 830 probat.

441 852 816 907 Timotheum
848 851 1122 905 Ecclesiae
1147 849 1481 920 Ephesium,
1506 854 1566 904 et
1585 849 1830 904 Damam
1852 849 2078 920 Magne-

441 941 626 996 sianaa
649 939 952 1012 juniorem
977 939 1360 1010 praepositum
1390 937 1572 994 fuisse
1615 937 1870 992 fatemur
1903 953 1915 990 :
1977 936 2081 992 sed

443 1030 689 1101 quinam
721 1029 802 1084 illi
831 1027 1177 1098 fuerint,qui
1212 1049 1240 1078 «
1271 1031 1338 1082 ut
1367 1027 1737 1097 antiquitatis
1767 1026 1917 1081 ratio
1939 1042 2084 1096 pra:-

443 1119 614 1189 cipue
640 1117 957 1172 duceretur
981 1133 1088 1188 per
1111 1116 1399 1172 ambitum
1431 1121 1488 1172 et
1509 1115 1825 1170 factionem
1856 1130 2085 1186 pugna-

438 1207 636 1275 bant,-
674 1205 941 1262 nondum
972 1205 1378 1278 intelligimus.
1411 1207 1556 1260 Nam
1597 1205 1754 1275 quod
1786 1203 2080 1276 ejusmodi

440 1297 625 1352 fuisse
657 1296 1100 1352 contentionem
1131 1295 1298 1351 illam
1332 1295 1534 1350 credat
1562 1294 1856 1362 Petavius,
1889 1310 2015 1364 quae
2050 1310 2086 1348 a

441 1386 744 1441 Clemente
767 1384 1078 1456 epistolam
1099 1384 1174 1440 ad
1195 1383 1532 1439 Corinthios
1556 1383 1931 1454 expressit,id
1956 1383 2084 1437 sine

441 1474 562 1530 ullo
575 1473 964 1530 fundamento
989 1473 1322 1529 dicitur.llli
1346 1473 1506 1527 enim
1527 1494 1554 1522 «
1573 1488 1727 1526 unus
1747 1477 1806 1526 et
1821 1471 1972 1526 alter
1993 1493 2020 1521 »
2036 1473 2084 1526 si

443 1581 506 1619 se
537 1564 870 1636 praeteritos
902 1580 1032 1619 esse
1063 1563 1388 1631 doluerint,
1424 1568 1542 1618 tam
1569 1562 1844 1633 juniores
1904 1578 2083 1632 quam

445 1653 708 1708 seniores
738 1659 1014 1722 esse,tam
1044 1669 1151 1724 pro
1183 1653 1396 1707 merito
1437 1667 1614 1722 quam
1647 1667 1752 1722 pro
1773 1655 1938 1706 aetatr
1975 1668 2088 1722 pu-

445 1756 624 1812 gnare
663 1744 1004 1811 potuerunt.
1045 1739 1392 1809 Quicunque
1438 1743 1635 1794 autem
1687 1737 1930 1804 fuerint,
1985 1754 2086 1793 eos

2187 581 2458 651 gitantes,
2485 599 2605 637 non
2626 583 3088 651 considerantes,
3125 601 3246 640 non
3278 586 3684 658 respicientes.
3713 611 3740 640 »
3766 593 3840 646 Ut

2188 671 2632 742 Paraphrastes,
2666 669 2726 724 οὐ
2775 672 2913 746 πρὸς
2972 673 3070 740 τὴν
3131 673 3458 748 φαινόμένην
3514 675 3835 755 ἀφορῶντας

2185 757 2436 828 νεότητα.
2465 761 2592 815 Non
2627 762 2788 816 enim
2819 762 2914 818 hic
2943 764 3251 835 Ignatiana
3280 767 3586 822 miserrime
3605 785 3840 838 perver—

2190 849 2255 902 tit
2284 848 2408 918 ille,
2439 855 2505 905 ut
2533 850 2654 904 vult
2705 851 3050 924 Salmasius,
3102 853 3206 909 sed
3254 855 3509 910 ﬁdeliter
3552 863 3612 914 et
3659 859 3836 931 plane

2193 938 2472 1008 explicat.

2263 1028 2474 1096 Quare,
2515 1045 2650 1084 cum
2698 1031 2824 1086 haec
2873 1035 3105 1086 etatem
3157 1032 3353 1088 Dama)
3405 1036 3837 1108 Magnesiorum

2195 1117 2454 1189 episcopi
2487 1118 2897 1174 tantummodo
2929 1121 3270 1190 respiciant,
3303 1140 3438 1178 cum
3465 1131 3673 1181 auctor
3697 1129 3836 1199 Epi-

2193 1205 2479 1262 stolarum
2504 1207 2722 1278 ubique
2755 1209 3158 1281 episc0patum
3180 1229 3214 1266 a
3245 1213 3474 1270 Christo
3497 1215 3840 1274 institutum

2193 1311 2320 1350 esse
2344 1297 2656 1368 signiﬁcet,
2679 1315 2815 1353 cum
2855 1299 3194 1356 Christanos
3225 1320 3457 1373 omnes,
3503 1307 3682 1362 etiam
3711 1325 3843 1378 pre-

2193 1385 2480 1456 sbyteros,
2513 1403 2660 1457 quos
2709 1405 2744 1442 a
2801 1389 2922 1444 Deo
2970 1389 3274 1447 institutos
3319 1393 3502 1448 fuisse
3551 1395 3739 1463 docet,
3773 1403 3844 1452 ut

2195 1473 2470 1546 episcopo
2501 1482 2750 1547 pareant
2780 1483 3125 1534 constanter
3151 1487 3411 1550 moneat,
3463 1500 3598 1538 cum
3630 1501 3842 1542 omnes

2195 1563 2294 1632 qui
2331 1563 2420 1617 illi
2445 1563 2572 1634 jam
2605 1565 2748 1635 ipsis
2778 1567 3234 1638 superimposito
3266 1570 3661 1644 refragantur,
3685 1575 3847 1631 mala

2195 1652 2561 1708 conscientia
2590 1655 2803 1725 premi,
2837 1660 2896 1709 et
2925 1655 3158 1712 diabolo
3189 1657 3474 1716 inservire
3526 1663 3840 1734 ostendat;

2195 1739 2389 1810 palam
2421 1747 2530 1798 est.
2563 1742 2721 1798 hunc
2750 1743 2945 1798 locum
2975 1745 3048 1800 de
3080 1747 3311 1802 novella
3341 1749 3716 1823 episcopatus
3747 1753 3843 1808 in-

447 1829 572 1900 ipse
602 1845 722 1882 non
759 1827 831 1882 de
863 1828 1227 1900 episcopatu,
1263 1826 1365 1882 sed
1397 1826 1811 1898 presbyteratu
1835 1831 2083 1880 conten-
2119 1859 2168 1924 Β
2197 1829 2501 1886 stitutione
2533 1831 2777 1904 intelligi
2809 1850 2929 1888 non
2979 1852 3174 1905 posse.
3205 1839 3318 1892 Ant
3367 1839 3415 1893 si
3455 1840 3586 1910 quis
3635 1842 3712 1896 sit
3741 1844 3848 1914 qui

449 1918 606 1974 disse
637 1917 874 1986 fatetur,
935 1923 993 1971 et
1041 1917 1443 1988 conjecturam
1498 1932 1666 1971 suam
1725 1915 2091 1970 Salmasiana

449 2007 927 2062 verisimiliorem
955 2011 1186 2061 tantum
1211 2022 1338 2060 esse
1369 2005 1530 2072 dicit,
1554 2021 1660 2075 pro
1690 2004 1934 2059 veritate
1966 2005 2094 2074 ejus

449 2097 771 2152 asserenda
801 2096 950 2151 nihil
981 2097 1168 2152 affert.
1205 2095 1316 2150 Sed
1347 2095 1513 2150 video
1571 2095 1730 2150 unde
1760 2095 1821 2148 in
1867 2099 2090 2150 tantam

449 2185 1203 2254 incertitudinem,tamque
1216 2183 1670 2255 improbabilem
1687 2183 2092 2255 conjecturam

449 2273 728 2330 inciderit
754 2274 840 2328 vir
870 2273 1270 2328 doctissimus.
1304 2271 1494 2326 Verba
1527 2271 1627 2326 illa
1663 2272 1971 2344 lgnotiana
2029 2269 2092 2324 οὐ

448 2357 890 2433 προσειληφοτας
921 2359 1077 2415 male
1101 2359 1812 2431 ccepit.0mnino,inquit,«
1845 2359 2096 2432 presby-

452 2455 611 2504 teros
632 2449 976 2520 repudiasse
1009 2465 1117 2504 nec
1148 2448 1474 2504 adminisse
1505 2447 1653 2504 illud
1678 2449 2099 2520 asserit,quod-

457 2555 691 2608 cunque
723 2539 968 2594 tandem
997 2538 1324 2612 νεωτερικήν
1353 2536 1499 2606 τάξιν
1561 2537 1840 2610 appellat,
1873 2560 1902 2588 »
1951 2540 2096 2595 Cum

457 2627 637 2700 igitur
663 2645 774 2683 nec
799 2627 1194 2699 juventutem,
1227 2643 1337 2682 nec
1371 2627 1766 2699 episcopalem
1823 2628 2096 2684 ordinem

459 2717 902 2788 repudiaverint
958 2717 1260 2790 Magnesii,
1293 2723 1358 2772 ut
1389 2733 1458 2772 ex
1488 2717 1614 2788 ipso
1663 2716 1794 2772 loco
1827 2721 2094 2784 constat;

460 2805 622 2861 aliud
653 2805 874 2876 aliquid
895 2806 1346 2879 excogitandum
1377 2807 1607 2879 putavit
1631 2806 2100 2878 Petavius,quod

461 2894 533 2950 ab
592 2895 713 2950 illis
768 2895 1147 2968 repudiatum
1223 2901 1332 2962 est,
1423 2896 1700 2966 quodque
1770 2895 2102 2968 νεωτερικήοι

457 2982 604 3052 τάξις
633 2985 826 3041 vocari
867 2991 1086 3056 posset.
1121 2988 1190 3040 Et
1221 3002 1428 3041 omnes
1459 2985 1700 3056 quidem
1747 2987 1847 3056 qui
1905 3004 2100 3039 νεωτε-

458 3072 616 3145 ρικήν
648 3072 797 3142 τάξιν
829 3075 1102 3130 novellam
1131 3076 1538 3130 institutionem
1567 3073 1842 3141 reddunt,
1877 3073 1938 3128 in
1999 3073 2103 3128 illa

461 3179 595 3217 voce
652 3159 1092 3240 προσειληφότας
1146 3162 1499 3232 explicanda
1578 3162 1829 3217 haerent.
1901 3160 2094 3223 Καθὼς

458 3246 628 3325 ἔγνων
656 3249 746 3303 καὶ
803 3249 927 3310 τοὺς
958 3247 1140 3324 ἁγίους
1196 3243 1615 3322 πρεσϐυτέρους,
1676 3247 1738 3302 οὖ
1795 3247 2098 3321 προσειλη-

459 3335 627 3413 φότας
683 3338 783 3405 τήν
843 3337 1173 3413 φαινομένην
1230 3339 1554 3410 νεωτερικὴν
1607 3337 1779 3408 τάξιν,
1837 3334 1967 3392 ἀλλ’
2026 3337 2100 3399 ὠς

461 3423 760 3504 φρονίμους
814 3421 866 3478 ἔν
922 3429 1041 3496 Θεῷ
1096 3428 1519 3501 συγχωροῦντας
1595 3423 1762 3497 αὐτῷ,
1825 3427 1908 3482 sic
1964 3427 2099 3483 red-

464 3514 553 3569 dit
581 3514 898 3570 Salmasius
929 3532 992 3569 :«
1016 3515 1178 3572 Sicut
1203 3515 1444 3583 cognovi
1467 3514 1866 3586 presbyteros,
1896 3533 2018 3571 non
2040 3520 2106 3570 ut

467 3603 824 3674 accipientes
856 3621 1146 3676 eam,qua9
1173 3621 1322 3660 nova
1359 3610 1622 3676 apparet,
1647 3604 2104 3674 institutionem,

469 3693 574 3749 sed
607 3700 888 3765 tanquam
911 3695 1236 3767 prudentes
1257 3695 1320 3750 in
1349 3695 1774 3764 Deo,cedentes
1804 3695 1976 3766 ipsi.»
1999 3696 2108 3751 Ubi

470 3784 662 3856 primo
690 3781 782 3836 καί
806 3785 1158 3856 particulam
1193 3785 1432 3852 omittit,
1465 3789 1533 3840 ut
1561 3784 1940 3856 explicationi
1987 3803 2108 3841 sua:

469 3871 798 3940 inimicam,
833 3873 992 3944 quod
1019 3891 1089 3930 ea
1117 3874 1390 3930 ostendat
1418 3874 1766 3946 scriptorem
1796 3873 1868 3929 de
1901 3875 2109 3930 eadem

470 3979 536 4018 re
565 3963 751 4034 loqui,
781 3981 917 4020 cum
944 3965 1428 4037 presbyterorum
1453 3965 1784 4036 exemplum
1805 3966 2104 4037 prOponit,

467 4052 538 4106 de
569 4069 686 4123 qua
714 4053 1001 4125 populum
1029 4059 1364 4122 monuerat,
1398 4053 1643 4121 scilicet,
1679 4051 1750 4107 de
1784 4059 1956 4108 aetate
1989 4053 2108 4125 epi-

461 4141 623 4213 scopi
649 4157 661 4195 :
705 4141 879 4196 aliter
909 4143 1069 4198 enim
1100 4141 1279 4202 καθὼς
1309 4142 1400 4196 καί
1435 4142 1650 4213 exponi
1683 4158 1804 4196 non
1835 4147 2104 4212 possunt.

457 4229 750 4299 Secundo,
779 4230 1050 4286 vcculam
1076 4236 1135 4285 ut
1164 4230 1236 4285 de
1268 4247 1374 4285 suo
1433 4231 1700 4296 addidit;
1735 4229 1880 4284 vidit
1917 4231 2100 4300 enim,

456 4332 569 4372 non
600 4320 955 4387 accipientes,
977 4319 1072 4372 hic
1101 4319 1300 4373 locum
1331 4318 1550 4373 habere
1577 4335 1697 4373 non
1727 4335 1920 4389 posse.
1955 4321 2100 4375 The-

457 4420 588 4459 seos
645 4405 998 4476 Capelliana
1057 4411 1264 4462 auctor
1317 4405 1488 4462 aliter
1542 4407 1874 4462 versionem
1931 4425 2100 4464 suam

454 4493 824 4564 temperavit:
847 4516 874 4545 «
890 4495 1193 4560 Quomodo
1209 4512 1420 4551 censeo
1439 4501 1674 4551 sanctos
1687 4495 2063 4567 presbyteros
2084 4515 2097 4564 ;

2195 1917 2388 1972 adhuc
2418 1917 2664 1989 dubitet,
2690 1936 2764 1974 an
2797 1921 2922 1976 haec
2943 1923 3145 1978 omnia
3165 1923 3240 1979 ad
3271 1931 3506 1982 aetatem
3539 1929 3733 1985 Damae
3759 1949 3854 1987 re-

2195 2005 2335 2060 ferri
2393 2006 2686 2076 debeant;
2747 2025 2882 2064 eum
2935 2013 3180 2068 omnino
3235 2021 3466 2086 oportet
3517 2019 3850 2092 νεωτερικὴν

2195 2091 2338 2163 τάξιν
2369 2094 2441 2150 de
2471 2096 2716 2165 recenti,
2774 2115 2894 2154 non
2945 2101 3318 2173 episcopatus
3369 2121 3474 2160 seu
3503 2091 3706 2177 ofﬁcii,
3741 2109 3852 2164 sed

2199 2183 2458 2238 hominis
2482 2201 2588 2241 seu
2609 2187 2871 2258 episcopi
2893 2188 3269 2246 ordinatione
3291 2193 3670 2266 interpretari
3695 2215 3708 2264 ;
3729 2199 3853 2254 nisi

2198 2273 2338 2328 velit
2355 2275 2662 2346 scriptoris
2684 2276 2956 2332 instituto
2970 2285 3172 2351 aperte
3187 2284 3612 2340 contradicere.
3635 2286 3856 2344 Fateor

2200 2363 2358 2418 enim
2393 2381 2592 2420 vocem
2636 2367 2964 2440 νεωτερικὴν
3013 2369 3084 2424 de
3116 2389 3180 2426 re
3226 2372 3428 2444 aliqua
3454 2377 3697 2446 recenti,
3742 2396 3859 2436 seu

2203 2453 2488 2509 moderna
2519 2456 2791 2526 usurpari
2823 2474 3015 2528 posse.
3058 2465 3118 2515 et
3164 2462 3309 2518 satis
3358 2463 3599 2535 quidem
3630 2467 3855 2538 origini

2203 2561 2322 2599 suas
2355 2561 2628 2616 congrue.
2651 2545 2722 2600 Ut
2740 2547 2811 2603 de
2836 2549 3076 2606 Hierace
3101 2552 3486 2624 Epiphanius,
3512 2555 3722 2612 haeresi
3747 2561 3817 2614 67
3841 2579 3855 2615 :

2201 2628 2459 2704 ψαλμοὺς
2513 2631 2761 2696 πολλοὺς
2827 2636 3180 2712 νεωτερικοὺς
3254 2637 3547 2700 ὶπλάσατο.
3607 2649 3863 2706 Psalmos

2205 2723 2508 2794 complures
2563 2732 2821 2795 recentes,
2885 2745 2990 2783 seu
3038 2733 3274 2786 novitios
3325 2736 3610 2802 conﬁnxit.
3652 2737 3720 2791 Et
3747 2739 3861 2809 qui

2204 2811 2288 2867 ita
2315 2813 2473 2868 hunc
2531 2815 2879 2886 scriptorem
2937 2817 3302 2875 intellexerit
3362 2823 3432 2878 de
3474 2825 3860 2886 ordinatione

2203 2902 2399 2956 Damae
2428 2910 2700 2958 recenter
2735 2905 2909 2973 facta,
2941 2905 3272 2964 doctrinam
3318 2911 3681 2983 lgnatianam
3712 2916 3864 2974 alibi

2205 2991 2440 3061 copiose
2473 2992 2828 3063 explicatam
2863 2995 3018 3050 haud
3047 2997 3328 3066 violabit;
3363 3001 3468 3057 sed
3498 3019 3675 3072 quam
3708 3021 3864 3062 con-

2203 3095 2416 3150 gruum
2437 3080 2575 3135 huic
2592 3081 2721 3136 loco
2741 3099 2981 3139 sensum
2997 3102 3066 3140 ea
3089 3087 3574 3159 interpretatione
3594 3093 3866 3152 tribuere

2208 3169 2412 3238 possit,
2447 3168 2573 3239 ipse
2603 3169 2834 3226 viderit.
2873 3174 2990 3228 Vox
3021 3175 3181 3230 enim
3215 3177 3319 3233 illa
3341 3179 3674 3254 φαινομένην
3701 3201 3868 3255 prm-

2209 3260 2300 3309 ter
2327 3255 2444 3310 alia
2476 3257 2747 3344 superius
2777 3259 3033 3317 adducta
3061 3265 3207 3318 mihi
3249 3268 3548 3336 postulare
3599 3271 3869 3344 videtur,

2207 3348 2275 3397 ut
2313 3346 2604 3414 νεωτερικὴ
2649 3343 2796 3415 τᾶξις
2845 3349 2919 3404 ad
2963 3356 3196 3408 aetatem
3245 3357 3554 3414 referatur.
3609 3343 3875 3420 Denotat

2212 3432 2370 3487 enim
2410 3433 2537 3488 sine
2569 3435 2750 3490 dubio
2781 3437 3006 3508 aliquid
3028 3442 3186 3510 quod
3217 3460 3286 3498 ex
3317 3453 3635 3518 conspectu
3661 3450 3872 3509 Damaa

2212 3521 2534 3592 apparebat
2559 3539 2572 3588 ;
2601 3529 2667 3578 ut
2697 3525 3037 3582 ostenderet
3057 3545 3192 3584 eum
3225 3532 3386 3588 vultu
3409 3535 3878 3610 juvenem,mo-

2213 3610 2377 3664 ribus
2409 3610 2620 3666 virum.
2653 3615 2776 3678 Quo
2831 3615 3008 3670 etiam
3040 3617 3159 3684 illa,
3199 3619 3292 3672 τὸν
3341 3621 3638 3678 ἐπίσκοπον
3667 3632 3876 3686 τοῦτον

2212 3696 2302 3752 τὸν
2341 3696 2702 3772 βλεπόμενον,
2736 3719 2864 3772 quae
2897 3705 3094 3761 slatim
3129 3707 3189 3763 in
3222 3709 3428 3766 eadem
3458 3715 3739 3784 periocha
3771 3738 3880 3776 se-

2216 3793 2500 3858 quuntur,
2535 3796 2822 3860 spectant.

2286 3878 2436 3969 Dum
2457 3878 2603 3947 Ιιωο,
2629 3897 2805 3951 opere
2835 3883 3073 3954 penitus
3109 3887 3298 3960 ﬁnito,
3322 3891 3528 3948 Lector
3556 3894 3878 3969 benevole,

2214 3967 2427 4034 scribo,
2466 3978 2860 4038 pervenerunt
2898 3973 2973 4028 ad
2995 3991 3206 4033 manus
3228 3995 3412 4050 meas,
3437 4004 3462 4031 «
3490 3982 3579 4038 SS.
3617 3967 3879 4045 Patrum

2215 4056 2316 4126 qui
2349 4057 2716 4128 temporibus
2769 4063 3110 4132 apostolicis
3140 4066 3472 4126 ﬂoruerunt
3519 4073 3730 4144 Opera,
3767 4097 3796 4125 »
3835 4095 3879 4134 ει

2211 4146 2435 4201 Joanne
2493 4147 2754 4218 Baptista
2809 4151 3124 4220 Cotelerio,
3175 4158 3476 4215 societatis
3531 4162 3886 4223 Sorbonicaa

2212 4234 2478 4325 theologo
2511 4235 2874 4307 doctissimo,
2921 4241 3101 4298 edita.
3147 4246 3270 4310 Quo
3317 4248 3467 4304 libro
3517 4259 3876 4325 conspecto,

2211 4323 2370 4378 hisce
2403 4326 2766 4396 temporibus
2814 4345 2932 4384 non
2988 4334 3150 4402 potui
3182 4351 3304 4390 non
3353 4338 3506 4393 serio
3545 4323 3869 4410 gratulari,

2209 4411 2368 4482 quod
2399 4413 2579 4468 etiam
2611 4415 2672 4468 in
2702 4417 2961 4474 Ecclesia
2981 4421 3301 4491 Gallicana,
3329 4425 3702 4482 libertatibus
3726 4434 3866 4488 suis

2209 4501 2430 4572 optime
2462 4519 2588 4568 usa,
2621 4503 2878 4577 theologi
2909 4524 2978 4561 ex
3001 4509 3160 4563 omni
3193 4512 3402 4567 ordine
3430 4516 3685 4570 maxime
3709 4534 3871 4575 eru-

452 4582 502 4636 si
519 4582 718 4638 minus
737 4584 1328 4654 recipiantnovellam
1353 4585 1524 4640 istam
1545 4601 1676 4656 qum
1683 4585 1808 4656 jam
1827 4587 2096 4642 estinsti-
2128 4564 2174 4629 D
2207 4590 2312 4644 diti
2346 4607 2466 4646 non
2499 4595 2728 4648 tantum
2751 4564 2856 4666 pro
2886 4595 3035 4650 veris
3056 4597 3315 4668 antiquaa
3339 4601 3614 4657 Ecclesia:
3638 4621 3873 4664 monu-

452 4671 988 4740 tutionem,saltem
1009 4679 1291 4745 tanquam
1315 4674 1638 4746 prudentes
1659 4674 1722 4729 in
1741 4676 1857 4730 Deo
1881 4675 2096 4732 cedant

451 4761 788 4833 episcOpo,»
819 4768 902 4828 ut,
937 4779 1072 4818 cum
1113 4764 1315 4818 omnia
1343 4764 1698 4832 confuderit,
1731 4764 1882 4819 nihil
1913 4765 2088 4822 dicat.

449 4849 717 4906 Petavius
747 4868 782 4907 a
810 4852 1077 4908 versione
1109 4857 1278 4909 caute
1309 4853 1614 4923 abstinuit,
1647 4853 1773 4908 haec
1804 4854 2089 4910 observa-

445 4941 608 4997 tione
642 4948 976 5013 contentus,
1037 4945 1416 5017 presbyteros
1467 4944 1566 5012 τὴν
1625 4945 1947 5018 νεωτερικὴν
2001 4945 2090 5000 τά-

445 5029 521 5100 ξιν
553 5031 918 5101 repudiasse.
952 5033 1097 5088 Mira
1127 5033 1254 5088 haec
1283 5051 1426 5090 sane
1457 5035 1868 5106 interpretatio
1899 5035 2080 5104 illius,

445 5117 546 5188 qui
574 5119 889 5189 proﬁtetur
919 5123 1211 5194 lgnatium
1241 5121 1454 5178 iisdem
1485 5123 1676 5178 verbis
1707 5124 2083 5196 presbyteros

434 5205 592 5276 plebi
610 5224 921 5279 proponere
948 5212 1266 5268 imitandos.
1301 5211 1415 5268 Sed
1444 5212 1676 5283 hi,quid
1734 5213 1810 5268 sit
1861 5231 2085 5286 προσει-

443 5291 711 5368 ληφότας,
752 5299 863 5354 hoc
893 5300 1021 5356 loco
1053 5317 1174 5356 non
1203 5300 1493 5356 viderunt.
1531 5302 1818 5357 Patricius
1872 5301 2082 5356 Junius

438 5383 584 5458 legit
612 5384 674 5439 οὔ
713 5386 1167 5462 προειληφότας,,
1193 5407 1304 5445 ηοη
1327 5398 1714 5461 prwoccupato
1745 5391 1934 5446 animo
1962 5407 2079 5445 res-

431 5475 886 5543 picientes,haud
907 5479 1095 5547 male;
1121 5479 1224 5534 sed
1243 5485 1310 5534 ut
1328 5479 1588 5534 litteram
1607 5479 2080 5550 omitteret,opus

438 5579 561 5618 non
592 5567 979 5636 erat.Suidas,
1015 5565 1478 5646 Προσειλήφεσαν,
1515 5563 1808 5638 ὑπέλαϐον,
1851 5566 2066 5626 ἒνόουν.

438 5651 600 5707 Nihil
661 5652 823 5710 aliud
877 5655 974 5712 hic
1028 5654 1492 5732 προσειληφότας,
1546 5675 1724 5730 quam
1777 5659 2074 5727 νοήσαντας

2209 4680 2426 4735 mentis
2457 4686 2696 4738 strenue
2726 4680 3090 4750 Concertent,
3119 4685 3222 4742 sed
3256 4693 3316 4742 et
3339 4689 3410 4744 de
3443 4689 3610 4746 libris
3632 4696 3872 4764 spuriis

2202 4775 2260 4825 et
2289 4771 2701 4861 supposititiis,
2733 4773 3134 4842 quihactenes
3165 4777 3388 4832 muudo
3411 4778 3865 4861 imposuerunt,

2202 4864 2259 4913 et
2282 4859 2442 4914 suavi
2464 4861 2770 4916 vetustatis
2787 4863 3018 4918 somnio
3039 4864 3271 4922 animos
3293 4867 3603 4924 hominum
3627 4859 3868 4930 delinié

2198 4953 2428 5003 verunt.
2460 4948 2587 5002 sine
2618 4950 2782 5004 omni
2813 4952 3073 5022 partium
3105 4955 3300 5010 studio
3325 4956 3599 5028 judicent
3629 4977 3642 5026 ;
3685 4969 3864 5032 quod

2197 5041 2334 5126 post
2387 5035 2792 5126 Sirmondum,
2853 5038 3174 5109 Petavium,
3225 5045 3469 5101 Petrum
3517 5047 3588 5104 de
3633 5051 3863 5126 Marca,

2194 5123 2506 5189 Morinum,
2571 5123 2916 5195 Launoium,
2967 5135 3102 5198 post
3186 5132 3502 5204 Valesium,
3568 5123 3866 5200 Huetiuln

2193 5212 2462 5282 aliosque
2493 5211 2852 5283 complures,
2884 5216 3064 5270 etiam
3115 5219 3444 5278 Cotelerius
3491 5225 3742 5282 candide
3778 5231 3868 5289 de

2193 5301 2285 5354 his
2318 5298 2494 5354 rebus
2525 5301 2890 5371 pronuntiet,
2929 5305 3297 5364 eruditorum
3321 5310 3480 5366 inter
3508 5320 3741 5370 nostros
3765 5320 3864 5374 vi-

2190 5406 2393 5444 rorum
2419 5388 2787 5462 diligentiam
2814 5410 2970 5465 saepe
2997 5397 3229 5466 probet,
3265 5399 3588 5472 eademque
3613 5420 3750 5460 cum
3776 5405 3858 5464 li-

2188 5478 2417 5534 bertate
2440 5479 2644 5535 omnia
2677 5480 2977 5539 discutiat.
3023 5486 3187 5542 Unde
3215 5505 3350 5559 spes
3380 5497 3488 5557 est,
3521 5492 3863 5564 aliquando

2190 5568 2342 5638 fore,
2367 5573 2432 5623 ut
2452 5567 2826 5641 dogmatibus
2864 5573 3283 5632 ecclesiasticis
3326 5579 3520 5652 major
3540 5581 3640 5638 lux
3663 5585 3858 5642 afful-

2185 5663 2338 5730 geat,
2377 5663 2770 5714 controversa:
2805 5658 2866 5716 in
2899 5661 3122 5718 scholis
3151 5665 3411 5736 agitata),
3433 5669 3714 5740 pudendo
3739 5673 3876 5733 im-
