3972 6306
130 400 189 457 49
576 363 581 366 ’
752 399 811 461 J.
854 398 1272 461 PEARSONII
1315 400 1695 463 VINDICIJE
1738 401 2219 465 IGNATIANzE.
2268 441 2343 453 --
2387 409 2876 473 PROOEMIUM.
3449 410 3529 471 so

130 534 401 601 pastorum
430 531 782 602 patrocinio
813 532 1072 601 nudata,
1105 538 1163 588 et
1214 534 1352 590 ﬁcta
1394 533 1766 605 antiquitatis
1795 535 1849 601 Α
1879 535 2080 591 milem
2124 537 2247 594 fere
2305 539 2572 596 locorum
2617 542 3070 613 explicationem
3131 543 3525 615 deprehendo.

131 619 255 675 larva
278 620 572 692 spoliatae,
609 622 845 691 aquius
875 622 1115 677 tandem
1156 629 1214 677 et
1260 623 1522 680 sedatius
1564 626 1768 680 termi-

130 716 335 777 nentur,
374 712 691 782 animique
724 713 1037 768 hominum
1069 730 1157 783 ea,
1192 731 1310 785 qua
1339 732 1447 787 par
1472 721 1579 783 est,
1608 734 1769 771 reve-

129 801 290 855 rentia
358 801 730 872 primitivam
788 802 1131 872 Ecclesiam,
1210 820 1316 859 sua
1385 805 1765 877 simplicitate

130 890 507 961 conspicuam,
541 906 658 945 nec
704 889 917 946 alienis
965 892 1266 948 coloribus
1315 894 1632 965 depictam,
1666 901 1769 951 aut

127 983 290 1053 potius
326 981 758 1050 deformatam,
805 990 1260 1054 prosequantur.
1308 985 1469 1041 Inter
1516 987 1641 1042 hac
1700 989 1763 1042 Β.

128 1072 303 1144 lguatii
333 1073 527 1144 Epist.
568 1074 752 1129 etiam
783 1075 939 1129 notis
970 1075 1247 1131 Cotelerii
1278 1076 1589 1132 illustrata
1634 1094 1765 1149 pro—

129 1162 329 1217 dierunt
356 1179 371 1217 :
404 1179 561 1233 quas
580 1164 711 1234 jam
743 1163 818 1218 ad
850 1164 1173 1220 editionem
1203 1171 1542 1221 nostrorum
1592 1168 1761 1221 festi-

128 1267 271 1317 nans,
316 1252 515 1317 avide,
570 1258 864 1323 quantum
896 1270 1002 1325 per
1050 1256 1334 1325 temporis
1365 1257 1763 1326 angustiasli-

130 1341 244 1403 cuit,
272 1342 565 1412 percurri.
602 1341 786 1396 Video
817 1348 1036 1409 autem,
1070 1344 1186 1397 nisi
1219 1361 1313 1400 me
1345 1345 1644 1402 festinatio
1676 1347 1759 1401 fe-

130 1428 268 1493 fellit,
295 1430 400 1484 viri
432 1430 769 1485 doctissimi
798 1435 1158 1488 sententiam
1191 1452 1321 1489 cum
1356 1442 1558 1491 nostra
1586 1437 1761 1508 plane

131 1520 539 1591 conspirantem
570 1537 583 1587 ;
618 1521 782 1576 idem
812 1523 882 1577 de
911 1524 1562 1597 Ignatianisjudiciurn,
1598 1544 1763 1581 eam-

131 1606 240 1663 dem
267 1609 333 1664 de
363 1612 747 1683 argumentis
779 1611 1248 1669 adversariorum
1291 1616 1654 1686 opinionem,
1689 1618 1762 1672 si-

1878 630 2040 685 Unde
2072 631 2217 685 mihi
2251 631 2407 686 haud
2441 632 2593 688 male
2613 633 2886 704 augurari
2916 632 3137 699 videor,
3170 634 3528 688 sententiam

1866 725 2140 774 nostram
2170 721 2310 775 viris
2343 722 2551 791 doctis,
2585 728 2642 777 et
2680 724 2742 776 in
2770 723 2882 777 hoc
2930 721 3262 777 litterarum
3311 739 3526 794 genere

1872 809 2097 880 Optime
2129 811 2373 865 versatis
2404 811 2795 882 approbatum
2826 811 2919 876 iri,
2961 827 3181 881 eosque
3213 811 3412 866 statim
3434 811 3531 882 ju-

1874 897 2195 963 dicaturos,
2228 915 2323 954 me
2354 899 2503 954 nihil
2532 901 2595 955 in
2626 901 2719 955 his
2748 900 3023 955 molitum
3045 916 3194 968 esse,
3228 900 3386 970 quod
3406 916 3527 955 non

1874 989 2003 1045 aliis
2034 990 2242 1045 eadem
2270 990 2665 1045 tractantibus
2710 990 2941 1045 veritati
2972 990 3230 1044 maxime
3277 989 3525 1060 apertis-

1875 1079 2140 1149 simeque
2165 1085 2633 1134 consentaneum
2664 1079 2856 1150 prima
2878 1079 3025 1135 facie
3054 1078 3339 1133 videatur.
3362 1078 3528 1141 Quod

1875 1169 1923 1224 si
1974 1185 2042 1224 ea
2091 1186 2220 1239 qua
2271 1169 2461 1224 obiter
2502 1168 2766 1235 tractavi,
2823 1173 2879 1222 et
2908 1169 2969 1221 in
3025 1168 3109 1221 tui
3149 1167 3524 1238 potissimum

1873 1258 2141 1331 gratiam,
2168 1260 2373 1313 Lector
2393 1258 2697 1325 benevole,
2722 1256 3241 1313 dissertationibus
3274 1256 3522 1323 inserui,

1873 1349 2097 1422 (qualia
2134 1349 2291 1404 haud
2323 1365 2511 1421 pauca
2539 1348 2601 1403 in
2628 1348 2850 1403 nostris
2882 1346 3168 1416 invenies)
3199 1351 3301 1400 aut
3325 1345 3523 1399 minus

1870 1444 2029 1494 recte
2075 1445 2178 1494 aut
2218 1440 2419 1493 minus
2464 1443 2737 1493 accurate
2783 1436 2941 1491 dicta
2979 1433 3339 1506 judicaveris
3369 1449 3381 1487 :
3414 1449 3525 1488 no-
3588 1490 3594 1499 ,

1876 1529 1977 1584 lim
2034 1546 2105 1585 ea
2161 1546 2296 1585 cum
2341 1545 2532 1585 causa
2565 1534 2851 1599 suscepta
2908 1525 3130 1597 injuria
3175 1525 3524 1595 coujungas,

1874 1618 1977 1674 sed
2007 1618 2302 1674 desiderio
2334 1617 2531 1690 potius
2580 1616 2687 1671 tibi
2719 1614 2992 1687 placendi
3041 1614 3317 1684 imputes.
3364 1611 3524 1665 Vale-

842 1921 1674 2060 VINDIUUE
1788 1925 2797 2064 lGNATlAN/E

1429 2186 2180 2284 PROCEMIUM-

778 2376 865 2441 De
925 2383 1104 2457 ortu,
1180 2396 1543 2460 progressu
1605 2384 1671 2443 et
1726 2378 2061 2447 hodierno
2119 2386 2297 2447 statu
2362 2383 2857 2449 controversia.

642 2598 879 2653 CAPUT
915 2600 1211 2655 PRIMUM.

277 2711 499 2766 Occasio
530 2712 819 2766 scribendi
848 2718 899 2766 et
944 2714 1197 2768 Prouemii
1226 2715 1564 2771 distributio.

176 2824 418 2882 Celebris
450 2832 574 2895 est,
628 2827 741 2882 hoc
770 2828 1101 2899 praesertim
1151 2831 1389 2897 saculo,
1433 2831 1505 2887 de
1537 2831 1766 2888 ordinis

123 2918 443 2991 episc0palis
473 2938 511 2976 a
544 2921 965 2991 presbyteratu
996 2922 1396 2989 distinctione,
1418 2926 1510 2980 vel
1542 2926 1753 2981 saltem

121 3004 488 3065 distinctionis
511 3010 753 3082 origine
781 3012 1197 3067 controversia.
1235 3014 1298 3068 ln
1330 3030 1401 3069 ea
1425 3020 1623 3070 autem
1649 3021 1762 3071 tra-

122 3098 299 3153 ctanda
314 3100 519 3171 magni
548 3099 838 3170 ponderis
860 3101 1071 3155 merito
1110 3101 1313 3157 habita
1348 3108 1439 3158 est
1471 3105 1527 3158 S.
1556 3104 1762 3175 lgnatii

121 3186 201 3241 viri
235 3190 554 3258 apostolici
594 3195 653 3244 et
680 3190 958 3260 martyris
983 3192 1304 3248 auctoritas
1330 3209 1344 3257 ;
1375 3193 1545 3264 cujus
1577 3192 1767 3248 diser-

122 3276 315 3334 tissimo
344 3279 956 3351 locupletissimoque
988 3281 1330 3335 testimonio
1360 3298 1496 3336 cum
1537 3283 1767 3354 episco-

122 3367 241 3436 palis
288 3386 470 3426 causa
523 3368 839 3435 fulciatur,
899 3374 957 3424 et
1010 3370 1279 3441 paritatis
1326 3370 1767 3441 presbyterana

123 3458 408 3528 antiquitas
440 3475 657 3531 nuper
685 3459 1016 3531 excogitata
1060 3459 1368 3526 concidat;
1419 3476 1489 3515 eo
1521 3461 1761 3515 tandem

122 3543 401 3603 deventum
436 3554 559 3617 est,
590 3552 657 3601 ut
683 3546 785 3617 qui
810 3546 984 3602 aliter
1013 3548 1374 3603 sententiam
1393 3548 1757 3620 episcOpatui

122 3634 447 3707 iniquiorem
481 3636 653 3692 tueri
678 3636 846 3691 nullo
876 3636 1050 3692 modo
1072 3642 1336 3708 possent,
1361 3653 1568 3692 omnes
1596 3638 1766 3709 Igna-

122 3725 466 3798 tiiepistolas
532 3725 972 3791 convellerent,
1031 3728 1146 3782 aS.
1200 3732 1457 3798 martyre
1511 3726 1766 3798 scriptas

122 3823 393 3888 negarent,
428 3817 618 3872 fictas
649 3820 713 3870 et
742 3815 1149 3886 supposititias
1183 3817 1660 3887 pronuntiarent.

1794 2609 1841 2670 Β
1869 2619 2034 2672 nere,
2067 2621 2198 2675 qua
2229 2603 2585 2660 labefactare
2616 2603 2950 2673 videantur,
2982 2602 3256 2659 refellere
3278 2608 3335 2658 et
3365 2599 3524 2658 refu-

1872 2696 2024 2748 tare.

1943 2782 2090 2837 Cum
2121 2788 2319 2837 autem
2345 2783 2469 2837 hac
2501 2782 2747 2853 quastio
2780 2780 2984 2836 multis
3022 2783 3151 2852 jam
3198 2780 3391 2836 modis
3422 2780 3529 2833 im-

1870 2871 2086 2942 plicata
2114 2876 2172 2927 et
2216 2871 2501 2940 involuta,
2556 2871 2863 2941 doctisque
2913 2869 3307 2941 plurimorum
3356 2868 3524 2923 lucu—

1869 2960 2240 3015 brationibus
2268 2960 2422 3016 facta
2454 2960 2531 3014 sit
2559 2960 2905 3027 obscurior;
2936 2964 3000 3013 ut
3047 2974 3118 3013 ea
3146 2974 3277 3028 qua
3311 2957 3525 3011 dicturi

1870 3066 2076 3106 sumus
2108 3050 2365 3105 dilucide
2396 3049 2824 3121 perspicueque
2859 3049 3185 3116 tradantur,
3218 3047 3407 3101 visum
3437 3050 3528 3101 est

1873 3139 2167 3211 imprimis
2197 3140 2622 3207 necessarium,
2655 3138 2760 3193 illa
2788 3137 3170 3210 pramittere,
3204 3152 3334 3207 qua
3365 3135 3526 3190 diffl-

1873 3229 2106 3284 cultatis
2148 3230 2409 3283 rationes
2458 3228 2791 3299 expediant,
2826 3244 2956 3299 qua
3002 3225 3326 3282 sententias
3374 3224 3528 3279 viro-

1871 3334 2005 3372 rum
2038 3317 2345 3373 doctorum
2376 3318 2696 3390 explicent,
2721 3334 2851 3388 qua
2881 3322 3098 3383 ortum,
3124 3329 3526 3388 progressum,

1873 3412 1932 3463 et
1982 3412 2336 3478 prasentem
2385 3406 2798 3463 controversia
2846 3411 3067 3461 statum
3126 3408 3421 3474 enarrent,
3463 3408 3523 3458 et

1873 3495 2068 3551 inutili
2101 3496 2483 3552 altercatione
2530 3496 2798 3567 pracisa,
2844 3494 2919 3550 ad
2965 3495 3225 3550 futuram
3251 3493 3517 3564 disputa-

1875 3585 2101 3641 tionem
2133 3586 2460 3641 faciliorem
2494 3586 2720 3641 aditum
2751 3584 3132 3656 patefaciant.

1945 3675 2235 3747 Ignatium
2257 3674 2439 3729 fuisse
2456 3674 2839 3729 Antiochena
2858 3672 3134 3729 Ecclesia
3153 3672 3523 3744 episcopum,

1875 3768 2241 3835 agnoverunt
2272 3768 2563 3833 quotquot
2592 3763 2749 3818 illius
2788 3763 3143 3818 mentionem
3183 3761 3413 3817 fecere:
3447 3759 3519 3815 ab

1875 3851 2159 3923 apostolis
2214 3851 2554 3906 ordinatum
2585 3851 2802 3906 diserte
2849 3850 3222 3906 tradiderunt
3260 3850 3316 3904 S.
3350 3848 3527 3921 Chry-

176 3925 321 3982 lnter
348 3928 463 3982 hos
494 3926 593 3980 vir
636 3924 1044 3992 doctissimus,
1088 3927 1343 3981 Joannes
1392 3924 1667 3992 Dallaus,
1700 3925 1761 3980 in

176 4022 177 4027 η
240 4018 466 4036 II_1,,___4
529 4015 947 4036 __.A_......-..L:_
1018 4014 1320 4036 .IZI!.___L__
1367 4019 1628 4036 __-__--1___
1703 4015 1757 4036 2..

1886 3945 2172 3994 sostomus
2195 3944 2252 3993 et
2272 3938 2689 3993 Theodoretus.
2713 3938 2879 3993 Hunc
2894 3937 3288 4008 apostolicum
3307 3937 3521 4001 virum,

126 4014 197 4068 SS.
238 4018 476 4072 Patrum
528 4015 950 4070 monumentis
1012 4014 1322 4086 diligenter
1367 4019 1653 4080 versatus,
1703 4015 1766 4069 in

126 4103 502 4164 discernendis
550 4103 846 4176 operibus
894 4105 1113 4175 spuriis
1169 4105 1487 4160 admodum
1535 4111 1763 4175 acutus,

124 4202 227 4261 post
248 4197 640 4252 velitationes
673 4193 965 4261 Salmasii,
997 4200 1174 4264 atque
1205 4194 1519 4263 Blondelli,
1542 4194 1762 4249 librum

126 4287 428 4353 nuperrime
491 4282 701 4339 edidit
736 4282 878 4336 satis
922 4282 1240 4352 prolixum,
1302 4299 1417 4353 quo
1476 4282 1765 4353 Epistolas

126 4368 288 4441 lgnatii
320 4377 509 4432 etiam
542 4370 1007 4446 purgatissimas
1054 4372 1428 4442 maximeque
1480 4373 1762 4441 sinceras,

128 4469 167 4513 et
190 4472 434 4521 veterum
486 4461 857 4519 auctoritate
906 4461 1166 4516 munitas
1216 4465 1270 4515 et
1301 4461 1541 4532 propria
1582 4477 1766 4531 pras-

128 4554 273 4608 tantia
299 4553 699 4625 conspicuas,
730 4549 1187 4619 quamplurimis
1217 4549 1581 4620 argumentis
1614 4549 1768 4604 vide-

130 4645 198 4693 tnr
221 4643 344 4709 sibi,
376 4642 671 4710 suisque,
705 4643 769 4691 ut
797 4638 1028 4708 opinor,
1061 4637 1427 4691 adulterinas
1456 4637 1761 4708 probasse,

130 4734 169 4782 et
213 4731 713 4787 doctissimorum
762 4725 1045 4795 virorum,
1097 4725 1524 4796 archiepiscopi
1553 4729 1761 4781 Arma-

130 4817 282 4883 chani,
312 4820 503 4876 lsaaci
537 4814 768 4879 Vossii,
802 4818 862 4869 et
890 4813 1148 4869 doctoris
1176 4814 1531 4869 Hammondi
1581 4815 1764 4870 ratio-

128 4922 207 4964 nes
230 4928 449 4977 omnes,
485 4923 647 4966 sane
684 4904 1075 4970 firmissimas,
1112 4903 1379 4959 diluisse.

179 5016 340 5087 Hujus
385 5016 500 5070 viri
551 5009 1045 5086 praestantissimi
1092 5009 1397 5080 stupenda
1437 5009 1764 5079 diligentia

131 5114 304 5161 cumet
328 5104 545 5179 Ignatii
577 5098 900 5160 sanctitae,
936 5103 993 5152 et
1022 5099 1396 5168 episcopatus
1428 5097 1765 5152 necessaria

132 5196 427 5263 auctoritas,
462 5199 525 5249 et
559 5190 665 5244 his
701 5186 956 5241 maxime
1003 5186 1210 5255 iniqua
1237 5185 1557 5240 adversarii
1607 5186 1766 5241 fama

130 5286 268 5351 atque
295 5281 625 5338 celebritas
680 5279 750 5329 ut
778 5273 1004 5344 aliquid
1049 5280 1367 5344 reponatur
1405 5273 1760 5346 efflagitent;

1879 4028 1951 4082 ab
1981 4026 2296 4082 Antiochia
2325 4029 2571 4081 Romam
2592 4030 2871 4094 tractum,
2903 4025 3108 4080 bestiis
3137 4024 3426 4089 oblatum,
3451 4039 3521 4077 ac

1876 4116 2157 4187 martyrio
2189 4120 2538 4171 coronatum
2588 4118 2882 4170 testantur
2919 4118 3185 4181 veteros;
3240 4110 3521 4183 epistolas

1876 4206 2185 4278 scripsisse
2216 4206 2291 4260 ad
2320 4205 2610 4260 Ecclesias
2650 4203 2979 4275 prasertim
3030 4202 3091 4257 in
3117 4201 3353 4267 itinere,
3383 4217 3524 4273 pro-

1877 4296 2025 4351 dunt
2054 4295 2434 4366 antiquorum
2466 4293 2727 4365 plurimi,
2762 4292 2995 4364 negavit
3015 4297 3117 4347 aut
3137 4289 3438 4347 dubitasse
3460 4306 3523 4345 se

1877 4385 2023 4439 dixit
2054 4401 2261 4439 eorum
2291 4399 2487 4438 nemo.
2522 4387 2590 4437 Et
2617 4381 2971 4438 sanctissimi
3022 4380 3265 4452 quidem
3297 4385 3523 4451 marty-

1874 4474 1956 4528 ris
1979 4474 2317 4545 justissima
2348 4472 2707 4527 existimatio
2740 4471 2919 4527 etiam
2949 4470 3242 4527 hactenus
3290 4468 3520 4523 illibata

1876 4568 1935 4618 et
1995 4563 2348 4618 intemerata
2386 4561 2753 4634 permansit;
2814 4560 2885 4616 de
2945 4559 3209 4632 epistolis
3267 4563 3518 4626 tantum,

1876 4668 2008 4721 qua
2039 4651 2147 4706 sub
2180 4650 2339 4705 illius
2370 4650 2608 4704 nomine
2640 4647 3008 4721 prodierunt,
3042 4653 3101 4703 et
3130 4646 3205 4703 ad
3252 4651 3519 4702 nostram

1873 4754 2062 4808 usque
2114 4743 2347 4792 atatem
2394 4736 2882 4807 perduraverunt,
2932 4734 3006 4789 lis
3057 4739 3163 4790 est.
3214 4736 3415 4804 Neque
3444 4732 3518 4788 de

1874 4827 2112 4882 illarum
2144 4826 2516 4892 auctoritate,
2550 4825 2598 4879 si
2620 4824 2937 4897 Ignatiana
2958 4822 3141 4878 fuisse
3171 4826 3516 4893 appareant,

1874 4918 2244 4988 disputatur:
2299 4914 2405 4971 sed
2460 4932 2534 4970 an
2583 4930 2784 4969 revera
2814 4914 3000 4985 ipsius
3046 4912 3256 4984 lgnatii
3298 4910 3522 4966 fuerint

1874 5005 2178 5076 quaritur.

1947 5096 2019 5150 Ut
2039 5100 2238 5149 autem
2260 5095 2444 5166 origo,
2471 5107 2836 5164 progressus,
2855 5095 2915 5145 et
2936 5106 3199 5162 prasens
3218 5089 3521 5145 hodierna

1875 5184 2289 5239 controversia
2340 5187 2548 5249 status,
2601 5180 2783 5235 etiam
2812 5179 2885 5234 iis
2935 5180 3034 5249 qui
3076 5179 3363 5234 hactenus
3394 5193 3524 5233 eam

1874 5273 2071 5327 minus
2104 5277 2326 5327 attente
2351 5269 2826 5334 considerarunt,
2848 5269 3179 5323 innotescat
3204 5283 3217 5332 ;
3250 5283 3376 5321 rem
3394 5282 3525 5320 om-

133 5384 283 5438 opera
302 5373 570 5445 pretium
595 5380 742 5421 esse
763 5363 1027 5418 duximus
1049 5363 1525 5419 dissertationem
1560 5369 1762 5433 totam,
1797 5333 1844 5396 D
1876 5378 2014 5417 nem
2037 5360 2217 5431 (quod
2235 5377 2269 5415 a
2288 5360 2528 5413 nemine
2551 5357 2745 5413 adhuc
2764 5356 2985 5411 factum
3007 5371 3133 5409 esse
3156 5354 3345 5425 video)
3363 5355 3521 5410 clare

134 5467 309 5528 quanta
328 5465 562 5533 quanta
584 5459 712 5519 est,
737 5451 807 5507 ad
828 5467 1076 5506 examen
1100 5469 1331 5519 vocare,
1354 5453 1615 5508 rationes
1637 5470 1768 5509 mo-

136 5558 291 5605 mento
320 5568 429 5607 suo
460 5544 841 5620 ponderare,
865 5539 1097 5611 singula
1119 5557 1250 5611 qua
1282 5557 1388 5596 nos
1409 5546 1467 5596 et
1488 5541 1763 5597 Ecclesia

134 5634 205 5692 SS.
224 5640 411 5695 Patres
431 5638 561 5693 ullo
584 5627 780 5689 modo
803 5634 1069 5700 spectant
1090 5635 1384 5694 excutere,
1408 5631 1609 5685 omnia
1630 5647 1760 5702 qua

137 5730 503 5783 auctoritatem
535 5724 598 5779 S.
656 5715 876 5790 Ignatii
913 5715 1265 5773 conﬁrmare
1310 5717 1542 5788 possint
1578 5733 1758 5789 expo-

1878 5458 1932 5507 et
1968 5449 2218 5505 fideliter
2248 5464 2597 5519 proponam.
2632 5444 2967 5501 Sententiae
2998 5444 3306 5500 doctorum
3353 5444 3517 5498 viro-

1872 5557 2027 5609 rum,
2052 5540 2460 5610 cujuscunque
2484 5536 2779 5607 opinionis
2795 5534 3038 5603 fuerint,
3062 5550 3130 5589 eo
3155 5534 3282 5604 ipso
3304 5533 3513 5589 ordine

1872 5646 1989 5701 quo
2020 5627 2387 5698 scripserunt
2411 5624 2687 5691 referam,
2719 5623 3007 5679 editiones
3053 5621 3449 5693 Epistolarum
3478 5638 3509 5676 e

1871 5732 2014 5774 mss.
2038 5724 2342 5774 erutarum
2363 5714 2573 5787 varias,
2600 5720 2658 5770 et
2679 5730 2714 5769 a
2733 5730 2794 5770 se
2827 5730 3064 5785 quoquo
3086 5710 3262 5768 modo
3291 5711 3509 5767 discre-
