3972 6306
419 364 493 426 ει
1481 360 1547 424 8.
1593 359 1995 426 IGNA’I‘IUS.
2039 391 2082 409 -

2197 355 2779 424 ’ROLEGOMENA.
3739 365 3811 427 5!

423 503 658 571 pantes,
681 496 987 570 sigillatim
1007 496 1224 556 notabo
1247 513 1262 553 :
1286 499 1352 556 ut
1371 495 1552 554 simul
1582 501 1640 555 et
1665 495 1859 566 qualis
1897 496 2072 566 Igna-
2101 501 2156 572 Α
2191 494 2395 552 Latine
2425 498 2657 554 tantum
2692 498 2992 556 exstarent
3021 495 3113 554 hee
3143 495 3442 568 Epistola.
3466 499 3606 555 Post
3632 505 3808 556 autem

435 588 556 645 tius
577 586 917 659 epistolicus
947 603 1016 642 eo
1044 591 1330 658 tempore,
1371 602 1486 658 quo
1520 586 1773 660 quisque
1819 584 2077 659 scripsit,

428 677 788 752 apparuerit,
819 681 1195 748 perspectum
1217 674 1428 732 habeat
1457 674 1666 742 lector,
1699 679 1758 728 et
1780 672 1854 730 de
1877 673 2083 730 unius-

425 767 714 839 cujusque
747 765 1048 822 sententia
1071 763 1364 836 judicium
1393 762 1546 821 ferat
1574 762 1741 820 nullo
1786 761 2078 837 praejudi-

429 854 520 912 cio
552 859 892 928 occupatus.
926 855 1190 928 Denique
1229 870 1363 925 quae
1411 853 1486 910 sit
1518 853 1742 920 Dallaai,
1793 851 2080 925 postremi

430 944 873 1018 Ignatianorum
901 944 1108 1012 hostis,
1141 943 1438 1006 sententia
1465 942 1756 1010 referam;
1785 958 1961 1016 quaen
1983 958 2076 1000 os-

427 1039 540 1102 tra,
574 1051 644 1089 ex
673 1033 918 1090 adverso
965 1049 1279 1106 exponam,
1333 1038 1393 1090 et
1417 1032 1560 1104 quid
1592 1049 1627 1092 a
1669 1049 1765 1090 me
1818 1031 2076 1104 proban-

427 1121 590 1189 dum,
625 1121 767 1197 quid
796 1121 1191 1180 refellendum
1223 1123 1414 1182 sentio
1445 1123 1700 1182 breviter
1739 1120 2076 1180 declarabo.

1089 1239 1316 1295 CAPUT
1351 1239 1422 1292 II.

426 1353 616 1408 Prima
669 1355 880 1422 Ignatii
917 1354 1088 1409 editio
1144 1357 1343 1409 Latina
1382 1359 1614 1410 tantum.
1655 1353 1915 1424 Epistola
1961 1355 2079 1424 ejus

474 1497 483 1511 Ι
925 1442 1032 1496 pro
1061 1426 1315 1494 genuinis
1340 1426 1566 1482 habitae.

503 1524 623 1580 Sub
649 1526 858 1597 lgnatii
887 1526 1134 1581 nomine
1163 1527 1352 1598 primo
1375 1531 1495 1581 tres
1516 1525 1783 1598 epistolae
1809 1526 1869 1580 in
1884 1525 2079 1580 lucem

432 1613 610 1669 editm
643 1619 786 1670 sunt
813 1615 1056 1670 Parisiis
1107 1615 1308 1670 Latine
1353 1620 1603 1684 tantum,
1637 1631 1794 1670 anno
1843 1615 2080 1670 Domini

435 1705 594 1770 1495,
627 1703 700 1758 ad
731 1704 817 1770 Β..
850 1703 1092 1760 Mariam
1119 1721 1258 1774 una,
1313 1704 1386 1764 ad
1419 1706 1474 1764 S.
1525 1707 1814 1765 Joannem
1843 1709 2082 1776 aposto-

433 1791 559 1846 lum
589 1791 742 1846 duae.
769 1795 939 1847 Anno
973 1795 1130 1859 1498,
1161 1793 1442 1848 undecim
1472 1794 1750 1866 Epistolas
1789 1795 1943 1860 aliae,
1972 1793 2078 1850 La-

436 1879 574 1934 tinae
603 1880 846 1952 pariter,
881 1897 951 1936 ex
981 1882 1163 1938 veteri
1203 1883 1495 1954 versione,
1545 1883 1810 1942 nondum
1839 1901 2074 1954 compa-

436 1978 602 2023 rente
633 1969 956 2041 exemplari
987 1971 1211 2038 Graeco,
1249 1987 1285 2028 a
1314 1972 1497 2027 Fabro
1549 1973 1883 2044 Stapulensi
1932 1974 2086 2044 typis

439 2062 576 2112 sunt
605 2058 932 2129 impressae.
979 2063 1112 2114 Haec
1159 2066 1360 2116 autem
1403 2062 1679 2133 princeps
1739 2061 1919 2117 editio
1950 2063 2084 2132 fuit,

439 2151 588 2200 teste
616 2147 886 2219 Philippo
919 2149 1171 2218 Labbeo,
1215 2149 1316 2219 qui
1366 2149 1471 2205 has
1499 2150 1774 2206 undecim
1807 2151 2087 2224 epistolas

438 2239 581 2290 tunc
607 2252 853 2292 excusas
875 2237 1034 2292 inter
1061 2239 1286 2308 primas
1316 2240 1607 2295 editiones
1637 2247 1934 2310 numerat,
1953 2258 2086 2312 quin

437 2323 500 2378 in
557 2325 738 2395 Regia
793 2324 1158 2384 Bibliotheca
1213 2329 1455 2386 Parisiis
1513 2336 1908 2390 asservantur.
1939 2332 2086 2392 Tum

436 2427 572 2466 vero
607 2413 1074 2485 Symphorianus
1103 2416 1490 2488 Champerius
1522 2418 1946 2490 Lugdunensis,
1979 2419 2087 2475 has

437 2516 472 2554 a
495 2499 682 2555 Fabro
713 2501 904 2557 editas
935 2519 1070 2558 cum
1103 2504 1292 2560 tribus
1323 2505 1456 2561 aliis
1486 2507 1558 2561 ab
1598 2508 1703 2562 illo
1735 2509 1994 2580 rejectis,
2027 2513 2087 2565 et

441 2593 654 2660 quarta
698 2590 773 2645 ad
830 2591 1071 2646 Mariam
1119 2593 1546 2650 Cassobolitam
1599 2613 1908 2668 nunquam
1948 2603 2085 2654 ante

436 2677 759 2748 publicata,
790 2679 881 2734 edi
914 2682 1171 2748 curavit;
1206 2689 1382 2754 atque
1427 2685 1511 2741 ita
1559 2686 1798 2742 tandem
1829 2687 2084 2758 quinde-

438 2765 555 2820 cim
588 2765 798 2836 Ignatii
829 2768 1098 2839 epistola
1130 2773 1506 2830 exstiterunt.

508 2856 579 2908 Et
599 2855 725 2910 hanc
747 2857 988 2926 quidem
1009 2859 1189 2916 facies
1214 2861 1268 2916 S.
1301 2863 1511 2928 Ignatii
1536 2864 1644 2919 sub
1674 2865 1846 2921 initio
1869 2866 2084 2922 decimi

438 2945 587 2998 sexti
612 2945 811 3000 smculi
845 2946 994 3015 fuit;
1020 2964 1155 3002 cum
1186 2950 1312 3020 ipse
1333 2951 1520 3006 Faber
1541 2953 1932 3024 Stapulensis,
1965 2955 2084 3026 pri-

436 3047 551 3086 mm
583 3033 859 3089 editionis
881 3041 1138 3105 curator,
1163 3038 1290 3110 ejus
1308 3041 1659 3099 auctoritate
1689 3048 1971 3114 tanquam
1993 3044 2085 3098 in-

438 3121 726 3191 dubitata,
750 3122 810 3178 in
829 3122 1024 3180 libello
1041 3126 1114 3180 De
1126 3128 1310 3186 triduo
1333 3129 1532 3184 Christi
1547 3131 1754 3187 utitur.
1779 3152 1802 3185 α
1823 3133 2083 3188 Tametsi

437 3211 587 3266 mihi
616 3211 982 3282 impossibile
1013 3215 1092 3268 sit
1116 3231 1186 3272 ex
1216 3232 1310 3272 me
1332 3217 1407 3272 ad
1433 3219 1597 3274 illam
1623 3220 2082 3293 intelligentiam
2113 3233 2157 3295 ο

437 3305 790 3370 penetrare;
822 3317 954 3356 eam
985 3307 1187 3359 tamen
1215 3304 1278 3362 in
1309 3306 1417 3362 hac
1450 3325 1514 3364 re
1546 3325 1675 3364 esse
1704 3316 1868 3381 puto,
1905 3328 2085 3382 quam

439 3386 626 3446 deifer
645 3389 906 3458 lgnatius
925 3391 988 3444 in
1008 3391 1201 3462 prima
1220 3395 1627 3468 epistola,quas
1652 3403 1742 3453 est
1758 3398 1832 3454 ad
1851 3399 2086 3456 Trallia-

439 3494 569 3546 nos,
586 3479 777 3550 aperit
795 3479 866 3534 de
882 3481 1133 3538 Domino
1156 3485 1240 3540 sic
1262 3485 1544 3558 loquens:
1569 3511 1597 3538 ι»
1619 3491 1769 3544 Ante
1788 3506 1922 3546 vero
1941 3491 2085 3546 solis

442 3582 717 3622 occasum
737 3567 808 3622 de
830 3583 1004 3624 cruce
1027 3570 1332 3642 depositus
1357 3582 1466 3642 est,
1491 3582 1602 3632 etc.
1625 3579 1882 3634 Joannes
1903 3581 2085 3636 etiam

447 3655 760 3727 episcopus
783 3659 1096 3730 Roﬂ‘ensis,
1119 3661 1318 3718 libello
1340 3667 1435 3720 cui
1476 3667 1708 3737 titulus,
1749 3672 1944 3726 Petrus
1969 3675 2084 3741 fuit

437 3747 640 3814 Roma,
663 3747 820 3838 inter
839 3751 1064 3820 primos
1086 3753 1193 3808 has
1216 3755 1495 3826 epistolas
1512 3759 1712 3815 citavit
1735 3775 1749 3826 ;
1770 3784 1797 3811 «
1825 3763 2084 3838 lgnatius

437 3839 637 3892 autem
663 3841 722 3890 et
749 3836 875 3908 ipse
907 3845 1438 3913 contemporaneus
1459 3849 1761 3919 apostolis,
1785 3836 2085 3908 Christum

437 3939 572 3980 cum
586 3931 744 3981 esset
759 3942 1052 3986 annorum
1071 3932 1311 4006 triginta
1321 3935 1499 3992 misse
1519 3938 1875 4012 baptizatum
1894 3947 2082 4014 putat,

435 4017 496 4068 et
523 4019 642 4070 tres
671 4030 858 4072 annos
886 4017 1044 4073 ultra
1077 4020 1368 4079 docuisse.
1403 4026 1497 4082 Sic
1527 4029 1687 4083 enim
1719 4029 1980 4100 Epistola
2009 4030 2085 4087 ad

432 4101 760 4188 'l‘rallianos
791 4106 1017 4161 scribit.
1063 4109 1324 4180 Triginta
1372 4129 1562 4170 annos
1611 4133 1789 4188 agens
1817 4119 2084 4176 Christus

435 4187 760 4260 baptizatus
790 4199 880 4248 est
907 4211 942 4250 a
969 4195 1216 4266 Joanne,
1249 4206 1306 4256 et
1336 4203 1524 4258 tribus
1553 4187 1726 4259 annis
1747 4208 2087 4276 praedicavit

434 4277 834 4348 Evangelium.
855 4302 882 4331 »
900 4283 1234 4346 Quinetiam
1249 4289 1504 4345 Joannes
1519 4293 1732 4348 Driedo
1751 4295 2001 4350 celebris
2015 4314 2086 4353 ea

437 4371 608 4424 astate
633 4367 962 4441 theologus,
985 4371 1137 4428 libro
1161 4377 1233 4430 De
1261 4378 1605 4447 doymatibus
1625 4384 2002 4441 ecclesiasticis
2031 4392 2084 4442 et

435 4455 792 4548 apocryphis,
827 4461 1267 4531 quamplurima
1307 4468 1584 4524 Romanas
1634 4470 1910 4528 Ecclesiae
1940 4475 2080 4548 dog-

436 4549 617 4610 mata,
647 4543 822 4616 longa
853 4551 1288 4608 sententiarum
1318 4557 1470 4614 serie
1501 4575 1572 4614 ex
1601 4561 1881 4631 Epistolis
1921 4543 2083 4636 lgna-
2114 4593 2157 4658 ο

440 4629 504 4658 e::
537 4632 714 4658 _-4:4-
748 4636 1091 4658 ,.,...Α*ι,..μ.-Δ
1124 4641 1251 4658 huc.
1385 4646 1445 4658 κ.
1485 4649 1532 4658 --
1612 4649 1644 4658 ..
1812 4652 1847 4658 _
1995 4652 2006 4658 .

440 4629 506 4684 tii
536 4632 721 4702 petita
745 4636 1099 4694 conﬁrmare
1122 4641 1351 4698 nititur.
1385 4646 1454 4700 Et
1482 4629 1765 4704 Martinus
1811 4629 2085 4707 Perevsius

437 4717 628 4787 Aiola,
660 4722 913 4794 scriptor
941 4725 1098 4782 inter
1120 4733 1459 4800 pontiﬁcios
1479 4752 1599 4792 non
1623 4738 1922 4807 ignobilis,
1948 4741 2086 4796 inde

441 4807 781 4866 testimonia
809 4813 1135 4883 saapissime
1167 4819 1477 4888 adhibuit;
1510 4829 1570 4879 et
1615 4825 1688 4880 ad
1737 4828 2090 4884 confirman-

437 4893 546 4987 das
573 4897 924 4958 traditiones
955 4919 1077 4959 non
1109 4907 1361 4979 scriptas
1413 4928 1619 4968 omnes
1649 4915 1756 4970 has
1807 4917 2088 4987 epistolas

435 4982 762 5053 deﬂoravit,
803 4989 937 5046 Hinc
967 4993 1210 5063 quidem
1243 4998 1350 5052 illi.
1386 5001 1674 5058 hactenus
1719 5004 1792 5059 de
1831 4982 2086 5062 auctori-

439 5078 557 5127 tate
613 5075 1057 5144 Ignatianerum
1134 5084 1307 5154 plane
1365 5091 1596 5146 securi:
1663 5109 1858 5164 neque
1927 5096 2088 5151 enim

431 5177 801 5254 quamquam
835 5169 993 5237 novi,
1028 5173 1128 5240 qui
1163 5189 1233 5228 ea
1261 5181 1432 5232 atate
1464 5178 1536 5234 de
1569 5179 1882 5237 duodecim
1939 5201 2092 5254 pras-

433 5251 639 5307 sertim
667 5251 950 5327 Apistolis
983 5259 1289 5320 dubitavit.

1085 5379 1320 5438 CAPUT
1358 5381 1452 5436 ΙΙΙ.

438 5471 702 5546 Epistola
726 5477 934 5546 Ignatii
964 5483 1211 5553 primum
1240 5485 1425 5542 erce
1454 5488 1634 5548 edita.
1687 5491 1972 5552 Doctorum
2019 5494 2098 5550 vi.

807 5566 994 5605 rerum
1019 5557 1175 5612 varia
1205 5557 1270 5609 de
1301 5559 1431 5628 ipsis
1452 5560 1701 5629 judicia.

514 5659 704 5734 Atque
724 5663 850 5722 haec
868 5665 1124 5729 breviter
1143 5669 1217 5731 de
1235 5671 1544 5766 hominum
1557 5677 1807 5749 judicio,
1827 5679 2095 5751 quandiu

2192 585 2498 656 sexaginta
2526 600 2736 652 annos,
2783 583 3050 642 Andreas
3098 586 3413 656 Gesnerus,
3466 587 3513 644 si
3563 589 3669 659 ipsi
3697 607 3812 644 cre-

2191 672 2449 732 dendum
2476 673 2572 740 sit,
2607 674 2888 746 epistolas
2917 673 3234 732 duodecim
3255 677 3474 742 Graece,
3510 677 3809 750 interprete

2187 763 2415 821 Joanne
2462 763 2790 822 Brunnero.
2842 764 3072 836 primus
3120 765 3388 823 omnium
3423 765 3627 835 edidit,
3671 784 3717 824 a.
3747 770 3810 828 D.

2190 848 2468 906 4559.1ta
2496 849 2660 906 enim
2698 849 2761 904 in
2803 849 3156 908 Prmfatione
3203 851 3503 922 loquitur:
3551 855 3816 922 Ignotium

2187 954 2315 996 vero
2345 954 2466 996 cum
2504 939 2598 996 ille
2627 939 2939 1010 (Henricus
2967 941 3124 996 Petri
3141 941 3388 1014 scilicet)
3419 964 3447 992 «
3485 943 3675 1000 Latine
3703 950 3820 1000 tan-

2190 1037 2315 1088 tum
2346 1029 2620 1098 ediderit,
2665 1044 2768 1102 ego
2802 1030 3072 1088 Grmcum
3113 1031 3422 1103 exemplar
3467 1050 3577 1090 ms.
3629 1038 3819 1090 nactus

2189 1136 2258 1178 ex
2289 1119 2654 1178 Bibliotheca
2701 1119 2774 1178 cl.
2810 1137 2859 1175 v.
2911 1119 3023 1192 pias
3067 1121 3370 1176 memorias
3422 1123 3486 1178 D.
3535 1123 3756 1194 Gaspari
3788 1140 3822 1182 ει

2186 1209 2523 1284 Nydpryck,
2557 1209 2888 1266 existimavi
2927 1225 3122 1286 neque
3139 1211 3392 1268 Henrico
3427 1213 3584 1268 Petri
3619 1212 3816 1268 moles-

2187 1304 2334 1369 tum,
2369 1299 2650 1358 studiosis
2679 1305 2880 1356 autem
2911 1298 3212 1371 plerisque
3240 1305 3472 1372 gratum
3503 1301 3646 1368 fore,
3679 1303 3722 1358 si
3754 1319 3822 1360 ea

2188 1406 2321 1461 quas
2369 1389 2658 1446 hactenus
2701 1387 2905 1444 Latine
2953 1393 3186 1446 tantum
3243 1389 3826 1462 circumferebantur,

2187 1479 2383 1540 Greece
2415 1477 2594 1536 simul
2625 1483 2683 1534 et
2713 1479 2916 1534 Latine
2942 1495 2976 1534 a
3007 1495 3099 1534 me
3149 1479 3404 1536 fuissent
3439 1479 3614 1536 edita.
3647 1501 3673 1530 »
3712 1481 3824 1540 Sed

2189 1568 2479 1642 quidquid
2509 1567 2726 1624 dixerit
2755 1569 3073 1636 Gesnerus,
3103 1574 3240 1626 ante
3272 1585 3408 1626 eum
3455 1570 3509 1624 S.
3544 1571 3826 1642 Ignatium

2187 1660 2382 1714 Graece
2417 1673 2486 1713 ex
2515 1659 2875 1730 Augustanaa
2922 1657 3300 1714 Bibliotheca;
3347 1659 3668 1730 exemplari
3719 1662 3826 1714 Va-

2190 1748 2451 1804 lentinus
2491 1749 2730 1802 Pacmus
2774 1746 3194 1818 publicaverat,
3227 1765 3276 1802 a.
3329 1748 3395 1804 D.
3451 1750 3610 1814 1537,
3655 1766 3827 1820 quem

2109 1865 2155 1934 Β
2191 1837 2454 1934 primum
2480 1835 2542 1890 in
2574 1835 2900 1934 lucem-eas
2931 1835 3190 1934 edidisse
3222 1841 3473 1934 testatur
3517 1837 3830 1934 Mqrellius,

2191 1926 2290 1996 qui
2319 1924 2556 1984 easdem
2586 1924 2828 1984 Parisiis
2856 1925 3226 1984 recudendas
3247 1925 3471 1981 curavit
3499 1943 3550 1981 a.
3578 1927 3640 1980 D.
3677 1929 3830 1987 1558.

2189 2017 2452 2086 Eamque
2507 2031 2542 2069 a
2596 2016 2800 2069 Pacaao
2875 2019 3251 2086 procuratam
3319 2014 3647 2086 principem
3703 2033 3834 2072 esse

2192 2105 2526 2159 Graecarum
2558 2103 2956 2176 Epistolarum
2987 2105 3330 2171 editionem,
3385 2105 3584 2173 fidem,
3617 2105 3845 2160 faciunt

2190 2193 2296 2252 illa
2316 2193 2790 2252 Centuriatorum
2818 2193 3406 2266 Magdeburgensium
3438 2211 3452 2248 :
3475 2216 3501 2243 α
3525 2196 3626 2248 Est
3651 2201 3705 2248 et
3726 2195 3842 2250 hoc

2191 2282 2615 2348 adnotandum,
2649 2283 2807 2354 quod
2838 2283 2949 2338 hoc
2979 2299 3136 2338 anno
3172 2285 3302 2337 |558
3331 2283 3607 2355 Epistola;
3633 2284 3843 2356 Ignatii

2194 2376 2389 2428 Grasce
2421 2372 2543 2426 sint
2569 2373 2875 2443 impressa)
2925 2378 2982 2428 et
3023 2373 3336 2445 publicatae
3385 2390 3515 2444 quas
3555 2373 3844 2430 hactenus

2192 2478 2299 2536 per
2353 2462 2578 2534 aliquot
2636 2463 2854 2518 saecula
2907 2463 3232 2518 latuerunt.
3285 2465 3473 2529 Quare
3525 2463 3844 2519 duodecim

2193 2551 2458 2624 epistolas
2480 2557 2616 2607 ante
2648 2567 2682 2607 a
2713 2553 3048 2629 Stapulensi
3078 2557 3180 2612 aut
3209 2553 3560 2624 Champerio
3614 2553 3850 2612 Latine.

2191 2660 2350 2700 nunc
2379 2660 2411 2698 a
2443 2645 2668 2712 Pacaao,
2701 2660 2773 2698 ex
2803 2646 3142 2717 Augustano
3165 2644 3446 2718 primum,
3481 2644 3673 2705 deina
3704 2647 3853 2701 Ges-

2191 2751 2335 2790 nero
2367 2751 2396 2789 e
2427 2734 2873 2807 Nydprucciano
2900 2733 3100 2789 codice
3136 2733 3309 2789 editis
3343 2739 3503 2789 sunt.

2261 2822 2406 2876 Cum
2429 2822 2560 2892 jam
2617 2821 2817 2876 Graeca
2872 2821 3236 2893 exemplaria
3285 2827 3606 2887 exstarent,
3664 2823 3852 2894 primi

2191 2910 2458 2965 omnium
2504 2909 2946 2964 Centuriatores
2994 2909 3423 2983 Magdeburgici
3471 2911 3852 2982 suspiciones

2192 3015 2350 3064 suas,
2376 2997 2479 3053 sed
2499 3003 2670 3054 caute
2692 2999 2835 3054 satis
2852 2997 3274 3070 moderateque
3300 3004 3658 3072 preponunt.
3685 3023 3714 3050 «
3745 3001 3854 3056 Le-

2191 3089 2336 3142 ctori
2360 3093 2558 3144 autem
2580 3089 2678 3160 pio
2699 3092 2758 3142 et
2778 3093 3001 3144 attento
3023 3087 3525 3144 considerandum
3549 3087 3815 3160 relinqui
3830 3121 3856 3132 -

2195 3183 2643 3250 mus,quantum
2657 3177 2735 3232 sit
2754 3176 2876 3232 illis
2899 3177 3174 3248 Epistolis
3187 3177 3567 3233 tribuendum
3600 3179 3858 3234 nltailli:

2197 3272 2400 3325 etcum
2425 3271 2680 3337 quatuor
2699 3271 3046 3338 argumenta
3062 3267 3446 3322 adduxissent
3475 3283 3607 3338 quae
3631 3267 3860 3324 merito

2196 3361 2500 3428 suspectas
2523 3355 2770 3414 reddere
2787 3357 3148 3424 viderentur,
3173 3357 3244 3411 De
3263 3357 3861 3428 doctrina,inquiunt,

2196 3465 2225 3496 «
2251 3445 2455 3518 lgnatii
2473 3444 2625 3500 nihil
2647 3444 2808 3500 aliud
2822 3445 3108 3501 habemus
3129 3446 3242 3500 nisi
3259 3445 3418 3517 quod
3432 3447 3556 3500 has-3
3573 3447 3705 3517 ejus
3719 3463 3862 3501 mo-

2194 3535 2554 3602 numenta,si
2578 3539 2776 3591 tamen
2791 3534 2919 3604 ejus
2938 3534 3595 3606 sunt,complectuntur.
3607 3556 3634 3584 »
3653 3536 3816 3600 Quin
3830 3568 3857 3579 -

2196 3623 2373 3682 etiam
2422 3623 2622 3678 statim
2671 3625 2860 3696 gravis
2907 3622 3008 3679 illa
3035 3624 3274 3679 Joannis
3318 3623 3539 3679 Calvini
3585 3640 3865 3681 censura

2192 3712 2432 3784 prodiit,
2465 3712 2568 3768 lib.
2629 3730 2666 3780 ι,
2707 3729 2836 3783 cap.
2869 3715 2899 3766 3
2955 3715 3396 3782 Institutionum,
3449 3714 3571 3784 jam
3627 3714 3860 3770 tumin

2195 3801 2661 3857 commodiorem
2673 3801 2928 3857 formam
2941 3802 3370 3858 redactarum.«
3381 3803 3669 3875 lgnatium
3687 3820 3812 3873 quo
3823 3807 3864 3860 d

2193 3890 2598 3960 obtendunt,si
2618 3891 2800 3950 velint
2811 3891 3138 3964 quidquam
3151 3892 3371 3952 habere
3387 3893 3696 3955 momenti,
3721 3910 3873 3964 pro-

2195 3980 2648 4052 bentapostolos
2665 3981 2854 4053 legem
2873 3981 3080 4040 tulisse
3097 3981 3170 4038 de
3184 3981 3667 4053 Quadragesima,
3693 3987 3755 4036 et
3782 3983 3872 4039 si-

2194 4070 2432 4128 milibus
2450 4071 2828 4141 corruptelis;
2852 4071 3004 4129 nihil
3025 4071 3184 4128 enim
3200 4071 3410 4128 maniis
3431 4071 3712 4142 illis,quee
3738 4072 3868 4130 sub

2195 4159 2400 4231 Ignatii
2427 4159 2667 4218 nomine
2690 4160 2863 4218 editae
2887 4165 3044 4226 sunt,
3068 4160 3352 4232 putidius.
3373 4161 3496 4224 Quo
3522 4161 3722 4217 minus
3752 4167 3873 4216 to-

2193 4248 2455 4306 lerabilis
2485 4254 2577 4304 est
2600 4265 2805 4310 eorum
2826 4249 3199 4321 impudentia
3219 4251 3322 4321 qui
3344 4249 3761 4305 talibuslarvis
3779 4252 3874 4309 ad

2191 4338 2520 4396 fallendum
2534 4355 2595 4395 se
2615 4339 2936 4398 instruunt.
2962 4361 2992 4392 ››
3009 4341 3097 4397 Ita
3114 4340 3212 4396 ille
3233 4358 3338 4413 pro
3359 4357 3522 4398 more
3559 4357 3666 4395 suo
3693 4343 3873 4398 acri-

2190 4433 2280 4484 ter
2309 4429 2450 4486 satis
2477 4433 2537 4486 et
2565 4428 2852 4488 animose.
2887 4431 2991 4486 Nec
3042 4437 3224 4486 tamen
3263 4430 3493 4502 oﬂ’eudit
3543 4428 3870 4488 Calvinum

2186 4517 2459 4588 Ignatius,
2509 4519 2604 4577 sed
2658 4519 2703 4576 ii
2750 4522 2849 4590 qui
2894 4522 3176 4590 Ignatium
3225 4526 3610 4590 corruperunt,
3646 4522 3876 4588 inquit

2187 4607 2462 4666 Rivetus:
2497 4607 2658 4678 quod
2706 4615 2864 4664 recte
2913 4609 2986 4665 ab
3019 4626 3088 4665 eo
3141 4609 3511 4666 observatum
3565 4608 3758 4664 tradit
3792 4609 3876 4668 in

2199 4697 2504 4756 academia
2518 4699 2842 4755 Genevensi
2864 4699 3164 4771 professor
3190 4698 3461 4754 Vedelius
3485 4715 3499 4765 ;
3523 4703 3580 4752 et
3601 4715 3699 4752 res
3725 4698 3885 4768 ipsa

2199 4787 2342 4844 satis
2362 4787 2588 4844 indicat
2610 4806 2623 4852 ;
2647 4789 3061 4844 auctoritatem
3083 4788 3240 4843 enim
3263 4788 3470 4858 Ignatii
3494 4787 3704 4856 rejecit
3721 4787 3887 4842 Cal—

2199 4875 2368 4931 vinus
2397 4875 2470 4932 ab
2505 4876 2910 4934 Antitrinariis
2953 4877 3268 4950 objectam,
3303 4893 3374 4932 ex
3417 4875 3678 4947 Epistola
3726 4876 3888 4934 sine

2202 4965 2382 5024 dubio
2408 4963 2481 5023 ad
2510 4967 2848 5032 Tarsenses.
2900 4984 3030 5038 quas
3063 4983 3168 5039 pro
3207 4965 3467 5040 genuina
3515 4981 3634 5024 non
3668 4981 3892 5036 agno-

2203 5055 2404 5121 scitur,
2435 5059 2494 5112 et
2519 5054 3042 5128 Quadragesimam
3073 5055 3335 5126 aliasque
3367 5055 3721 5112 traditiones
3758 5053 3895 5108 ob-

2196 5143 2352 5216 jicit,
2384 5159 2514 5215 quae
2546 5143 2609 5203 in
2639 5144 2996 5204 assumentis
3028 5149 3258 5204 tantum
3290 5143 3696 5200 inveniuntur.

2275 5233 2422 5293 Tum
2471 5232 2768 5294 Mariauus
2830 5233 3119 5294 Victorius
3161 5235 3222 5290 in
3271 5233 3326 5288 S.
3387 5233 3841 5303 Hieronymum
3879 5248 3903 5290 :

2209 5342 2236 5372 «
2261 5322 2435 5380 Recte
2465 5321 2802 5394 [lgnatium]
2834 5323 3225 5394 apostolicum
3255 5326 3424 5381 vocat
3461 5320 3687 5388 virum;
3720 5318 3909 5380 vixit

2207 5411 2370 5470 enim
2391 5412 2796 5484 apostolorum
2829 5418 3184 5486 tempore,et
3205 5411 3450 5474 Joannis
3474 5409 3916 5482 Evangelistae

2208 5499 2536 5572 discipulus
2553 5500 2931 5576 fuit,scripsit
2943 5501 3170 5560 litteras
3187 5501 3260 5562 ad
3274 5499 3750 5558 sacratissimum
3769 5499 3920 5558 vir-

2209 5589 2536 5661 ginem,Dei
2553 5589 2906 5649 Genitricem
2923 5592 3254 5658 Mariamet
3267 5590 3414 5650 alias
3428 5606 3559 5660 qum
3573 5593 3868 5649 exstant.
3883 5611 3922 5642 υ

2215 5682 2295 5738 Ac
2314 5679 2512 5740 statim
2533 5679 2714 5742 etiam
2743 5697 2814 5743 ex
2836 5680 3074 5743 Lutberi
3117 5681 3324 5745 schola
3343 5677 3590 5744 celebris
3611 5676 3875 5738 Theolo
3893 5711 3916 5722 -
