3972 6306
225 392 282 448 57
844 385 900 446 «Ι.
946 384 1366 446 PEARSONII
1409 384 1782 446 VINDICUE
1821 384 2306 447 IGNATIANIE.
2355 418 2431 430 —-
2472 382 2948 447 PROCEMIUM.
3534 382 3633 461 58‘

228 526 351 581 vult:
383 525 487 580 sed
520 525 639 580 hoc
657 530 719 579 et
748 522 1008 579 sublesta
1038 522 1154 577 ﬁde
1204 521 1404 591 tradit,
1438 525 1497 576 et
1551 520 1849 576 levissimo
1881 523 1933 589 Α
1962 521 2053 577 vel
2066 523 2597 595 supposititias,vel
2619 522 2766 578 {aede
2788 525 3095 586 corruptas
3118 518 3608 592 probaripossit.»

228 621 545 687 argumento
578 614 834 669 suadere
867 618 1135 680 conatur,
1171 611 1330 682 quod
1372 609 1753 666 Casaubonus
1783 610 1854 665 de

228 706 390 776 prisca
411 703 699 758 Ecclesiae
730 703 1048 773 disciplina
1098 702 1352 767 loculus,
1382 701 1742 771 Cyprianum
1775 705 1859 754 te-

229 801 350 848 stem
377 792 678 861 adhibuit,
711 793 1003 864 Ignatium
1034 808 1156 846 non
1208 790 1535 845 nominavit
1569 805 1581 842 :
1628 806 1764 844 cum
1795 789 1858 844 in

229 881 745 937 Exercitationibus
778 881 1122 936 Baronianis
1145 879 1199 934 S.
1232 879 1520 951 lgnatium
1552 894 1704 949 smpe
1736 877 1860 932 lau-

232 971 395 1039 det,et
416 970 853 1025 nonnullarum
879 969 1007 1041 ejus
1029 967 1423 1040 Epistolarum
1443 967 1859 1037 antiquitatem

231 1061 368 1114 novis
426 1059 769 1114 rationibus
826 1075 890 1114 se
948 1058 1235 1113 tuiturum
1268 1056 1653 1128 polliceatur;
1711 1072 1859 1127 quas

231 1154 567 1219 praematura
597 1148 707 1202 viri
738 1147 981 1203 maximi
1007 1152 1195 1203 morte
1219 1151 1451 1217 ereptas
1472 1145 1646 1200 nobis
1676 1145 1857 1200 fuisse

232 1238 499 1293 dolemus.

290 1344 423 1398 «Sed
438 1360 597 1399 unus
619 1343 864 1414 quidam
884 1343 1211 1412 vir,caatera
1232 1342 1669 1409 doctissimus,»
1695 1346 1760 1395 ut
1779 1346 1860 1396 te-

233 1438 392 1489 statur
412 1432 714 1497 Vedelius,
733 1437 934 1488 «extra
955 1448 1130 1487 omne
1146 1431 1393 1487 dubium
1413 1429 1858 1503 ponitsupposi-

232 1522 429 1575 tionem
452 1522 667 1575 harum
692 1520 1075 1591 epistolarum
1100 1536 1112 1573 :
1133 1520 1254 1574 imo
1268 1520 1463 1574 dicere
1484 1535 1603 1573 non
1630 1524 1864 1572 veretur

233 1610 503 1681 lgnatium
514 1609 710 1664 nullas
722 1625 978 1679 unquam
991 1609 1273 1680 epistolas
1286 1607 1615 1679 scripsisse.
1626 1608 1738 1661 nDe
1753 1606 1863 1661 hoc

233 1700 334 1754 viro
352 1699 701 1755 doctissimo
744 1699 1109 1755 altercantnr
1148 1699 1419 1753 doctores
1446 1696 1584 1762 duo,
1618 1697 1864 1751 Owenus

236 1792 283 1842 et
299 1787 722 1855 Hammondus;
748 1803 925 1859 quem
966 1788 1133 1859 quasi
1162 1804 1273 1843 nec
1304 1788 1546 1842 nomine
1577 1802 1686 1841 nec
1717 1784 1864 1841 scri-

1963 614 2031 667 Et
2062 630 2267 669 rursus
2292 617 2587 684 :«Verum,
2609 620 2675 669 ut
2698 612 3047 668 concludam
3074 609 3466 683 paucis,certo
3490 623 3613 663 cer-

1964 703 2078 758 tius
2102 708 2210 770 est,
2233 704 2339 759 has
2358 703 2636 775 epistolas
2653 703 2739 758 vel
2755 701 3160 774 supposititias
3178 715 3328 766 esse,
3350 697 3440 752 vel
3455 696 3612 768 quod

1965 809 2146 864 supra
2167 794 2393 861 monui,
2428 794 2578 849 foede
2609 798 2938 863 corruptas.
2967 812 2993 840 »
3018 792 3405 859 Quotcunque
3434 787 3612 859 igitur

1964 887 2066 936 aut
2087 899 2456 954 quaecunque
2478 883 2651 938 firma
2679 881 2991 937 sententia:
3013 896 3134 934 suas
3164 876 3483 950 probanda!
3516 894 3613 931 ar-

1963 976 2244 1044 gumenta
2265 972 2464 1027 attulit
2494 972 2698 1038 Cocus,
2741 970 2801 1025 id
2834 975 3063 1025 tantum
3112 983 3317 1024 revera
3358 965 3609 1038 probare

1965 1062 2166 1116 omnia
2195 1062 2439 1132 putavit.
2472 1060 2766 1132 Epistolas
2795 1059 3004 1132 Ignatii
3035 1063 3137 1113 aut
3165 1073 3295 1112 esse
3329 1056 3606 1127 supposi—

1966 1151 2146 1218 titias,
2180 1156 2282 1206 aut
2319 1156 2646 1222 corruptas.

2036 1260 2182 1313 Cum
2240 1259 2365 1313 ιιωο
2410 1259 2495 1313 ita
2543 1275 2605 1313 se
2638 1257 2944 1321 haberent,
2994 1254 3267 1310 Nicolaus
3312 1250 3612 1320 Vedelius,

1966 1348 2266 1418 professor
2285 1347 2662 1415 Genevensis,
2695 1363 2821 1402 rem
2856 1351 3040 1401 totam
3071 1344 3145 1399 ad
3162 1358 3411 1399 examen
3441 1357 3613 1396 revo-

1966 1438 2153 1503 cavit;
2185 1436 2516 1508 apologiam
2550 1454 2654 1508 pro
2686 1436 2909 1508 Ignatio
2942 1434 3197 1505 scripsit,
3244 1447 3457 1487 novam
3487 1430 3614 1487 edi-

1968 1526 2191 1581 tionem
2237 1526 2563 1593 adornavit,
2615 1523 3138 1581 exercitationibus
3169 1526 3229 1576 et
3281 1519 3611 1592 appendice

1966 1617 2258 1688 Epistolas
2279 1615 2607 1671 illustravit.
2632 1617 2772 1670 Lres
2792 1615 2973 1685 igitur
2990 1612 3094 1667 ille
3115 1612 3349 1667 Latinas
3366 1609 3611 1666 omnino

1967 1706 2194 1777 rejecit,
2216 1705 2374 1776 quod
2398 1706 2613 1759 «nimis
2641 1709 2845 1776 aperta
2864 1704 3129 1774 ipsarum
3153 1699 3479 1773 suppositio
3500 1719 3527 1749 »
3558 1698 3611 1753 ei

1966 1794 2564 1864 videretur.Reliquas
2594 1793 2906 1848 duodecim
2930 1792 2988 1846 in
3022 1792 3172 1847 duos
3192 1790 3378 1844 libros
3397 1788 3611 1844 distin-

234 1883 317 1948 pto
342 1885 551 1933 notum
584 1877 1007 1949 producunt,et
1027 1892 1204 1947 quem
1225 1879 1569 1946 Anonymum
1591 1874 1864 1930 ineditum
1894 1894 1945 1958 B
1972 1886 2077 1954 xit,
2109 1900 2361 1955 quorum
2393 1884 2557 1955 prior
2588 1883 2852 1938 enminet
2871 1880 3152 1952 epistolas
3175 1878 3485 1953 genuinas,
3509 1893 3615 1948 ρο.

239 1965 623 2022 Hammondus
652 1973 838 2022 vocat.
864 1968 943 2021 Ne
976 1966 1155 2037 igitur
1184 1981 1470 2021 numerus
1510 1964 1720 2036 Ignatii
1754 1964 1862 2018 ho-

236 2055 390 2110 stium
406 2062 721 2128 augeatur,
753 2061 813 2111 et
843 2061 1058 2127 praeter
1087 2072 1189 2110 eos
1222 2071 1477 2125 quorum
1510 2053 1729 2125 scripta
1758 2069 1863 2107 no-

235 2143 415 2215 vimus,
445 2145 609 2200 alius
642 2145 878 2215 aliquis,
932 2146 1100 2215 isque
1159 2144 1562 2210 doctissimus,
1586 2142 1868 2214 epistolas

234 2230 383 2289 hasce
403 2235 651 2306 penitus
671 2234 1016 2306 repudiasse
1030 2239 1362 2301 censeatur,
1388 2233 1681 2288 ineditum
1698 2232 1868 2287 illum

234 2321 282 2375 in
310 2323 505 2379 lucem
528 2323 990 2395 potrahendum,
1024 2330 1082 2378 et
1111 2340 1275 2378 svum
1309 2338 1605 2394 anonymo
1645 2338 1866 2376 nomen

230 2410 581 2467 reddendum
606 2429 735 2467 esse
759 2412 1162 2468 duximus.Est
1178 2417 1373 2468 autem
1390 2412 1490 2467 ille
1505 2416 1671 2466 extra
1690 2427 1867 2466 omne

234 2498 452 2556 dubium
480 2502 782 2557 Bobertus
812 2502 1128 2568 Parkerus,
1173 2500 1588 2556 schismaticus
1620 2499 1859 2572 Anglus.

238 2588 605 2646 Omniaenim
632 2607 765 2660 quia
786 2590 1060 2646 Vedelius
1082 2607 1118 2646 a
1145 2591 1269 2645 viro
1292 2590 1395 2645 illo
1451 2596 1646 2645 caetera
1673 2589 1868 2645 doctis-

232 2681 348 2733 simo
375 2680 531 2736 dicta
554 2680 873 2751 profert,in
898 2680 1132 2736 Parkeri
1155 2680 1306 2734 libro
1340 2678 1601 2735 secundo
1640 2683 1717 2735 De
1759 2694 1864 2748 po-

235 2765 365 2822 litica
394 2769 765 2824 ecclesiastica
798 2769 989 2840 capite
1016 2768 1246 2823 decimo
1270 2769 1443 2824 tertio
1465 2768 1865 2840 reperiuntur.

232 2859 361 2927 «Ego
389 2876 526 2914 vero
561 2858 860 2929 Epistolas
890 2859 1098 2931 Ignatii
1121 2875 1155 2913 a
1175 2858 1414 2913 nemine
1438 2874 1703 2928 unquam
1726 2862 1863 2911 ante

234 2948 533 3004 concilium
552 2948 863 3003 Niczenum
890 2948 1100 3003 citatas
1122 2947 1310 3016 dico,»
1328 2947 1525 3018 inquit
1546 2948 1864 3011 Parkerus;

233 3052 344 3105 quae
372 3038 554 3094 verba
587 3038 712 3091 viro
744 3054 851 3092 suo
873 3037 1216 3092 doctissimo
1245 3036 1454 3091 tribuit
1471 3035 1781 3103 Vedelius;
1811 3038 1870 3089 et

232 3139 347 3179 cum
383 3127 475 3182 his
504 3131 777 3199 opponat
803 3126 1209 3181 testimonium
1258 3125 1506 3181 Irenaai:
1551 3127 1865 3195 Excipitur,

224 3212 423 3284 inquit,
458 3233 529 3271 «a
554 3216 683 3269 viro
716 3215 1062 3271 doctissimo
1093 3216 1308 3286 primo,
1341 3215 1412 3271 ab
1435 3216 1658 3270 lrenmo
1684 3214 1863 3270 etiam

226 3305 469 3360 Hermann
492 3306 1038 3375 Pastoremucitari,
1066 3322 1242 3376 quem
1264 3310 1466 3361 tamen
1488 3305 1596 3360 sub
1610 3319 1865 3376 persona

228 3382 436 3459 Hermian
450 3397 668 3451 ﬁctum
682 3400 1248 3468 agnoscuntomues.
1262 3415 1283 3445 ι
1295 3393 1485 3450 Verba
1500 3399 1637 3448 sunt
1649 3393 1869 3448 Parke-

227 3483 283 3537 ri.
299 3486 549 3541 Secundo
564 3484 1003 3555 emcipitjnquit
1027 3484 1642 3550 Videlius,«Irenaeum
1656 3498 1777 3537 non
1789 3481 1872 3537 al-

226 3570 400 3644 legare
421 3574 751 3645 epistolam
770 3573 1029 3644 aliquam
1043 3572 1387 3645 Ignatii,sed
1402 3577 1633 3627 tantum
1645 3572 1867 3627 dictum

228 3663 502 3729 quoddam
518 3661 880 3733 illius,quod
891 3669 1014 3717 tum
1031 3661 1717 3718 circumferebatur.Etid
1730 3661 1868 3716 inde

225 3751 588 3823 probat,quia
606 3768 731 3807 non
750 3752 941 3806 utitur
959 3767 1118 3815 voce,
1131 3774 1149 3798 ι
1179 3751 1417 3821 scripsit
1433 3752 1528 3805 sed
1546 3750 1867 3817 voce,dixit.

225 3837 353 3893 Sunt
380 3847 584 3896 autem
621 3846 682 3895 et
733 3840 860 3895 haec
892 3838 1153 3895 Parkeri.
1191 3862 1218 3890 α
1246 3838 1460 3903 Tertio,
1494 3838 1575 3893 ait
1614 3838 1700 3892 vir
1729 3837 1870 3893 doc-

227 3925 491 3998 tissimus,
526 3928 678 3983 inde
727 3933 928 3999 patere
962 3926 1243 3998 epistolas
1289 3927 1395 3982 has
1427 3931 1551 3981 tum
1584 3927 1867 3997 temporis

226 4031 327 4071 non
357 4019 690 4084 exstitisse,
727 4017 887 4087 quod
914 4019 1139 4085 Patres,
1163 4021 1223 4071 et
1244 4015 1596 4070 nominatim
1621 4015 1869 4086 Epipha-

225 4105 769 4177 nius,adversentur
798 4106 1046 4173 Ignatio,
1081 4111 1312 4176 tempus
1343 4104 1621 4176 baptismi
1652 4105 1869 4160 Christi

227 4202 336 4264 post
357 4214 588 4252 annum
618 4196 992 4266 trigesimum
1011 4194 1308 4266 expletum
1332 4194 1645 4250 collocanti
1673 4213 1697 4245 η
1736 4195 1870 4249 Haec

230 4283 465 4340 Videlius
498 4303 575 4341 ex
610 4285 902 4339 Parkero.
944 4284 1209 4354 Denique
1239 4283 1429 4337 virum
1461 4282 1870 4338 doctissimum

230 4380 412 4442 putare
437 4376 522 4430 ait
545 4373 976 4429 Casaubonum
1013 4388 1220 4426 omnes
1240 4372 1450 4443 Ignatii
1470 4372 1752 4443 epistolas
1781 4388 1871 4426 re-

221 4460 606 4535 jecisse,quod
622 4462 1113 4531 Parkero,neque
1135 4460 1237 4516 alii
1257 4460 1741 4531 cuiquam,tribui
1765 4476 1872 4531 po-

226 4554 462 4608 testNun
476 4560 572 4608 est
588 4552 781 4625 igitur
793 4550 946 4605 alius
964 4550 1188 4604 Videdii
1202 4550 1288 4603 vir
1300 4549 1679 4604 doctissimus
1693 4565 1869 4619 quam

228 4640 490 4698 Robertus
514 4641 834 4697 Parkerus
860 4646 1116 4706 nostras,
1153 4638 1669 4694 schismaticorum
1691 4655 1867 4709 cory-
1902 4629 1945 4691 D

226 4729 431 4797 rhenus;
465 4747 659 4803 quem
698 4728 977 4782 Vedelius
1007 4744 1141 4782 cum
1164 4728 1422 4782 refutare
1453 4727 1649 4790 vellet,
1683 4733 1740 4781 et
1771 4729 1871 4782 Ge-

225 4822 471 4876 nevensis
502 4818 854 4889 disciplinae
887 4834 1185 4872 summum
1214 4822 1530 4888 patronum
1553 4816 1734 4872 fuisse
1763 4832 1869 4870 no-

227 4915 403 4975 sceret,
436 4908 702 4966 honoris
736 4922 915 4961 causa
956 4906 1265 4960 nominare
1297 4905 1507 4960 noluit.
1543 4905 1647 4959 Hic
1672 4910 1869 4959 autem

226 4993 489 5052 Parkerus
506 4993 809 5052 tredecim
829 4992 1163 5047 rationibus
1178 4992 1458 5063 epistolas
1487 4992 1696 5064 Ignatii
1720 4992 1868 5046 ﬁcti-

232 5084 319 5139 tias
345 5102 469 5142 esse
490 5085 765 5157 probare
786 5087 1034 5136 conatur
1060 5097 1072 5135 :
1096 5081 1265 5151 cujus
1282 5082 1414 5151 conj
1426 5081 1643 5136 ecturis
1665 5080 1869 5135 Dallasi

228 5168 549 5229 disertation
584 5170 861 5227 maxime
892 5169 1253 5239 locupletata
1282 5174 1392 5223 est.

284 5260 407 5318 Post
438 5263 601 5317 hunc
639 5257 942 5314 Robertus
973 5257 1157 5311 Cocus
1200 5256 1380 5311 etiam
1430 5262 1663 5311 nostras
1690 5255 1875 5311 edidit

230 5347 554 5407 «Censuram
571 5346 987 5420 quorumdam
1006 5345 1351 5415 scriptorum
1366 5350 1872 5414 veterumuquem

232 5451 326 5493 SlltB
345 5441 413 5496 de
430 5439 669 5515 Ignatio
691 5450 966 5490 censuras
984 5434 1144 5489 hunc
1166 5433 1405 5489 titulum
1420 5434 1873 5506 praescripsisse,

232 5534 405 5601 Ignatii
428 5539 690 5609 epistolae
712 5539 845 5588 stmt
880 5533 1269 5601 supposititias,
1306 5532 1576 5586 observat
1603 5532 1870 5587 Dallams.

230 5619 281 5678 Et
300 5626 372 5683 ita
390 5628 639 5700 quidem
663 5620 929 5687 Titulus,
960 5620 1063 5674 sed
1093 5620 1359 5676 Censura
1389 5621 1518 5692 ipsa
1567 5620 1741 5677 aliter
1783 5620 1887 5676 lo-'

233 5716 591 5780 quitur.«Non
606 5713 845 5771 desunt
856 5714 1200 5781 argumenta
1216 5708 1647 5782 valida,quibus
1661 5726 1871 5765 omnes

1978 1976 2190 2029 sterior
2203 1972 2628 2045 supposititias.
2650 1972 2946 2028 Genuinas
2960 1975 3190 2025 tantum
3212 1967 3475 2040 agnoscit
3488 1983 3617 2037 sep-

1975 2069 2093 2119 tem
2126 2063 2260 2119 illas
2287 2063 2359 2118 ab
2391 2062 2641 2117 Eusebio
2661 2065 3039 2125 memoratas;
3064 2059 3323 2129 reliquas
3349 2057 3613 2128 quinque

1974 2176 2003 2204 ‹‹
2029 2159 2452 2225 autperperam
2477 2151 2814 2222 inscriptas,
2843 2156 2944 2206 aut
2958 2149 3131 2222 plane
3151 2146 3559 2220 supposititias
3588 2165 3615 2199 ιι

1974 2260 2104 2297 esse
2127 2243 2350 2298 statuit.
2373 2244 2670 2297 Praeterea
2694 2241 2757 2295 in
2776 2240 2934 2311 ipsas
2959 2236 3475 2310 septemgenuinas
3494 2251 3616 2290 non

1972 2349 2162 2404 pauca
2191 2332 2500 2403 irrepsisse
2532 2330 2874 2385 stellionum
2906 2326 3439 2384 audacissimorum
3486 2340 3614 2378 ves-

1975 2422 2115 2494 tigia
2136 2425 2404 2486 testatur,
2420 2437 2553 2491 qua:
2576 2426 2642 2475 ut
2680 2436 2715 2475 a
2743 2418 3018 2491 genuinis
3041 2418 3381 2472 secerneret
3411 2429 3615 2469 curam

1973 2510 2200 2580 habuit,
2235 2514 2293 2566 et
2322 2510 2539 2565 notulis
2572 2508 2951 2580 quibusdam,
2986 2507 3048 2561 in
3092 2505 3358 2577 margine
3388 2502 3620 2575 positis,

1975 2617 2106 2673 qua:
2140 2618 2209 2655 ex
2236 2601 2579 2670 conjectura
2606 2597 2881 2670 genuinis
2911 2595 3179 2668 epistolis
3197 2594 3269 2650 ab
3299 2592 3621 2664 interpola-

1978 2698 2106 2746 tore
2139 2691 2360 2745 inserta
2393 2687 2664 2754 credidit,
2689 2686 2997 2759 jugulavit.

2045 2781 2234 2844 Quare
2255 2777 2520 2832 Andreas
2552 2777 2810 2844 Rivetus,
2843 2776 2982 2831 lfcet
3013 2775 3073 2828 in
3116 2772 3289 2827 tertia
3337 2771 3618 2837 editione,

1978 2866 2172 2923 δι·ἰείιή
2199 2866 2346 2921 sacri
2371 2869 2611 2922 Censura
2638 2863 2875 2920 Roberti
2929 2863 3060 2917 Coci
3096 2862 3172 2916 sit
3200 2859 3459 2931 adjutus,
3489 2875 3617 2914 mo-

1974 2953 2413 3010 deratissimam
2437 2957 2634 3007 tamen
2661 2949 3015 3005 sententiam
3040 2947 3317 3019 amplecti
3349 2962 3410 3001 se
3441 2945 3590 3017 proli
3608 2974 3621 2986 -

1975 3048 2150 3108 tetur,
2176 3041 2421 3111 scilicet,
2449 3063 2475 3092 «
2496 3057 2623 3095 esse
2646 3039 2957 3110 plerasque
2979 3035 3263 3109 epistolas
3291 3033 3522 3106 Ignatii,
3544 3032 3620 3087 ad

1982 3131 2295 3186 minimum
2327 3133 2574 3200 septem;
2600 3127 2705 3182 sed
2730 3127 2840 3181 hoc
2860 3131 3126 3197 tempore
3143 3140 3263 3178 non
3285 3121 3490 3177 haberi
3507 3120 3624 3176 nisi

1978 3220 2360 3276 adulteratas.
2385 3223 2441 3273 et
2464 3216 2666 3273 multis
2692 3217 2751 3272 in
2778 3216 2924 3272 locis
2958 3212 3366 3286 interpolatas.
3400 3213 3618 3277 Hanc,»

1976 3310 2245 3382 inquam,
2269 3331 2296 3359 κ
2323 3307 2680 3364 sententiam
2700 3305 3075 3378 amplectitur
3087 3304 3273 3359 fretus
3292 3300 3619 3357 rationibus

1978 3417 2108 3471 quae
2132 3398 2268 3454 huic
2295 3396 2600 3452 ﬁrmandae
2626 3411 2694 3450 ex
2718 3395 2862 3466 ipsis
2885 3393 3148 3465 epistolis
3169 3392 3621 3447 desumuntur.»

1977 3491 2047 3545 Et
2075 3487 2282 3544 Daniel
2311 3486 2679 3553 Chamierus,
2713 3485 2775 3539 in
2804 3482 3292 3555 responsionibus
3332 3480 3406 3535 ad
3434 3477 3624 3534 Testi-

1977 3577 2179 3633 monia
2209 3592 2243 3631 a
2274 3574 2632 3630 Bellarmino
2663 3572 2936 3637 adducta,
2969 3571 3381 3627 auctoritatem
3415 3565 3623 3640 Ignatii

1977 3682 2284 3738 nunquam
2308 3664 2583 3721 declinat.
2607 3662 2799 3719 Semel
2823 3666 3051 3717 tantum
3081 3661 3198 3715 ait:
3225 3657 3522 3730 «Epistola
3549 3655 3624 3711 ad

1976 3754 2405 3811 Antiochenses
2426 3751 2564 3805 viris
2587 3751 2776 3806 doctis
2799 3766 2921 3805 non
2946 3748 3177 3803 videtur
3194 3743 3625 3818 legitima,quia

1977 3844 2048 3901 ab
2073 3844 2426 3913 Hieronymo
2445 3857 2565 3895 non
2587 3840 2869 3895 adnotata
2897 3839 2959 3892 in
2984 3853 3165 3892 censu
3190 3851 3435 3907 operum
3463 3836 3627 3905 Igna-

1976 3936 2064 4002 tii,
2098 3933 2361 4004 ipsisque
2392 3930 2538 3985 adeo
2568 3929 2864 3984 veteribus
2898 3928 2972 3982 sit
3001 3926 3320 3997 incognita.

2048 4021 2255 4078 Daniel
2286 4020 2559 4075 Heinsius
2590 4019 2663 4073 ad
2717 4019 2939 4072 Novum
2996 4017 3435 4069 Testamentum
3494 4011 3620 4081 epi-

1978 4112 2160 4168 stolas
2183 4109 2470 4181 quasdam
2497 4124 2700 4162 earum
2734 4122 2864 4177 quae
2893 4103 3064 4159 editae
3086 4107 3243 4170 sunt,
3273 4100 3481 4172 Ignatii
3525 4115 3622 4152 re-

1979 4219 2113 4257 vera
2142 4201 2322 4255 fuisse
2348 4198 2591 4261 indicat,
2623 4196 2771 4251 alias
2794 4211 2911 4250 non
2937 4194 3098 4248 item.
3127 4191 3243 4246 Adl
3262 4190 3390 4245 Cor.
3414 4205 3506 4255 xv,
3531 4188 3618 4242 10.

1983 4289 2180 4345 «Pauli
2198 4288 2443 4359 apostoli
2458 4303 2664 4358 parum
2680 4285 2942 4357 prudens
2960 4280 3411 4352 imitator,cujus
3425 4295 3625 4334 omnes

1981 4379 2243 4450 epistolae
2258 4375 2586 4448 sublgnatii
2601 4375 2877 4446 leguntur
2887 4374 3287 4437 nomine,cum
3303 4368 3619 4425 etaliorum

1978 4468 2120 4524 sint.
2156 4489 2181 4518 »
2210 4467 2294 4521 lta
2320 4466 2422 4520 ille
2453 4465 2895 4520 subobscurius.
2944 4463 3057 4518 Sed
3087 4463 3162 4517 ad
3192 4462 3213 4515 Ι
3245 4461 3390 4515 Tim.
3425 4476 3498 4526 iv,
3534 4460 3618 4521 16,

1982 4557 2158 4628 paulo
2182 4556 2400 4611 clarius
2425 4571 2437 4608 :
2461 4556 2594 4620 Quae
2614 4571 2722 4608 voa:
2742 4554 2993 4621 (scilicet
3027 4544 3622 4625 βεϐαρημένον)‹‹ἰηιθιι

1978 4661 2251 4715 eas,quas
2273 4642 2563 4714 expressit
2591 4643 2691 4712 qui
2714 4641 2990 4712 epistolas
3014 4640 3242 4711 Ignatii,
3263 4642 3438 4707 atque
3468 4636 3623 4689 inter

1980 4750 2079 4788 eas
2110 4733 2397 4804 quasdam
2429 4748 2547 4786 non
2572 4731 2753 4799 illius,
2777 4731 3018 4785 nomine
3038 4728 3174 4799 ejss,
3201 4742 3394 4796 neque
3418 4725 3624 4797 dignas

1979 4838 2048 4877 eo
2060 4820 2575 4876 dedit.»Gerardus
2589 4820 2844 4873 Joannes
2864 4818 3150 4884 Vossius,«
3166 4816 3242 4869 De
3265 4814 3444 4869 natali
3466 4828 3622 4867 anno

1981 4910 2251 4977 Christi,»
2275 4915 2415 4965 sect.
2439 4909 2529 4962 41:
2559 4905 3088 4977 «Aliirespondent
3109 4903 3314 4974 Ignatii
3345 4901 3625 4972 epistolas

1981 5016 2110 5054 esse
2133 4998 2679 5069 supposititias,nec
2700 4995 2807 5050 ulli
2827 5000 2964 5048 ante
2979 4992 3275 5047 Nicmnum
3301 4990 3624 5045 concilium

1978 5094 2356 5144 memoratas.
2379 5089 2541 5141 Itane
2559 5084 2724 5139 vero?
2736 5083 2911 5149 Quasi
2928 5098 3047 5137 non
3060 5080 3399 5135 meminerit
3420 5094 3624 5134 earum

1979 5180 2238 5233 Irenaens
2263 5176 2366 5231 lib.
2398 5192 2453 5229 v.
2482 5191 2608 5245 cap.
2635 5175 2723 5238 28,
2750 5177 2807 5227 et
2837 5188 2904 5226 eo
2935 5171 3237 5241 antiquior
3266 5169 3496 5239 ipsique
3518 5184 3625 5238 par

1982 5266 2207 5337 Ignatio
2231 5265 2611 5334 Polycarpus,
2644 5261 2797 5333 apud
2822 5259 3142 5314 Eusebium
3174 5259 3272 5312 lib.
3294 5276 3375 5323 ιιι,
3401 5253 3623 5327 εειρ.λς.

1984 5356 2053 5409 Ut
2076 5354 2148 5408 de
2183 5353 2431 5423 Origene
2465 5358 2715 5418 taceam,
2748 5350 2847 5421 qui
2877 5348 3157 5419 quiddam
3190 5348 3329 5402 inde
3362 5345 3623 5408 adducit,

1983 5441 2187 5496 homil.
2222 5444 2253 5494 6
2294 5441 2354 5493 in
2389 5441 2622 5495 Lucam.
2662 5464 2679 5487 ιι

2054 5532 2263 5585 Petrus
2288 5534 2486 5583 autem
2516 5527 3138 5593 Halloix,Jesuita,non
3170 5530 3399 5580 tantum
3423 5539 3629 5579 omnes

1983 5620 2212 5674 Graecas
2241 5617 2530 5689 genuinas
2562 5622 2620 5671 et
2638 5633 2947 5688 germanas
2970 5633 3096 5671 esse
3119 5630 3364 5686 operose
3386 5617 3625 5668 conten-

1983 5708 2088 5778 dit,
2117 5706 2221 5763 sed
2254 5712 2312 5761 et
2358 5706 2431 5761 de
2491 5706 2680 5761 tribus
2733 5705 2959 5761 Latinis
2988 5705 3070 5760 ita
3120 5703 3415 5775 judicium
3450 5715 3624 5757 suum
