3972 6306
330 389 408 446 ss
1379 387 1449 475 s.
1493 385 1887 448 IGNATIUS.
1937 416 2012 431 -
2056 385 2666 448 PROIEGOMENA.
3670 389 3757 449 co

329 517 573 590 profert:
599 537 628 567 α
654 515 774 572 Nec
804 517 886 572 ita
907 520 1082 572 certae
1105 521 1264 584 sunt,
1287 519 1353 572 ut
1373 516 1768 574 indubitatam
1797 517 1978 574 ﬁdem
2009 518 2060 583 Α
2095 523 2252 587 sunt,
2270 523 2448 590 atque
2478 517 2611 574 ideo
2630 517 2768 589 jure
2799 517 2889 572 vel
2916 517 2979 572 in
3011 516 3261 573 dubium
3320 522 3623 590 vocantur,
3656 519 3750 575 vel

331 607 489 679 apud
511 623 717 662 omnes
749 611 1111 674 mereantur,
1140 623 1250 662 nec
1275 607 1355 662 ita
1384 607 1624 662 incerta:
1647 613 1711 662 ut
1740 625 1977 664 omnem

333 697 604 770 perdant.
625 718 653 746 ››
687 696 874 750 Aliter
905 701 1104 751 tamen
1137 697 1450 767 Dionysius
1501 697 1792 761 Petavius,
1843 697 1984 752 licet

331 786 599 858 ejusdem
631 783 890 840 ordinis:
945 784 1186 854 Constat,
1221 784 1440 856 inquit,
1471 808 1498 836 α
1523 802 1728 842 omnes
1770 785 1978 859 lgnaiii

327 873 607 946 epistolas
636 872 1026 943 interpolatae
1049 872 1251 928 fuisse.
1285 874 1428 928 Nam
1449 873 1731 946 pleraque
1766 891 1835 928 ex
1860 873 1981 928 illis

326 965 456 1019 loca
477 963 548 1020 ab
568 963 828 1033 antiquis
847 962 1084 1018 laudata
1106 963 1194 1018 vel
1217 963 1278 1018 in
1301 963 1385 1017 eis
1407 963 1655 1020 mimine
1677 965 1986 1036 reperiun-

325 1059 440 1120 tur,
473 1052 561 1106 vel
588 1050 758 1122 longe
790 1051 964 1105 aliter
993 1057 1302 1123 concepta.
1337 1073 1365 1101 »

397 1143 465 1194 Et
494 1141 750 1210 denique
784 1139 943 1194 Walo
976 1139 1344 1195 Messalinus:
1366 1163 1393 1190 «
1419 1142 1587 1212 Apud
1605 1158 1699 1197 me
1731 1148 1967 1198 constat

327 1247 534 1285 omnes
565 1229 694 1284 illas
717 1229 926 1300 Ignatii
962 1229 1242 1299 epistolas
1273 1231 1682 1301 supposititias
1713 1248 1863 1298 esse,
1888 1233 1979 1288 vel

329 1325 487 1374 certe
509 1318 707 1373 multis
724 1318 868 1372 locis
883 1318 942 1373 in
953 1317 1603 1390 terpolatas,»etaliqua
1621 1326 1828 1388 rectat,
1847 1338 1978 1391 quas

324 1409 461 1464 satis
491 1410 768 1474 evincunt,
795 1407 1008 1478 inquit,
1037 1424 1190 1464 «non
1219 1425 1391 1480 posse
1413 1409 1562 1466 illud
1581 1427 1730 1481 opus
1753 1410 1977 1469 auctori

328 1515 505 1568 quem
521 1499 845 1554 ementitur
863 1497 1100 1552 ascribi.
1116 1522 1133 1548 ι
1154 1500 1234 1552 Ac
1253 1515 1480 1554 rursus:
1503 1520 1531 1550 «
1561 1499 1836 1570 Epistolm
1859 1500 1976 1556 illa

329 1593 480 1642 natm
510 1593 566 1640 ot
589 1586 908 1657 suppositas
945 1585 1220 1642 videntur
1263 1587 1421 1644 circa
1442 1587 1702 1656 initium,
1730 1594 1832 1646 aut
1851 1606 1974 1646 me-

327 1677 490 1731 dium
505 1676 748 1732 secundi
768 1676 1111 1746 saacuii,quo
1133 1681 1397 1748 tempore
1413 1678 1644 1748 primus
1659 1679 1977 1750 singularis

325 1766 702 1837 episcopatus
733 1781 914 1836 supra
944 1765 1419 1836 presbyteratum
1461 1765 1835 1828 introductus
1867 1772 1974 1826 est.

963 1897 1188 1952 CiPUT
1237 1897 1329 1954 iV.

321 2020 614 2078 Strictum
643 2018 908 2098 quadarn
931 2019 1190 2098 auctoris;
1225 2018 1368 2098 Oyid
1397 2019 1660 2098 decuriis
1691 2019 1973 2082 hominum

777 2089 1013 2164 judiciis
1044 2090 1384 2150 sentiendum
1413 2091 1505 2146 sit.

397 2225 709 2293 [lucusque
740 2223 1000 2281 virorum
1050 2223 1358 2278 doctorum
1391 2224 1642 2295 judicia,
1677 2226 1798 2282 sive
1829 2245 1972 2283 con-

315 2312 567 2384 jecturae
623 2311 821 2382 potius
855 2328 1180 2382 progressa;
1229 2319 1386 2379 sunt,
1417 2313 1560 2368 dum
1619 2315 1822 2384 editio,
1855 2333 1976 2376 una

327 2400 544 2468 Graeca,
581 2399 722 2454 licet
753 2416 822 2454 ex
847 2399 1078 2454 duobus
1107 2418 1250 2460 mss.
1276 2403 1742 2474 exemplaribus,
1765 2411 1824 2459 et
1852 2421 1975 2463 una

326 2490 503 2545 etiam
533 2489 942 2561 interpretatio
975 2491 1179 2546 Latina
1202 2497 1386 2559 vetus,
1419 2493 1506 2548 illi
1545 2494 1689 2548 satis
1720 2501 1854 2566 apte
1886 2512 1976 2550 re-

323 2579 644 2650 spondens,
677 2584 778 2634 aut
806 2579 879 2634 ab
906 2579 1037 2637 aliis
1068 2579 1141 2635 ad
1173 2581 1405 2638 Grmcos
1435 2582 1565 2637 illos
1613 2584 1848 2640 codices
1878 2601 1974 2640 rev

319 2669 594 2735 formata,
631 2674 930 2735 exstaret;
991 2669 1063 2724 de
1112 2669 1327 2741 quibus
1357 2673 1739 2744 conjecturis,
1773 2675 1972 2745 prius-

321 2774 499 2829 quam
532 2757 778 2813 uiterius
808 2759 1274 2831 progrediamur,
1310 2762 1599 2817 nonnulla
1637 2762 1811 2818 nobis
1859 2780 1972 2820 no—

323 2851 446 2902 tatu
480 2863 595 2901 non
627 2847 870 2917 indigna
902 2848 1088 2903 visum
1119 2855 1210 2904 est
1239 2849 1573 2906 observare.

391 2936 611 3003 Primo,
646 2937 943 2992 sententia
973 2937 1303 2994 decretoria
1326 2939 1568 2994 Parkeri
1591 2946 1650 2994 et
1680 2940 1973 3011 Salmasii,

327 3024 427 3095 qui
453 3029 719 3080 statuunt
748 3041 954 3080 omnes
1002 3024 1284 3096 epistolas
1325 3027 1435 3081 sub
1492 3028 1734 3082 nomine
1765 3030 1972 3100 Ignatii

320 3112 528 3176 editas,
565 3129 693 3168 esse
745 3113 922 3185 plane
966 3115 1396 3186 supposititias,
1449 3117 1695 3174 minime
1728 3117 1973 3174 ferenda

319 3207 426 3256 est:
462 3207 586 3256 tum
613 3202 772 3272 quod
805 3218 1009 3258 eorum
1043 3209 1390 3273 argumenta
1422 3205 1572 3259 nihil
1615 3206 1776 3261 aliud
1808 3207 1968 3262 evin-

319 3296 462 3344 cunt
493 3306 670 3360 quam
704 3289 863 3360 quod
891 3306 923 3345 a
955 3291 1184 3346 cmteris
1205 3293 1503 3354 statuitur.
1525 3310 1736 3366 nempe
1761 3313 1968 3356 omnes
2000 3289 2042 3319 υ

320 3383 424 3432 aut
455 3378 862 3449 supposititias
894 3394 1045 3447 esse,
1082 3385 1183 3434 aut
1204 3379 1590 3452 interpolatae
1621 3385 1775 3453 (cum
1809 3386 1967 3447 enim

323 3465 516 3520 adhuc
549 3465 852 3522 nescirent
881 3467 1072 3536 qualis
1104 3484 1307 3524 revera
1353 3471 1736 3542 interpolatio
1769 3473 1966 3542 fuerit,

323 3554 615 3626 quidquid
647 3554 762 3608 illis
791 3553 1117 3626 displicuit,
1149 3558 1341 3627 potuit
1369 3558 1444 3614 ad
1475 3561 1970 3632 interpolationes

323 3644 646 3715 pertinere)
681 3649 804 3698 tum
836 3643 996 3714 quod
1044 3646 1340 3701 Parkerus
1391 3653 1631 3716 statuat,
1666 3652 1967 3708 neminem

327 3739 462 3788 ante
493 3732 813 3787 concilium
846 3733 1144 3789 Nicaenum
1178 3751 1378 3791 earum
1411 3739 1775 3808 meminisse,
1811 3743 1970 3812 quod

325 3822 697 3893 apertissime
728 3821 943 3878 falsum
975 3831 1080 3880 est.

397 3911 690 3977 Secundo,
722 3911 930 3984 ingens
961 3912 1281 3970 discrimen
1309 3915 1468 3971 inter
1497 3921 1618 3973 tres
1649 3919 1882 3976 Latinas
1913 3927 1970 3975 et

325 4001 638 4056 duodecim
671 4002 900 4057 Graacas
922 4004 1201 4074 epistolas
1231 4012 1388 4062 recte
1420 4007 1798 4064 observatum
1831 4016 1924 4064 est
1954 4027 1968 4076 ;

325 4091 377 4138 ei
411 4085 631 4140 Latinas
663 4087 921 4158 primum
943 4087 1174 4142 emissa)
1204 4089 1276 4144 ab
1299 4091 1588 4147 universis
1611 4093 1735 4148 fere
1758 4095 1969 4150 merito

322 4181 461 4229 sunt
491 4176 570 4246 rej
583 4181 725 4230 ecta)
751 4193 764 4240 ι
798 4181 921 4230 tum
941 4176 1098 4246 quod
1121 4178 1336 4233 Graecis
1358 4180 1637 4236 omnibus
1653 4183 1970 4238 fuerintin-

324 4263 592 4334 cognitas,
646 4279 839 4334 neque
885 4265 1266 4324 Griecismum
1298 4268 1544 4324 omnino
1577 4269 1885 4326 redoleant
1905 4278 1970 4327 ut

323 4367 444 4405 non
474 4352 546 4405 ab
579 4351 922 4422 interprete,
972 4353 1074 4407 sed
1123 4361 1362 4409 auctore
1396 4357 1598 4412 Latino
1655 4359 1972 4424 videantur

319 4439 616 4510 profectas;
652 4444 778 4494 tum
812 4440 970 4510 quod
1007 4442 1066 4495 in
1100 4443 1516 4500 vetustissimis
1553 4445 1806 4520 Vulgata:
1837 4466 1967 4504 ver-

323 4529 508 4582 sionis
537 4545 677 4582 mss.
713 4528 1014 4584 codicibus
1046 4547 1164 4585 non
1196 4531 1590 4598 inveniantur,
1626 4542 1684 4590 et
1715 4539 1966 4594 seorsim

323 4615 640 4688 aliquando
673 4616 907 4686 scriptas
938 4619 1078 4672 sint.
1101 4625 1159 4674 et
1183 4620 1339 4675 inter
1357 4621 1591 4678 Latinos
1612 4641 1645 4680 a
1670 4625 1965 4684 Bernardo
1999 4603 2046 4667 Π

323 4711 424 4761 aut
455 4705 930 4762 Pseudo-Dextro
962 4709 1218 4778 primum
1247 4717 1584 4766 memoratae
1611 4730 1623 4778 ;
1657 4719 1781 4769 tum
1805 4716 1968 4770 deni.

323 4811 438 4865 que
467 4793 623 4864 quod
653 4794 745 4848 vix
779 4795 990 4850 rationi
1023 4801 1355 4868 temporum
1388 4799 1700 4856 vidcantur
1727 4820 1970 4860 consen.

321 4884 453 4949 tire,
487 4890 590 4938 aut
618 4901 750 4939 cum
783 4883 1071 4939 institutis
1098 4886 1304 4956 lgnatii
1337 4888 1620 4960 quidqam
1653 4908 1967 4951 commune

319 4973 578 5028 habere:
641 4997 668 5024 α
702 4990 807 5044 pro
865 4973 1082 5044 quibus
1130 4977 1348 5032 frustra
1379 4980 1649 5034 nonnulli
1707 4999 1968 5054 pugnare

317 5063 576 5133 aggressi
607 5069 745 5116 sunt
783 5069 919 5117 ante
951 5064 1182 5134 aliquot
1209 5083 1418 5134 annos,
1448 5090 1475 5118 ι»
1520 5074 1587 5124 ut
1630 5078 1788 5126 recte
1811 5073 1970 5144 judi-

317 5151 467 5206 cavit
495 5149 802 5221 Philippus
830 5151 1131 5212 Labbieus.

387 5238 601 5306 Tertio,
635 5254 709 5294 ne
744 5239 886 5310 ipsa:
913 5240 1153 5310 quidem
1169 5243 1382 5299 Grascm
1416 5244 1729 5304 duodecim
1761 5266 1966 5321 parem

316 5329 732 5383 auctoritatem
764 5328 874 5384 sibi
899 5329 1202 5388 vindicant
1227 5351 1238 5400 ;
1265 5340 1324 5388 et
1343 5343 1502 5390 recte
1525 5339 1711 5408 posita
1736 5339 1970 5396 videtur

316 5417 616 5471 distinctio
649 5418 806 5472 inter
835 5427 1061 5490 septem
1095 5422 1395 5492 epistolas,
1429 5441 1559 5494 quia
1580 5431 1721 5481 sunt
1746 5427 1820 5482 ab
1854 5430 1963 5484 Eu-

317 5505 481 5560 sebio
497 5508 1230 5580 memoratm,reliquisquo
1244 5512 1678 5582 antiquissimis
1698 5516 1968 5572 Patribus

315 5595 660 5664 frequenter
690 5595 961 5666 laudata),
997 5603 1052 5652 et
1073 5598 1337 5668 quinque
1361 5600 1528 5664 alias,
1565 5620 1695 5672 quae
1727 5607 1964 5661 nonnisi

315 5689 449 5753 post
478 5682 706 5754 aliquot
737 5686 955 5742 smcula
985 5686 1058 5742 ab
1082 5686 1198 5742 ullo
1220 5689 1418 5744 Graeco
1443 5691 1728 5762 scriptore
1751 5695 1966 5766 agnitae

2089 609 2265 664 ctiam
2300 608 2476 680 plane
2511 608 2900 679 rejiciuntur:
2931 606 3109 678 idque
3163 623 3284 662 non
3317 613 3570 674 tantum,
3603 611 3752 680 quia

2087 698 2408 754 verisimile
2441 715 2560 754 non
2591 702 2700 766 est,
2725 714 2825 753 eas
2855 697 3196 762 Eusebium,
3225 698 3274 752 si
3301 697 3431 766 ejus
3453 715 3574 753 sevo
3600 701 3746 755 exti-

2089 789 2318 853 tissent,
2351 788 2538 843 latere
2569 787 2852 859 potuisse,
2886 793 2988 842 aut
3018 787 3092 841 ab
3125 787 3356 855 eodem,
3389 787 3437 842 si
3487 789 3598 859 ipsi
3645 806 3742 844 co-

2086 879 2263 950 gnitas
2295 883 2513 946 essent,
2547 876 2858 949 praeteriri;
2893 875 2998 931 sed
3027 876 3205 931 etiam
3235 876 3375 946 quia
3397 877 3486 932 vel
3513 877 3586 932 ob
3621 894 3746 933 mo-

2089 967 2228 1023 dum
2259 967 2563 1040 loquendi,
2586 967 2658 1022 ab
2681 966 3029 1022 Ensebianis
3045 967 3300 1022 multum
3331 967 3744 1038 discrepantes

2092 1063 2400 1130 apparent,
2431 1059 2522 1114 vel
2554 1058 2627 1113 ob
2657 1057 2992 1121 materiam,
3043 1056 3327 1111 doctrinm
3360 1058 3655 1112 institutis
3684 1063 3748 1113 et

2085 1148 2352 1204 moribus
2383 1148 2729 1221 posterioris
2776 1146 3052 1202 Ecclesiae
3111 1147 3298 1217 magis
3345 1163 3642 1214 consona),
3678 1154 3740 1202 et

2083 1239 2668 1310 IgnatianisEusebio
2687 1237 3029 1293 memoratis
3047 1237 3172 1291 sola
3189 1237 3745 1308 imitatione,eaque

2084 1329 2263 1384 nimis
2303 1329 2596 1396 aii‘ectata,
2633 1327 2883 1382 similes.

2160 1419 2398 1486 Quarto,
2429 1423 2590 1476 recte
2616 1417 3092 1472 animadversum
3114 1421 3205 1470 est
3231 1433 3265 1471 a
3285 1415 3743 1488 quamplurimis

2085 1507 2265 1562 etiam
2290 1507 2424 1562 illas
2443 1512 2670 1578 septem
2689 1505 3136 1576 antiquissimae
3159 1511 3218 1559 et
3246 1506 3503 1560 maxime
3534 1506 3740 1577 genui-

2083 1611 2190 1650 nas
2221 1595 2500 1666 epistolas
2530 1595 2592 1650 in
2623 1594 2884 1649 editione
2917 1594 3117 1651 Graeca
3139 1599 3282 1648 tunc
3302 1594 3589 1664 temporis
3613 1594 3737 1652 vul-

2083 1689 2236 1758 gata,
2281 1684 2667 1755 interpolatas
2697 1689 2757 1738 et
2785 1687 3092 1752 corruptas
3121 1681 3301 1737 fuisse
3327 1698 3340 1746 ;
3387 1681 3567 1752 idque
3597 1699 3736 1738 cum

2082 1774 2213 1830 loca
2241 1791 2276 1830 a
2309 1772 2600 1829 \eteribus
2630 1771 2903 1827 Patribus
2933 1770 3206 1837 adducta,
3232 1787 3363 1842 quin
3409 1771 3472 1826 in
3511 1788 3578 1827 ea
3609 1772 3742 1827 edi-

2007 1885 2054 1950 Β
2085 1864 2244 1919 tione
2275 1869 2377 1919 aut
2405 1879 2528 1918 non
2559 1867 2925 1934 comparent,
2949 1865 3051 1916 aut
3078 1876 3198 1916 non
3229 1865 3385 1918 recte
3411 1877 3739 1932 reprmseno

2084 1958 2303 2016 tantur,
2325 1958 2453 2008 tum
2483 1951 2602 2008 alia
2632 1952 2813 2006 etiam
2835 1966 2956 2005 non
2977 1965 3183 2021 pauca,
3208 1966 3340 2020 quas
3361 1966 3555 2020 neque
3578 1951 3741 2006 anti.

2085 2043 2317 2114 quirati.
2380 2057 2579 2112 neque
2631 2039 2943 2102 sententia:
3002 2039 3059 2094 Β.
3119 2038 3328 2110 lgnatii
3377 2046 3738 2111 congruunt,

2084 2147 2276 2202 neque
2308 2131 2502 2186 tenori
2537 2129 2922 2201 epistolarum
2955 2127 3099 2184 satis
3117 2128 3538 2184 convenienter
3567 2129 3733 2185 inse.

2087 2226 2320 2288 runtur,
2351 2221 2595 2292 planum
2625 2219 2872 2274 faciunt.

2155 2308 2388 2374 Quinto,
2424 2305 2724 2369 industria
2753 2303 2977 2370 Vedeli,
3019 2319 3197 2375 quam
3230 2303 3305 2360 ad
3355 2305 3484 2361 loca
3513 2305 3574 2361 in
3607 2307 3740 2377 epi-

2085 2397 2252 2452 stolis
2282 2395 2538 2452 Eusebio
2569 2393 2918 2449 memoratis
2949 2398 3229 2464 corrupta
3257 2400 3317 2448 et
3370 2394 3741 2465 interpolata

2083 2484 2421 2552 indicanda,
2456 2490 2515 2539 et
2541 2500 2576 2539 a
2631 2483 2906 2556 genuinis
2937 2483 3305 2539 secernenda
3360 2483 3650 2550 adhibuit,
3685 2485 3740 2540 si

2085 2580 2364 2630 conatum
2397 2579 2752 2646 spectemus,
2804 2572 3123 2640 laudanda,
3188 2573 3235 2628 si
3283 2579 3577 2640 eventum,
3613 2575 3738 2630 sive

2085 2663 2614 2734 successum,parvi
2629 2662 2870 2733 quidem
2892 2661 3242 2717 aestimanda
3256 2661 3739 2719 videatur.’l‘anta

2086 2754 2244 2808 enim
2277 2753 2587 2825 diligentia
2633 2753 2744 2808 hoc
2777 2752 3014 2806 tandem
3046 2753 3322 2808 effectum
3375 2757 3482 2820 est,
3535 2759 3602 2808 ut
3659 2770 3738 2809 ex

2084 2859 2206 2898 una
2235 2849 2400 2914 parte
2432 2843 2658 2897 inserta
2688 2849 2745 2898 et
2797 2840 3156 2912 interpolata
3185 2841 3465 2913 pleraque
3498 2848 3742 2914 praeter-

2085 2933 2416 3000 mittantur,
2441 2947 2509 2987 ac
2539 2947 2645 3002 pro
2675 2930 2951 3002 genuinis
2980 2929 3392 2998 retineantur;
3445 2948 3516 2986 ex
3546 2931 3742 2990 altera

2085 3037 2244 3086 vero,
2263 3036 2546 3093 germana
2571 3025 2748 3090 atque
2786 3019 3044 3086 genuina
3065 3019 3416 3090 smpiuscule
3446 3037 3551 3091 pro
3581 3024 3744 3077 asci-

2089 3110 2231 3166 titiis
2255 3115 2538 3170 notentur
2569 3114 2628 3164 et
2656 3107 3307 3180 rejicianturﬂuamvis
3330 3109 3508 3182 igitur
3531 3127 3742 3181 quam.

2083 3199 2327 3272 plurimi
2359 3199 2616 3271 optimas
2673 3198 2882 3270 lgnatii
2915 3197 3196 3269 epistolas
3253 3204 3564 3270 corruptus
3604 3217 3742 3257 esse

2080 3287 2444 3358 judicarent,
2483 3287 2769 3343 hactenus
2802 3292 3002 3343 tamen
3033 3287 3106 3342 ad
3137 3288 3424 3360 genuinas
3463 3305 3496 3344 a
3526 3306 3738 3346 corru—

2075 3377 2250 3450 ptelis
2281 3383 2441 3432 certo
2474 3377 2672 3447 aliquo
2703 3377 2942 3432 criterio
2973 3377 3358 3434 vindicandas
3389 3395 3597 3448 parum
3630 3388 3739 3437 aut

2081 3466 2234 3522 nihil
2266 3472 2354 3521 est
2385 3466 2682 3522 eﬂectum.
2718 3467 2788 3521 Ut
2819 3483 3022 3521 verum
3055 3465 3206 3524 illud
3237 3466 3315 3521 sit
3343 3467 3500 3537 quod
3530 3485 3564 3523 a
3598 3469 3736 3524 Dal-

2075 3555 2182 3610 lieo
2204 3554 2584 3610 observatur:
2619 3555 2776 3610 «Nisi
2807 3555 3102 3613 sincerius
3132 3555 3438 3626 exemplar
3459 3558 3734 3614 Usserius

2075 3650 2136 3700 et
2159 3643 2398 3699 Vossius
2426 3643 2585 3698 nacti
2612 3642 3000 3710 essent,nulla
3025 3643 3203 3714 plane
3229 3661 3362 3715 spes
3391 3655 3728 3716 superesset

2076 3733 2521 3804 interpolatoris
2550 3733 2747 3788 aliena
2774 3749 2808 3787 a
2851 3733 3002 3787 veris
3061 3733 3367 3804 scriptoris
3425 3736 3727 3792 internos-

2077 3820 2249 3876 condi
2281 3826 2341 3876 et
2369 3819 2738 3877 secernendi.
2774 3842 2801 3870 »

2735 3912 2964 3971 CAPUT
2996 3913 3060 3969 V.

2079 4001 2213 4057 Alia
2242 4009 2395 4058 cetus
2424 4003 2626 4057 Latina
2675 4003 2850 4056 aversio
2903 4000 2969 4054 ab
3011 4001 3364 4056 Armachano
3416 4003 3730 4072 publicata,

2147 4089 2260 4142 qua
2289 4073 2740 4142 interpolation“
2768 4073 2990 4132 detecta?
3031 4079 3175 4132 sunt.
3235 4073 3438 4130 Grzrcw
3483 4078 3732 4144 epistolas

2147 4161 2174 4199 e
2227 4145 2465 4206 Medicae
2525 4145 2710 4200 codice
2760 4161 2864 4214 per
2912 4145 3158 4202 Isaacum
3241 4145 3491 4202 Vos-siam
3541 4148 3727 4208 editae.

2147 4216 2292 4285 Quid
2319 4217 2428 4290 viri
2457 4214 2604 4270 docti
2652 4215 2718 4270 de
2757 4215 3002 4289 epistolis
3048 4218 3126 4269 ita
3151 4218 3412 4284 purgatis
3460 4216 3732 4290 editisque

2144 4287 2435 4340 senserint.

2144 4375 2334 4440 Quare
2364 4373 2614 4430 Iacobus
2646 4374 2936 4440 Usserius,
2985 4374 3463 4449 archiepiscodus
3513 4379 3730 4435 Arma-

2075 4463 2322 4531 cbanus,
2358 4463 2655 4519 Hiberniae
2686 4464 2932 4534 primas,
2987 4463 3076 4516 vir
3103 4463 3270 4517 mirae
3305 4463 3364 4517 in
3397 4464 3488 4518 his
3545 4467 3729 4524 rebus

2077 4552 2456 4623 perspicacim
2489 4553 2767 4622 ﬁdeique,
2796 4568 2929 4606 cum
2950 4551 3172 4606 videret
3194 4551 3408 4606 talibus
3429 4553 3734 4624 conjectu-

2077 4658 2161 4712 ris
2199 4640 2350 4695 nihil
2383 4641 2557 4700 effici.
2593 4639 3206 4710 animadverteretque
3240 4646 3358 4694 tres
3409 4641 3469 4696 in
3516 4645 3732 4714 Anglia

2076 4734 2278 4782 nostra
2310 4727 2613 4796 theologos
2645 4729 2786 4782 olim
2820 4728 3017 4782 locum
3049 4728 3366 4798 quemdam
3390 4746 3456 4784 ex
3481 4731 3734 4802 epistola

2075 4818 2283 4890 Ignalii
2310 4833 2344 4872 a
2363 4817 2727 4872 Theodoreto
2749 4815 3014 4881 citatum,
3034 4832 3143 4870 nec
3165 4815 3226 4870 in
3247 4815 3507 4871 editione
3531 4821 3737 4876 Graeca

2079 4911 2180 4959 aut
2215 4904 2458 4976 Vulgata
2488 4903 2758 4958 versione
2789 4909 2930 4958 tunc
2959 4909 3282 4974 repertum,
3316 4905 3522 4960 eodem
3554 4907 3736 4976 plane

2077 4991 2398 5062 modo,qua
2423 5009 2456 5046 a
2477 4991 2842 5046 Theodoreto
2867 4990 3191 5062 productus
3211 4993 3731 5065 fueratJaudasse,

2077 5080 2536 5150 circumspicere
2551 5080 2896 5150 cmpit,uum
2921 5079 3072 5134 forte
3102 5081 3162 5134 in
3187 5080 3394 5152 Anglia
3425 5085 3736 5155 exemplar

2077 5170 2319 5241 aliquod
2343 5171 2610 5226 Latinum
2635 5171 2828 5225 adhuc
2851 5170 3208 5225 delitescens
3234 5173 3480 5242 reperiri
3501 5184 3730 5244 posset.

2079 5277 2148 5314 ex
2180 5276 2294 5329 quo
2329 5276 2435 5314 sua
2457 5266 2574 5314 tres
2605 5259 2690 5314 illi
2725 5259 2983 5329 theologi
3015 5259 3362 5328 hauserunt,
3395 5267 3454 5315 et
3481 5262 3608 5318 loca
3632 5283 3740 5322 re-

2075 5347 2240 5418 liqua
2271 5364 2304 5402 a
2335 5348 2700 5404 Theodoreio
2731 5347 2983 5418 aliisque
3041 5347 3301 5418 antiquis
3340 5351 3612 5407 Patribus
3645 5357 3736 5410 ci-

2079 5441 2212 5494 tata,
2255 5437 2483 5508 integra
2511 5442 2942 5508 comparerent.
2981 5436 3144 5498 Cum,
3179 5454 3334 5502 ecce,
3369 5439 3551 5495 libros
3584 5443 3742 5500 duos

2080 5540 2221 5579 mss.
2255 5532 2463 5580 nactus
2487 5533 2596 5595 est,
2631 5544 2660 5580 e
2692 5525 2930 5597 publica
2953 5525 3187 5597 collegii
3223 5529 3471 5583 Gunvilli
3506 5537 3564 5584 et
3608 5535 3736 5590 (Teii

2079 5613 2235 5684 apud
2273 5615 2790 5684 Cantabrigienses
2816 5621 3051 5667 nostros
3101 5631 3304 5680 unum,
3340 5633 3369 5670 e
3411 5619 3630 5688 privata
3667 5624 3741 5680 D.

2084 5701 2318 5758 Ricardi
2349 5703 2688 5760 Montacutii
2721 5701 3092 5758 Norvicensis
3122 5718 3314 5774 nuper
3345 5707 3603 5780 episcopi
3639 5711 3739 5768 bi-
