3972 6306
245 371 309 433 61
886 371 944 434 J.
990 369 1408 436 PEARSONII
1450 372 1828 441 VINDICIB
1866 375 1895 441 Ι

2010 376 2350 443 ΑἹἾΑΝΑΕ.
2388 412 2462 433 νο-
2497 377 2972 441 PBOCEMIUM.
3579 379 3663 443 BI

248 503 1897 580 bliothecaalterum,quilgnatiiEpistolaruminterprs-
1931 512 1976 583 Α
2009 507 2343 583 distinguit,
2397 518 2459 569 ut
2516 513 2578 568 in
2625 511 2887 573 editione
2939 511 3126 570 Vossii
3185 512 3655 585 distinguuntur.

255 594 530 655 tationem
561 611 599 651 a
626 594 869 668 Vulgata
898 595 1104 653 Latina
1135 596 1598 657 diversissimam
1629 599 1895 657 contine-

250 685 495 742 bant.Et
517 684 723 743 statim
745 685 1059 744 collatione
1092 685 1266 757 facta,
1294 687 1634 747 testimonia
1654 690 1897 749 Patrum

251 775 515 831 omnium
542 774 646 844 qui
677 775 836 831 intra
865 775 1149 846 quinque,
1192 781 1257 833 ut
1286 777 1388 846 ait,
1421 783 1555 848 post
1597 777 1897 838 Christum

250 864 463 921 saecula
493 864 847 932 ﬂoruerunt,
880 880 915 924 a
955 863 1171 920 Graecis
1223 864 1562 936 Latinisque
1593 864 1897 925 codicibus

249 953 618 1020 dissidentia,
647 969 784 1011 cum
829 953 938 1011 hac
984 954 1255 1010 versione
1303 955 1526 1025 optime
1558 954 1894 1023 convenire,

251 1050 305 1098 et
331 1042 521 1100 multa
551 1058 587 1099 a
617 1042 899 1101 Graeculis
926 1042 1356 1114 posterioribus
1378 1044 1604 1101 inserta
1634 1049 1694 1101 et
1719 1044 1898 1101 inter.

250 1137 401 1187 texta
421 1130 497 1186 ab
521 1132 731 1186 eadem
762 1130 985 1201 pariter
1006 1129 1214 1186 abesse
1242 1133 1571 1204 conspexit.
1599 1134 1725 1189 Jam
1759 1149 1896 1189 vero

250 1239 364 1280 non
397 1238 469 1277 ex
502 1220 729 1281 levibus
760 1220 1140 1291 conjecturis,
1174 1226 1278 1279 aut
1320 1238 1393 1278 ex
1443 1222 1738 1281 sententia
1768 1240 1895 1291 sua,

252 1316 313 1366 ut
345 1309 640 1380 Vedelius,
673 1310 776 1365 sed
825 1326 897 1365 ex
931 1309 1143 1367 veteris
1187 1310 1474 1371 versionis
1522 1311 1638 1371 ﬁde
1670 1314 1898 1372 Grmcas

249 1401 456 1474 Ignatii
489 1400 771 1473 epistolas
804 1400 1160 1473 recognovit,
1194 1407 1537 1461 assumenta
1557 1402 1899 1462 stellionum

253 1490 577 1562 agenuinis
596 1489 766 1549 facile
788 1496 847 1545 et
867 1495 1069 1560 aperte
1096 1491 1347 1550 secrevit
1371 1508 1385 1557 ;
1409 1491 1898 1563 Polycarpiauam

252 1580 491 1637 illarum
524 1579 799 1651 Syllogen
830 1580 912 1634 ita
934 1578 1338 1639 excutiendam
1357 1581 1599 1649 curavit,
1624 1586 1689 1637 ut
1713 1581 1897 1643 minio

250 1669 308 1724 in
338 1674 504 1729 textu
527 1670 725 1727 Graeco
748 1668 975 1728 laciniae
1000 1668 1118 1725 illm
1145 1669 1543 1740 signarentur,
1571 1688 1718 1741 quas
1739 1688 1775 1731 a
1802 1687 1900 1733 rer

250 1758 500 1815 centiori
533 1757 957 1830 interpolatore
990 1764 1219 1817 assutae
1240 1758 1444 1824 fuisse,
1473 1759 1686 1819 veteris
1708 1760 1897 1821 Latini

248 1846 614 1918 interpretis,
641 1851 780 1906 tunc
802 1846 1061 1918 primum
1093 1847 1166 1907 ab
1190 1848 1318 1919 ipso
1351 1847 1516 1917 editi,
1540 1848 1760 1907 indicio
1792 1849 1898 1909 de-

244 1936 662 2009 prehenderat.
693 1936 859 1997 Felix
882 1937 995 1993 hoc
1013 1937 1254 2007 quidem
1273 1938 1574 2009 inceptum
1598 1955 1712 2009 quo
1735 1955 1895 2001 reve-

246 2026 465 2086 rendus
490 2042 695 2092 senex,
724 2042 857 2085 cum
884 2026 1128 2095 ingenii,
1145 2026 1360 2098 judicii
1386 2032 1446 2086 et
1465 2027 1750 2087 doctrinas
1775 2045 1903 2100 spe-

246 2116 437 2174 cimen
457 2114 760 2186 singulare
783 2114 1201 2181 exhibuit.tum
1226 2115 1499 2175 Ecclesim
1519 2117 1900 2178 utilissimam

247 2209 302 2261 et
337 2205 505 2264 hisce
559 2203 927 2275 temporibus
982 2204 1236 2265 maxime
1287 2204 1607 2267 salutarem
1659 2223 1901 2278 operam

246 2292 546 2363 praestitit.

323 2380 387 2440 id
415 2398 553 2439 vero
577 2381 651 2443 ad
678 2381 983 2443 cumulum
1018 2382 1288 2450 accessit,
1317 2384 1474 2455 quod
1496 2384 1585 2443 vir
1614 2391 1902 2456 praestari-

251 2471 518 2530 tissimus
538 2475 599 2527 et
618 2472 784 2530 omni
811 2471 1097 2531 doctrinas
1120 2488 1338 2544 genere
1359 2473 1679 2534 admodum
1705 2474 1901 2535 exclur

255 2566 369 2628 tus,
393 2561 630 2620 Isaacus
651 2560 894 2619 Vossius
921 2560 1183 2621 Crmcuzn
1217 2562 1521 2634 exemplar
1540 2564 1743 2634 (quod,
1776 2564 1901 2634 opi-

254 2666 385 2717 nor,
409 2649 659 2704 inﬁnitae
682 2649 953 2705 lectionis
974 2650 1298 2706 Turrianus
1319 2657 1556 2707 centum
1578 2652 1702 2711 fere
1725 2653 1901 2714 anuis

249 2747 385 2801 ante
403 2740 652 2805 viderat,
673 2740 1210 2803 etvetustissimum
1229 2742 1901 2814 emendatissimumque

247 2846 375 2891 esse
404 2835 655 2888 testatus
679 2833 788 2899 est)
810 2845 843 2887 e
864 2828 1122 2891 Medicae
1149 2830 1515 2891 Bibliotheca
1535 2832 1900 2905 exscriptum

242 2919 620 2991 produceret,
649 2919 790 2979 viris
810 2918 1172 2979 doctissimis
1193 2920 1554 2979 amicissime
1573 2924 1902 2981 communi-

240 3014 424 3075 caret,
462 3012 521 3063 et
549 3008 833 3078 quoniam
866 3008 1083 3070 Latinas
1128 3009 1384 3071 versioni
1415 3010 1488 3069 ab
1525 3011 1758 3069 Usserio
1789 3029 1897 3082 pu.

242 3099 477 3156 blicatm
511 3098 779 3169 apprime
814 3114 1141 3157 consonum
1188 3099 1627 3166 animadvertit,
1661 3116 1796 3161 cum
1830 3117 1901 3162 es

243 3188 424 3244 simul
445 3187 915 3259 imprimendum
938 3204 1002 3242 ac
1025 3188 1183 3243 notis
1200 3188 1619 3250 illustrandum
1639 3196 1890 3251 curaret.

2082 601 2407 659 Salmasius
2445 619 2603 673 vero,
2652 602 2913 659 editione
2961 601 3182 659 Usserii
3235 608 3563 673 perspecta,
3600 608 3660 661 et

2009 688 2212 749 codice
2244 691 2522 761 Modiceo,
2550 698 2873 761 antequam
2904 691 3199 757 ederetur,
3223 691 3367 758 viso,
3396 692 3655 748 auctori-

2008 779 2113 839 tati
2135 781 2343 851 Iguatii
2364 781 2628 852 iniquior
2652 782 2841 838 factus
2863 787 2970 838 est.
3005 782 3151 838 Ecce
3185 782 3345 839 enim
3372 784 3431 837 in
3462 784 3655 852 Appa-

2008 874 2140 927 ratu
2162 869 2234 928 ad
2258 869 2441 928 libros
2459 892 2487 922 ‹‹
2508 872 2588 926 De
2611 871 2870 942 primatu
2890 873 3058 942 Papae
3080 887 3093 924 :
3117 870 3338 937 Varias,
3362 870 3660 940 inquit,di-

2007 958 2159 1017 versi
2194 960 2476 1030 temporis
2507 962 2634 1030 ejus
2666 959 2865 1031 operis
2896 960 3387 1031 interpolationes
3419 975 3546 1015 esse
3578 959 3660 1017 fa-

2007 1053 2132 1104 ctas
2148 1048 2352 1106 multis
2375 1049 2634 1105 ostendit
2655 1049 3182 1106 reverendissimus
3204 1053 3265 1104 et
3280 1048 3660 1107 doctissimus

2007 1136 2093 1191 vir
2115 1137 2364 1195 Iacobus
2393 1136 2666 1194 Usserius
2692 1136 3122 1195 Armachanus.
3148 1137 3331 1202 Quale
3363 1143 3561 1194 autem
3589 1135 3660 1192 ab

2006 1232 2247 1284 auctore
2261 1229 2520 1298 primum
2534 1228 2851 1301 prodiit,ne
2864 1229 3186 1300 genuinum
3205 1227 3660 1300 quidemlgnutii

2008 1332 2159 1386 esse,
2179 1333 2419 1388 possum
2440 1318 2601 1373 omni
2617 1319 3050 1374 asseveratione
3072 1318 3449 1374 confirmare.
3472 1340 3501 1368 »
3525 1319 3661 1375 limo

2007 1409 2185 1476 paulo
2206 1406 2486 1463 sedatius.
2516 1408 2654 1473 Qum
2677 1425 2797 1463 non
2823 1410 2992 1480 longe
3017 1414 3150 1479 post
3171 1413 3522 1478 sequuntur,
3538 1406 3659 1463 Sal-

2008 1497 2263 1554 masium
2296 1497 2479 1570 magis
2512 1498 2770 1570 sapiunt.
2809 1523 2834 1551 ιι
2866 1499 2992 1564 Qua
3021 1503 3217 1554 autem
3247 1504 3419 1553 estate
3450 1498 3659 1553 vixerit

2007 1585 2104 1643 hic
2125 1586 2539 1658 impostor,qui
2556 1588 2986 1660 nomenlgnatii
3005 1588 3325 1642 ementitus
3344 1593 3433 1642 est
3449 1587 3509 1642 in
3526 1585 3657 1641 istis

2008 1675 2275 1744 epistolis
2297 1676 3198 1747 conscribendis,inquirendum
3217 1677 3476 1732 est.Nam
3495 1677 3658 1746 igna-

2006 1765 2156 1823 tium
2188 1781 2308 1822 non
2341 1781 2469 1822 esse
2501 1781 2704 1821 earum
2749 1772 3051 1822 auctorem
3089 1770 3206 1821 tam
3255 1772 3479 1825 certum
3514 1770 3656 1836 puto

2010 1870 2189 1926 quam
2208 1871 2301 1912 me
2324 1856 2450 1911 hinc
2471 1854 2752 1912 scribere.
2766 1856 2899 1910 tilio
2915 1872 3058 1911 sane
3078 1872 3293 1927 purum
3311 1861 3516 1926 putum
3536 1854 3659 1909 Sal-

2009 1944 2265 2003 masium
2280 1943 2683 2001 habemus.Ad
2698 1951 2929 2016 tempus
2942 1949 3138 2001 autem
3158 1944 3316 2017 quod
3327 1944 3429 2000 atti
3439 1942 3665 2001 net.im-

2009 2040 2307 2103 postorem
2327 2032 2533 2091 eodem
2559 2050 2693 2089 cum
2713 2033 3025 2091 Valentino
3048 2033 3261 2089 vixisse
3284 2032 3653 2102 suspicatur;

2007 2122 2359 2193 imperante.
2382 2123 3015 2192 nimirum,Antonino,
3031 2128 3132 2179 aut
3148 2127 3307 2179 certe
3330 2121 3438 2181 sub
3462 2123 3651 2179 Marco

2006 2213 2269 2273 Aurelio.
2311 2218 2501 2283 Atque
2534 2213 2660 2269 haec
2699 2218 2789 2268 est
2817 2229 3053 2269 summa
3082 2211 3394 2269 sententim
3428 2210 3654 2271 Salma-

2008 2302 2210 2360 sianm.
2239 2304 2366 2373 [pse
2387 2308 2585 2360 autem
2618 2319 2753 2358 cum
2785 2302 2912 2358 haec
2943 2302 3004 2358 in
3034 2305 3074 2358 Α
3085 2307 3331 2372 pparutu
3360 2306 3479 2357 tam
3510 2304 3655 2355 stre-

2007 2408 2124 2450 nue
2171 2392 2544 2457 asseruisset,
2578 2392 2640 2447 in
2672 2391 2803 2464 ipso
2832 2408 3009 2463 opere
3057 2391 3408 2448 auctoritate
3449 2389 3656 2460 Ignatii

2006 2480 2360 2552 smpiuscule
2388 2482 2591 2538 utitur.
2615 2482 2754 2550 Qum
2780 2496 2914 2537 cum
2941 2479 3188 2536 vidisset
3209 2479 3490 2537 Claudius
3521 2478 3657 2535 Sar—

2008 2571 2225 2639 ravius,
2257 2587 2463 2627 aurem
2494 2570 2778 2627 Salmasio
2809 2569 2975 2626 vellit
3003 2576 3060 2625 et
3086 2567 3399 2625 admonuit
3432 2585 3444 2625 :
3478 2590 3504 2615 α
3532 2569 3655 2622 Non

2008 2658 2220 2730 placet,
2255 2659 2409 2729 quod
2442 2676 2512 2717 ea
2559 2659 2621 2715 in
2649 2660 2946 2728 Apparatu
2993 2657 3218 2728 culpes,
3253 2673 3383 2727 quae
3432 2654 3493 2713 in
3527 2656 3653 2725 ipso

2006 2763 2183 2818 opere
2207 2747 2433 2804 laudas.
2465 2749 2546 2804 De
2566 2747 2884 2818 Ignatianis
2906 2746 3184 2818 Epistolis
3206 2744 3653 2816 iutelligoquas

2006 2834 2069 2894 in
2097 2835 2415 2904 Apparatu,
2442 2834 2543 2905 qui
2573 2834 2738 2906 prior
2784 2833 3015 2905 legitur.
3055 2833 3270 2890 merito
3317 2836 3417 2898 τῆς
3446 2829 3655 2890 νοθείας

2006 2924 2345 2989 revincis,et
2366 2929 2565 2980 tamen
2588 2939 2791 2980 earum
2813 2922 3165 2980 auctoritate
3188 2925 3395 2992 postea
3416 2919 3657 2990 saepius-

2007 3015 2137 3071 cule
2159 3013 2541 3085 uteris,quasi
2564 3018 2765 3069 essent
2783 3012 3081 3084 legitimas,
3102 3027 3213 3069 nec
3236 3009 3440 3067 titulus
3462 3014 3659 3065 aucto-

2007 3120 2132 3162 rem
2153 3103 2527 3161 mentiretur.
2548 3102 2767 3161 Saltem
2786 3101 2859 3160 de
2877 3102 2989 3159 ista
3010 3105 3111 3157 tua
3130 3100 3439 3155 sententiae
3469 3102 3658 3157 muta-

2006 3193 2165 3251 tione
2188 3192 2410 3263 aliquid
2440 3191 2856 3263 signiﬁcasses.
2881 3211 2909 3241 »
2937 3189 3182 3261 Epist.p.
3213 3189 3337 3246 181.
3368 3187 3654 3257 Haec,epi-

241 3279 380 3343 Qum
410 3293 550 3335 cum
592 3282 711 3335 tam
753 3278 941 3335 amice
985 3279 1416 3348 conspirarent,
1451 3295 1573 3339 non
1605 3278 1894 3339 dubitavit
1924 3262 1968 3327 (ἶ
2000 3299 2130 3350 nor,
2164 3282 2228 3341 in
2266 3262 2555 3346 Sarravio.
2592 3280 2850 3341 maximo
2900 3278 3169 3337 Salmasii
3211 3276 3646 3348 byperaspista,

244 3383 513 3425 asserere
540 3366 852 3425 doctorum
882 3366 1141 3427 virorum
1176 3382 1304 3438 par,
1333 3366 1571 3425 easdem
1598 3369 1891 3440 Epistolas

244 3455 478 3515 tandem
514 3471 627 3513 nos
669 3454 909 3521 habere,
947 3470 1095 3525 quas
1142 3455 1350 3513 habuit
1401 3456 1707 3521 Eusebius,
1743 3474 1890 3528 quas

244 3544 430 3603 edidit
462 3544 849 3616 Polycarpus,
882 3559 1028 3615 quas
1057 3544 1295 3615 scripsit
1322 3546 1603 3616 Ignatius.

310 3636 501 3701 Quam
528 3634 667 3691 viris
686 3632 936 3693 eruditis
957 3638 1121 3704 grata
1137 3633 1314 3693 fuerit
1333 3633 1461 3691 hinc
1480 3634 1665 3694 Vossii
1687 3635 1889 3709 editio,

241 3724 330 3781 vel
362 3723 505 3782 inde
533 3727 714 3794 patet,
748 3721 909 3792 quod
962 3722 1241 3783 Claudius
1291 3724 1619 3792 Sarravius,
1651 3731 1893 3787 senator

241 3811 614 3880 Parisiensis,
640 3811 714 3869 ab
739 3811 868 3882 ipso
890 3811 951 3869 in
974 3810 1133 3871 notis
1158 3810 1349 3869 obiter
1369 3810 1664 3881 laudatus,
1689 3814 1740 3869 ei
1764 3815 1891 3874 huic

238 3901 652 3972 rescripserit:
690 3921 718 3950 ιι
741 3903 862 3973 Ago
894 3900 1096 3971 itaque
1126 3900 1367 3973 gratias,
1397 3916 1504 3973 ago
1533 3902 1750 3973 gratias
1781 3903 1889 3961 tibi

238 4012 367 4052 sum
380 3993 619 4061 mas,mi
649 3993 809 4049 Vossi
826 4008 840 4058 ;
857 3997 1143 4051 aeternum
1162 3994 1322 4051 enim
1341 4010 1434 4051 me
1454 3994 1555 4051 tibi
1575 3994 1888 4055 devinxisti

236 4088 402 4141 tanto
421 4088 479 4141 et
498 4088 620 4141 tam
636 4082 922 4153 praeclaro
936 4098 1075 4153 erga
1090 4082 1507 4141 immerentem
1524 4084 1886 4143 testimonio.

238 4174 420 4229 Video
445 4172 608 4231 enim
640 4172 718 4229 ibi
754 4172 972 4230 famam
1003 4188 1197 4232 meum
1231 4173 1548 4231 mternituti
1580 4191 1887 4231 consecra-

238 4270 378 4331 tam,
415 4278 486 4319 eo
516 4265 925 4329 monumento,
948 4261 1106 4332 quod
1138 4277 1279 4321 saxa
1308 4267 1366 4319 et
1394 4279 1691 4321 marmora
1716 4262 1889 4321 durav

240 4353 398 4409 tione
431 4351 650 4409 vincat.
684 4370 714 4401 »

307 4444 502 4506 Quare
532 4439 730 4498 statim
757 4455 826 4499 ex
856 4439 1320 4510 protestantibus
1340 4439 1606 4498 Andreas
1628 4442 1887 4511 Rivetus,

241 4547 372 4590 cum
405 4531 459 4585 ei
493 4529 765 4587 Usserius
795 4545 1004 4588 novam
1036 4529 1245 4601 lgnatii
1276 4546 1347 4589 ex
1378 4533 1558 4589 veteri
1591 4533 1740 4588 libro
1765 4532 1890 4588 edi-

2001 3372 2178 3430 etiam
2212 3370 2299 3427 illi
2330 3370 2483 3429 ferre
2514 3376 2780 3441 possunt,
2814 3369 2916 3440 qui
2948 3367 3154 3427 eadem
3185 3367 3247 3425 in
3277 3363 3647 3423 Hammondo

1998 3476 2118 3517 non
2150 3460 2368 3519 ferunt.

2071 3549 2250 3604 David
2282 3549 2460 3603 etiam
2515 3547 2877 3615 Blondellus,
2910 3552 2976 3603 ut
3022 3547 3149 3617 ipse
3198 3545 3258 3603 in
3293 3542 3647 3603 Prmfatione

1998 3639 2296 3710 Apologiee
2326 3637 2562 3707 fatetur,
2598 3637 3039 3708 quamprimum
3073 3633 3459 3705 epistolarum
3487 3631 3615 3702 prio
3635 3660 3655 3670 -

1996 3744 2128 3788 rum
2162 3744 2264 3787 sex
2294 3728 2530 3786 Isaacus
2578 3727 2818 3784 Vossius
2858 3725 3090 3795 copiam
3138 3724 3299 3791 fecit,
3332 3738 3431 3778 eas
3461 3719 3647 3775 avidis

1998 3817 2188 3877 oculis
2211 3816 2432 3881 hausit,
2457 3831 2638 3874 manu
2663 3813 2903 3885 propria
2924 3812 3256 3883 descripsit,
3287 3828 3418 3867 cum
3452 3809 3649 3869 citatis

1997 3923 2030 3965 a
2060 3906 2356 3965 veteribus
2387 3905 2533 3960 locis
2564 3903 2828 3963 studiose
2876 3901 3150 3968 contulit,
3183 3900 3400 3957 saeculo
3445 3903 3649 3955 nostro

1995 3994 2340 4067 gratulatus,
2375 3992 2532 4064 quod
2566 3990 2711 4051 illud
2760 3990 2953 4059 ipsum
2987 3987 3309 4057 exemplar,
3343 4003 3459 4056 quo
3507 3990 3644 4043 ante

1997 4086 2135 4139 4300
2165 4099 2354 4141 annos
2384 4098 2525 4139 usus
2557 4086 2681 4141 erat
2710 4078 3020 4144 Eusebius,
3043 4092 3252 4137 novam
3284 4075 3396 4144 ipsi
3430 4089 3643 4144 prope-

1996 4172 2152 4232 diem
2171 4171 2514 4231 atl‘ulsuram
2532 4170 2724 4229 lucem
2744 4167 3065 4239 sponderet
3091 4165 3203 4225 Sed
3224 4168 3539 4236 postquam
3558 4166 3640 4219 at-

1994 4262 2249 4319 tentiore
2272 4260 2474 4321 animo
2504 4258 2868 4329 singularum
2892 4260 2951 4310 et
2976 4254 3220 4327 phrasin
3252 4257 3308 4306 et
3330 4251 3644 4311 materiam

1996 4354 2054 4407 et
2082 4349 2354 4409 ordinem
2379 4347 2678 4419 expendit,
2704 4345 3076 4404 blandientes
3100 4349 3274 4401 antea
3306 4357 3440 4412 spes
3470 4339 3646 4411 pudi—

1992 4437 2230 4499 bundus
2257 4438 2515 4510 abjicere
2542 4442 2801 4499 coactus,
2824 4434 2994 4493 bonae
3026 4439 3265 4495 Patrum
3295 4430 3428 4487 fidei
3454 4431 3649 4499 impu-

1995 4529 2209 4587 denter
2238 4528 2478 4585 illusum
2510 4526 2714 4589 doluit,
2751 4531 2809 4583 et
2836 4523 3200 4595 argumentis
3233 4520 3585 4591 quibusdam
3611 4533 3645 4577 ει

244 4620 465 4675 tionem
522 4616 1042 4681 communicasset,
1076 4619 1136 4673 in
1165 4618 1375 4677 ultima
1411 4620 1604 4677 Critici
1631 4623 1719 4677 sui
1745 4624 1891 4677 sacri
1920 4603 1966 4668 D
1998 4618 2202 4690 priori,
2224 4634 2401 4688 quam
2424 4616 2496 4671 de
2523 4614 2843 4686 lgnatianis
2865 4612 3133 4684 epistolis
3157 4609 3491 4674 imbiberat,
3516 4606 3646 4676 opi-

239 4707 648 4780 recognitione
673 4705 836 4762 illius
860 4706 1155 4778 judicium
1180 4713 1418 4767 secutus
1446 4714 1570 4765 est:
1607 4714 1665 4765 et
1694 4728 1767 4767 ex
1795 4712 1887 4766 Jep

238 4799 409 4855 suitis
457 4795 757 4859 Petavius,
807 4795 1022 4859 Graecis
1076 4796 1261 4854 Vossii
1312 4802 1369 4853 et
1417 4797 1637 4854 Latinis
1669 4799 1889 4854 Usserii

237 4885 574 4958 conspectis
599 4900 612 4942 :
636 4885 781 4949 Haec,
807 4884 1022 4954 inquit,
1046 4907 1075 4939 ‹‹
1099 4885 1358 4956 prudens
1381 4892 1439 4943 et
1449 4888 1615 4956 justa
1632 4888 1888 4959 suspicio

233 4982 340 5043 est,
377 4974 515 5035 illas
549 4988 682 5030 esse
711 4973 1000 5042 genuinas
1034 4974 1238 5040 lgnatii
1264 4974 1572 5045 Epistolas,
1598 4992 1746 5046 quas
1771 4992 1886 5033 an-

233 5066 539 5136 tiquorum
571 5077 905 5121 consensus
954 5060 1282 5121 illustribus
1326 5063 1686 5121 testimoniis
1726 5082 1889 5121 com-

235 5154 545 5211 mendutas
562 5157 625 5209 et
645 5149 1002 5221 approbatas
1018 5150 1318 5221 reliquit.»
1336 5152 1499 5211 Idem
1516 5153 1694 5210 etiam
1714 5155 1887 5226 judi.

230 5243 384 5303 cium
410 5240 637 5302 Nicolai
660 5238 896 5299 Fabroti
916 5238 1046 5304 fuit,
1066 5244 1131 5295 ut
1148 5241 1471 5301 ostendunt
1487 5247 1641 5303 notm
1663 5243 1792 5315 ejus
1815 5242 1888 5300 ad

230 5331 612 5389 Anastasium
688 5350 717 5379 α
768 5328 825 5383 S.
876 5326 1157 5398 Igiiatius,
1207 5329 1468 5399 Epistoia
1497 5329 1572 5387 ad
1602 5330 1888 5401 Ephesios

231 5420 435 5488 (edidit
453 5418 734 5477 eruditus
749 5415 1080 5475 virlsaacus
1099 5417 1411 5477 Vossiusiet
1424 5421 1613 5477 statim
1635 5419 1890 5477 Pseudor

236 5509 483 5581 lgnatius
508 5510 567 5564 in
592 5503 857 5577 epistola
885 5503 961 5561 ad
992 5506 1414 5571 Antiochenos,
1439 5513 1491 5563 et
1522 5509 1679 5572 alibi,
1716 5511 1889 5567 Vetus

238 5600 520 5673 interpres
543 5594 841 5669 Epistula:
867 5591 941 5647 ad
962 5593 1392 5664 l’hilippenses,
1421 5613 1554 5666 quae
1581 5598 1615 5651 S
1663 5599 1888 5670 lgnatio

236 5687 695 5753 ascribitumlta
707 5682 817 5745 ille
836 5681 1124 5752 genuinas
1141 5682 1431 5754 Epistolas
1452 5700 1485 5743 a
1497 5686 1715 5757 spuriis
1732 5703 1888 5759 saepe

2001 4708 2177 4764 nione
2196 4705 2607 4777 depulsuseas
2629 4719 2837 4765 omnes
2862 4699 3267 4773 supposititias
3285 4698 3526 4753 credere
3549 4712 3648 4750 co-

2000 4804 2165 4856 actus
2195 4801 2303 4853 est.
2350 4797 2551 4865 Ipsum
2599 4798 2797 4851 autem
2846 4791 3252 4861 impostorem,
3286 4787 3386 4855 qui
3442 4783 3645 4855 ignatii

1997 4885 2276 4955 martyris
2306 4899 2527 4941 nomen
2557 4887 2805 4952 septem,
2838 4878 3112 4944 Eusebio,
3143 4874 3485 4936 Athanasio,
3513 4873 3643 4926 Hie-

1998 4990 2243 5046 ronymo
2274 4971 2550 5039 laudatis,
2574 4968 2848 5041 Epistolis
2867 4965 3160 5039 appinxit,
3185 4963 3356 5035 longe
3385 4965 3514 5032 post
3535 4976 3640 5017 an—

2000 5080 2143 5124 num
2175 5061 2565 5120 centesimum
2597 5057 3119 5129 quadragesimum
3144 5057 3440 5125 quartum,
3475 5051 3647 5105 adeo-

1999 5169 2113 5223 que
2140 5158 2275 5223 post
2295 5149 2610 5207 tlementis
2632 5145 3035 5213 Alexandrini,
3061 5150 3180 5201 toto
3212 5143 3335 5199 fere
3365 5145 3643 5196 centena-

1994 5245 2083 5295 rio
2114 5240 2336 5312 lgnatio
2367 5236 2734 5309 posterioris,
2769 5235 3018 5299 obitum,
3050 5232 3348 5303 prodiisse
3384 5228 3587 5287 tradit.

2067 5332 2401 5398 Antequam
2428 5328 2550 5387 hinc
2577 5342 2610 5381 a
2633 5322 2940 5383 Blondello
2967 5321 3303 5384 ederentur,
3330 5322 3645 5387 postquam

1997 5435 2133 5479 vero
2165 5417 2236 5477 ab
2267 5415 2570 5485 opinione,
2598 5428 2775 5482 quam
2798 5428 2828 5466 e
2860 5410 3119 5469 Mediceo
3150 5407 3350 5465 codice
3382 5406 3641 5477 primum

1998 5506 2331 5572 imbiberat,
2355 5502 2639 5574 depulsus
2663 5498 3074 5569 est,sententia
3096 5498 3225 5568 ejus
3250 5495 3478 5567 Hugoni
3498 5496 3641 5551 Groe

1997 5597 2229 5663 tio,viro
2252 5594 2531 5660 maxime.
2558 5590 2838 5657 innotuit,
2864 5587 2986 5660 qui,
3009 5586 3152 5658 quid
3172 5586 3244 5645 de
3277 5602 3347 5647 ea
3371 5584 3637 5644 sentiret.

1999 5690 2061 5750 in
2087 5684 2340 5757 epistola
2358 5682 2433 5747 sd
2454 5681 2778 5746 Gerardum
2800 5677 3069 5741 Vossium
3092 5675 3231 5740 data
3252 5679 3536 5747 protenus
3557 5672 3640 5729 si—
