3972 6306
268 370 351 431 63
1350 369 1422 427 S.
1465 366 1864 431 IGNATIUS.
1918 404 1988 416 -—
2035 370 2646 437 PROLEGONENA.
2994 405 3003 411 -
3614 370 3692 427 64

280 504 614 577 gniﬁcavit:
648 524 677 553 «
710 501 1069 568 Blondellus,
1102 516 1329 573 magnae
1350 501 1439 555 vir
1459 500 1800 573 diligentiae,
1825 504 1929 559 sed
1957 507 2011 573 Α
2053 506 2338 563 Salmasio
2359 513 2419 563 et
2437 507 2741 563 Blondello
2766 523 2780 574 ;
2804 504 3253 562 dissertationes
3277 507 3547 575 quatuor,
3565 504 3695 575 qui-

277 612 399 651 suaa
417 595 567 666 parti
581 610 761 665 super
773 608 1010 662 aequum
1025 590 1465 661 addictus,quid
1482 589 1553 645 de
1567 591 1859 664 episcopis
1873 598 1932 648 et

284 683 646 754 presbyteris
678 683 914 747 sentiat,
947 699 1019 736 ex
1049 681 1285 752 script,s
1316 682 1445 752 ejus
1476 682 1729 738 antehac
1758 683 1934 739 editis

280 787 401 825 non
416 771 733 827 obscurum
749 770 1232 842 est.Imprimitur
1250 786 1408 825 nunc
1423 770 1851 841 apudBlavium
1866 772 1933 825 li-

281 860 387 916 ber
399 862 528 933 ejus
544 861 883 932 specialiter
895 860 965 915 de
984 876 1052 914 eo
1075 865 1423 931 argumento
1449 860 1719 932 :Cognovi
1734 865 1934 916 autem

282 970 352 1008 ex
369 967 643 1006 sermone
656 950 843 1020 ipsius
857 948 1095 1004 omnino
1111 964 1248 1003 eum
1262 947 1374 1003 hoc
1388 964 1559 1021 agere
1573 950 1723 1005 velle
1735 955 1819 1015 ,ut
1836 950 1936 1006 ali-

285 1039 428 1111 quid
451 1040 711 1110 reperiat
729 1038 891 1095 unde
913 1038 1131 1093 famam
1154 1041 1472 1108 spargat,te
1496 1038 1556 1091 in
1579 1053 1647 1093 ea
1668 1055 1734 1093 re
1757 1039 1932 1109 plane

283 1145 486 1185 secum
509 1128 727 1184 sentire
777 1127 987 1199 Ignatii
1009 1126 1324 1198 Epistolas,
1347 1132 1493 1197 quas
1516 1126 1674 1183 ﬁlius
1706 1133 1840 1184 tuus
1862 1146 1934 1185 ex

278 1219 449 1274 Italia
467 1218 632 1273 attuli
646 1224 664 1271 t
678 1234 857 1289 puras
874 1216 946 1272 ab
965 1215 1243 1272 omnibus
1263 1216 1495 1286 iis,quaa
1514 1216 1725 1272 eruditi
1744 1218 1939 1273 hacte-

283 1326 397 1363 nus
420 1314 694 1379 suspecta
716 1305 1138 1375 habuere,ideo
1159 1305 1473 1360 admittere
1497 1322 1618 1360 non
1642 1306 1937 1377 vult,quia

290 1398 737 1468 episcopatuum
786 1395 1063 1449 vetustati
1112 1393 1338 1449 clarum
1369 1392 1638 1465 praebent
1668 1395 1935 1451 testimo-

284 1486 851 1556 nium.Argumento
869 1484 986 1539 alio
1004 1500 1123 1538 non
1147 1483 1537 1553 utitur,quam
1563 1484 1721 1554 quod
1737 1485 1801 1540 in
1816 1486 1938 1541 illis

287 1575 467 1630 verba
480 1574 750 1646 quaedam
765 1572 1151 1645 appareantel
1161 1572 1465 1645 egantiora
1478 1589 1656 1643 quam
1670 1575 1865 1630 solent
1876 1576 1939 1630 in

292 1664 755 1736 apostolicorum
776 1663 1010 1734 scriptis
1025 1662 1272 1732 reperiri
1291 1678 1304 1715 :
1322 1662 1529 1732 quales
1546 1669 1685 1718 sunt
1700 1661 1939 1732 ἀξιέπαι-

188 1773 194 1781 ·
288 1773 395 1823 νοι,
416 1751 933 1823 ἆξιθμνημόνευτοι,
954 1756 1012 1806 et
1037 1750 1406 1806 similia.Dixi
1424 1754 1717 1823 ego,paris
1739 1770 1941 1809 mone-

287 1850 362 1900 tae
383 1843 667 1899 vocabula
687 1859 808 1897 non
838 1858 1026 1914 pauca
1048 1858 1178 1897 esse
1211 1841 1272 1897 in
1302 1841 1624 1897 Clementis
1656 1844 1936 1914 Epistola,

289 1951 467 2006 quam
492 1908 977 2019 suspectam-non
999 1932 1180 1988 habet
1203 1950 1215 1986 :
1241 1931 1560 1989 adbwsisse
1590 1908 1721 1989 haec
1742 1935 1844 1990 diu
1871 1908 1940 1990 ea
1971 1908 2016 1973 B

285 2023 543 2081 lectione
575 2025 934 2090 Graecorum,
967 2023 1068 2093 qui
1100 2021 1347 2077 nitidius
1388 2022 1768 2094 scripserant.
1801 2045 1830 2074 ››

367 2113 815 2184 Quamprimum
834 2117 1031 2168 autem
1048 2110 1738 2167 Blondellianainlucem
1754 2113 1946 2185 prodi-

294 2207 451 2272 rent,
475 2208 533 2257 et
556 2203 790 2257 Isaacus
822 2201 1061 2255 Vossius
1091 2199 1356 2255 codicem
1384 2201 1733 2268 Mediceum,
1766 2218 1944 2273 quem

301 2297 423 2346 tam
446 2291 699 2346 feliciter
716 2289 1000 2356 ediderat,
1024 2293 1146 2344 tam
1171 2289 1327 2345 male
1351 2294 1668 2345 tractatum
1696 2290 1944 2360 videret,

301 2381 500 2436 statim
525 2379 778 2451 epistola
797 2378 871 2433 ad
894 2377 1161 2434 Rivetum
1182 2378 1444 2434 rationes
1468 2380 1948 2450 prescripsit,cur

301 2486 439 2527 eum
470 2486 591 2525 non
622 2470 866 2524 omnino
898 2484 1237 2540 permovere
1282 2469 1583 2540 potuerint
1620 2454 1948 2540 argumenta

300 2559 424 2624 illa,
455 2575 577 2630 quae
606 2559 782 2613 David
827 2557 1147 2613 Blondellus
1174 2558 1248 2613 ad
1293 2559 1643 2614 evertendam
1672 2559 1941 2629 Epistola-

308 2664 429 2703 rum
449 2649 661 2717 Ignatii
679 2649 967 2702 veritatem
988 2647 1195 2701 attulit.
1223 2648 1367 2703 Huic
1389 2648 1651 2719 epistola)
1674 2648 1949 2704 Blondel-

292 2738 389 2792 lus
412 2736 691 2792 adnotata
740 2753 846 2791 sua
888 2736 1159 2808 aspersit,
1210 2741 1269 2791 et
1298 2744 1585 2808 praeterea
1634 2737 1943 2792 stricturas

299 2826 587 2897 quasdam
610 2824 684 2880 ad
708 2824 896 2881 Vossii
920 2827 1096 2880 Notas
1116 2830 1253 2880 ante
1276 2824 1497 2892 editas;
1523 2825 1738 2897 quibus
1763 2825 1949 2882 altera

297 2914 604 2986 prolixiori
622 2914 871 2985 epistola
883 2914 1228 2970 adRivetum
1246 2915 1470 2986 pariter
1485 2915 1697 2970 misssa
1714 2916 1947 2970 Isaacus

299 3009 571 3059 accurate
617 3003 946 3075 respondit.
980 3003 1114 3058 Haec
1153 3009 1351 3058 autem
1393 3004 1594 3059 omnia
1623 3021 1759 3059 cum
1790 3004 1947 3075 apud

298 3096 493 3167 ipsum
513 3093 788 3149 Vossium
817 3094 919 3148 diu
948 3092 1312 3156 delituerint,
1337 3111 1443 3165 pro
1476 3109 1710 3149 summa
1732 3094 1946 3149 huma-

294 3185 497 3250 nitate,
533 3187 592 3238 et
610 3183 794 3239 bonas
811 3182 1040 3238 litteras
1050 3182 1296 3253 juvandi
1317 3182 1533 3250 studio,
1567 3199 1684 3254 quo
1702 3200 1822 3254 pra)
1840 3201 1949 3239 ca)-

2042 595 2151 651 bus
2174 596 2549 668 epiSCOpatus
2563 598 2703 669 jura
2725 613 2796 651 ex
2810 595 3030 651 sanctis
3049 593 3364 665 Scripturis
3379 598 3438 647 et
3456 593 3694 664 primas-

2040 700 2111 740 va
2135 686 2489 756 antiquitate
2520 690 2888 749 astruuntur,
2922 682 3129 750 edidit,
3163 687 3221 737 et
3251 698 3456 737 earum
3480 698 3693 737 secun-

2041 773 2179 828 dam
2199 774 2271 831 de
2294 774 2505 847 Ignatii
2524 774 2761 844 scriptis
2783 773 3131 828 instituit.ln
3149 771 3254 826 illa
3265 776 3464 826 autem
3481 769 3696 825 disser-

2041 863 2265 917 tatione
2288 864 2478 935 primo
2495 862 2783 934 quidquid
2800 862 2874 917 ad
2893 862 2999 916 has
3016 860 3243 932 Ignatio
3266 859 3357 932 abj
3366 859 3694 916 udicandas

2042 951 2321 1022 epistolas
2343 952 2568 1008 dictum
2586 951 3054 1019 est,solemniter
3074 949 3148 1004 ad
3166 963 3416 1004 examen
3436 949 3693 1013 vocavit;

2043 1044 2304 1099 secundo
2336 1043 2609 1114 quaedam
2660 1042 2909 1110 addidit,
2932 1058 3063 1113 quae
3094 1040 3435 1097 earumdem
3487 1045 3685 1095 aucto-

2041 1132 2281 1187 ritatem
2314 1132 2639 1188 stabiliant.

2115 1222 2203 1277 Ad
2232 1222 2360 1277 hinc
2394 1221 2741 1278 Hammondi
2772 1221 2925 1277 nihil
2960 1220 3304 1284 Salmasius,
3339 1219 3489 1273 nihil
3519 1217 3696 1273 Blon-

2044 1309 2233 1365 dellus
2264 1312 2547 1381 reposuit.
2600 1311 2768 1366 Domi
2818 1316 3017 1366 autem
3064 1308 3397 1381 theologus,
3440 1308 3697 1363 Joannes

2042 1400 2292 1454 Owenus
2340 1406 2576 1455 nostras
2629 1400 2690 1454 in
2741 1399 3092 1454 Praefatione
3142 1397 3398 1468 quadam
3451 1396 3695 1469 Anglice

2048 1489 2271 1560 scripta
2300 1489 2490 1544 multa
2519 1489 2579 1543 in
2612 1489 3085 1544 Hammondiana
3109 1486 3318 1558 Ignatii
3351 1485 3697 1541 defensione

2044 1579 2263 1651 culpat,
2297 1597 2429 1651 quae
2460 1580 2745 1652 peculiari
2779 1581 3020 1651 scripto,
3053 1580 3257 1651 lingua
3287 1578 3468 1634 etiam
3493 1582 3699 1633 nostra

2046 1670 2455 1725 Hammondus
2485 1669 2769 1725 defendit.
2806 1671 2935 1725 Non
2964 1676 3165 1725 tamen
3208 1669 3456 1723 Owenus
3490 1683 3698 1721 eorum

2046 1759 2404 1814 sententiam
2427 1758 2658 1830 probat,
2683 1758 2785 1830 qui
2815 1758 3100 1829 epistolas
3131 1774 3338 1813 omnes
3358 1756 3698 1829 Ignatianas

2051 1852 2328 1918 tanquam
2364 1847 2533 1903 ﬁctas
2565 1853 2625 1903 et
2653 1847 3061 1919 supposititias
3098 1846 3367 1902 absolute
3415 1844 3703 1900 condem-

2047 1941 2193 1991 nant
2221 1936 2373 1992 :imo
2402 1937 2464 1991 in
2496 1952 2701 1992 earum
2721 1935 3023 2007 aliquibus
3052 1952 3269 1991 suavem
3299 1940 3352 1990 et
3369 1936 3699 2004 gratiosum,

2046 2031 2114 2081 ut
2142 2030 2439 2081 nostrates
2464 2025 2814 2097 loquuntur,
2835 2026 2984 2094 fidei,
3008 2024 3340 2088 dilectionis,
3364 2026 3700 2091 sanctitatis,

2045 2123 2101 2172 et
2131 2115 2235 2170 zeli
2265 2115 2362 2170 Dei
2407 2115 2675 2187 spiritum
2727 2115 3031 2186 spirantem
3076 2121 3129 2169 et
3175 2117 3487 2185 operantem
3515 2129 3705 2185 agno-

2051 2205 2181 2261 scit.
2210 2205 2462 2259 Ministri
2487 2205 2667 2260 etiam
2691 2204 3096 2260 Londinenses
3116 2220 3252 2259 cum
3274 2203 3555 2259 Sculteto.
3591 2204 3705 2257 Ve-

2051 2294 2208 2350 delio
2258 2299 2316 2349 et
2364 2293 2564 2349 Riveto
2616 2294 2872 2365 professi
2924 2299 3062 2348 sunt
3091 2309 3153 2348 se
3201 2292 3449 2349 minime
3492 2308 3706 2347 omnes

2049 2382 2370 2454 reprobare
2401 2401 2414 2449 ;
2441 2382 2545 2438 sed
2567 2383 2650 2437 ita
2679 2382 2752 2438 de
2778 2381 3132 2454 corruptelis
3161 2382 3341 2438 locuti
3369 2386 3528 2447 sunt,
3550 2396 3620 2436 ac
3650 2381 3705 2436 si

2052 2470 2345 2527 editiones
2386 2470 2605 2526 Usserii
2656 2470 2968 2541 Vossiique
3016 2486 3325 2542 nunquam
3373 2469 3701 2537 vidissent;

2050 2564 2210 2615 certe
2233 2560 2378 2631 quid
2400 2560 2471 2615 de
2495 2559 2776 2632 Epistolis
2798 2558 3096 2615 defaacatis
3116 2559 3429 2628 sentirent,
3452 2557 3704 2613 minime

2052 2649 2412 2704 indicarunt.

2123 2737 2478 2811 Theophilus
2500 2744 2699 2795 autem
2721 2738 3078 2810 Raynaudus
3100 2738 3163 2793 in
3184 2737 3586 2793 Erotematibus
3606 2753 3709 2791 ne-

2051 2832 2149 2900 gat
2162 2827 2474 2899 epistolam
2493 2828 2567 2883 ad
2581 2828 3139 2899 MariamDeiparam
3157 2844 3287 2883 esse
3307 2826 3702 2897 lgnatianam.

2053 2937 2081 2967 «
2104 2916 2425 2988 Epistolam
2449 2923 2671 2972 tamen.
2696 2918 2903 2987 inquit,
2926 2916 2999 2971 ad
3026 2916 3267 2971 Mariam
3295 2913 3707 2971 Cassoboliten

2054 3022 2183 3061 esse
2214 3006 2270 3061 S.
2306 3006 2517 3077 Ignatii
2548 3006 2751 3061 fretum
2782 3006 3128 3079 genuinum,
3158 3010 3321 3060 extra
3358 3009 3706 3060 controver-

2053 3095 2200 3150 siam
2251 3112 2453 3166 pono;
2499 3094 2789 3166 quidquid
2847 3094 3210 3150 contrarium
3251 3094 3421 3165 pauci
3457 3092 3705 3164 quidam

2054 3183 2289 3240 sectarii
2323 3183 2697 3240 eﬂutiverint.
2733 3205 2760 3234 n

296 3273 441 3329 teris
490 3272 765 3327 omnibus
809 3272 951 3326 viris
995 3270 1184 3326 doctis
1226 3271 1471 3341 ﬂagrare
1519 3270 1769 3340 videtur,
1801 3274 1942 3328 mihi
1972 3259 2014 3325 C
2126 3272 2471 3329 Edmundus
2496 3274 2673 3328 etiam
2699 3273 3041 3328 Albertinus
3061 3272 3279 3328 Usserii
3306 3271 3709 3344 responsioni-

300 3362 545 3418 tandem
566 3361 627 3415 in
649 3363 760 3416 hac
778 3377 956 3415 arena
980 3360 1290 3416 desudanti
1310 3361 1671 3416 amicissime
1694 3379 1953 3419 commu-

304 3450 541 3517 nicavit,
566 3456 624 3505 et
649 3449 995 3523 efllagitanti
1016 3455 1083 3504 ut
1106 3466 1236 3505 cum
1263 3450 1485 3506 nostris
1506 3451 1843 3523 ederentur,
1869 3454 1948 3509 li-

300 3540 649 3596 bentissime
683 3538 998 3594 concessit.

374 3628 708 3694 Quinetiam
724 3626 1202 3698 archiepiscopus
1220 3630 1628 3686 Armachanus
1643 3631 1707 3685 in
1722 3634 1953 3704 Appen-

304 3718 455 3786 dice,
481 3717 747 3788 proximo
769 3723 905 3788 post
922 3716 1208 3771 Blondelli
1228 3718 1573 3791 Apologiam
1590 3735 1747 3776 anno
1771 3722 1949 3791 edita,

302 3808 507 3864 mirari
536 3808 679 3862 satis
711 3824 771 3862 se
814 3823 935 3862 non
979 3807 1243 3878 potuisse
1290 3809 1622 3879 proﬁtetur,
1656 3811 1803 3866 duos
1842 3812 1951 3866 hos

306 3897 504 3970 magni
537 3896 796 3951 nominis
843 3897 1020 3964 viros,
1054 3896 1405 3952 Salmasium
1452 3904 1512 3953 et
1550 3900 1949 3971 Blondellum,

306 3989 438 4059 conj
449 3989 665 4044 ecturis
688 3988 810 4042 suis
832 3992 1063 4043 tantum
1086 3988 1525 4050 tribuisse,cum
1554 3990 1858 4061 Polycarpi
1877 3989 1953 4044 ad

306 4079 577 4150 Philippe
588 4094 724 4133 nses
746 4076 992 4142 litteras,
1020 4076 1233 4147 quibus
1254 4078 1587 4149 lgnatianas
1608 4095 1643 4134 a
1664 4096 1726 4134 se
1751 4078 1954 4151 subje-

307 4174 433 4225 ctas
456 4168 639 4223 fuisse
670 4167 797 4237 ipse
818 4166 1153 4232 conﬁrmat,
1175 4182 1487 4237 germanas
1516 4166 1701 4222 fuisse
1724 4167 1952 4223 fatean-

305 4262 426 4323 tur,
458 4261 517 4310 et
545 4256 651 4309 has
683 4255 841 4324 ipsas
872 4270 1003 4325 quae
1033 4255 1256 4325 Ignatio
1288 4255 1635 4309 tribuuntur
1663 4256 1953 4327 Epistolas

306 4346 367 4400 in
391 4343 652 4399 Mediceo
674 4341 878 4396 codice
899 4358 933 4396 a
955 4343 1197 4396 novitiis
1219 4343 1578 4397 assumentis
1604 4343 1844 4400 demum
1870 4345 1952 4399 li-

308 4434 691 4500 beratas,nou
718 4432 913 4486 minus
936 4447 1114 4501 quam
1146 4431 1454 4503 Polycarpi
1481 4433 1690 4503 ipsam,
1717 4434 1953 4489 Eusebii

306 4520 675 4594 temporibus
691 4519 751 4573 in
772 4519 1037 4574 omnium
1055 4519 1331 4575 manibus
1354 4520 1535 4575 fuisse
1558 4537 1679 4575 non
1703 4528 1951 4594 negent;

2056 3363 2168 3419 bus
2199 3368 2257 3419 et
2288 3363 2641 3418 Hammondi
2674 3362 3076 3418 dissertationi
3115 3362 3357 3417 minime
3387 3361 3704 3432 acquievit,

2058 3452 2161 3507 sed
2192 3452 2255 3506 in
2287 3451 2457 3506 libris
2491 3454 2566 3507 De
2603 3451 2953 3507 Eucharistia
2984 3451 3185 3507 Latine
3230 3450 3403 3505 editis
3434 3450 3709 3505 decreto-

2057 3540 2209 3595 riam
2242 3541 2600 3597 sententiam
2631 3541 2695 3596 in
2724 3541 2852 3595 haec
2876 3540 3053 3595 verba
3073 3539 3322 3612 protulit
3349 3556 3362 3594 :
3387 3562 3415 3590 «
3449 3540 3576 3594 Non
3603 3555 3708 3594 ne-

2056 3630 2313 3701 gaverim
2334 3630 2626 3702 Ignatium
2650 3630 2930 3702 epistolas
2951 3629 3182 3701 aliquas
3204 3628 3509 3700 scripsisse
3535 3647 3548 3683 :
3573 3628 3704 3695 sed,

2058 3720 2107 3774 si
2131 3734 2278 3788 quas
2307 3718 2565 3790 scripsit,
2596 3717 2712 3772 illaa
2742 3719 3086 3790 perierunt:
3112 3723 3172 3773 et
3200 3718 3399 3789 plures
3429 3717 3561 3773 alia;
3590 3716 3704 3772 sub

2058 3807 2217 3863 illius
2231 3807 2473 3862 nomine
2491 3807 2648 3862 circa
2661 3807 2920 3863 medium
2943 3806 3186 3863 secundi
3201 3806 3402 3863 saeculi
3416 3806 3708 3877 composi-

2058 3901 2131 3951 tae
2151 3902 2383 3965 sunt,ac
2400 3897 2634 3952 incaute
2653 3902 2711 3951 et
2726 3896 2948 3968 absque
2967 3896 3240 3951 examine
3258 3895 3597 3951 aveteribus
3613 3911 3708 3949 re-

2057 3987 2375 4056 ceptae.»Et
2395 3985 2603 4040 eodem
2628 4001 2785 4040 anno
2805 3987 3063 4040 Joannes
3083 3984 3361 4051 Dallaeus,
3391 3983 3545 4038 libro
3567 4007 3593 4033 α
3620 3985 3708 4040 De

2050 4077 2302 4148 jejuniis
2331 4083 2391 4132 et
2436 4078 2894 4149 Quadragesima
2930 4079 3110 4138 tertio.
3145 4079 3355 4132 Totum
3403 4076 3515 4131 hoc
3545 4076 3709 4145 quod

2059 4166 2269 4237 Ignatii
2288 4165 2530 4220 nomine
2553 4165 2968 4221 circumfertur
2989 4165 3385 4237 Epistolarum
3401 4181 3550 4236 opus
3571 4181 3709 4235 sup-

2059 4253 2388 4324 posititium
2414 4270 2563 4319 esse,
2580 4254 3076 4323 sanctissimoque
3092 4254 3339 4325 martyri
3355 4270 3477 4309 non
3500 4253 3708 4324 paucis

2060 4347 2195 4412 post
2216 4342 2344 4412 ejus
2368 4346 2619 4397 mortem
2641 4343 2817 4397 annis
2847 4342 2996 4398 falso
3019 4348 3077 4398 et
3101 4360 3204 4414 per
3227 4342 3495 4397 fraudem
3519 4343 3709 4396 ascri-

2060 4434 2226 4501 ptum
2260 4431 2444 4486 fuisse
2476 4437 2596 4486 tam
2630 4431 2999 4486 evidentibus
3030 4436 3192 4503 patet
3221 4430 3616 4496 documentis,
3640 4436 3710 4486 ut

2061 4519 2280 4574 mirum
2296 4520 2551 4587 sit,hanc
2566 4521 2959 4593 imposturam
2985 4521 3258 4575 homines
3273 4520 3710 4575 eruditissimos

308 4613 370 4667 in
392 4612 553 4666 hisce
579 4614 776 4665 tamen
799 4608 1152 4680 efﬁngendis
1171 4608 1554 4679 impostorem
1577 4609 1834 4680 aliquem
1855 4629 1956 4666 no-
1987 4614 2028 4677 [)
2063 4608 2269 4663 tandiu
2298 4609 2482 4664 latere
2505 4612 2787 4680 potuisse,
2816 4633 2841 4658 υ
2867 4615 2925 4663 et
2955 4610 3027 4665 de
3052 4626 3154 4664 sex
3184 4610 3324 4677 illis,
3356 4625 3503 4679 quas
3534 4610 3712 4664 Usse-

310 4716 449 4755 men
481 4699 689 4771 Ignatii
721 4697 1072 4752 ementitum
1104 4714 1256 4762 esse,
1285 4698 1794 4754 conﬁdentissime
1824 4718 1956 4771 pro-

308 4787 867 4858 nuntient.Pupugit
888 4786 1257 4842 Blondellum
1285 4803 1485 4843 severa
1505 4787 1630 4843 haec
1650 4789 1952 4844 mitissimi

308 4879 468 4933 senis
498 4877 908 4949 reprehensio,
940 4876 1290 4931 admirantis
1337 4881 1564 4932 tantam
1614 4894 1683 4932 ex
1726 4878 1952 4935 levibus

305 4969 669 5040 conjecturis
699 4967 1124 5022 conﬁdentiam
1162 4984 1174 5020 :
1208 4983 1391 5038 quare
1423 4969 1673 5039 epistola
1709 4970 1781 5024 ad
1814 4986 1952 5024 eum

306 5059 461 5118 data,
488 5062 547 5111 et
568 5062 826 5126 quatuor
853 5056 1155 5126 productis
1185 5057 1571 5127 argumentis,
1598 5074 1729 5127 quin
1756 5058 1951 5128 ipsum

306 5146 665 5202 sententiam
696 5149 928 5199 mutare
958 5148 1245 5211 vetarent,
1274 5144 1499 5200 haerere
1532 5162 1593 5201 se
1623 5146 1952 5203 etiamnum

305 5236 608 5308 professus
639 5239 747 5289 est.

380 5327 593 5380 Postea
646 5323 893 5396 insignis
924 5323 1249 5379 admodum
1286 5324 1617 5397 theologus,
1666 5327 1952 5381 Henricus

309 5414 879 5482 Hammondus,cum
900 5413 1125 5467 videret
1147 5414 1505 5487 theologicas
1520 5415 1718 5470 theses
1739 5416 1802 5470 in
1820 5416 1952 5471 Gal-

306 5502 388 5558 lia
407 5502 1395 5574 propositas,proclamantes,litem
1415 5508 1474 5558 et
1488 5504 1952 5559 controversiam

312 5593 386 5648 de
412 5592 823 5664 episcOporum
850 5607 1030 5662 supra
1050 5591 1424 5662 presbyteros
1444 5592 1829 5662 praerogativa
1848 5591 1953 5647 de-

314 5680 543 5737 ﬁnitam
561 5678 687 5751 jam
710 5679 891 5734 videri
918 5696 953 5734 a
974 5680 1111 5735 viris
1132 5679 1305 5752 longe
1336 5679 1692 5736 doctissimis
1712 5678 1953 5736 domino

2061 4697 2184 4752 rius
2213 4698 2396 4753 voluit
2419 4716 2550 4754 esse
2579 4716 2713 4754 vere
2734 4700 3071 4771 Ignatianas
3095 4718 3107 4754 :
3134 4721 3163 4749 (ι
3188 4699 3297 4754 Sed
3323 4699 3481 4769 quod
3507 4700 3712 4770 magni

2060 4786 2167 4840 viri
2191 4803 2333 4858 pace
2362 4787 2581 4842 dictum
2607 4788 2786 4854 sit,ne
2812 4789 2940 4843 istae
2962 4787 3377 4859 quidem,quas
3400 4788 3501 4843 ille
3518 4787 3712 4858 publi-

2059 4876 2233 4945 cavit,
2266 4892 2298 4930 a
2329 4876 2561 4931 meliori
2589 4894 2767 4947 quam
2790 4881 3018 4932 caeteras
3050 4893 3232 4931 manu
3257 4892 3387 4931 esse
3407 4876 3709 4932 videntur.

2133 4965 2377 5019 Interim
2408 4971 2607 5020 tamen
2639 4983 2757 5021 non
2792 4971 2882 5020 est
2911 4965 3328 5034 omittendum,
3351 4965 3611 5020 nobilem
3644 4967 3712 5023 in

2061 5052 2352 5124 theologia
2386 5055 2677 5122 criticum,
2700 5056 2987 5110 Joannem
3013 5054 3331 5121 Morinum,
3355 5054 3586 5110 collatis
3615 5053 3708 5109 di-

2061 5143 2250 5198 versis
2285 5143 2646 5199 editionibus
2677 5160 2750 5199 ex
2776 5144 3106 5215 Augustino
3136 5151 3197 5198 et
3233 5143 3575 5199 Florentino
3607 5160 3709 5198 co-

2060 5233 2289 5288 dicibus
2313 5233 2698 5304 depromptis,
2723 5233 2784 5288 in
2805 5232 2982 5288 aliam
3006 5231 3181 5303 plane
3205 5232 3494 5288 diversam
3516 5232 3712 5287 maxi-

2061 5341 2274 5396 meque
2296 5325 2629 5380 mirandam
2653 5325 3010 5380 sententiam
3033 5325 3327 5379 incidisse.
3361 5327 3599 5395 Antiqua
3620 5324 3714 5380 in-

2060 5416 2208 5487 quit,
2266 5416 2688 5484 Ignatianarum
2743 5416 3120 5485 Epistolarum
3175 5415 3346 5469 editio
3405 5419 3713 5485 genuinum

2062 5511 2275 5559 tea-tum
2303 5502 2460 5558 nobis
2489 5504 2728 5570 exhibet,
2751 5520 2895 5558 nova
2916 5520 3043 5558 vero
3062 5520 3317 5559 mancum
3337 5508 3386 5559 et
3408 5505 3715 5574 interpola-

2060 5598 2196 5647 tum.

2132 5679 2372 5736 Samuel
2402 5684 2600 5735 autem
2623 5679 2969 5747 Bochartus,
2991 5680 3083 5735 vir
3102 5679 3502 5751 doctissimus,
3529 5680 3594 5735 in
3613 5680 3715 5738 in-
