3972 6306
248 383 320 440 65
893 388 953 447 Ξ.
1001 387 1444 451 PEARSONII
1485 381 1860 449 VINDICDE
1899 376 2373 440 IGNATIANIE.
2421 408 2497 418 —
2539 377 3023 440 PROOEMIUM.
3591 385 3672 442 66

262 519 412 590 genti
444 533 650 590 Opere,
685 518 1045 585 Hierozoico,
1106 522 1424 592 Epistolam
1457 521 1530 577 ad
1587 523 1906 582 Romanos,

2034 527 2224 566 revera
2244 509 2695 581 scripsisse.sive
2715 511 2787 566 ad
2809 511 3346 584 Polycarpum,sive
3365 515 3436 571 ad
3451 517 3646 588 Philip
3660 548 3673 557 -

252 606 498 662 Eusebio
531 608 745 676 visam,
775 609 1107 680 probatam,
1141 617 1318 681 atque
1351 611 1722 673 deﬂoratam,
1783 623 1906 660 non

257 702 388 750 ante
460 697 842 751 Constantini
924 699 1300 769 imperatoris
1377 716 1564 754 aevum
1623 697 1902 768 scriptam

253 786 456 853 fuisse,
491 803 762 842 asserere
793 804 912 843 non
943 788 1258 846 dubitavit.

903 962 1135 1016 CAPUT
1171 963 1258 1016 VI.

258 1078 526 1143 Sententia
556 1078 805 1143 “Bullini,
885 1079 1092 1143 aliqua:
1133 1079 1397 1143 epistolas
1460 1079 1719 1143 Ignatium
1775 1077 1904 1124 scri-

316 1141 491 1204 psisse.
551 1141 820 1204 Epistotas,
874 1141 1005 1204 quas
1032 1142 1310 1204 ,hnbemus,
1342 1142 1547 1190 easdem
1596 1155 1717 1198 esse,
1779 1154 1905 1204 quas

319 1201 506 1266 habuit
536 1202 805 1252 Eusebius.
851 1201 954 1253 Sex
988 1203 1052 1252 ab
1095 1204 1320 1255 Eusebio
1368 1211 1692 1254 memoratas.
1743 1201 1907 1266 fuisse

320 1279 421 1312 non
455 1265 518 1329 ab
548 1266 751 1326 Ignatio
805 1268 1046 1327 scriptas,
1085 1267 1175 1314 sed
1201 1266 1267 1315 ab
1322 1268 1620 1329 impostore._
1673 1265 1907 1329 durentis

319 1332 429 1391 ;osl
497 1328 690 1390 [gn-dii
721 1332 935 1377 mortem
991 1332 1164 1388 annis,
1197 1327 1458 1391 conﬁctos.
1516 1327 1621 1391 Ερὶ
1649 1328 1806 1391 colanj.
1839 1327 1907 1391 ad

320 1389 656 1454 Polycurpum
713 1406 817 1440 non
879 1392 1039 1454 fuivse
1099 1389 1317 1441 Eusebio
1371 1389 1654 1454 cognitam,
1709 1389 1800 1438 sed
1842 1389 1907 1438 ab

320 1452 428 1500 alio
487 1455 780 1514 impostore,
815 1452 1047 1502 ducentis
1071 1459 1188 1516 post
1247 1452 1522 1503 Eusebium
1579 1454 1759 1516 annis,
1785 1467 1907 1516 sup-

319 1516 559 1579 positum.
597 1516 872 1564 Sententia
926 1515 1123 1564 nostra.
1162 1517 1365 1578 Septem
1414 1516 1658 1579 epistolas
1709 1515 1774 1563 ab
1810 1515 1910 1579 Eu-

319 1577 461 1625 sebio
484 1579 772 1643 memorari
800 1593 1022 1643 ;easque
1055 1577 1235 1627 omnes
1259 1580 1418 1641 fuisse
1442 1577 1512 1628 ab
1561 1579 1764 1641 Ignatio
1796 1578 1907 1642 ipso

322 1639 649 1690 sanctissimo
669 1648 899 1704 martyre
928 1639 1256 1705 conscriptos.

333 1777 597 1832 Tandem
625 1779 880 1833 Joannes
911 1778 1185 1846 Dallteus,
1219 1777 1529 1850 theologus
1553 1794 1582 1832 e
1607 1777 1794 1832 Gallia
1822 1793 1911 1831 ce-

267 1864 639 1920 leberrimus.
669 1867 1058 1938 plurimisque
1090 1868 1152 1922 in
1180 1868 1291 1923 hoc
1336 1867 1662 1939 praesertim
1698 1882 1913 1937 genere
1946 1878 1990 1941 Β

268 1955 801 2010 controversiarum
864 1955 1177 2011 elaboratis
1227 1956 1503 2027 operibus
1543 1956 1910 2022 notissimus,

269 2061 385 2098 non
418 2050 733 2099 contentus
756 2045 828 2099 iis
856 2062 986 2116 quas
1014 2045 1083 2100 de
1109 2045 1421 2100 manifesta
1442 2046 1768 2117 impostura
1789 2044 1914 2099 obi-

270 2138 376 2200 ter,
409 2133 563 2188 libro
588 2135 928 2204 Dejejuniis,
957 2141 1290 2202 monuerat,
1325 2141 1382 2190 et
1404 2135 1463 2189 in
1494 2151 1706 2190 novam
1738 2135 1913 2205 plane

271 2223 628 2278 sententiam
660 2224 733 2277 de
756 2229 924 2278 aetate
958 2224 1294 2294 impostoris
1317 2223 1616 2295 delapsus,
1644 2224 1912 2294 miraque

270 2330 388 2368 sua:
419 2315 777 2385 cenjecturaa
808 2314 1120 2370 dulcedine
1166 2320 1390 2387 captus,
1455 2315 1914 2370 controversiam

267 2403 418 2458 hanc
453 2419 668 2475 magna
715 2403 898 2459 animi
951 2405 1330 2459 contentione
1388 2404 1824 2476 redintegravit,
1859 2409 1917 2458 et

263 2493 472 2562 grandi
489 2492 788 2548 volumine
814 2493 1093 2548 adversus
1118 2510 1324 2548 omnes
1342 2509 1832 2564 quarumcunpue
1853 2495 1909 2548 S.

265 2580 472 2651 lgnatii
495 2580 895 2651 Epistolarum
927 2581 1270 2636 defensores
1302 2581 1418 2636 late
1450 2581 1913 2652 disputavit.Sub

267 2673 391 2741 ejus
421 2673 583 2726 enim
607 2672 848 2727 nomine
873 2673 1222 2743 prodierunt
1249 2674 1362 2727 «De
1388 2673 1783 2744 scriptis,quaa
1807 2673 1915 2727 sub

265 2760 525 2830 Dionysii
540 2761 907 2833 Areopagitas
923 2761 1195 2834 etIgnatii
1212 2761 1562 2817 Antiocheni
1577 2762 1915 2817 nominibus

269 2848 791 2917 circumferuntur,
823 2849 959 2904 libri
982 2850 1120 2905 duo:
1150 2851 1366 2920 quibus
1397 2851 1856 2917 demonstratur,
1885 2873 1913 2900 »

266 2937 347 2990 uti
380 2937 623 3008 prmfert
651 2939 899 3006 Titulus,
933 2961 960 2988 «
993 2939 1098 2994 illa
1128 2939 1439 2994 subdititia
1470 2956 1618 3007 esse,
1652 2939 1755 2995 diu
1786 2944 1920 3010 post

270 3030 622 3094 martyrum,
652 3025 868 3096 quibus
899 3025 1048 3080 falso
1078 3026 1439 3094 tribuuntur,
1467 3028 1693 3082 obitum
1726 3028 1917 3082 ficta.«

338 3115 406 3166 Et
426 3113 670 3184 quidem
689 3115 758 3169 de
784 3115 1114 3171 indubitata
1135 3117 1540 3188 suppositione
1563 3117 1918 3188 scriptorum

269 3202 530 3272 Dionysii
554 3204 922 3276 Areopagitae
949 3204 1165 3259 Dallzeo
1187 3205 1363 3276 plane
1386 3205 1716 3273 assentior;
1740 3205 1919 3277 idque
1952 3243 1992 3308 Ο

270 3297 407 3362 puto
437 3297 576 3346 ante
610 3293 918 3358 Dallaeum,
955 3294 1357 3361 Sirmondum,
1417 3295 1739 3363 Petavium,
1775 3296 1918 3350 Lau-

269 3381 835 3450 noyum,Morinum,
860 3381 1126 3453 aliosque
1148 3383 1242 3437 vel
1268 3383 1412 3454 ipsis
1430 3384 1754 3455 pontificiis
1784 3399 1920 3454 per-

271 3471 546 3525 suasisse.
584 3470 694 3525 Sed
727 3470 798 3525 de
830 3475 1000 3526 aetate
1032 3473 1311 3537 auctoris,
1353 3473 1454 3543 qui
1486 3490 1555 3528 ea
1597 3473 1832 3544 scripsit
1865 3478 1922 3527 et

269 3560 636 3632 Areopagitae
666 3561 995 3631 supposuit,
1031 3561 1371 3633 quicunque
1400 3562 1508 3632 fut,
1543 3563 1616 3618 ab
1651 3579 1719 3618 eo
1751 3579 1920 3634 pror-

273 3665 368 3703 sus
396 3649 685 3704 dissentio
714 3668 728 3719 ;
763 3654 821 3703 et
853 3651 963 3704 erit
993 3651 1166 3706 nobis
1198 3651 1259 3705 in
1291 3652 1402 3706 hoc
1451 3652 1577 3723 ipso
1611 3668 1790 3724 opere
1820 3668 1918 3706 ra-

269 3739 459 3793 tiones
487 3739 798 3793 sententiaa
831 3744 1049 3794 nostra:
1093 3741 1378 3796 afferendi
1412 3742 1642 3797 occasio
1675 3759 1795 3796 non
1828 3742 1918 3796 in-

267 3833 621 3899 Opportuna.

335 3917 418 3970 De
449 3917 676 3988 Ignatio
710 3918 1009 3989 duplicem
1044 3918 1294 3974 Dallaaus
1347 3921 1624 3992 proponit
1652 3922 1917 3990 questio-

269 4022 692 4075 nem,quarum
725 4007 918 4078 prima
948 4008 1075 4063 haec
1107 4014 1193 4064 est
1214 4013 1361 4064 :«An
1389 4026 1595 4064 omnes
1628 4010 1914 4081 epistolae,

268 4114 398 4167 qua:
422 4095 532 4151 sub
556 4097 686 4166 ejus
708 4097 950 4153 nomine
973 4099 1492 4165 circumferuntur,
1509 4100 1774 4172 ejusdem
1799 4101 1918 4156 sint

265 4185 564 4255 parentis?
588 4207 614 4233 »
640 4187 799 4241 Hanc
821 4191 1215 4259 negat;neque
1235 4205 1339 4260 ego
1362 4189 1423 4242 af
1427 4189 1724 4258 firmo,aut
1748 4189 1819 4244 de
1847 4206 1916 4244 ea

263 4273 428 4328 litem
464 4275 970 4330 moveo.Secunda
990 4277 1238 4346 quaestio
1262 4282 1368 4332 est:
1396 4279 1519 4331 «An
1554 4294 1758 4332 earum
1794 4278 1916 4348 epi-

266 4363 577 4428 stolarum,
614 4380 743 4433 quae
776 4369 915 4418 sunt
943 4365 1016 4420 ab
1042 4365 1295 4420 Eusebio
1329 4372 1388 4420 et
1408 4367 1763 4438 Hieronymo
1799 4383 1918 4421 me-

266 4458 534 4515 moratas,
589 4469 722 4507 vere
779 4459 987 4508 auctor
1017 4454 1094 4508 sit
1151 4455 1563 4510 sanctissimus
1624 4457 1912 4528 Ignatius,

264 4542 360 4611 qui
375 4559 535 4596 anno
551 4542 788 4611 Trajani
804 4541 1117 4598 undecimo
1134 4544 1482 4614 martyrium
1503 4547 1700 4599 Romae
1715 4545 1912 4600 fecit?»

2019 616 2252 673 penses,
2273 599 2390 653 sive
2408 599 2482 655 ad
2503 599 2646 656 alios
2666 601 2924 657 litteras?
2945 604 3118 674 Atqui
3149 621 3266 658 non
3285 603 3428 661 illud
3451 607 3668 677 quaeri-

2020 696 2132 756 tur,
2152 706 2228 744 an
2259 690 2516 761 lgnatius
2540 691 2819 761 epistolas
2851 692 3082 763 aliquas
3115 694 3421 765 scripserit
3449 697 3667 767 (incre-

2017 779 2196 834 dibile
2209 779 2670 848 est,hujusmodi
2694 780 2882 835 virum
2902 781 3098 838 nullas
3113 785 3447 855 scripsisse;
3472 803 3666 858 neque

2017 868 2324 939 scripsisse
2347 868 2577 939 aliquas
2596 869 2910 940 quisquam
2936 873 3130 944 negat)
3151 876 3539 943 quaaritur,an
3562 877 3667 932 has

2019 975 2338 1030 quasnunc
2363 957 3172 1030 habemus,scripserit?»Non
3205 963 3384 1035 igitur
3413 982 3560 1036 opus
3583 971 3672 1021 est

2019 1055 2084 1103 ut
2112 1048 2431 1120 probemus
2452 1049 2678 1120 aliquas
2699 1050 2770 1104 ab
2804 1051 2932 1121 ipso
2968 1053 3023 1107 S.
3058 1053 3283 1124 Ignatio
3303 1057 3668 1128 conscriptas

2021 1139 2201 1194 fuisse
2234 1138 2532 1210 epistolas,
2567 1140 2834 1210 adeoque
2886 1142 3181 1196 exstitisse
3213 1143 3533 1214 aliquando
3559 1148 3666 1201 ali-

2021 1226 2154 1280 cubi
2187 1225 2415 1297 aliquas
2444 1228 2733 1298 genuinas
2761 1243 2772 1291 ;
2807 1228 2865 1282 id
2897 1229 3055 1283 enim
3085 1231 3221 1299 jure
3253 1250 3357 1302 pro
3386 1250 3666 1289 concesso

2021 1315 2473 1369 sumimuscum
2497 1314 2898 1370 adversarium
2923 1319 3303 1374 confitentem
3322 1321 3663 1378 habeamus.

2093 1404 2360 1459 Secundo
2394 1405 2671 1475 epistolas
2705 1423 2823 1474 eas,
2886 1424 3032 1477 quas
3067 1427 3232 1464 nunc
3291 1411 3578 1468 habemus
3613 1415 3674 1468 in

2023 1493 2384 1548 editionibus
2419 1495 2635 1548 Usserii
2665 1501 2723 1549 et
2757 1497 2942 1550 Vossii
2967 1497 3039 1552 ab
3070 1502 3430 1554 assumentis
3452 1502 3670 1557 liberas

2021 1581 2260 1636 easdem
2295 1583 2540 1637 omnino
2590 1600 2740 1650 esse,
2776 1601 2920 1653 quas
2961 1585 3164 1641 habuit
3195 1588 3503 1658 Eusebius,
3537 1609 3672 1646 cum

2021 1669 2324 1724 Blondello
2357 1687 2462 1726 suo
2495 1672 2712 1726 fatetur
2744 1673 3017 1728 Dallaeus.
3071 1677 3136 1729 In
3167 1694 3350 1732 eorum
3377 1681 3670 1750 codicibus,

2025 1759 2372 1829 inquit,uhaa
2387 1760 2529 1830 ipsa:
2550 1761 2814 1832 epistolu:
2832 1763 3143 1834 descriptae
3172 1767 3511 1838 sunt,plane
3528 1787 3674 1840 qua-

2021 1847 2108 1902 les
2132 1847 2789 1916 Eusebii,Athanasii,et
2815 1858 3165 1907 casterorum
3191 1872 3339 1925 quos
3361 1856 3670 1912 duximus»

2026 1937 3024 2007 (Hieronymi,scilicet,Theodoreti
3047 1947 3224 2012 atque
3251 1945 3671 2017 Gelasii),«aavo

2027 2026 2318 2080 exstitisse
2342 2026 2834 2081 verisimillimum
2858 2034 2965 2083 est.
2979 2030 3190 2101 uldque
3211 2033 3469 2104 «liquido
3493 2051 3674 2107 appa-

2025 2131 2212 2181 rere,»
2237 2114 2426 2184 capite
2459 2115 2717 2169 secundo
2742 2116 2930 2171 tribus
2953 2122 3316 2189 argumentis
3349 2124 3674 2194 probat.Ad

2026 2201 2456 2256 ostendendam
2507 2202 2686 2274 igitur
2726 2205 3168 2274 lgnatianorum
3214 2209 3519 2266 veritatem
3551 2229 3674 2268 non

2026 2308 2172 2362 opus
2198 2296 2284 2345 est
2313 2297 2377 2345 ut
2408 2291 2723 2361 probemus
2746 2294 2982 2349 easdem
3008 2313 3114 2350 nos
3137 2298 3413 2368 epistolas
3429 2301 3672 2371 habere,

2027 2398 2172 2452 quas
2195 2381 2400 2436 habuit
2429 2383 2715 2436 Eusebius
2742 2399 2754 2448 ;
2788 2384 2898 2439 hoc
2929 2386 3086 2440 enim
3115 2389 3286 2444 nobis
3315 2389 3562 2463 largitur
3577 2392 3676 2446 ad-

2027 2471 2339 2526 versarius.
2375 2472 2494 2525 Hoc
2544 2477 2768 2528 tantum
2822 2474 3253 2533 observandum
3288 2484 3395 2549 est,
3457 2481 3674 2536 habere

2025 2577 2132 2614 nos
2156 2560 2434 2631 epistolas
2456 2561 2690 2616 Eusebii
2723 2580 2842 2618 aevo
2875 2566 3159 2637 cognitas,
3204 2568 3305 2622 sed
3335 2586 3402 2622 eo
3435 2571 3610 2624 modo
3642 2589 3675 2625 a

2026 2648 2286 2704 librariis
2321 2653 2617 2717 tractatas,
2654 2667 2768 2720 quo
2797 2653 2914 2707 alia
2945 2660 3206 2710 veterum
3255 2657 3472 2728 scripta
3503 2659 3574 2713 ab
3600 2659 3670 2713 iis

2028 2739 2264 2793 tractari
2299 2739 2510 2805 solent,
2542 2741 2654 2794 hoc
2686 2747 2794 2808 est,
2820 2743 3167 2815 saepiuscule
3190 2752 3292 2801 aut
3315 2747 3670 2816 litterarum,

2027 2829 2318 2882 autetiam
2342 2829 2756 2885 vocabulorum
2781 2833 3300 2903 permutationem,
3327 2837 3473 2892 forte
3496 2840 3674 2893 etiam

2031 2917 2523 2972 sententiolarum
2558 2920 2994 2976 mutilationem
3027 2924 3243 2978 alicubi
3275 2927 3673 2997 passas.Quod

2031 3024 2163 3062 cum
2197 3007 2256 3061 in
2289 3007 2541 3062 aliorum
2574 3008 2806 3080 scriptis
2838 3027 2951 3065 usu
2982 3013 3181 3068 venire
3236 3015 3441 3080 soleat,
3477 3033 3581 3071 cur
3612 3017 3676 3071 in

2029 3096 2247 3150 nostris
2270 3095 2427 3150 idem
2458 3097 2677 3152 factum
2711 3099 2841 3169 quis
2869 3107 3061 3173 neget,
3093 3104 3242 3157 ratio
3277 3104 3441 3160 nulla
3470 3112 3578 3173 est;
3614 3111 3682 3161 ut

2033 3201 2101 3240 ea
2131 3184 2273 3240 locis
2306 3186 2504 3241 minus
2535 3188 2695 3242 sanis
2745 3189 3044 3246 medicina
3102 3194 3311 3248 merito
3343 3194 3682 3250 adhibenda

2035 3275 2130 3341 sit,
2164 3291 2290 3344 quas
2321 3274 2455 3331 aliis
2488 3282 2749 3331 veterum
2781 3277 3013 3350 scriptis
3038 3281 3192 3336 male
3223 3284 3488 3338 tractatis
3518 3284 3685 3338 adhi-

2030 3363 2155 3420 beri
2189 3363 2360 3418 solet.

2101 3470 2293 3524 Tertio
2322 3471 2600 3542 epistolas
2632 3471 2790 3541 illas,
2822 3491 2969 3545 quas
3001 3475 3208 3532 habuit
3259 3479 3570 3549 Eusebius,
3602 3481 3677 3536 ab

2029 3559 2253 3630 Ignatio
2287 3559 2534 3631 scriptas
2565 3561 2745 3616 fuisse
2778 3571 2991 3635 negat;
3025 3565 3096 3620 ab
3119 3567 3441 3638 impostore
3475 3569 3675 3640 aliquo

2031 3647 2198 3702 fictas
2229 3652 2288 3702 et
2313 3649 2648 3719 suppositas
2671 3651 2922 3707 afirmat.
2948 3655 3336 3724 Impostorem
3370 3657 3530 3713 illum
3555 3675 3675 3713 non

2028 3737 2185 3792 circa
2216 3736 2477 3792 medium
2511 3740 2754 3794 secundi
2785 3743 3005 3811 saeculi,
3047 3750 3112 3798 ut
3141 3746 3520 3815 Albertinus;
3553 3765 3675 3803 non

2031 3825 2137 3878 sub
2166 3826 2468 3880 Antonino
2499 3827 2589 3880 vel
2620 3830 2689 3881 Μ.
2722 3830 2984 3896 Aurelio,
3017 3837 3082 3885 ut
3129 3833 3488 3902 Salmasius;
3549 3855 3670 3892 non

2030 3915 2230 3970 statim
2261 3921 2394 3985 post
2445 3915 2763 3971 Clementis
2800 3918 3183 3974 Alexandrini
3227 3922 3669 3994 dormitionem,

2029 4003 2146 4058 sive
2180 4008 2415 4058 centum
2443 4003 2512 4057 ab
2540 4005 2746 4075 Ignatii
2769 4012 2954 4060 morte
2979 4009 3172 4076 annis,
3201 4016 3264 4063 ut
3297 4011 3636 4069 Blondellus
3661 4031 3675 4082 ;

2029 4094 2132 4148 sed
2162 4093 2450 4164 prazcipiti
2488 4093 2658 4147 tertio
2693 4095 2906 4150 saeculo
2940 4097 3225 4166 Epistolas
3259 4100 3583 4168 efﬁnxisse,
3616 4109 3675 4157 et

2026 4200 2173 4254 opus
2208 4183 2468 4237 effictum
2506 4183 2566 4237 in
2599 4183 2790 4237 lucem
2823 4184 3036 4239 exiisse
3068 4186 3227 4242 circa
3271 4189 3428 4242 tertii
3475 4192 3678 4246 saeculi

2027 4273 2229 4339 finem,
2264 4271 2351 4325 vel
2383 4270 2575 4341 quarti
2609 4271 2799 4335 initia,
2833 4273 3132 4330 ariolatur.
3165 4277 3395 4343 Imo,ut
3424 4276 3567 4332 alibi
3593 4279 3676 4332 lo-

2028 4362 2248 4432 quitur,
2282 4361 2553 4415 ducentis
2583 4367 2717 4432 post
2748 4362 3038 4434 Ignatium
3058 4365 3233 4419 annis
3264 4367 3358 4422 hic
3386 4367 3676 4438 impostor

2026 4450 2546 4521 vixit.scripsitque
2571 4455 2908 4515 tunc,«cum
2929 4453 3272 4524 aliquajam
3295 4461 3421 4511 erat
3441 4456 3512 4512 de
3531 4459 3678 4513 Con-

2027 4538 2229 4594 stantii
2250 4538 2338 4593 vel
2354 4539 2868 4611 Constantiniejus
2885 4541 2993 4595 filii
3008 4542 3678 4612 velChristianismo,vel

264 4631 420 4685 Hanc
453 4629 551 4686 ille
574 4631 796 4702 pariter
817 4637 1031 4704 negat;
1062 4649 1166 4704 ego
1192 4633 1356 4688 nullo
1381 4634 1553 4688 modo
1585 4633 1915 4704 negandum
1953 4616 1992 4678 ί)
2027 4629 2099 4683 ad
2129 4627 2649 4696 Christianismum
2701 4631 3102 4701 propensione
3152 4650 3357 4704 sparsa
3385 4635 3544 4690 fama
3569 4652 3580 4689 Ξ
3619 4641 3678 4690 et

263 4727 424 4789 puto,
461 4725 522 4775 et
553 4720 713 4775 omni
747 4721 1181 4777 asseveratione
1212 4722 1413 4793 potius
1445 4722 1698 4777 affirmo.

333 4811 403 4864 Ut
429 4815 634 4864 autem
657 4810 968 4881 utriusque
991 4816 1259 4866 nostrum
1274 4813 1567 4867 sententia
1587 4812 1778 4866 adhuc
1797 4829 1913 4868 ma-

264 4899 538 4954 nifestius
599 4899 862 4968 patefiat,
925 4900 1213 4954 nonnulla
1241 4900 1488 4955 ulterius
1543 4901 1913 4956 observanda

263 4987 564 5043 duximus.
595 4993 773 5058 atque
798 4987 1295 5060 illudimprimis:
1335 4989 1650 5060 Scripsisse
1685 4990 1915 5060 aliquas

263 5076 554 5148 lgnatium
589 5076 872 5148 epistolas
904 5093 1022 5130 non
1054 5082 1229 5149 negat
1259 5076 1508 5132 Dallaeus
1537 5096 1550 5145 ;
1584 5083 1642 5132 et
1668 5095 1741 5133 ne
1777 5079 1909 5134 talis

263 5165 370 5236 ipsi
394 5166 719 5237 affingatur
746 5165 1064 5229 sententia,
1106 5182 1485 5236 summopere
1503 5171 1686 5220 cavet.
1715 5168 1916 5230 Queri-

261 5255 760 5325 tur,inquit,«non
784 5269 859 5308 an
881 5253 1157 5324 epistolas
1171 5253 1744 5325 scripseritlgnatius
1759 5256 1914 5327 (quis

259 5344 413 5398 enim
433 5350 552 5399 tam
568 5343 769 5398 fatuus
785 5346 966 5404 est,ut
981 5342 1287 5413 scripsisse
1302 5358 1435 5396 eum
1451 5342 1679 5413 aliquas
1693 5344 1918 5415 neget?)

257 5433 376 5501 sed,
396 5450 472 5488 an
497 5435 772 5504 has,quae
797 5431 1320 5500 circumferuntur,
1355 5431 1793 5503 scripserit?»Et
1816 5433 1915 5487 ali-

255 5521 702 5589 bimQuasivero
726 5519 1044 5592 quisquam
1071 5537 1258 5590 usque
1282 5520 1428 5576 adeo
1460 5520 1710 5576 stolidus
1741 5521 1916 5584 sit,ut

249 5622 411 5687 neget
424 5615 804 5688 amplissimae
819 5610 1074 5667 civitatis
1090 5612 1430 5683 episcopum
1442 5610 1535 5679 ,ad
1549 5611 1675 5666 haec
1689 5618 1918 5683 aposto-

247 5701 418 5762 lorum
429 5698 970 5778 discipulum,ullas
982 5701 1070 5756 vel
1085 5701 1343 5757 scribere
1355 5701 1922 5772 potuisse,veletiam

2028 4718 2155 4790 ejus
2188 4718 2351 4788 operi
2382 4717 2442 4770 in
2472 4716 2666 4772 lucem
2699 4720 3033 4791 erumpenti
3064 4721 3356 4778 Eusebius
3385 4739 3437 4778 a.
3470 4725 3535 4778 D.
3570 4725 3678 4779 cir-

2024 4807 2172 4862 citer
2202 4808 2304 4860 330
2361 4805 2775 4861 obstetricatus
2807 4813 2912 4862 est.
2950 4809 3164 4880 Lepida
3211 4811 3382 4881 plane
3432 4812 3557 4867 haec
3587 4813 3670 4868 fa-

2023 4895 2183 4962 bula,
2215 4900 2272 4950 et
2303 4899 2437 4949 ante
2470 4895 2628 4949 hunc
2650 4893 2809 4950 diem
2842 4897 3147 4965 inaudita;
3181 4899 3296 4953 nisi
3319 4900 3474 4970 quod
3496 4901 3675 4956 etiam

2025 4986 2346 5041 Bochartus
2378 4984 2692 5055 epistolam
2726 4985 2798 5040 ad
2831 4989 3128 5042 Romanos
3152 4988 3260 5043 sub
3291 4989 3676 5045 Constantino

2025 5075 2306 5145 scriptam
2340 5074 2673 5127 somniavit.

2098 5167 2214 5235 Ego
2245 5168 2402 5217 certe
2435 5178 2464 5215 e
2497 5166 2723 5227 contra,
2759 5162 2858 5232 qui
2890 5163 2962 5217 de
2997 5163 3318 5235 impostore
3352 5166 3470 5234 illo,
3495 5183 3676 5236 quem

2029 5253 2128 5307 alii
2167 5251 2452 5316 secundo,
2487 5250 2587 5305 alii
2626 5250 2819 5318 tertio,
2853 5250 2949 5304 alii
2977 5259 3185 5321 quarto
3219 5255 3434 5310 saeculo
3466 5256 3677 5310 vixisse

2029 5339 2472 5405 statuunt,nihil
2505 5355 2770 5408 unquam
2804 5355 2838 5392 a
2868 5341 3146 5410 quopiam
3177 5347 3312 5396 ante
3345 5344 3454 5398 hoc
3483 5360 3670 5399 saecu-

2029 5431 2151 5486 lum
2185 5429 2468 5497 scriptum
2494 5429 2711 5497 reperi,
2736 5429 2833 5498 qui
2858 5428 2929 5482 de
2960 5428 3287 5498 impostura
3309 5431 3431 5486 ulla
3461 5432 3521 5486 in
3545 5432 3676 5503 Epi-

2029 5517 2192 5573 stolis
2213 5515 2462 5571 Eusebio
2487 5515 2626 5570 visis
2647 5517 2875 5571 nullam
2899 5533 3162 5588 unquam
3192 5520 3590 5590 suspicionem
3613 5522 3675 5576 in

2027 5606 2288 5664 Ecclesia
2319 5604 2635 5659 excitatam
2678 5606 2832 5675 novi,
2867 5607 2967 5677 qui
3017 5606 3383 5677 ipsissimum
3415 5612 3470 5666 S.
3505 5611 3671 5680 Igna-

2030 5699 2178 5752 tium
2211 5711 2412 5750 earum
2447 5698 2747 5749 auctorem
2772 5695 2934 5750 omni
2959 5695 3030 5750 ab
3055 5695 3241 5766 ipsius
3263 5703 3434 5753 astate
3463 5697 3677 5752 saaculo
