3972 6306
233 390 291 450 69
848 391 904 451 J.
954 393 1395 456 PEARSONII
1436 392 1808 457 VINDICIJE
1850 394 2334 458 IGNA'I‘IANE.
2382 428 2459 443 —
2502 396 2987 460 PBOEMIUM.
3551 400 3635 459 7O

238 527 551 597 gentissime
585 528 991 597 commendat,
1016 535 1082 585 ut
1101 531 1421 587 concilium
1444 531 1506 585 in
1529 546 1665 585 eum
1688 529 1869 585 ﬁnem

1986 531 2069 586 rio
2099 532 2183 588 ita
2212 533 2568 590 sumendum
2600 538 2711 601 est,
2767 537 2835 590 ut
2885 532 2913 587 ὁ
2967 528 3014 586 δ’
3072 529 3234 594 αὐτὸς
3290 532 3629 607 Σμυρναίοις

240 621 495 671 convocet
520 616 821 685 hortatur,
855 622 919 674 ut
948 619 1139 675 virum
1199 619 1380 692 eligat
1436 615 1716 691 ἀγαπητόν
1750 614 1872 671 λίαν

238 706 306 761 καὶ
331 708 546 775 ἆοκνον,
579 710 843 766 dilectum
865 713 1139 782 imprimis
1169 718 1335 782 atque
1362 714 1682 782 impigrum.
1716 714 1783 765 ut
1810 709 1872 765 id

240 814 331 853 non
362 803 600 855 tantum
632 800 933 871 Smyrnae;
967 801 1070 855 sed
1101 806 1160 856 et
1187 801 1261 855 ab
1283 800 1417 857 aliis
1439 799 1717 856 Ecclesiis
1742 798 1870 855 fieri

241 893 396 953 curet,
428 896 499 944 ut
530 889 605 944 ab
630 889 753 944 illis
775 890 956 945 etiam
972 891 1167 946 nuntii
1188 896 1248 946 et
1268 890 1534 962 epistolas
1552 889 1740 961 ipsius
1757 904 1869 960 ope

241 976 296 1032 ad
313 978 714 1034 Antiochenos
744 979 1082 1044 mittantur;
1114 980 1274 1036 unde
1304 986 1361 1035 et
1380 980 1634 1052 gratiam
1664 994 1870 1051 preca—

244 1073 333 1130 tur,
364 1075 424 1122 et
455 1068 547 1123 illi
579 1070 680 1139 qui
704 1069 1058 1138 mitteretur,
1090 1074 1150 1127 et
1170 1070 1285 1142 ipsi
1315 1070 1417 1141 qui
1448 1085 1584 1124 eum
1606 1069 1872 1124 mitteret

245 1157 567 1229 Polycarpo.
612 1159 751 1223 Qum
800 1159 1002 1215 omnia
1031 1159 1217 1231 ipsius
1246 1159 1557 1232 Polycarpi
1613 1154 1870 1236 φροντίδα

243 1240 311 1297 διὰ
335 1244 607 1315 σπουδῆς,
638 1253 706 1303 ut
765 1249 1030 1320 loquitur
1056 1248 1364 1315 Eusebius,
1426 1269 1447 1297 ι
1484 1262 1688 1303 curam
1734 1263 1869 1305 cum

241 1335 529 1407 diligentia
560 1337 965 1409 conjunctam,
999 1359 1025 1388 ι)
1058 1339 1210 1395 mire
1242 1338 1558 1393 illustrant.

297 1425 627 1488 Quinetiam
649 1428 829 1483 verba
854 1444 985 1498 quae
1009 1434 1340 1498 sequuntur
1358 1444 1476 1482 non
1488 1427 1670 1482 aliam
1689 1426 1869 1482 fuisse

238 1513 447 1569 Eusebii
467 1522 730 1571 mentem
748 1522 951 1587 aperte
975 1516 1318 1572 ostendunt:
1342 1515 1397 1567 Ὀ
1432 1512 1477 1568 δ’
1503 1512 1662 1574 αὐτὸς
1683 1520 1867 1585 Σμυρ-

240 1599 379 1656 ναίοις
410 1605 663 1682 γράφων,
695 1602 795 1658 οὐκ
824 1600 929 1658 οἶδ’
960 1604 1152 1659 ὁπόθεν
1188 1602 1381 1679 ῥῃτοῖς
1410 1603 1701 1677 κέχρηται.
1738 1606 1869 1659 Item

239 1697 389 1747 autem
410 1696 428 1744 Ι
437 1694 790 1765 gnatius«ad
803 1695 1138 1766 Smyrnaaos
1154 1694 1267 1749 scri
1277 1694 1442 1761 bens,
1452 1693 1644 1748 verbis
1656 1693 1867 1760 utitur,

238 1802 344 1856 qua
369 1783 532 1839 unde
554 1784 872 1854 acceperit.
904 1783 1171 1855 ignoro.»
1191 1785 1503 1853 Nunquam
1534 1782 1615 1837 ita
1635 1781 1868 1837 locutus

1984 622 2207 694 γράφων
2249 623 2409 694 apud
2438 622 2777 689 Eusebium,
2829 638 2899 678 ex
2927 638 3043 693 qua
3074 639 3181 679 sua
3239 622 3633 693 Hieronymus

1986 711 2448 783 transcripsit.ld
2469 718 2666 767 autem
2699 717 2765 767 ut
2796 712 2917 779 ﬂat,
2951 711 3184 767 nullum
3223 726 3351 767 esse
3383 711 3628 766 dubium

1975 799 2339 870 jampridem
2371 803 2626 858 asseruit
2650 803 2885 858 Isaacus
2915 801 3315 867 Casaubonus,
3352 802 3494 872 quin
3529 819 3628 872 pa~

1982 890 2334 947 rentheseos
2354 892 2510 947 notis
2531 891 2783 962 adjectis
2796 892 2892 947 hic
2915 891 3431 963 Hieronymilocus
3456 891 3536 947 ita
3557 891 3635 945 sit

1983 988 2429 1059 concipiendas:
2450 989 2816 1060 «Scripsitad
2828 988 3334 1060 Philadelphos,et
3349 990 3421 1045 ad
3440 990 3633 1059 Smyr-

1984 1092 2204 1146 nmos,»
2229 1083 2354 1133 tum
2377 1079 2717 1149 parenthesi
2749 1078 3013 1133 adhibita
3035 1085 3103 1146 (et
3119 1078 3351 1149 praprie
3380 1078 3454 1133 ad
3473 1080 3631 1149 Poly-

1983 1181 2210 1236 carpum
2234 1170 2619 1223 commendans
2657 1167 2747 1222 illi
2780 1167 3197 1222 Antiachensem
3223 1167 3538 1237 Ecclesium)
3571 1170 3629 1222 in

1982 1271 2114 1325 qua,
2147 1262 2257 1313 etc.
2287 1258 2357 1312 Et
2380 1256 2706 1313 Hichardus
2734 1256 3124 1313 Montacutius
3145 1256 3459 1327 episcopus
3482 1258 3628 1311 Nor-

1982 1354 2365 1426 vicensis,qui
2398 1356 2603 1426 quavis
2640 1356 2761 1411 fere
2791 1356 3100 1412 occasione
3130 1361 3366 1426 arrepta
3408 1354 3629 1410 Casau-

1981 1444 2207 1499 bonum
2226 1445 2505 1501 vellicare
2539 1445 2709 1507 solet,
2741 1445 2836 1500 hic
2865 1444 3085 1501 laudat.
3135 1446 3300 1513 Bene,
3332 1444 3546 1515 inquit,
3580 1450 3630 1498 et

1983 1540 2142 1590 acute
2170 1535 2514 1591 doctissimus
2548 1535 2894 1591 Casaubonus
2938 1537 3225 1591 adnotavit
3276 1550 3383 1591 esse
3432 1550 3633 1604 paren-

1984 1624 2125 1681 thesi
2154 1624 2486 1679 includenda
2506 1625 2797 1693 interjecta
2824 1625 2989 1680 verba
3017 1627 3160 1680 inter
3191 1625 3545 1695 Smyrnzeos,
3574 1628 3632 1678 et

1980 1721 2042 1776 in
2074 1738 2190 1794 qua
2224 1725 2352 1794 Ipse
2377 1723 2552 1779 etiam
2580 1724 2821 1777 Userius
2851 1722 3261 1777 Casaubonum
3291 1727 3351 1778 et
3378 1723 3628 1778 Baronio

1981 1816 2038 1865 et
2068 1811 2357 1867 Halloixio
2389 1811 2707 1867 acutisrem
2740 1811 2912 1882 longe
2943 1811 3228 1882 agnoscit,
3262 1827 3397 1865 eum
3430 1816 3629 1866 tamen

241 1874 417 1973 ῳίδδθδ
441 1871 757 1974 Ἐξυθθδίιῆδῖ
776 1877 846 1974 “,t
863 1875 1023 1974 Γῗθιθ
1047 1870 1322 1974 “fellat
1344 1870 1864 1974 Ῑδδθθωίνθδδίωῗν
1902 1900 1947 1965 Β
1979 1901 2219 1966 deserit,
2245 1902 2371 1957 sola
2409 1870 2961 1974 Augustodunensis
2980 1870 3235 1955 Honorii
3278 1900 3627 1956 auctoritate

241 1964 281 2017 si
301 1980 361 2017 ex
378 1962 589 2017 eadem
613 1960 964 2031 epistola,de
989 1977 1106 2031 qua
1134 1961 1423 2017 hactenus
1438 1961 1670 2015 locutus
1693 1965 1867 2028 esset,

241 2051 528 2123 sequentia
550 2054 751 2105 essent
776 2050 1184 2121 desumpta.Et
1210 2049 1574 2105 adversativa
1590 2049 1717 2104 hmo
1737 2065 1870 2104 sen-

242 2142 572 2205 tentia,cum
595 2139 861 2211 epistolas
883 2139 1313 2205 nominatione,
1346 2155 1467 2194 non
1490 2138 1667 2194 aliam
1691 2154 1870 2209 quam

245 2229 375 2285 hanc
400 2229 961 2301 interpretationem
994 2228 1234 2300 patitur:
1268 2226 1430 2283 idem
1454 2228 1556 2283 ille
1585 2227 1869 2300 Ignatius,

234 2323 324 2391 qui
353 2321 604 2376 seorsim
630 2320 705 2375 ad
727 2320 1119 2391 Polycarpum
1138 2320 1395 2391 scripsit,
1429 2319 1680 2391 ejusque
1711 2334 1869 2373 curm

238 2416 387 2481 atque
408 2410 742 2482 diligentiae
766 2409 1088 2465 Ecclesiam
1109 2409 1541 2464 Antiochenam
1562 2424 1873 2463 commen—

234 2498 385 2565 davit,
416 2502 476 2554 in
511 2500 703 2555 altera
720 2498 991 2570 epistola,
1010 2515 1192 2569 quam
1213 2498 1288 2553 ad
1310 2499 1701 2569 Smyrnenses
1727 2496 1869 2552 scri-

237 2589 348 2658 psit,
371 2590 561 2643 utitur
616 2588 959 2643 testimonio
989 2588 1192 2643 nescio
1241 2588 1401 2643 unde
1428 2588 1763 2658 desumpta.
1801 2587 1871 2641 Ut

233 2677 265 2731 l.
294 2694 358 2746 iv,
383 2695 433 2733 c.
466 2683 524 2746 7,
560 2694 702 2734 cum
727 2677 801 2732 de
830 2677 1105 2732 Melitone
1127 2677 1396 2748 loquitur
1424 2694 1437 2731 :
1480 2675 1570 2731 Ἐν
1631 2671 1689 2728 δὲ
1747 2678 1868 2734 ταῖς

233 2764 523 2841 γραφείσαις
556 2763 709 2836 αὐτῷ
740 2762 999 2837 ἐκλογαῖς
1025 2765 1055 2818 ὁ
1076 2762 1236 2825 αὐτὸς
1268 2764 1406 2819 κατὰ
1451 2763 1516 2819 τὸ
1573 2761 1868 2837 προοίμιον

230 2850 514 2926 ἀρχόμενος
526 2899 538 2908 .
550 2878 580 2903 ‹‹
590 2854 689 2910 lde
698 2854 806 2908 min
822 2853 1080 2925 exceptis
1093 2854 1165 2909 ab
1183 2854 1311 2925 ipso
1327 2853 1670 2925 compositis
1680 2853 1874 2909 statim

229 2941 281 2994 in
308 2944 600 3016 principio
625 2944 878 3015 operis,»
896 2961 931 2998 a
949 2943 1102 2998 libro
1123 2943 1224 3013 qui
1246 2945 1523 3013 Apologia
1540 2942 1868 2998 dicebatur.

225 3031 287 3085 ad
314 3033 496 3089 alium
529 3034 808 3104 ejusdem
835 3034 1115 3101 auctoris,
1140 3034 1237 3089 cui
1267 3029 1529 3109 Ἐκλογαί
1553 3050 1658 3088 seu
1678 3035 1873 3088 Excer-

220 3128 303 3189 pta
324 3123 528 3178 titulus
550 3123 1017 3189 fuit,transiens.
1044 3124 1177 3177 Hinc
1190 3122 1392 3178 omnia
1410 3122 1607 3177 minus
1630 3122 1870 3193 quidem

221 3218 472 3267 accurate
503 3213 937 3282 interpretatus
958 3217 1068 3278 est,
1092 3216 1251 3266 recte
1275 3216 1476 3265 tamen
1504 3212 1662 3282 cepit
1682 3209 1865 3266 Rufil-

219 3302 437 3371 nusqui
463 3302 550 3357 ita
572 3303 772 3356 vertit:
798 3322 826 3352 «
853 3303 987 3356 Haec
1011 3306 1071 3356 et
1093 3299 1281 3355 multa
1300 3299 1418 3355 alia
1438 3300 1531 3355 his
1553 3300 1773 3357 similia
1792 3302 1867 3357 ad

218 3386 457 3446 diversas
473 3390 775 3446 Ecclesias
789 3389 1125 3456 scribit;sed
1138 3389 1281 3446 etad
1299 3389 1689 3461 Polycarpum
1712 3391 1873 3444 velut

221 3480 606 3547 apostolicum
622 3480 815 3535 virum
830 3478 983 3535 datis
996 3479 1227 3545 litteris,
1239 3479 1662 3534 Antiochenam
1682 3480 1736 3534 ei
1767 3481 1872 3533 Ec-

210 3566 427 3624 clesiam
458 3569 773 3641 praecipue
796 3568 1195 3636 commendat,
1242 3568 1329 3624 Ad
1376 3568 1716 3639 Smyrneeos
1731 3585 1871 3624 sane

218 3658 493 3721 scribens,
517 3659 721 3713 utitur
748 3657 945 3712 verbis
972 3657 1328 3728 quibusdam
1360 3657 1519 3712 unde
1548 3658 1869 3729 assumptis

223 3746 533 3803 nescimus.

273 3834 679 3905 Hieronymus
713 3834 895 3889 etiam
925 3834 1055 3905 ipse
1093 3850 1215 3888 non
1245 3833 1421 3889 aliter
1461 3834 1783 3904 capiendus
1810 3834 1872 3888 in

214 3923 459 3993 Catalogo
487 3926 841 3994 scriptorum
876 3922 1382 3989 ecclesiasticarum,
1414 3922 1516 3979 ubi
1547 3921 1630 3977 ait
1659 3939 1729 3977 ex
1760 3924 1873 3978 Eu-

211 4012 411 4068 sebioza
422 4014 572 4069 Inde
592 4012 915 4084 egrediens
929 4011 1170 4081 scripsit
1184 4011 1259 4066 ad
1274 4010 1871 4082 Philadelphos,et}ad

211 4096 624 4169 Smymmos,et
646 4100 890 4173 proprie
910 4099 986 4155 ad
1007 4100 1421 4172 Polycarpum,
1442 4100 1872 4156 commendans

216 4163 794 4247 illi-Antiochensem
818 4163 1355 4254 Ecclesiam.»Quid
1375 4163 1625 4243 clarius?
1643 4191 1875 4258 Proprie
1974 4163 2063 4232 εἶθ-ί

207 4276 340 4331 enim
391 4280 490 4335 hic
544 4277 910 4334 nihilaliud
967 4282 1163 4342 sanat,
1195 4292 1376 4348 quam
1404 4279 1725 4347 separatim,
1753 4277 1872 4332 sive

208 4372 425 4423 seorsim.
491 4371 589 4425 Ita
647 4366 1027 4437 Sophronias
1086 4366 1403 4437 interpres,
1465 4360 1676 4425 ἰδικῶς
1732 4363 1870 4438 πρὸς

212 4450 574 4529 Πολύχαρπον.
636 4458 754 4511 Est
779 4460 979 4510 autem
1036 4449 1228 4522 ὶὸκῶς,
1287 4454 1613 4525 interprete
1671 4454 1871 4521 Suida,

208 4543 515 4615 καταμόνας.
550 4548 705 4618 Ipse
742 4544 1134 4613 Hieronymus
1163 4543 1250 4597 ita
1294 4542 1438 4597 alibi
1470 4542 1635 4613 lopui
1664 4543 1729 4597 in
1760 4543 1872 4598 hac

1978 1990 2415 2062 permotus,qui
2438 1990 2794 2062 «Epistulam
2822 1989 2894 2045 ad
2932 1989 3318 2060 Polycarpum
3350 1990 3411 2045 in
3443 2004 3628 2043 censu

1980 2079 2335 2152 scriptorum
2347 2080 2554 2152 Ignatii
2568 2079 2744 2150 plane
2758 2078 3326 2150 prmtermittendam
3341 2094 3468 2133 esse
3474 2078 3496 2149 j
3508 2078 3633 2132 udi-

1979 2177 2562 2247 cavit,ita,videlicet,
2582 2177 2776 2232 verbis
2801 2177 3141 2248 Hieronymi
3168 2175 3448 2246 acceptis,
3480 2192 3548 2230 ac
3578 2174 3625 2229 si

1978 2266 2141 2322 nulla
2155 2265 2473 2337 peculiaris
2489 2266 2564 2321 ad
2580 2268 2971 2336 Polycarpum
2986 2264 3121 2319 data
3136 2264 3233 2319 hic
3249 2263 3321 2318 ab
3336 2262 3630 2334 eo‘fuisset

1978 2355 2257 2427 Epistola.
2286 2376 2316 2405 »
2344 2355 2457 2410 Sed
2479 2356 2609 2426 quis
2631 2355 2821 2410 nescit
2843 2354 3168 2409 Honorium
3211 2352 3382 2408 illum
3412 2352 3629 2408 mentis

1980 2445 2321 2515 Hieronymi
2348 2444 2673 2516 pessimum
2704 2459 2835 2499 esse
2864 2444 3274 2515 interpretem,
3298 2447 3356 2498 et
3380 2457 3627 2513 operum

1981 2535 2054 2590 ab
2085 2550 2154 2590 ea
2184 2534 2631 2591 nominatorum
2664 2532 3104 2604 ineptissimum
3135 2537 3372 2601 testem,
3398 2531 3499 2601 qui
3530 2531 3629 2587 Ca-

1982 2625 2227 2694 talagum
2261 2639 2437 2693 quem
2486 2629 2723 2678 secutus
2781 2627 2888 2690 est,
2924 2638 3079 2693 saepe
3137 2638 3258 2676 non
3316 2619 3627 2676 intellexit.

1981 2713 2198 2784 saepius
2230 2712 2559 2768 decurtavit
2580 2711 2606 2765 ‘l
2635 2712 2776 2777 Quis
2801 2710 2873 2766 de
2894 2711 3086 2765 verbis
3109 2710 3428 2781 Heronymi
3472 2710 3626 2765 acci-

1980 2808 2215 2881 piendis
2250 2808 2335 2863 illi
2368 2807 2631 2863 conﬁdet
2660 2809 2721 2861 in
2752 2806 3104 2879 lgnatia,qui
3130 2806 3329 2860 statim
3361 2806 3421 2859 in
3453 2805 3631 2875 Poly-

1982 2914 2182 2970 carpo,
2208 2897 2351 2953 dicit
2372 2913 2508 2953 eum
2531 2895 2953 2968 scripsisse«ad
2976 2894 3389 2966 Philippenses
3420 2894 3634 2965 episto-

1982 2988 2190 3043 lamet
2219 2985 2490 3057 quaedam
2521 2984 2592 3040 de
2623 2985 2718 3039 die
2752 2984 3043 3048 Paschas,»
3078 2998 3212 3037 cum
3236 2983 3628 3053 Hieronymus

1985 3092 2121 3132 eum
2134 3074 2549 3131 tantummodo
2577 3071 3149 3145 «propterquasdam
3180 3087 3360 3143 super
3381 3071 3627 3126 diel’as-

1984 3166 2109 3220 chas-
2132 3165 2477 3235 questiones
2528 3165 2773 3219 Romam
2823 3162 3088 3217 venisse»
3128 3160 3361 3227 tradat;
3397 3161 3497 3231 qui
3523 3160 3634 3214 «in

1909 3264 1947 3329 ρ
1978 3253 2362 3326 Evangelium
2402 3251 2540 3306 κατᾶ
2569 3251 2846 3307 Ματθαῖον
2867 3250 3367 3308 Commentarios»
3393 3249 3639 3306 ascribit

1981 3343 2239 3415 Origeni,
2273 3359 2422 3413 quos
2454 3343 2847 3414 Hieronymus
2904 3340 3196 3397 tribuerat
3238 3339 3590 3411 Symmacho
3620 3355 3632 3406 ;

1981 3440 2081 3511 qui
2112 3438 2456 3495 Anatolium
2488 3460 2516 3488 «
2537 3439 2743 3495 decem
2772 3436 2959 3492 libros
2989 3436 3061 3492 de
3094 3435 3637 3506 arithmeticageo—

1978 3527 2214 3593 metria,
2247 3527 2636 3592 astronomia,
2666 3526 3073 3598 grammatica,
3105 3525 3423 3589 rhetorica,
3448 3523 3637 3579 diale-

1981 3616 2600 3687 ctica,»composuisse
2624 3615 2823 3679 refert,
2851 3631 3028 3685 quem
3054 3614 3447 3685 Hieronymus
3467 3613 3634 3668 mirae

1980 3705 2267 3761 doctrinae
2288 3704 2479 3760 virum
2511 3704 2572 3758 in
2625 3704 2717 3759 his
2746 3703 2953 3772 fuisse,
2977 3703 3156 3758 licros
3197 3708 3397 3758 autem
3427 3701 3635 3757 decem

1982 3795 2055 3852 de
2083 3794 2475 3851 arithmeticaa
2533 3793 3014 3850 institutionibus
3064 3792 3371 3863 scripsisse
3403 3791 3633 3847 innuit:

1982 3886 2083 3957 qui
2108 3885 2169 3939 in
2192 3884 2493 3940 Clemente
2522 3882 2948 3950 Alexandrino,
2979 3898 3084 3952 pro
3112 3881 3233 3936 illis
3274 3881 3637 3952 Hieronymi,

1982 3984 2282 4053 Paedagogi
2314 3983 2442 4038 libri
2485 3987 2612 4046 tres,
2668 3980 2849 4035 habet
2894 3981 2970 4034 De
2990 3978 3351 4050 praedagagis
3380 3994 3543 4046 unus,
3580 3984 3641 4032 et

1982 4090 2090 4146 pro
2122 4072 2261 4139 illis,
2316 4073 2385 4127 De
2405 4072 2630 4142 jejunio
2659 4070 3010 4138 disceptatio,
3043 4068 3169 4122 hinc
3199 4066 3524 4132 substituit,
3558 4070 3634 4121 De

2066 4163 2200 4216 unio
2228 4176 2394 4224 unus,
2426 4159 2491 4214 de
2510 4159 2915 4228 disceptatione
2938 4172 3079 4211 unus
3099 4172 3122 4219 ;
3148 4154 3249 4226 qui
3280 4155 3342 4208 in
3364 4154 3634 4225 Origene,

1986 4250 2268 4322 quoniam
2301 4249 2694 4318 Hieronymus
2727 4246 2985 4301 indicem
3045 4258 3292 4316 operum
3323 4241 3633 4309 omiserat,

1984 4339 2114 4411 ejus
2147 4339 2275 4395 loco
2306 4337 2487 4394 habet
2513 4353 2610 4393 sea
2641 4336 2825 4391 millia
2856 4334 3122 4391 librorum
3180 4334 3423 4403 scripsit,
3472 4331 3631 4402 quod

1982 4428 2055 4484 ab
2091 4426 2432 4498 Hieronymi
2479 4430 2675 4481 mente
2731 4423 2988 4480 maxime
3045 4422 3310 4479 alienum
3359 4435 3489 4475 esse
3534 4437 3633 4476 co-

1982 4525 2387 4599 gnoscitur,ex
2411 4523 2695 4595 Apologia
2712 4521 2975 4577 secunda
2993 4520 3274 4577 adversus
3294 4518 3596 4574 Bullinum
3619 4533 3631 4570 :

203 4628 308 4697 ipso
326 4606 653 4706 ‘Catalog-o,
678 4606 1011 4688 Clementis
1029 4629 1420 4686 Alexandrini
1453 4606 1634 4701 opera
1660 4645 1869 4685 recen-

1986 4611 2517 4669 «Numeraindiees
2549 4610 2838 4665 librorum
2868 4610 3019 4680 ejus,
3047 4609 3148 4679 qui
3179 4609 3242 4663 in
3274 4607 3442 4663 tertio
3474 4606 3635 4661 volu-

204 4732 366 4777 lenm
378 4723 459 4779 De
476 4720 842 4781 canonibus
869 4718 1313 4783 ecclesiasticis,
1346 4724 1407 4774 et
1433 4718 1718 4775 adversus
1742 4735 1864 4785 eos,

204 4809 282 4875 qui
302 4812 660 4868 Judaeorum
687 4815 1030 4881 sequuntur
1049 4824 1313 4864 errarem
1335 4807 1488 4863 liber
1504 4824 1865 4879 unus,quem

208 4902 411 4972 proprie
434 4898 1355 4969 AlexandroHierosolymorum
1378 4898 1655 4969 episcopo
1677 4917 1870 4971 προσε-

203 4988 424 5057 Ῡώνησε.
460 4996 533 5049 Et
566 4993 650 5048 de
687 4988 1018 5060 Apollonia
1046 5005 1248 5060 agens:
1281 5010 1309 5040 α
1332 4988 1733 5044 Tertullianus
1763 5004 1868 5044 sex

208 5077 584 5140 voluminibus
602 5078 913 5137 adversus
928 5077 1253 5134 Ecclesiam
1278 5077 1611 5148 editis,qum
1633 5076 1871 5149 scripsit

211 5168 311 5238 περὶ
334 5168 680 5233 ἐκστάσεως,
720 5167 1050 5237 septimum
1069 5165 1309 5238 proprie
1333 5166 1611 5223 adversus
1632 5165 1868 5237 Apollo-

207 5254 343 5313 nium
354 5254 808 5324 elaboravit,in
822 5270 938 5325 quo
952 5255 1292 5326 omniaquae
1305 5254 1407 5309 ille
1417 5253 1872 5326 arguitconatur

204 5340 506 5408 defendere.
518 5351 601 5405 »υ
610 5342 908 5413 trahique
915 5343 1468 5416 proprie,signiﬂcat
1479 5342 1863 5414 peculiariter,

205 5438 554 5496 etvertitura
579 5432 941 5508 Soprhonia
988 5427 1198 5495 ἱδικῶς,
1242 5438 1308 5488 ιιι
1333 5433 1397 5487 in
1436 5430 1678 5503 lgnatio.
1706 5431 1871 5496 Quod

208 5531 369 5583 autem
391 5522 825 5601 sequitur,«in
845 5537 964 5592 qua
987 5526 1048 5576 et
1070 5520 1143 5579 de
1166 5520 1481 5594 Evangelia
1497 5519 1659 5592 quod
1681 5536 1874 5591 nuper

209 5624 235 5663 δ
258 5628 335 5670 me
357 5618 732 5675 translatum
761 5615 1067 5680 est,super
1082 5626 1340 5682 persona
1356 5609 1573 5665 Christi
1596 5608 1765 5679 ponit
1783 5614 1870 5665 te-

210 5701 411 5767 llimoni
423 5724 526 5766 um
535 5751 552 5776 ,
573 5728 609 5759 ιι
634 5698 814 5761 illud
823 5701 887 5754 in
896 5714 1008 5770 qua
1017 5714 1155 5756 cum
1166 5712 1513 5772 expressum
1526 5713 1648 5754 non
1659 5697 1876 5755 habeat

212 5798 519 5875 Vocabulum
545 5790 1045 5859 anteocdons.ad
1069 5793 1236 5862 quod
1258 5792 1579 5849 utentur.
1591 5804 1869 5849 necessa-

1980 4704 2134 4759 miae
2155 4700 2419 4768 Eusebii,
2441 4700 2504 4754 in
2538 4716 2654 4771 quo
2680 4698 2886 4754 scribit
2913 4699 3091 4753 vitam
3123 4695 3416 4768 Pamphili
3444 4696 3632 4751 conti-

1975 4795 2281 4855 nentur,et
2293 4806 2414 4845 non
2428 4788 2559 4843 dico
2575 4804 2679 4843 sex
2692 4785 3015 4851 millia,sed
3030 4786 3249 4842 tertiam
3263 4790 3492 4857 partem
3509 4801 3629 4840 non

1974 4885 2405 4959 reperies;»qui
2422 4885 2622 4940 Graaca
2642 4884 2765 4939 fere
2788 4883 2991 4939 omnia
3015 4881 3172 4954 apud
3202 4882 3627 4951 Hieronymum

1977 4976 2039 5030 in
2074 4974 2342 5031 Latinam
2372 4972 2635 5045 linguam
2666 4977 2787 5027 tam
2824 4971 2977 5026 male
3006 4976 3184 5040 atque
3214 4969 3492 5040 imperite
3508 4987 3632 5025 ver-

1977 5066 2079 5121 tit?
2101 5070 2223 5120 lmo
2254 5064 2388 5135 quis
2419 5062 2491 5117 de
2523 5077 2774 5117 numero
2801 5059 3187 5131 epistolarum
3234 5058 3392 5130 apud
3426 5059 3631 5113 Hiero-

1978 5171 2228 5228 nymum
2258 5151 2520 5208 Honorio
2551 5149 2754 5205 credet
2782 5149 2846 5204 in
2880 5148 3128 5220 Ignatio,
3175 5148 3276 5218 qui
3308 5147 3470 5204 novit
3499 5164 3635 5203 eum

1979 5253 2041 5308 in
2072 5251 2340 5322 Epitome
2373 5264 2483 5303 sua
2512 5252 2600 5303 tot
2627 5245 2916 5317 opuscula
2966 5244 3350 5316 prmteriisse,
3397 5262 3528 5315 quae
3559 5244 3631 5300 ab

1980 5342 2338 5410 Hieronymo
2370 5337 2431 5390 in
2461 5335 2734 5404 Catalogo
2763 5333 3338 5389 commemorantur?
3367 5335 3433 5387 In
3465 5333 3629 5389 Meli-

1977 5437 2138 5495 tone,
2174 5424 2300 5498 Περὶ
2362 5420 2678 5493 ἐνσωμάτου
2705 5424 2861 5490 Θεοῦ,
2894 5421 3098 5475 librum
3147 5436 3337 5487 unum;
3370 5421 3433 5477 in
3488 5422 3628 5478 Ale-

1979 5517 2226 5581 xandro,
2255 5512 2555 5584 Epistolam
2583 5510 2655 5566 ad
2679 5512 2987 5565 Antinaitas
3002 5526 3025 5573 ;
3055 5509 3116 5564 in
3145 5507 3297 5565 Julia
3320 5510 3623 5577 Africano,

1983 5603 2342 5679 «Epistolam
2364 5600 2437 5655 ad
2452 5599 2763 5672 Origenem
2779 5614 2958 5671 super
2972 5598 3302 5670 quaestione
3316 5600 3624 5670 Susanna,

1979 5703 2042 5755 et
2054 5696 2235 5754 aliam
2255 5690 2330 5748 ad
2348 5689 2668 5748 Aristidem
2686 5688 2758 5745 de
2779 5688 3121 5761 genealogis.
3153 5688 3495 5755 Servataris;
3515 5712 3541 5738 »
3564 5691 3625 5745 in

1965 5779 2558 5849 -Nevattano,librum
2571 5780 2650 5837 De
2676 5776 2972 5846 nutantia;
2993 5777 3058 5835 in
3076 5777 3427 5845 Malchionis,
3459 5778 3609 5835 Gran
