3972 6306
124 371 186 431 '13
796 360 1226 423 PEARSONII
1271 357 1644 420 VINDICME
1685 357 2173 420 IGNATIANIE.
2221 394 2296 405 —
2340 359 2833 426 PROCEMIUM.

3456 367 3539 426 74

127 505 251 577 cipis
271 500 648 574 discipulum
666 498 870 554 nullus
892 501 1160 552 nostrum
1183 495 1399 551 habeat
1426 494 1777 566 privatum.»
1811 496 1859 562 Α
1891 494 2115 550 chanus
2131 512 2252 550 eam
2277 501 2502 567 partem
2526 499 2685 555 velut
2705 501 3069 572 adjectitiam
3091 503 3538 559 resectamfuis-

129 598 254 651 Cum
285 595 464 664 igijur
497 592 632 645 haec
691 587 875 643 verba
931 585 1133 658 Ἀμὴν,
1165 586 1200 651 ἡ
1237 584 1420 658 χάρις,
1456 585 1530 639 ad
1590 583 1772 638 ﬁnem

131 685 386 756 Epistolas
420 681 497 736 ad
530 678 846 749 Ephesios,
873 681 932 731 et
952 675 1174 747 pariter
1201 674 1378 745 hujus
1405 675 1479 729 ad
1501 674 1777 744 Polycar-

129 792 254 846 pum
287 771 566 843 apposita
597 768 998 839 reperiantur,
1032 769 1298 836 apparet,
1332 769 1647 832 utramque
1674 778 1780 832 pa-

131 867 260 920 riter
293 863 476 918 etiam
511 860 616 914 illo
652 874 771 911 aevo
804 856 985 912 fuisse
1016 853 1455 925 interpolatam.

195 954 276 1010 Ad
301 955 428 1007 haec
445 951 652 1005 omnia
665 948 726 1002 ul
739 947 920 1001 terius
935 943 1344 1000 confirmanda
1361 943 1608 997 multum
1629 941 1782 995 valet

135 1046 186 1100 id
218 1041 371 1114 quod
402 1057 514 1096 nos
546 1038 724 1109 primi
751 1035 1207 1098 observavimus,
1240 1033 1418 1086 fuisse
1453 1032 1782 1100 antiquitus

138 1133 304 1186 aliam
336 1127 788 1200 lgnatianorum
848 1121 1185 1184 editionem,
1247 1125 1464 1190 prmter
1512 1135 1608 1173 eas
1640 1123 1780 1185 tres,

137 1237 276 1292 quas
309 1220 608 1272 memorat
651 1212 944 1268 Usserius.
997 1212 1132 1263 Erat
1189 1214 1386 1263 autem
1443 1208 1570 1262 haec
1603 1207 1782 1262 editio

131 1311 391 1365 omnium
427 1311 488 1360 et
519 1304 784 1358 solarum
820 1301 1202 1372 epistolarum
1237 1314 1384 1368 quas
1414 1297 1558 1351 vidit
1603 1299 1784 1351 Euse-

132 1398 255 1450 bius
315 1394 422 1449 sed
454 1388 1322 1462 interpolatarumﬁequehzec
1341 1386 1785 1457 estconjectura

135 1483 520 1540 mera.Habeo
547 1481 704 1535 enim
731 1478 1034 1550 exemplar
1073 1494 1182 1533 ms.
1219 1478 1483 1532 Graecum
1512 1476 1784 1547 epistola-

138 1591 260 1629 rum
295 1572 765 1644 lgnatianarum,
800 1568 942 1621 mihi
977 1584 1010 1621 a
1040 1567 1161 1620 viro
1194 1565 1362 1621 docto
1384 1571 1439 1619 et
1465 1565 1784 1635 antiquita-

140 1672 257 1720 tum
283 1664 523 1720 curioso
553 1659 1078 1723 communicatum,
1097 1657 1225 1711 sine
1256 1657 1408 1710 {ictis
1427 1662 1484 1710 et
1514 1655 1787 1726 supposi-

139 1755 278 1807 titiis
303 1757 559 1821 (septem
592 1748 752 1804 enim
790 1752 1019 1801 tantum
1078 1745 1260 1813 sunt,)
1293 1745 1396 1798 sed
1453 1760 1586 1799 cum
1619 1758 1787 1797 assu-

1891 601 1952 638 se
1970 583 2312 653 arbitratur,
2338 608 2366 636 «
2383 588 2540 657 quod
2566 595 2686 644 tam
2713 590 2900 645 multa
2922 591 2983 644 in
3017 607 3085 645 ea
3106 592 3536 662 reperirentur,

1893 690 2024 743 qua;
2046 674 2449 730 adEcclesiam
2469 677 2905 748 Smyrnaaorum
2931 680 3115 749 magis
3136 681 3535 751 pertinebant,

1893 779 2071 833 quam
2104 763 2175 818 ad
2203 765 2362 819 illius
2421 767 2758 836 episcopum
2808 769 3231 840 Polycarpum;
3287 770 3358 824 ab
3417 771 3535 826 illis

1893 851 2382 920 videlicet,verbis
2407 855 2496 907 sui
2514 854 3200 928 interpretiszaEpiscopo
3215 859 3536 927 attendite;

1893 945 1961 993 ut
1981 945 2040 994 et
2067 942 2218 995 Deus
2233 941 2414 996 vobis.
2438 964 2466 990 »
2491 943 2601 997 Sed
2623 945 2747 998 haec
2779 946 3122 1015 conjectura
3143 947 3399 1019 seipsam
3445 947 3538 1019 ju—

1895 1027 2278 1098 gulat.Neque
2301 1030 2461 1084 enim
2483 1037 2711 1086 resecta
2732 1032 3141 1104 interpretatio
3159 1033 3409 1090 dicenda
3427 1043 3534 1101 est,

1897 1134 2072 1187 quam
2102 1135 2367 1189 unquam
2418 1121 2715 1176 exstitisse
2747 1139 2866 1176 non
2914 1129 3164 1178 constat.
3226 1125 3453 1195 Neque,
3489 1127 3538 1181 si
3643 1138 3645 1141 '

1894 1224 2158 1278 unquam
2215 1209 2528 1274 exstiterit,
2578 1211 2661 1264 ihi
2693 1217 2922 1267 resecta
2975 1219 3084 1277 est,
3115 1213 3217 1268 ubi
3277 1215 3540 1285 Ignatius

1899 1297 2228 1366 Smyrnaeos
2261 1296 2600 1366 alloquitur,
2625 1298 2727 1352 sed
2759 1298 2947 1353 multo
2977 1301 3249 1370 superius
3275 1316 3288 1365 ;
3316 1317 3434 1354 non
3466 1300 3540 1355 ad

1898 1401 1966 1439 ea
1996 1384 2190 1449 verba,
2231 1388 2504 1455 Episcopo
2548 1387 2840 1451 attendite,
2873 1394 2935 1441 ut
2965 1394 3014 1441 et
3047 1389 3180 1442 Deus
3211 1389 3383 1452 vobis,
3435 1387 3540 1442 sed

1898 1472 1969 1528 ad
1983 1474 2095 1528 ista
2110 1473 2280 1544 longe
2296 1475 2887 1545 priorazuSecundum
2904 1493 3141 1530 omnem
3157 1477 3397 1531 modum
3413 1493 3544 1548 pro-

1897 1568 2028 1633 pter
2049 1580 2154 1617 nos
2177 1565 2995 1636 sustinentem.»lneptissimi
3018 1573 3176 1622 certe
3201 1568 3462 1623 hominis
3483 1571 3544 1622 et

1900 1653 2054 1706 male
2085 1653 2300 1715 feriati,
2332 1669 2406 1707 ne
2437 1654 2629 1708 dicam
2661 1655 2855 1709 insani
2916 1656 3144 1726 fuisset,
3187 1662 3273 1711 tot
3303 1662 3538 1712 senten-

1899 1741 2010 1795 tias
2042 1740 2114 1795 ad
2140 1742 2529 1811 Polycarpum
2552 1743 2831 1812 utrinque
2851 1745 3218 1814 pertinentes
3237 1744 3367 1799 ideo
3386 1761 3543 1800 rese-

139 1841 352 1896 mentis
382 1838 629 1909 quidem
654 1835 756 1890 diu
772 1840 908 1906 post
928 1834 1243 1888 Eusebium
1268 1833 1387 1887 imo
1412 1838 1469 1887 et
1490 1831 1787 1888 Gelasium
1819 1843 1866 1907 Β
1899 1846 2053 1896 care,
2087 1830 2245 1899 quod
2276 1830 2578 1884 nonnulla:
2609 1831 2934 1903 interjectaa
2956 1833 3031 1886 ad
3057 1833 3387 1905 Smyrnaeos
3418 1849 3542 1888 ma-

137 1930 325 1995 factis,
361 1927 649 1999 epistolas
679 1926 790 1979 hoc
824 1922 1032 1978 ordine
1060 1928 1517 1993 reprazsentans.

205 2019 349 2091 Πρὸς
382 2012 776 2088 Τραλλησίους
837 2012 917 2068 Δ’.
979 2011 1122 2084 Πρὸς
1150 2009 1496 2082 Μαγνησίους
1530 2008 1604 2066 Β’.
1639 2007 1782 2080 Πρὸς

139 2103 504 2183 Φιλαδελφεῖς
535 2109 606 2159 Γ¹.
642 2102 784 2176 Πρὸς
817 2099 1160 2174 Σμυρναίους
1194 2105 1262 2154 Δ¹.
1298 2099 1440 2173 Πρὸς
1499 2095 1786 2162 Πολῦκαρ-

1897 1920 1983 1992 gis
2018 1920 2316 1990 pertinere
2339 1919 2697 1976 viderentur.
2733 1921 3058 1993 Aliaigitur
3074 1923 3252 1993 hujus
3273 1923 3357 1977 rei
3389 1923 3540 1978 ratio

1891 2020 2194 2075 reddenda
2213 2025 2338 2088 est;
2368 2026 2424 2075 et
2451 2037 2592 2076 sane
2616 2038 2687 2076 ex
2711 2024 3010 2078 sententia
3027 2029 3229 2079 nostra
3248 2039 3536 2095 perquam

1891 2109 2212 2164 luculenta.
2239 2109 2519 2181 Vulgatus
2538 2109 2631 2164 ille
2655 2109 2948 2182 interpres
2971 2128 3082 2167 nec
3102 2113 3338 2182 plenam
3364 2113 3538 2168 nobis

137 2217 230 2250 πον
261 2194 564 2249 ἒπὲσχοπον
596 2190 856 2264 Σμύρνης
889 2189 962 2245 E'.
1009 2189 1149 2261 Πρὸς
1204 2186 1482 2266 Ἐφεσίους
1534 2187 1592 2255 ζ’.
1646 2187 1785 2260 Πρὸς

1906 2198 2340 2268 .nscriptionem
2374 2199 2554 2264 dedit,
2589 2216 2698 2254 nec
2733 2200 3081 2270 Epistolam.
3113 2203 3279 2256 Ratio
3322 2201 3541 2256 utrius-

143 2289 460 2359 Ῥωμαίους
491 2285 561 2339 Ζ’.

206 2380 367 2434 Hanc
396 2395 506 2449 ego
539 2375 865 2430 editionem
897 2372 1258 2444 peculiarem
1293 2375 1351 2424 et
1381 2371 1452 2426 ab
1483 2369 1617 2426 aliis
1663 2369 1780 2424 dis-

138 2471 380 2524 tinctam
412 2465 676 2526 invenio,
711 2464 962 2533 ideoque
995 2479 1100 2532 pro
1151 2461 1337 2515 tribus
1384 2459 1600 2516 Usserii
1636 2476 1781 2528 qua-

140 2566 267 2612 tuor
299 2559 572 2612 diversas
601 2554 810 2625 lgnatii
844 2552 1135 2607 editiones
1158 2551 1299 2606 olim
1323 2550 1649 2605 obtinuisse
1673 2556 1787 2604 sta-

138 2656 254 2702 tuo.
291 2647 500 2701 Prima
519 2644 632 2698 fuit
660 2659 963 2715 germana,
996 2640 1379 2712 epistolarum
1419 2645 1648 2695 tantum
1685 2655 1784 2693 se-

138 2747 294 2809 ptem
324 2755 336 2790 :
363 2755 398 2792 a
421 2736 747 2806 Polycarpo
767 2733 942 2800 edita,
969 2739 1026 2788 et
1054 2733 1241 2804 ipsius
1262 2731 1538 2802 Epistolaa
1561 2731 1632 2785 ad
1655 2731 1786 2785 Phi-

137 2828 463 2898 lippenses,
497 2825 561 2878 in
592 2827 886 2876 conventu
927 2821 1080 2875 Asiaa
1126 2820 1313 2880 lectas.
1349 2819 1634 2890 subjecta,
1667 2820 1784 2873 Ire-

137 2933 284 2976 nazo,
350 2912 702 2984 Theophilo,
777 2911 1032 2982 Origeni,
1092 2908 1366 2974 Eusebio,
1439 2909 1786 2975 Athanasio,

136 3005 582 3074 Chrysostomo,
646 2999 1027 3070 Hieronymo,
1087 2998 1475 3065 Theodoreto,
1534 2997 1786 3061 Gelasio,

139 3093 484 3163 Ephraimo,
517 3089 808 3143 Antiocho
841 3087 1096 3158 cognita.
1129 3087 1400 3142 Secunda
1419 3086 1529 3141 fuit
1553 3103 1787 3140 earum-

1892 2305 2004 2358 que
2037 2287 2299 2343 defectus
2337 2287 2565 2342 eadem:
2599 2291 2881 2358 quoniam
2905 2291 3182 2360 epistolas
3198 2291 3323 2361 jam
3347 2291 3530 2345 inter—

1889 2376 2115 2448 polatas
2146 2377 2344 2432 Latine
2363 2377 2608 2432 reddere
2631 2376 2988 2434 instituerat.
3012 2381 3323 2452 Inscriptio
3347 2380 3528 2451 priori

1889 2471 2054 2536 parte
2085 2465 2442 2536 interpolata
2473 2471 2580 2531 est,
2611 2468 2921 2537 posteriori
2952 2468 3236 2523 minime:
3272 2468 3529 2539 priorem

1890 2555 2069 2628 igitur
2117 2561 2346 2625 partem
2405 2555 2852 2625 interpretatus,
2911 2557 3300 2627 posteriorem
3358 2556 3534 2627 plane

1893 2645 2114 2700 omisit.
2149 2645 2380 2699 Pariter
2409 2644 2570 2715 prior
2600 2661 2736 2714 pars
2770 2646 3044 2717 Epistolaa
3076 2647 3392 2718 insigniter
3449 2646 3540 2700 in-

1894 2734 2183 2805 terpolata
2215 2739 2339 2800 est;
2373 2733 2686 2804 posteriori
2721 2750 2906 2788 unum
2931 2740 3033 2789 aut
3053 2735 3305 2789 alterum
3338 2734 3544 2789 verbu-

1895 2824 2016 2878 lum
2052 2823 2372 2893 adjectum.
2405 2823 2664 2876 Priorem
2699 2823 2878 2894 igitur
2907 2828 3136 2892 partem
3188 2823 3543 2893 interpreta-

1897 2919 2013 2978 tus,
2046 2911 2436 2982 posteriorem
2485 2910 2721 2980 penitus
2763 2911 2964 2964 omisit
2994 2911 3154 2980 quod
3193 2916 3370 2978 esset,
3406 2911 3541 2981 opi—

1899 3017 2030 3067 nor,
2065 2999 2136 3053 ab
2171 2998 2287 3053 alio
2318 2999 2642 3068 interprete
2673 2998 2837 3068 prius
2860 2997 3111 3053 reddita.
3136 2999 3324 3070 Hujus
3346 3004 3542 3054 autem

1899 3091 1986 3144 rei
2019 3089 2255 3160 signum
2286 3087 2794 3142 evidentissimum
2825 3088 2972 3142 mihi
3007 3088 3258 3157 videtur,
3292 3089 3449 3159 quod
3479 3090 3540 3143 in

144 3182 273 3236 dem
309 3178 704 3250 epistolarum
736 3181 984 3246 septem,
1017 3174 1119 3229 sed
1158 3174 1548 3244 interpolata:
1599 3175 1791 3244 qualis
1831 3204 1873 3270 C
1901 3178 2094 3233 verbis
2125 3176 2510 3247 interpolatis,
2535 3183 2598 3230 ut
2628 3177 2923 3243 hominem,
2958 3177 3226 3234 desinat:
3287 3179 3538 3249 reliqua,

143 3269 200 3321 in
235 3273 449 3321 nostro
483 3265 808 3336 exemplari
842 3266 1038 3319 Graeco
1071 3281 1178 3318 ms.
1229 3269 1437 3332 exstat,
1495 3264 1791 3335 Stephano

143 3359 395 3423 Gobaro,
433 3355 744 3409 Anastasio
771 3353 1120 3426 patriarchae
1141 3353 1595 3416 Antiocheno,et
1614 3354 1794 3407 Chro-

142 3448 255 3501 nici
286 3444 685 3500 Alexandrini
716 3443 1184 3498 consarcinatori
1234 3447 1572 3513 conspecta.
1604 3442 1798 3498 Tertia

145 3536 323 3589 editio
360 3534 496 3600 fuit,
529 3549 602 3586 ex
633 3537 859 3602 septem
891 3530 1189 3602 genuinis,
1249 3535 1307 3584 et
1365 3537 1618 3600 quatuor
1646 3530 1798 3585 tictis

150 3641 250 3678 seu
271 3621 676 3693 supposititiis
691 3620 965 3686 conﬂata,
983 3620 1174 3690 qualis
1197 3620 1258 3673 in
1292 3620 1549 3674 Mediceo
1572 3620 1795 3686 codice,

145 3722 198 3766 et
231 3715 566 3782 interprete
603 3709 918 3764 Usseriano
960 3715 1285 3779 comparet,
1345 3709 1554 3764 Joanni
1585 3710 1796 3764 Dama-

147 3818 345 3866 sceno,
381 3804 444 3853 et
495 3799 751 3851 Antonio
782 3803 1083 3867 usurpata.
1142 3799 1319 3862 Qarta
1371 3797 1627 3867 denique
1667 3798 1797 3861 fuit,

150 3910 214 3946 ex
271 3896 512 3962 septem
574 3888 965 3959 interpolatis,
1001 3894 1058 3942 et
1114 3889 1378 3958 quinque
1410 3889 1803 3960 supposititiis

152 3979 691 4048 constans,addita.
713 3979 959 4043 scilicet,
986 3979 1242 4050 Epistola
1267 3980 1340 4034 ad
1370 3980 1802 4051 Philippenses,

150 4081 457 4144 postremo
492 4070 621 4124 loco
653 4069 808 4135 ﬁcta,
841 4069 1032 4140 qualis
1062 4070 1124 4123 in
1154 4071 1493 4141 Augustano
1517 4071 1717 4126 codice
1749 4077 1807 4127 et

148 4159 592 4231 Nidprucciano
612 4163 1073 4228 reprmsentatur
1093 4162 1148 4211 et
1171 4174 1203 4212 a
1226 4158 1456 4230 vulgato
1484 4160 1807 4230 interprete

151 4247 770 4314 redditur,Auastasio
794 4245 1160 4316 presbytero,
1184 4251 1243 4300 et
1262 4246 1453 4301 Adoni
1488 4247 1807 4303 Viennensi

152 4341 289 4393 visa.
331 4336 503 4393 Unde
537 4335 726 4404 liquet
757 4335 1081 4404 Epistolam
1117 4334 1189 4389 ad
1211 4335 1600 4407 Polycarpum
1633 4337 1694 4390 in
1725 4353 1811 4391 se-

154 4428 350 4482 cunda
384 4431 446 4479 et
477 4429 690 4494 quarta
725 4423 986 4478 editione
1009 4425 1353 4494 apparuisse
1373 4425 1809 4497 interpolatam,

156 4519 216 4572 in
249 4518 431 4572 tertia
466 4515 541 4570 ab
575 4515 736 4568 omni
771 4519 1113 4569 assumento
1162 4513 1432 4578 liberam,
1466 4532 1533 4571 ac
1563 4517 1812 4586 proinde

160 4623 225 4661 ex
273 4607 564 4679 primasva
597 4604 657 4657 in
715 4604 952 4658 tertiam
1011 4604 1140 4658 sine
1172 4603 1297 4659 ulla
1350 4605 1811 4676 interpolatione

160 4697 336 4752 fuisse
369 4695 722 4750 derivatum.

229 4787 368 4840 Hinc
395 4784 586 4839 etiam
610 4787 812 4852 patere
836 4786 1051 4852 potest,
1075 4781 1214 4852 quid
1241 4782 1617 4838 sentiendum
1641 4784 1716 4838 sit
1742 4785 1822 4839 de

163 4875 402 4946 \‘ulgato
441 4874 772 4943 interprete
834 4872 1059 4938 Latino,
1105 4871 1263 4943 apud
1288 4889 1466 4942 quem
1523 4875 1818 4944 posterior

169 4981 298 5036 pars
331 4962 619 5037 Epistolas
643 4961 718 5017 ad
750 4961 1142 5033 Polycarpum
1173 4979 1294 5017 non
1323 4968 1586 5034 apparet.
1617 4965 1821 5020 Arma-

464 5803 754 5862 PATaoL.
807 5791 923 5852 GR.
969 5788 1042 5850 V.

1905 3290 1930 3316 ‹‹
1953 3267 2277 3322 secundum
2301 3282 2540 3320 omnem
2562 3267 2804 3321 modum
2846 3272 3087 3338 propter
3105 3284 3214 3322 nos
3237 3268 3540 3322 sustinen-

1903 3361 2044 3423 tem,
2081 3378 2106 3403 »
2138 3355 2278 3409 licet
2307 3354 2379 3408 ad
2410 3354 2682 3409 eamdem
2741 3357 3096 3410 sententiam
3153 3357 3540 3428 pertinentia,

1904 3444 2156 3499 omittat.

1975 3540 2229 3595 Proinde
2262 3545 2487 3610 septem
2519 3539 2800 3611 epistolas
2831 3541 2902 3595 ab
2934 3541 3185 3596 Eusebio
3232 3543 3285 3596 S.
3320 3543 3544 3614 Ignatio

1905 3627 2220 3683 attributas
2243 3643 2495 3691 censeo;
2528 3627 2683 3680 inter
2715 3643 2812 3681 eas
2844 3627 3165 3698 Epistolam
3198 3629 3271 3683 ad
3302 3629 3548 3699 Polycar

1908 3733 2047 3788 pum
2078 3715 2512 3770 numerandam
2544 3715 2795 3777 affirmo;
2820 3715 3057 3770 easdem
3083 3733 3289 3770 omnes
3312 3717 3550 3787 inPoly-

1909 3805 2188 3875 carpiana
2219 3806 2504 3875 συναγωγῇ
2538 3803 2836 3866 collectas,
2869 3804 3135 3873 epistolae
3158 3805 3306 3875 ejus,
3326 3806 3388 3858 in
3415 3821 3553 3859 con-

1909 3901 2090 3950 ventu
2119 3893 2269 3947 Asia:
2302 3909 2408 3963 per
2437 3890 2662 3961 aliquot
2692 3891 2905 3946 saecula
2926 3892 3159 3962 publice
3189 3893 3379 3959 lectae,
3413 3894 3553 3947 sub-

1904 3985 2161 4056 junctas,
2189 3987 2245 4035 et
2269 3998 2301 4034 a
2318 3985 2520 4034 sancto
2545 3984 2800 4049 martyre
2815 3980 3179 4050 conscriptas
3191 3980 3371 4033 fuisse
3390 3997 3552 4034 asse-

1912 4077 2182 4127 veranter
2204 4068 2517 4123 contendo.
2546 4068 2907 4121 Sententiam
2928 4066 3122 4121 Dallsei
3137 4069 3208 4122 de
3227 4067 3550 4137 impostore

1914 4161 2128 4232 primo,
2163 4175 2263 4212 sex
2295 4157 2574 4228 epistolas
2605 4160 2737 4227 post
2758 4157 3042 4210 ducentos
3073 4156 3142 4210 ab
3175 4156 3379 4227 lgnatii
3402 4172 3554 4210 mar-

1915 4250 2065 4321 tyrio
2097 4263 2285 4303 annos
2317 4247 2377 4300 in
2402 4245 2593 4299 lucem
2617 4244 2975 4316 proferente,
3003 4250 3060 4299 et
3077 4245 3359 4313 secundo,
3387 4244 3552 4300 illam

1916 4339 1990 4393 ad
2021 4339 2409 4409 Polycarpum
2441 4341 2579 4407 post
2610 4336 2898 4390 ducentos
2941 4335 3118 4390 etiam
3150 4336 3298 4391 alios
3352 4341 3558 4407 partu-

1918 4429 2131 4494 riente,
2167 4428 2536 4498 ﬁgmentum,
2569 4425 2689 4479 imo
2722 4431 3064 4496 portentum
3099 4442 3226 4480 esse
3251 4425 3477 4496 judico.

1992 4520 2182 4586 Atque
2213 4517 2339 4570 hzec
2370 4515 2440 4569 de
2469 4520 2622 4583 ortu,
2655 4532 2970 4586 progressu
3003 4521 3060 4569 et
3095 4515 3381 4570 hodierno
3406 4519 3563 4571 statu

1924 4606 2102 4677 hujus
2125 4604 3413 4675 controversias,introductionismore,atque
3441 4622 3570 4676 per-

1927 4694 2257 4767 spicuitatis
2289 4694 2474 4765 gratia
2512 4693 2731 4748 dixisse
2765 4694 3039 4748 sufﬁciat:
3075 4711 3204 4764 quae
3236 4694 3364 4748 loco
3399 4695 3573 4750 trium

1925 4785 2191 4856 priorum
2223 4784 2481 4854 capitum
2513 4782 2646 4835 libri
2700 4781 2998 4849 Dallaaani,
3059 4787 3117 4836 et
3148 4783 3360 4852 prioris
3394 4784 3571 4838 etiam

1927 4873 2120 4944 quarti
2152 4872 2336 4942 partis
2367 4871 2643 4942 ponenda
2667 4870 2892 4935 censui,
2922 4876 2985 4926 ut
3015 4870 3089 4925 ad
3121 4887 3189 4926 ea
3210 4870 3374 4926 aliud
3408 4873 3573 4942 quid-

1929 4963 2090 5034 piam
2117 4976 2406 5032 reponere
2438 4975 2683 5015 necesse
2715 4975 2837 5014 non
2868 4958 2966 5012 sit.
