3972 6306
1477 353 1540 418 Ι.
1587 351 1988 418 IGNATIUS.
2022 384 2100 400 --
2141 353 2754 416 PROLEGUMENA.

3763 365 3845 424 76

1294 663 2164 762 VINDIGIARUM
2211 662 2547 758 PARS
2596 663 3009 758 PRIMA

429 867 564 936 Qua
593 869 964 942 argumenta
997 879 1108 941 pro
1140 861 1202 921 S.
1237 857 1465 938 Ignatii
1523 856 1805 937 epistolis
1833 875 1884 997 εἰ
1897 863 2176 996 νθιθςυέ
2237 857 2612 998 testimoniis
2641 857 3014 934 afferuntur,
3045 867 3108 921 et
3135 879 3174 921 α
3203 859 3425 922 Dallasi
3455 862 3847 942 exceptioni-

1893 955 1962 997 ns
2000 955 2105 998 vm
2177 955 2295 998 can
2333 957 2424 998 ur.

1893 955 1962 997 08
2000 955 2424 999 Vinmcantur.

970 1092 1202 1148 CAPUT
1230 1091 1528 1146 PRIMUM.

432 1211 780 1280 Argumenta
806 1225 908 1280 pro
933 1209 990 1264 S.
1019 1209 1226 1276 Ignatii
1285 1205 1539 1280 epistolis
1564 1211 1690 1280 sunt
1709 1203 1794 1259 vel
1849 1211 2082 1280 externo

505 1276 590 1336 uel
618 1276 862 1336 interno.
895 1283 1148 1336 Emtema
1177 1296 1214 1333 a
1233 1276 1585 1346 testimoniis,
1605 1279 1824 1332 interna
1845 1279 1914 1331 ab
1945 1278 2080 1346 ipsis

504 1353 772 1424 epistolis.

509 1469 580 1524 Ut
608 1466 1060 1539 probemus,aut
1079 1479 1429 1535 persuasum
1446 1462 2080 1534 habeamus,epistolas

436 1557 632 1625 hasce,
665 1556 737 1610 de
771 1554 986 1625 quibus
1017 1553 1292 1620 dicimus,
1333 1569 1465 1624 quin
1523 1569 1684 1608 nunc
1716 1553 1777 1608 in
1809 1551 2079 1607 omnium

437 1645 714 1702 manibus
741 1649 900 1712 sunt,
934 1648 993 1698 et
1019 1642 1227 1716 Ignatii
1258 1660 1378 1714 prae
1408 1659 1470 1697 se
1500 1658 1718 1697 nomen
1746 1641 2080 1706 ferunt,re-

437 1751 573 1791 vera
595 1734 666 1790 ab
697 1733 798 1788 illo
821 1732 1204 1788 Antiochensi
1238 1731 1510 1786 Ecclesiae
1551 1731 1816 1786 antistite
1848 1734 2081 1802 aposto-

436 1825 630 1880 lorum
661 1823 950 1894 discipulo
981 1826 1040 1876 et
1068 1821 1442 1877 sanctissimo
1471 1827 1752 1892 martyre,
1783 1821 1942 1877 circa
1971 1821 2083 1875 ini-

435 1914 585 1969 tium
621 1912 864 1968 secundi
896 1910 1096 1966 saculi
1122 1910 1306 1966 fuisse
1334 1911 1722 1982 conscriptas,
1767 1926 1887 1966 non
1917 1909 2080 1965 aliud

437 2003 763 2076 quidquam
784 2018 820 2057 a
849 2000 1041 2068 nobis,
1075 1999 1176 2070 qui
1204 2000 1315 2056 hac
1345 2005 1518 2056 aetate
1549 1999 1815 2067 vivimus,
1848 2004 1953 2056 aut
1981 2017 2076 2054 re-

438 2094 593 2166 quiri
625 2097 727 2148 aut
757 2089 1087 2162 exspectari
1141 2095 1354 2160 potest,
1389 2106 1568 2160 quam
1627 2096 1692 2145 ut
1721 2107 1791 2145 ex
1847 2089 2078 2145 idoneis

437 2179 796 2240 testimoniis
821 2195 1046 2244 eorum,
1082 2178 1296 2248 quibus
1327 2177 1390 2232 in
1414 2177 1593 2233 rebus
1615 2177 1956 2250 hujusmodi
1973 2195 2080 2250 par

439 2275 528 2326 est
555 2269 816 2334 credere,
845 2266 904 2321 id
937 2265 1191 2320 ﬁdeliter
1220 2265 1591 2336 ﬁrmiterque
1613 2267 1957 2339 colligamus
1981 2285 1995 2334 ;
2020 2272 2078 2322 et

437 2357 718 2430 epistolas
747 2355 906 2426 ipsas
939 2359 1100 2408 tanto
1159 2359 1397 2410 auctore
1429 2354 1659 2426 dignas,
1689 2361 1748 2410 et
1791 2356 2077 2427 temporis

435 2461 756 2516 rerumque
785 2442 1247 2500 circumstantiis
1277 2443 1544 2514 apprime
1564 2459 1854 2516 congruas
1886 2449 2077 2500 osten-

435 2536 666 2591 damus.
698 2533 786 2588 Ad
817 2532 1230 2588 auctoritatem
1261 2532 1422 2587 enim
1465 2533 1928 2604 Ignatianorum,
1979 2540 2080 2590 aut

2100 1087 2157 1154 Α
2185 1088 2480 1160 miterque
2495 1086 3122 1162 colligemusldoneos
3135 1097 3332 1147 autem
3357 1096 3536 1150 testes
3559 1099 3842 1166 putamus

2189 1177 2509 1249 scriptores
2529 1177 2968 1234 ecclesiasticos
2991 1181 3344 1252 veteres,qui
3367 1187 3686 1253 antequam
3709 1185 3842 1240 haec

2190 1265 2253 1320 in
2281 1267 2543 1323 Ecclesia
2564 1273 2714 1337 orta,
2739 1273 2842 1324 aut
2869 1274 3187 1340 postquam
3207 1270 3508 1342 aliquibus
3539 1273 3680 1327 oriri
3713 1275 3842 1329 visa

2191 1362 2300 1422 est,
2352 1358 2776 1422 controversia,
2827 1359 3185 1415 sententiam
3231 1377 3424 1430 suam,
3449 1365 3515 1416 ut
3536 1378 3597 1416 se
3624 1361 3845 1419 obtulit

2190 1445 2578 1514 occasio,sine
2604 1445 2726 1502 ulla
2741 1445 3112 1503 dubitatione
3133 1448 3620 1506 authaasitatione
3641 1457 3847 1521 protu-

2189 1532 2408 1588 lerunt.
2446 1535 2560 1588 Hos
2589 1550 2692 1606 ego
2719 1539 2900 1590 testes
2926 1534 3304 1608 incorruptos
3325 1535 3616 1593 adducam
3662 1543 3842 1610 atque

2190 1625 2452 1696 integros
2477 1643 2488 1680 :
2523 1643 2594 1682 ex
2616 1626 2832 1682 borum
2851 1627 3086 1700 scriptis
3104 1628 3476 1701 indubitatis,
3504 1636 3608 1686 aut
3631 1631 3704 1686 ab
3731 1633 3838 1688 im-

2190 1721 2443 1786 portuna
2469 1715 2842 1773 dubitatione
2894 1716 3230 1784 vindicatis,
3279 1719 3620 1776 testimonia
3649 1723 3843 1793 prefe-

2189 1819 2317 1859 ram
2342 1802 2550 1875 ;idque
2565 1820 2635 1860 ea
2657 1805 2952 1862 modestia
2963 1807 3400 1879 praestabimus,
3422 1815 3488 1864 ut
3509 1809 3736 1866 nullius
3749 1829 3842 1866 ve-

2189 1898 2382 1947 terum
2400 1893 2570 1948 famaa
2588 1893 2956 1962 detrahatur,
2975 1895 3202 1951 nullius
3217 1899 3445 1954 nomini
3469 1899 3692 1971 injuria
3711 1901 3834 1971 ﬁat,

2189 1997 2296 2036 sua
2326 1982 2540 2054 cuique
2571 1984 2912 2054 auctoritas,
2937 1985 3128 2054 qualis
3149 1991 3208 2041 et
3230 1995 3453 2057 quanta
3490 1989 3551 2043 in
3574 1990 3840 2046 Ecclesia

2191 2073 2292 2128 Dei
2325 2073 2613 2129 hactenus
2633 2073 2997 2132 fuitillibata
3020 2083 3438 2145 conservetur;
3470 2094 3538 2134 ea
3589 2079 3728 2148 fide,
3773 2087 3841 2136 ut

2188 2163 2494 2218 neminem
2525 2163 2758 2220 obtorto
2789 2164 2944 2219 collo
2975 2165 3048 2220 ad
3069 2166 3368 2236 judicium
3383 2167 3697 2224 ferendum
3721 2176 3840 2226 tra-

2188 2253 2419 2319 hamus,
2444 2255 2645 2309 omnia
2664 2253 2836 2326 plane
2865 2261 2923 2310 et
2938 2257 3096 2312 nude
3118 2264 3634 2329 reprmsentemus,
3659 2269 3843 2333 prout

2187 2343 2250 2398 in
2284 2359 2489 2399 eorum
2521 2343 2756 2416 scriptis
2787 2345 3179 2418 reperiuntur.
3218 2348 3364 2403 Cum
3394 2349 3572 2419 igitur
3619 2351 3838 2422 lgnatii

2109 2464 2156 2531 B
2190 2433 2453 2504 epistolas
2467 2432 2696 2489 decimo
2718 2435 2926 2506 quinto
2941 2435 3416 2509 saeculojamjam
3429 2445 3680 2494 exeunte
3695 2457 3808 2496 eru
3819 2472 3842 2482 -

2189 2525 2262 2576 tae
2295 2526 2354 2576 et
2380 2521 2684 2592 impressas
2715 2523 2974 2594 primum
3006 2525 3512 2595 conspicerentur,
3563 2532 3623 2582 et
3671 2531 3841 2584 varia

432 2625 686 2682 aliorum
719 2637 1208 2693 quorumcunque
1238 2627 1504 2678 veterum
1537 2621 1893 2694 scriptorum
1915 2640 2080 2679 asse-
2187 2612 2501 2667 hominum
2524 2612 2753 2684 judicia
2770 2613 3152 2685 postmodum
3175 2622 3430 2687 expertas
3453 2617 3609 2685 sint;
3635 2617 3717 2672 ita
3741 2637 3838 2674 ve-

429 2713 678 2770 rendam
701 2709 1287 2780 conﬁrmandamque
1311 2709 1428 2764 duo
1451 2715 1680 2766 tantum
1702 2718 2076 2784 argumento-

427 2819 562 2858 rum
586 2815 809 2873 ,genera
849 2799 1048 2856 aﬂerri
1100 2804 1370 2870 possunt,
1401 2804 1668 2868 externa,
1703 2800 1954 2863 scilicet,
1984 2802 2076 2856 vel

428 2895 702 2959 interna;
738 2907 989 2961 quorum
1021 2889 1220 2960 priora
1255 2906 1326 2944 ex
1351 2889 1725 2954 testimoniis,
1746 2891 2076 2962 posteriora

427 2998 458 3036 e
471 2977 1574 3052 scriptisipsispetuntur.Quamobrem
1588 2977 2072 3035 dissertationem

425 3077 691 3126 nostram
723 3070 784 3123 in
817 3068 964 3123 duas
1020 3072 1220 3139 partes
1270 3065 1721 3138 dispescendam
1755 3066 2070 3136 duximus;

422 3175 670 3230 quarum
685 3157 916 3228 quidem
929 3153 1452 3226 primatestimonia
1463 3153 2074 3226 proferet,eademque

423 3247 494 3302 ab
527 3245 846 3302 adversarii
878 3242 1316 3315 objectionibus
1349 3241 1710 3310 vindicabit;
1745 3248 1803 3298 et
1833 3260 1963 3314 quae
1996 3243 2070 3298 ab

420 3337 548 3408 ipso
573 3332 1127 3390 testimoniaaﬂ‘erri
1143 3332 1726 3402 videantur,quaeque
1749 3331 1856 3386 sub
1873 3333 2070 3404 specie

420 3422 752 3496 argumenti
777 3421 1046 3494 negantis
1070 3419 1774 3492 disputantur,refutabit:
1811 3421 2071 3478 secunda

421 3512 700 3584 epistolas
722 3511 879 3582 ipsas
907 3509 1554 3580 considerabit,easque
1577 3509 1848 3564 ostendet
1871 3515 1929 3566 et
1949 3528 2067 3566 aevo

421 3601 726 3676 lgnatiano
755 3615 1076 3671 rerumque
1109 3599 1574 3655 circumstantiis
1623 3599 1891 3672 apprime
1923 3618 2064 3656 con-

421 3708 616 3764 gruas,
649 3694 709 3745 et
737 3707 808 3744 ex
840 3689 968 3760 ipsa
999 3687 1248 3743 materia
1267 3693 1443 3758 atque
1465 3687 1785 3759 scriptione
1809 3696 2066 3761 martyre

421 3786 480 3835 et
511 3779 785 3851 episcopo
845 3776 1228 3832 Antiochensi
1272 3775 1518 3847 dignas;
1577 3778 2058 3849 argumentisque

330 3917 334 3920 .
422 3868 718 3935 omnibus,
750 3868 838 3922 vel
872 3885 940 3921 ex
973 3866 1170 3932 rebus,
1203 3865 1293 3921 vel
1316 3883 1385 3920 ex
1405 3865 1598 3920 verbis
1628 3865 1700 3922 ab
1723 3867 2059 3923 adversario

362 3998 364 4000 τ
419 3957 634 4024 ductis,
695 3955 1102 4027 respondebit,
1175 3953 1644 4025 plenissimeque
1715 3955 2058 4011 satisfaciet.

415 4044 581 4111 Quod
611 4045 660 4100 si
693 4051 812 4100 tam
843 4043 1032 4098 multa
1062 4045 1341 4098 Veterum
1395 4043 1756 4107 testimonia,
1815 4049 2059 4115 tamque

413 4133 680 4204 apposita
713 4149 818 4204 pro
851 4131 942 4185 his
964 4129 1234 4202 epistolis
1260 4131 1470 4185 atlerre
1493 4131 1843 4201 poterimus,
1877 4149 2057 4202 quam

411 4239 541 4292 quas
572 4221 634 4275 in
667 4221 800 4276 aliis
829 4218 1172 4289 hujusmodi
1207 4219 1442 4289 scriptis
1473 4220 1932 4288 stabiliendis,et
1956 4239 2054 4278 ex-

411 4315 501 4364 tra
521 4325 760 4364 omnem
819 4307 1284 4363 controversiam
1336 4309 1628 4378 ponendis
1659 4309 1950 4380 acceptari
1981 4311 2054 4366 ab

409 4401 685 4456 omnibus
710 4400 904 4454 solent
928 4415 942 4464 ;
965 4415 1033 4454 ac
1057 4399 1237 4454 simul
1260 4400 1438 4455 etiam
1471 4401 1751 4472 epistolas
1781 4401 1938 4474 ipsas
1969 4408 2049 4457 ta-

404 4488 492 4544 les
511 4505 640 4544 esse
664 4487 1128 4557 ostenderimus,
1152 4493 1297 4543 uteo
1314 4489 1440 4560 ipso
1471 4489 1796 4562 virodignas
1819 4489 2054 4545 videan-

404 4583 520 4644 tur,
557 4579 651 4633 cui
674 4594 708 4633 a
727 4576 1024 4632 veteribus
1043 4577 1406 4647 tribuuntur,
1441 4579 1712 4650 nihilque
1735 4580 1797 4634 in
1839 4579 1908 4634 iis
1931 4596 2050 4634 om-

402 4667 546 4722 nino
573 4666 1051 4738 contineri,quod
1069 4674 1372 4723 auctorem
1395 4669 1451 4724 S.
1476 4668 1700 4740 lgnatio
1733 4667 1824 4722 vel
1854 4667 2050 4723 minus

404 4757 718 4828 antiquum
741 4756 836 4812 vel
852 4756 1048 4812 minus
1079 4757 1376 4828 pium.aut
1388 4757 1742 4828 prudentem
1765 4757 2046 4828 postulet,

401 4846 447 4900 si
485 4847 608 4901 haec
641 4846 722 4900 ita
755 4847 1220 4914 tractaverimus,
1252 4849 1316 4899 ut
1347 4861 1594 4900 summm
1626 4845 1867 4900 testium
1907 4862 2048 4901 auc-

399 4935 622 4989 toritati
654 4935 736 4989 rei
772 4934 958 5005 ipsius
982 4934 1238 5006 dignitas
1271 4935 1646 5004 suffragetur,
1671 4933 1818 4987 nihil
1844 4933 1905 4987 in
1925 4935 2046 4989 dis-

396 5022 642 5092 putandi
674 5038 890 5093 genere
914 5021 1166 5076 ulterius
1191 5018 1414 5089 requiri
1463 5034 1634 5088 posse
1665 5018 2042 5076 conﬁdimus.

2189 2705 2379 2756 terum
2402 2701 2745 2756 testimonia
2765 2701 3055 2758 adducam
3077 2709 3253 2775 atque
3279 2703 3686 2777 disponam,ut
3711 2725 3842 2763 om-

2186 2790 2270 2856 ni,
2303 2789 2375 2845 ab
2407 2791 2535 2862 ipsa
2565 2808 2680 2862 quo
2713 2791 2946 2863 scriptas
2979 2797 3117 2849 sunt
3147 2799 3432 2867 tempore,
3464 2795 3702 2864 saeculo,
3733 2814 3836 2852 us-

2187 2898 2302 2952 que
2331 2881 2407 2937 ad
2438 2898 2568 2938 eam
2601 2889 2833 2942 aetatem
2867 2900 2986 2955 qua
3028 2885 3334 2956 impressae
3392 2887 3766 2960 prodierunt,
3803 2907 3840 2946 a

2183 2971 2321 3026 viris
2351 2972 2626 3028 maximis
2653 2973 2884 3044 agnitus
2917 2979 2978 3028 et
3005 2975 3359 3046 approbatas
3389 2977 3722 3034 ostendam.

2844 3127 3070 3184 CAPUT
3100 3127 3169 3181 Il.

2187 3267 2520 3323 Testimonia
2545 3269 2740 3342 proris.
2776 3269 2992 3342 lgnatii
3029 3270 3293 3338 epistolis.
3347 3273 3476 3336 Quae
3507 3271 3589 3326 ita
3645 3274 3846 3342 dispo-

2249 3346 2464 3394 nuntur
2493 3346 2554 3394 ut
2577 3341 2794 3395 nullum
2823 3341 3086 3396 secutum
3113 3343 3226 3398 suis
3257 3345 3582 3398 testimoniis
3621 3341 3842 3408 careat,

2250 3427 2284 3464 a
2309 3410 2574 3486 secundo,
2588 3427 2696 3482 quo
2717 3413 2964 3481 primum
3011 3418 3197 3486 natm,
3231 3415 3304 3468 ad
3333 3413 3602 3470 decimum
3661 3419 3838 3486 quin-

2251 3487 2384 3548 tum,
2415 3497 2522 3552 quo
2553 3484 2834 3552 impressa
2853 3490 2980 3538 sunt
3006 3485 3267 3554 epistolae.

2249 3623 2412 3678 Intra
2442 3639 2660 3695 paucos
2689 3630 2822 3696 post
2857 3625 3070 3682 initum
3102 3627 3346 3683 secundi
3379 3627 3574 3684 saeculi
3635 3646 3836 3688 annos

2176 3716 2346 3766 natas
2377 3727 2503 3767 esse
2535 3713 2642 3768 has
2667 3714 2945 3784 epistolas
2980 3731 3177 3771 assero
3204 3733 3216 3770 :
3250 3717 3397 3772 duos
3451 3719 3633 3790 igitur
3663 3721 3803 3790 ejus
3825 3755 3846 3766 -

2175 3799 2312 3856 dem
2343 3802 2448 3856 avi
2472 3803 2790 3874 scriptores
2811 3804 3238 3870 nobilissimos,
3264 3807 3320 3862 S.
3342 3807 3736 3879 Polycarpum
3766 3819 3834 3866 et

2171 3890 2224 3944 S.
2260 3892 2549 3946 Irenaeum
2582 3897 2762 3947 testes
2792 3893 2926 3947 cito.
2960 3893 3016 3948 S.
3068 3893 3424 3965 Polycarpus
3459 3897 3510 3950 S.
3571 3897 3830 3956 Joannis

2169 3979 2421 4050 apostoli
2455 3978 2802 4052 discipulus,
2835 3982 2908 4036 ab
2931 3998 3000 4036 eo
3032 3983 3297 4054 Smyrna)
3320 3985 3630 4056 episcOpus
3661 3988 3834 4044 ordi-

2167 4074 2362 4130 natus,
2399 4069 2576 4124 totius
2608 4071 2761 4125 Asina
2787 4071 3086 4142 princeps,
3112 4072 3165 4127 S.
3198 4073 3422 4143 Ignatio
3441 4080 3645 4129 nostro
3678 4093 3832 4147 per-

2165 4153 2478 4211 familiaris
2505 4157 2654 4224 fuit;
2687 4159 2858 4229 cujus
2886 4168 3110 4230 martyr
3133 4160 3262 4230 ipse
3291 4161 3353 4214 in
3387 4162 3652 4233 epistolis
3685 4181 3829 4222 me-

2165 4243 2360 4310 minit,
2392 4245 2487 4298 cui
2520 4261 2722 4300 earum
2745 4245 2924 4300 etiam
2946 4261 3126 4301 unam
3159 4248 3432 4318 privatim
3457 4249 3834 4312 misit.Hunc

2161 4338 2362 4387 autem
2393 4333 2606 4388 harum
2637 4333 3018 4404 epistolarum
3059 4336 3426 4391 mentionem
3486 4339 3698 4395 fecisse
3734 4344 3833 4400 di-

2161 4425 2316 4475 serte
2348 4419 2528 4474 tradit
2577 4421 2864 4478 Eusebius
2911 4423 3049 4477 Hist.
3081 4425 3225 4478 Eccl.
3261 4424 3298 4477 l.
3326 4441 3404 4492 In,
3428 4443 3479 4480 c.
3507 4429 3574 4480 37
3601 4445 3612 4480 :
3651 4431 3755 4484 Καὶ
3795 4435 3827 4488 ὁ

2161 4505 2524 4580 Πολύκπρπος
2580 4504 2638 4562 δὲ
2663 4508 2870 4562 τούτων
2932 4509 3109 4562 αὺτῶν
3155 4505 3507 4580 μέμνητιιὲν
3539 4519 3607 4580 τῆ
3641 4536 3828 4590 φερο-

2163 4594 2265 4666 μέῃ
2297 4594 2466 4649 αὐτοῦ
2496 4596 2634 4666 πρὸς
2665 4593 3079 4664 Φιλιππησίους
3105 4595 3396 4673 ἐπιστολῇ.
3432 4603 3552 4657 Hoc
3573 4612 3682 4669 est,
3715 4609 3822 4667 in-

2156 4691 2414 4757 terprete
2441 4687 2691 4742 Valesio:
2718 4687 2864 4742 «Sed
2889 4694 2948 4742 et
2965 4689 3328 4762 Polycarpus
3351 4691 3412 4746 in
3443 4708 3550 4748 sua
3571 4695 3643 4749 ad
3665 4698 3822 4755 Phi-

2154 4773 2192 4828 li
2201 4790 2455 4844 ppenses
2469 4775 2720 4846 epistola
2734 4776 3073 4833 earumdem
3089 4779 3774 4851 meminitepistolarum.
3791 4813 3822 4840 υ

2155 4862 2240 4916 Ita
2269 4863 2580 4928 Eusebius,
2606 4881 2743 4920 cum
2769 4863 2896 4936 jam
2925 4874 3150 4937 septem
3179 4869 3232 4922 S.
3267 4870 3473 4940 lgnatii
3521 4872 3821 4941 epistolas

2153 4958 2583 5017 enumerasset,
2617 4959 2676 5008 et
2705 4952 3138 5027 descripsisset.
3173 4957 3439 5014 Meminit
3469 4959 3710 5030 quidem
3749 4966 3814 5022 S.

2152 5041 2359 5111 Ignatii
2393 5041 2608 5114 smpius
2639 5043 2702 5097 in
2733 5043 2989 5115 Epistola
3018 5063 3126 5101 sua
3165 5046 3238 5102 ad
3296 5047 3711 5119 Philippenses
3749 5056 3813 5112 S.

392 5111 590 5179 Neque
622 5111 823 5180 aliqua
845 5110 992 5165 ratio
1013 5108 1295 5180 assignari
1337 5105 1576 5176 poterit,
1628 5123 1810 5178 quare
1849 5108 2042 5167 ullum

2224 5129 2542 5202 ulycarpus;
2566 5139 2782 5188 nostra:
2797 5139 2996 5189 autem
3016 5136 3330 5190 assertioni
3349 5136 3476 5190 hazc
3498 5137 3814 5210 praecipue

390 5199 620 5297 antiqui
648 5199 956 5297 scriptoris
1009 5213 1160 5297 otius.
1188 5211 1294 5266 PI‘O
1327 5193 1592 5297 ιθξξῐίηξο
1643 5195 1952 5266 habemur.
1984 5201 2032 5256 Si
2068 5205 2111 5269 D
2142 5193 2320 5274 verba
2349 5193 2755 5278 testimonium
2791 5225 3079 5294 praebent,
3105 5242 3236 5296 quae
3264 5227 3390 5297 ipse
3414 5193 3701 5283 Eusebius

387 5286 514 5340 halc
553 5304 586 5342 a
615 5287 787 5342 nobis
820 5287 928 5341 rite
959 5284 1207 5357 probata
1232 5283 1640 5354 repudientur.

2224 5326 2276 5365 1s
2307 5310 2557 5382 epistola
2573 5317 2715 5368 tunc
2739 5314 3022 5386 temporis
3039 5331 3170 5370 cum
3197 5317 3478 5372 omnibus
3501 5323 3658 5374 esset
3676 5336 3765 5378 no
3780 5355 3806 5368 -

456 5395 528 5448 Ut
557 5393 730 5465 primi
761 5391 995 5463 generis
1026 5393 1374 5461 argumento
1407 5389 1685 5478 epistolas
1715 5392 1789 5448 de
1821 5397 2034 5466 quibus
2147 5397 2394 5467 tissime,
2428 5407 2487 5454 et
2517 5401 2578 5456 in
2611 5402 2761 5456 Asia:
2811 5409 3104 5462 conventu
3134 5404 3450 5477 legeretur,
3483 5407 3807 5478 descripit.

386 5479 580 5550 agitur
609 5479 681 5534 ab
713 5478 934 5550 Ignatio
967 5481 1224 5547 martyre
1281 5476 1649 5549 conscriptas
1695 5479 1877 5536 fuisse
1930 5483 2032 5540 de-

2228 5506 2252 5547 ς
2281 5485 2574 5548 ἐπιοτολᾶς
2634 5489 2922 5563 Ἰγνατίου,
2973 5491 3069 5552 τὰς
3116 5476 3447 5569 πεμφθείσας
3501 5496 3635 5564 ἡμῖν
3683 5476 3812 5555 -ὑπ’

376 5573 778 5631 monscretur,
815 5583 884 5620 ex
917 5564 1147 5620 idoneis
1178 5565 1536 5621 testimoniis
1557 5581 1784 5626 eorum.
1817 5571 2032 5640 quibus

2224 5578 2312 5627 τοῦ
2339 5575 2434 5629 καὶ
2465 5575 2640 5637 ἄλλας
2675 5578 2805 5638 ὅοας
2837 5575 3066 5652 ιῖχομεν
3097 5564 3428 5654 παρ”ἡμῖη
3467 5580 3806 5656 ἐπέμψαμεν

373 5654 442 5710 in
481 5655 655 5711 rebus
690 5655 1030 5726 hujusmodi
1052 5670 1160 5726 par
1178 5660 1268 5710 est
1287 5653 1551 5722 credere,
1575 5655 1635 5711 id
1657 5657 1910 5714 fideliter
1929 5661 2029 5716 tir-

2224 5666 2292 5731 ῖν,
2325 5661 2506 5724 καθὼς
2533 5664 2896 5735 ἱειετείλσσθε,
2955 5665 3152 5730 άθτινες
3182 5653 3632 5745 νὺποτεταγμὲνᾲι-
3681 5653 3806 5733 sib:
