3972 6306
423 367 502 428 79

1474 362 1540 422 S.
1585 359 1996 422 IGNATlUS.
2043 392 2120 403 —
2164 356 2770 420 PltOLEGOMENA.

3753 363 3834 424 80

421 502 689 560 maxime
713 499 1000 561 civitates,
1035 501 1094 553 et
1140 497 1294 552 viros
1343 495 1628 567 quosdam
1673 492 1832 548 velut
1853 491 2074 566 legatos
2111 495 2160 562 Α
2191 491 2387 560 tritus,
2420 491 2924 564 locupletissimus
2944 492 3116 548 nobis
3141 493 3306 548 testis
3338 493 3506 550 est.ls
3529 494 3688 551 enim
3715 513 3830 554 un-

426 593 591 647 misit
615 596 709 656 ;ut
729 590 908 661 igitur
937 589 1070 660 igne
1097 586 1408 641 Herculem
1425 589 1526 640 aut
1542 581 2073 654 Empedoclem,ita

429 681 782 754 epistolis,et
805 678 1008 750 legatis
1029 675 1381 748 S.Ignatium
1405 681 1674 729 nostrum
1691 672 1761 726 de
1779 671 2074 726 industria

424 771 723 826 imitatum
748 784 876 823 esse
902 766 1260 822 nebulonem
1289 763 1758 834 sentio,ethujus
1775 759 2074 831 conjectu-

423 878 504 914 ra
533 859 824 914 rationem
851 855 1096 910 minime
1122 854 1409 908 incertam
1442 850 1645 906 reddo.
1675 850 2073 905 Christianam

424 934 776 1022 religionem
803 947 910 1002 sub
933 945 1192 1000 Adriano
1213 942 1512 1015 professus
1545 946 1672 996 erat
1693 940 2070 1011 Peregrinus,

426 1047 484 1095 et
513 1056 632 1094 non
665 1037 1024 1093 mediocrem
1058 1035 1213 1088 inter
1237 1032 1600 1088 Christianos
1657 1030 2072 1085 auctoritatem

427 1129 538 1184 sibi
571 1123 1196 1198 comparaverat,unde
1220 1123 1279 1176 in
1301 1121 1536 1176 vincula
1557 1119 1863 1191 conjectus
1883 1118 2075 1173 factus

430 1222 518 1272 est
575 1215 882 1270 confessor
930 1210 1166 1278 nobilis,
1227 1214 1285 1265 et
1342 1208 1409 1264 ad
1461 1223 1596 1263 eum
1645 1205 2073 1262 sublevandum

431 1302 1058 1376 quamplurimi,etiam
1093 1299 1145 1352 οἱ
1176 1295 1226 1352 ἒν
1257 1295 1424 1362 τέλει,
1452 1297 1778 1368 presbyteri,
1804 1293 2076 1366 episcopi-

429 1393 824 1464 que,undique
855 1388 1264 1445 convolabant.
1297 1386 1639 1458 Martyrium
1670 1384 1847 1456 igitur
1876 1382 2076 1438 subire

427 1483 685 1537 maxime
713 1480 860 1535 velle
892 1479 1222 1545 videbatur,
1258 1481 1319 1532 et
1356 1473 1675 1548 proconsul
1706 1473 1909 1545 Syria,
1941 1488 2076 1526 cum

432 1569 792 1642 intelligeret
817 1565 898 1620 ὅτι
958 1562 1151 1638 δέξαιτ’
1209 1561 1268 1617 ἂν
1329 1562 1614 1626 ἀποθανεῖν
1676 1561 1752 1624 ὡς
1801 1557 1958 1630 δόξαν
1989 1557 2077 1612 ἐπὶ

428 1658 607 1730 τούτῳ
638 1654 907 1727 ἐπιλίποι,
943 1657 1090 1727 quod
1119 1657 1259 1711 mori
1315 1660 1558 1724 cuperet,
1589 1659 1651 1707 ut
1703 1653 1832 1706 inde
1869 1653 2078 1720 famam

425 1751 662 1820 posteris
693 1749 1199 1816 relinqueret,eum
1232 1761 1419 1815 pana
1441 1741 1727 1797 subduxit
1754 1746 1813 1795 et
1841 1755 2076 1796 carcere

433 1838 724 1892 liberavit.
748 1841 813 1890 Et
843 1835 1084 1906 quidem
1110 1839 1314 1906 postea
1335 1832 1627 1905 gloriosus
1649 1831 1745 1885 hic
1777 1829 2079 1884 confessor

536 1891 803 1981 Ecclesia
835 1891 1058 1995 ejectus
1090 1891 1179 1978 e‘st
1211 1939 1223 1988 ;
1269 1891 1374 1977 sed
1405 1921 1547 1976 dum
1600 1919 1704 1975 illa
1759 1917 1868 1974 sub
1900 1917 2078 1988 Syria
2113 1891 2158 1956 Β

430 2015 784 2087 proconsule
823 2030 1028 2085 passus
1086 2018 1194 2080 est,
1227 2028 1348 2066 non
1383 2010 1575 2082 potuit
1612 2025 1750 2064 eum
1797 2007 1984 2062 latere
2015 2006 2072 2060 S.

429 2105 640 2176 lgnatii
671 2101 1028 2170 fama,cujus
1054 2101 1320 2171 reliquia
1352 2103 1514 2153 tanta
1537 2114 1670 2153 cum
1697 2095 2074 2151 veneratione

431 2193 759 2248 Antiochia
783 2195 1145 2246 conservata
1177 2194 1316 2244 sunt
1336 2205 1350 2253 ;
1370 2193 1428 2243 et
1456 2204 1590 2242 cum
1625 2192 1708 2241 tot
1737 2203 1810 2241 ex
1841 2184 1981 2240 Asia
2000 2183 2074 2238 ad

434 2299 570 2338 eum
603 2281 662 2335 in
703 2296 938 2335 carcere
969 2279 1278 2334 detentum
1309 2277 1697 2344 conﬂuerent,
1728 2275 1857 2329 sine
1894 2273 2075 2328 dubio

434 2371 643 2444 lgnatii
677 2370 877 2424 omnia
911 2368 1236 2439 sapissime
1265 2365 1905 2422 commemorabantur.
1949 2362 2076 2416 Pla-

437 2459 561 2514 cuit
589 2459 788 2529 itaque
821 2456 1188 2528 ineptissimo
1209 2454 1433 2520 viro,ab
1463 2453 1722 2508 Ecclesia
1739 2453 2016 2524 ejecto,et
2043 2467 2078 2506 a

435 2549 804 2622 philosophis
824 2547 1240 2620 receptomori
1269 2545 1508 2616 quidem
1523 2550 1801 2615 tanquam
1821 2543 2079 2615 philoso-

435 2639 642 2710 phum,
677 2639 894 2692 famam
929 2643 1127 2690 autem
1161 2635 1366 2690 eodem
1397 2633 1574 2689 modo
1605 2633 1933 2704 acquirere,
1958 2649 2075 2703 quo

434 2726 814 2796 acquisivisse
835 2725 1125 2797 lgnatium
1149 2723 1374 2794 putavit
1397 2739 1410 2791 ;
1437 2721 1718 2794 epistolas
1757 2726 1892 2776 ante
1917 2737 2075 2774 mor-

433 2821 555 2869 tem
579 2815 652 2870 ad
665 2815 930 2870 civitates
955 2813 1359 2868 nobilissimas
1380 2810 1766 2879 exarando,et
1788 2809 1933 2865 tales
1945 2825 2073 2864 om-

435 2905 579 2958 nino
611 2903 766 2958 viros
788 2902 1178 2967 instituendo,
1203 2901 1410 2972 quales
1437 2900 1607 2954 illum
1627 2899 1842 2971 sapius
1871 2903 2076 2970 postu-

429 2993 586 3049 lasse
619 2995 1005 3049 noverat.Hoc
1027 3009 1162 3048 vero
1186 3008 1220 3047 a
1247 2991 1501 3046 Luciano
1524 2989 1934 3045 disertissimis
1957 3005 2078 3042 ver-

431 3083 522 3137 bis
554 3083 917 3154 descriptum
981 3087 1068 3137 est
1107 3081 1168 3135 in
1198 3079 1498 3150 Peregrina
1530 3095 1635 3134 suo
1669 3095 1682 3133 :
1713 3075 1851 3130 Φασῖ
1884 3073 1942 3130 δὲ
1971 3077 2077 3130 πά-

430 3191 549 3234 σαις
581 3167 778 3246 σχεδὸν
811 3175 931 3230 ταῖς
974 3167 1209 3238 ἐνδόξοις
1262 3165 1490 3222 πόλεσιν
1525 3163 1818 3228 ἐπιστολὰς
1851 3163 2078 3237 διαπὲμ-

430 3263 526 3332 ψαι
561 3259 742 3329 αὐτὸν,
777 3257 1038 3328 διαθήκας
1096 3257 1270 3324 τινὰς,
1304 3255 1394 3310 καὶ
1452 3254 1811 3329 παραινέσεις,
1866 3253 1956 3309 καὶ
1985 3253 2072 3308 νό-
2112 3250 2155 3316 C

436 3348 712 3422 μους,καί
768 3367 919 3408 τινας
975 3346 1059 3400 ἐπὶ
1115 3344 1322 3400 τούτων
1378 3339 1707 3419 πρεσϐευτὰς
1765 3345 1872 3398 τῶν
1929 3344 2070 3398 ἑταί-

436 3457 544 3511 ρων
578 3435 982 3510 ἐχειροτόνησε,
1014 3432 1408 3510 νεκραγγέλους
1466 3435 1556 3488 καὶ
1611 3431 2072 3509 νερτεροδρόμους

433 3525 894 3600 προσαγορεῦσας,
930 3548 956 3575 ‹‹
993 3527 1175 3581 Aiunt
1204 3531 1401 3580 autem
1434 3541 1570 3579 eum
1600 3525 1674 3580 ad
1718 3541 1925 3580 omnes
1952 3524 2072 3580 fere

434 3615 750 3688 praclaras
781 3615 1044 3669 civitates
1075 3614 1358 3686 epistolas
1379 3614 1634 3680 misisse,
1671 3615 1896 3668 monita
1915 3630 2073 3684 qua-

433 3703 1074 3774 dam,exhortationes,
1109 3709 1286 3774 atque
1316 3703 1476 3774 leges
1509 3719 1521 3756 :
1555 3709 1615 3757 et
1643 3720 1711 3757 ex
1745 3703 1921 3758 sociis
1952 3703 2076 3758 suis

430 3795 504 3850 de
535 3795 628 3849 his
660 3793 882 3864 legatos
914 3791 1224 3856 ordinavit,
1250 3809 1284 3847 a
1315 3792 1562 3847 mortuis
1593 3793 1859 3860 nuntios,
1900 3798 1958 3847 et
2001 3791 2073 3846 ab

431 3881 638 3937 inferis
670 3897 944 3935 cursores
975 3879 1304 3952 appellans.
1335 3901 1362 3928 »

503 3981 798 4036 Habemus
827 3981 922 4035 hic
941 3979 1222 4050 epistolas
1243 3995 1279 4033 a
1299 3978 1552 4050 jamjam
1575 3978 1862 4034 morituro
1882 3978 1956 4034 ad
1981 3978 2074 4032 in-

432 4071 722 4143 signiores
772 4069 1038 4124 civitates
1081 4067 1314 4134 missas,
1347 4083 1482 4122 cum
1514 4066 2025 4122 exhortationibus
2059 4083 2072 4122 :

431 4159 592 4230 quod
626 4159 767 4214 fecit
790 4158 844 4212 S.
878 4156 1363 4228 Ignatius,neque
1379 4161 1515 4210 ante
1537 4155 1920 4227 Peregrinum
1936 4172 2078 4226 pra-

434 4253 526 4302 ter
557 4264 714 4308 eum.
749 4247 980 4317 Opinor,
1015 4245 1333 4315 quisquam
1359 4260 1371 4297 :
1397 4243 1684 4298 habemus
1705 4245 1858 4298 viros
1888 4260 1959 4298 ex
1989 4261 2076 4298 so-

437 4336 546 4390 ciis
577 4335 700 4388 suis
733 4334 1038 4387 institutos
1055 4338 1333 4401 tanquam
1348 4329 2079 4405 legatos:scilicet,éxeipo-

430 4421 627 4490 τόνησε
674 4417 1024 4494 πρεσϐευτάς,
1085 4420 1260 4490 plane
1316 4425 1381 4475 ut
1437 4419 1592 4491 apud
1643 4420 1937 4492 Ignatium
1968 4437 2080 4475 no-

433 4517 629 4567 strum
665 4509 918 4580 epistola
948 4508 1021 4564 ad
1053 4509 1405 4580 Smyrnaos,
1439 4514 1828 4582 χειροτονῆσαι
1852 4508 2078 4580 θεοπρεο

433 4592 680 4666 σϐευτήν,
718 4604 774 4652 et
805 4597 878 4652 ad
909 4595 1335 4669 Magnesianos,
1393 4601 1778 4670 χειροτονῆσαι
1831 4593 2079 4651 διάκονον
2111 4618 2154 4682 D

432 4685 508 4747 εἷς
539 4685 600 4740 τὸ
633 4678 958 4758 πρεσῧεῖωαι
989 4681 1101 4737 ἐκεῖ
1130 4687 1264 4738 Θεοῦ
1299 4678 1604 4757 πρεσϐείαν·
1637 4684 1924 4740 habemus
1975 4702 2076 4740 eos

432 4777 655 4849 legatos
685 4793 719 4831 a
749 4775 1069 4847 Peregrino
1125 4775 1456 4847 appellatos
1485 4769 1980 4847 νερτεροδρόμους,
2010 4782 2078 4830 ut

433 4867 589 4940 apud
623 4867 936 4939 Ignatium,
971 4862 1353 4938 χειροτονῆσαί
1381 4883 1518 4932 τινα,
1551 4863 1609 4923 ὃς
1641 4860 1925 4931 δυνήσεται
1959 4866 2074 4918 Θεο-

433 4953 636 5029 δρόμος
661 4953 968 5016 καλεῖσθαι.
995 4954 1051 5010 Si
1083 4954 1220 5008 huic
1241 4953 1600 5023 conjectura
1645 4953 1807 5008 locus
1839 4954 1936 5022 sit,
1969 4955 2074 5010 has

432 5045 716 5116 epistolas
747 5060 893 5114 quas
908 5041 1282 5098 defendimus
1310 5041 1493 5112 probe
1512 5041 1674 5096 novit
1699 5041 2071 5114 Peregrinus,

430 5135 530 5204 qui
563 5139 699 5188 ante
731 5132 1082 5203 martyrium
1140 5131 1348 5203 lgnatii
1380 5136 1574 5198 natus,
1635 5135 1771 5201 post
1809 5133 2073 5188 medium

429 5223 629 5278 saculi
665 5221 908 5277 secundi
940 5221 1197 5276 ﬂammis
1220 5237 1282 5275 se
1314 5220 1500 5275 dedit.

499 5321 678 5376 Tertii
712 5319 955 5392 quidem
988 5318 1188 5374 saculi
1239 5318 1558 5389 scriptores
1614 5318 2072 5392 ecclesiasticos,

427 5410 759 5481 prasertim
786 5411 1036 5474 Gracos,
1069 5407 1286 5478 quibus
1311 5408 1568 5463 maxime
1596 5414 1719 5463 tum
1751 5413 1928 5465 notus
1964 5409 2077 5466 fuit

431 5499 485 5553 S.
520 5497 802 5568 Ignatius,
828 5497 1120 5551 habemus
1152 5512 1292 5550 sane
1310 5497 1658 5568 superstites
1679 5498 2079 5570 perpaucissi-

427 5601 588 5646 mos;
615 5602 870 5654 quorum
897 5586 1232 5656 pracipuus
1259 5585 1776 5657 0rigenes,eodem
1799 5603 1915 5658 quo
1932 5590 2078 5644 scri-

427 5673 544 5749 psit
568 5674 838 5744 lgnatius
869 5689 990 5727 avo
1007 5677 1202 5739 natus,
1237 5677 1294 5727 et
1321 5672 1500 5728 rebus
1529 5673 1876 5746 theologicis
1909 5676 2077 5733 innu-

2183 582 2416 638 decimo
2441 582 2637 638 Severi
2669 583 3030 647 anno,tertio
3051 581 3264 638 saculo
3283 583 3410 655 jam
3431 584 3696 654 ineunte,
3727 588 3831 644 Ca-

2185 673 2463 728 techeseon
2478 689 2626 743 opus
2642 688 2973 744 aggressus,
3001 671 3194 728 adhuc
3209 673 3447 744 juvenis
3475 676 3751 732 Homilias
3776 681 3835 732 in

2181 761 2449 816 S.Lucam
2488 761 2726 832 scripsit
2747 778 2894 832 quas
2919 759 3341 832 interpretatus
3368 769 3458 818 est
3479 764 3534 820 S.
3555 763 3837 838 Hierony-

2184 851 2600 907 mus.Homilia
2612 857 2811 906 autem
2835 857 2998 906 sexta
3019 851 3146 906 hac
3167 851 3418 924 legimus
3442 869 3454 907 :
3480 854 3837 921 «Eleganter

2184 941 2245 996 in
2277 941 2586 1013 cujusdam
2632 941 2912 1012 martyris
2960 940 3207 1012 epistola
3254 943 3541 1013 scriptum
3586 945 3830 1015 reperi;

2183 1031 2476 1102 lgnatium
2501 1031 2655 1096 dico,
2688 1030 3030 1102 episcopum
3056 1031 3384 1086 Antiochia
3429 1037 3561 1104 post
3590 1034 3828 1090 Petrum

2186 1120 2538 1188 secundum,
2560 1119 2661 1191 qui
2694 1119 2754 1174 in
2785 1119 3199 1190 persecutione
3219 1121 3416 1175 Roma
3447 1122 3727 1194 pugnavit
3756 1123 3830 1182 ad

2185 1208 2437 1264 bestias:
2467 1208 2847 1279 «Principem
2881 1207 3084 1263 saculi
3115 1208 3295 1281 hujus
3327 1209 3499 1264 latuit
3529 1211 3835 1283 virginitas

2185 1297 2401 1352 Maria.
2435 1318 2460 1346 ι)
2495 1319 2522 1348 ››
2558 1300 2641 1353 lta
2665 1314 2823 1352 nunc
2863 1297 3115 1369 legimus
3138 1298 3200 1352 in
3249 1299 3509 1370 Epistola
3539 1299 3610 1354 ad
3638 1301 3832 1372 Ephe-

2187 1389 2326 1456 sios,
2357 1380 2542 1441 ἔλαθεν
2575 1387 2665 1440 τὸν
2722 1383 2964 1461 ἄρχοντα
3010 1390 3106 1441 τοῦ
3137 1386 3330 1448 αἰῶνος
3361 1386 3556 1442 τούτου
3576 1391 3610 1457 ἡ
3634 1391 3832 1464 παρθε-

2183 1477 2270 1530 νία
2301 1475 2538 1550 Μαρίας.
2560 1477 2740 1533 Vetus
2770 1476 3066 1550 lnterpres
3092 1495 3104 1532 :
3135 1479 3364 1534 «Latuit
3384 1479 3714 1551 principem
3730 1498 3836 1536 sa-

2187 1568 2301 1623 culi
2331 1567 2510 1638 hujus
2543 1567 2846 1640 virginitas
2876 1567 3088 1622 Maria.
3126 1589 3154 1618 »
3183 1567 3344 1624 Idem
3376 1569 3656 1641 Origenes
3689 1577 3836 1625 natu

2187 1657 2466 1730 grandior
2489 1656 2918 1712 Commentarios
2949 1657 3007 1710 in
3039 1657 3328 1712 Canticum
3346 1657 3669 1730 scripsit,in
3693 1675 3840 1730 quo-

2187 1763 2317 1802 rum
2343 1745 2590 1818 Prologo
2613 1746 2738 1800 hac
2769 1745 3052 1816 legimus:
3103 1768 3126 1798 ιι
3161 1745 3425 1816 Denique
3451 1747 3838 1804 meminimus

2189 1835 2451 1906 aliquem
2485 1840 2824 1890 sanctorum
2859 1835 3099 1902 dixisse,
3136 1836 3428 1908 Ignatium
3461 1837 3729 1903 nomine,
3761 1837 3836 1892 de

2189 1924 2452 1979 Christo:
2479 1946 2506 1974 «
2534 1925 2692 1978 Meus
2712 1929 2910 1979 autem
2943 1940 3112 1980 amor
3159 1925 3480 1980 cruciﬁxus
3525 1930 3634 1986 est,
3664 1948 3692 1974 »
3724 1943 3838 1981 nec

2189 2013 2543 2084 reprehendi
2567 2030 2704 2070 eum
2763 2030 2868 2085 pro
2926 2013 3038 2069 hoc
3106 2013 3348 2086 dignum
3373 2015 3601 2086 judico.
3638 2037 3666 2065 »
3701 2016 3840 2072 Hac

2190 2109 2384 2157 autem
2419 2103 2597 2157 verba
2627 2102 2685 2155 in
2717 2101 2978 2173 Epistola
3009 2102 3081 2157 ad
3115 2105 3408 2159 Romanos
3437 2103 3632 2159 adhuc
3663 2119 3838 2176 repe-

2189 2192 2444 2256 riuntur,
2477 2190 2538 2247 Ὀ
2569 2187 2702 2261 ἐμὸς
2731 2183 2869 2264 ἔρως
2897 2189 3250 2264 ἐσταύρωται.
3287 2193 3463 2248 Vetus
3495 2192 3837 2264 Interpres:

2191 2302 2220 2332 κ
2253 2282 2442 2336 Meum
2473 2280 2836 2335 desiderium
2865 2281 3212 2336 cruciﬁxum
3245 2287 3354 2338 est.
3385 2304 3414 2333 »

2259 2389 2460 2453 Quarti
2495 2388 2868 2452 saculi,sane
2900 2387 3401 2456 ﬂorentissimi,ut
3421 2390 3609 2446 multo
3631 2389 3844 2462 plures

2190 2477 2625 2532 ecclesiasticos
2651 2479 3081 2549 scriptores,ita
3109 2484 3170 2534 et
3190 2479 3632 2550 lgnatianorum
3655 2486 3845 2535 testes

2189 2567 2721 2622 habemus.Eorum
2753 2567 2978 2638 primus
3009 2567 3154 2622 mihi
3188 2568 3429 2638 quidem
3460 2569 3691 2624 videtur
3711 2569 3844 2638 ille,

2189 2657 2462 2728 quisquis
2491 2661 2603 2724 est,
2637 2656 2736 2726 qui
2788 2656 3102 2727 Dionysius
3149 2659 3502 2730 AreOpagita
3527 2659 3694 2730 vulgo
3723 2676 3848 2714 no-

2190 2745 2480 2811 minatur;
2505 2760 2627 2800 non
2654 2744 2828 2817 longe
2859 2745 3020 2800 enim
3050 2745 3122 2801 ab
3155 2746 3326 2802 initio
3359 2748 3536 2818 hujus
3568 2749 3672 2802 avi
3695 2765 3845 2804 eum

2189 2835 2498 2905 scripsisse
2530 2835 2745 2888 sentio.
2768 2834 2872 2889 llle
2903 2840 3102 2890 autem
3135 2835 3287 2890 libro
3319 2839 3395 2891 De
3423 2836 3628 2892 divinis
3652 2840 3848 2893 nomi-

2186 2923 2367 2991 nibus,
2402 2923 2473 2979 de
2499 2939 2702 2978 amore
2735 2921 3069 2994 disputans,
3103 2929 3161 2978 et
3209 2925 3521 2996 Origenem
3552 2943 3846 2998 sequens,

2189 3013 2272 3067 ita
2301 3011 2566 3081 loquitur
2599 3027 2612 3066 :
2665 3007 2851 3063 Καίτοι
2893 3002 3040 3079 ἕδοξὲ
3069 3031 3177 3064 τισι
3205 3015 3313 3066 τῶν
3342 3013 3462 3076 καθ’
3493 3015 3641 3084 ἡμᾶς
3673 3015 3843 3087 ἱερο-

2189 3095 2372 3170 λόγων
2400 3096 2490 3151 καὶ
2523 3097 2792 3172 θειότερον
2823 3097 2961 3151 εἶναι
3013 3098 3076 3152 τὸ
3130 3102 3228 3154 τοῦ
3283 3092 3485 3173 ἔρωτος
3527 3096 3700 3171 ὄνομα
3729 3105 3839 3156 τοῦ

2185 3193 2285 3256 τῆς
2317 3187 2550 3260 ἀγαπης·
2584 3186 2776 3262 γράφει
2810 3183 2867 3240 δὲ
2897 3187 2983 3240 καὶ
3018 3187 3046 3240 ὁ
3079 3193 3228 3251 θεῖος
3279 3187 3556 3262 Ἰγνάτιος
3589 3191 3647 3246 Ὁ
3696 3187 3846 3261 ἐμὸς

2183 3273 2320 3354 ἔρως
2369 3277 2727 3352 ἓσταῦρωται.
2769 3301 2796 3330 ιι
2859 3281 3060 3335 Visum
3109 3287 3198 3336 est
3254 3283 3556 3353 aliquibus
3607 3289 3842 3339 nostra

2181 3371 2374 3426 atatis
2407 3371 2590 3425 sacris
2622 3370 3010 3442 scriptoribus
3039 3371 3260 3426 amoris
3291 3389 3468 3443 quam
3519 3373 3843 3428 charitatis

2183 3475 2401 3514 nomen
2433 3459 2692 3513 divinius
2723 3459 3096 3514 esse.Scribit
3115 3467 3388 3516 autemet
3407 3461 3642 3516 divinus
3663 3463 3852 3534 lgna-

2182 3549 2302 3603 tius
2333 3565 2346 3602 :
2382 3571 2408 3598 «
2445 3549 2627 3601 Amor
2649 3563 2816 3602 meus
2834 3547 3150 3602 cruciﬁxus
3181 3555 3333 3604 est.»
3371 3572 3395 3596 »ι
3428 3549 3613 3620 Hujus
3633 3555 3854 3606 autem

2181 3637 2291 3691 viri
2324 3637 2496 3708 longe
2529 3635 2880 3700 doctissimi,
2905 3637 2953 3690 si
2989 3636 3162 3691 initio
3199 3638 3376 3710 hujus
3405 3638 3602 3693 saculi
3633 3655 3858 3696 revera

2185 3725 2580 3796 scripserit,ut
2611 3725 3536 3792 arbitramur,luculentissimum
3570 3728 3856 3783 testimo-

2182 3817 2350 3871 nium
2383 3820 2472 3871 est
2504 3831 2518 3882 ;
2554 3814 2825 3885 quisquis
2857 3819 3057 3868 autem
3081 3815 3282 3882 fuerit,
3309 3817 3433 3870 sive
3466 3816 3663 3888 hujus,
3718 3817 3857 3873 sive

2185 3905 2489 3978 sequentis
2521 3905 2625 3959 avi
2650 3905 2922 3975 scriptor,
2953 3905 3113 3960 varia
3145 3905 3218 3960 de
3272 3907 3383 3961 hoc
3414 3907 3540 3978 ipso
3569 3907 3697 3962 loco
3732 3908 3860 3963 ho-

2183 3996 2414 4051 minum
2459 3993 2689 4066 judicia
2751 3993 3194 4066 lgnatianorum
3283 3997 3722 4061 auctoritatem,
3781 4005 3860 4053 ut

2181 4085 2462 4156 deinceps
2493 4085 2900 4148 ostendemus,
2935 4084 3262 4155 plurimum
3294 4086 3767 4141 conﬁrmabunt.

2256 4173 2560 4230 Secundus
2583 4173 2761 4243 hujus
2809 4173 2914 4227 avi
2963 4173 3134 4228 testis
3187 4179 3275 4228 est
3323 4175 3612 4229 Eusebius
3641 4175 3855 4231 Casa-

2184 4263 2400 4318 riensis
2431 4262 2764 4334 episcopus,
2798 4263 2899 4332 qui
2955 4263 3176 4317 multos
3207 4263 3476 4334 Origenis
3511 4263 3858 4334 discipulos

2183 4353 2348 4407 vidit.
2377 4352 2428 4406 Is
2458 4357 2658 4406 autem
2691 4367 2824 4405 cum
2851 4351 3118 4423 singulos
3149 4352 3502 4408 nominatim
3525 4369 3858 4410 recensere

2185 4457 2308 4496 non
2331 4440 2662 4512 posset,qui
2686 4439 2898 4510 primis
2921 4441 3260 4510 apostolica
3277 4441 3671 4496 successionis
3684 4446 3860 4498 tem-

2187 4529 2432 4602 poribus
2452 4529 2770 4594 antistites,
2806 4535 2910 4584 aut
2949 4529 3322 4602 evangelista
3343 4530 3598 4599 fuerant,
3633 4546 3859 4588 eorum

2187 4619 2476 4674 duntaxat
2505 4618 2754 4673 nomina
2783 4634 3097 4674 recensere
3131 4619 3612 4690 statuit,quorum
3629 4636 3862 4676 monu-

2187 4707 2406 4763 mentis
2437 4705 2779 4777 apostolica
2809 4705 3095 4762 doctrina
3128 4707 3366 4764 traditio
3397 4709 3470 4764 ad
3519 4724 3624 4763 sua
3649 4724 3862 4778 usque

2186 4801 2455 4868 tempora
2505 4794 2828 4850 ferebatur.
2878 4797 3024 4852 Hist.
3084 4797 3291 4859 eccles.,
3326 4797 3366 4854 l.
3401 4814 3478 4862 ιιι,
3511 4814 3562 4851 c.
3596 4798 3683 4858 37.
3716 4798 3790 4852 38
3841 4817 3858 4855 :

2183 4893 2377 4955 Ὠσπερ
2410 4880 2502 4936 οὖν
2531 4881 2727 4953 ἀμέλει
2758 4885 2856 4936 τοῦ
2912 4882 3178 4958 Ἰγνατίου
3236 4882 3290 4938 ἐν
3346 4884 3434 4945 αἶς
3483 4881 3864 4956 κατελέξαμεν

2184 4973 2520 5044 ἐπιστολαῖς,
2544 4973 2635 5028 καὶ
2681 4977 2779 5028 τοῦ
2810 4971 3136 5046 Κλήμεντος
3161 4973 3216 5030 ἐν
3244 4978 3313 5048 τῇ
3355 4972 3859 5054 ἆνωμολογημένῃ

2183 5066 2329 5139 παρὰ
2359 5069 2541 5120 πᾶσιν.
2578 5089 2602 5115 υ
2648 5063 2815 5130 Quod
2863 5063 3088 5121 factum
3140 5071 3229 5122 est
3260 5066 3322 5122 in
3343 5067 3610 5138 epistolis
3629 5067 3863 5138 lgnatii

2185 5173 2332 5228 quas
2361 5155 2865 5222 recensuimus,et
2893 5153 3213 5210 Clementis
3245 5154 3346 5211 illa
3372 5155 3446 5212 ab
3479 5155 3714 5212 omibus
3747 5175 3866 5213 re-

2185 5251 2373 5317 cepta.
2409 5266 2437 5292 »ι
2470 5243 2758 5299 Eusebius
2811 5242 3008 5314 igitur,
3041 5259 3224 5299 unam
3257 5244 3603 5308 Clementis,
3637 5244 3866 5316 plures

2184 5333 2392 5404 lgnatii
2411 5331 2692 5403 epistolas
2716 5331 3110 5403 proponebat,
3134 5338 3202 5388 ut
3220 5334 3660 5404 antiquissima,
3694 5349 3821 5406 apo
3848 5371 3862 5380 -

2185 5423 2405 5478 stolica
2435 5420 2828 5476 successionis
2887 5421 3130 5492 scripta,
3183 5427 3241 5478 et
3289 5423 3694 5494 apostolorum
3733 5423 3864 5480 do-

2186 5510 2778 5566 ctrinatraditionem
2795 5510 3312 5567 continentia.llla
3329 5518 3527 5568 autem
3550 5512 3864 5586 epistolae,

2189 5616 2336 5671 quas
2369 5603 2676 5669 tantopere
2697 5596 2959 5652 laudavit
3011 5599 3322 5668 Eusebius,
3353 5600 3669 5672 ipsissima
3703 5613 3875 5663 sunt.

2191 5705 2340 5760 quas
2367 5703 2476 5743 nos
2509 5687 2819 5750 habemus,
2871 5693 2930 5742 et
2985 5687 3385 5745 defendimus.
3427 5689 3628 5746 Tradit
3681 5693 3869 5754 enim
