3972 6306
189 401 257 458 85
950 400 1006 461 J.
1052 400 1484 464 PEARSONII
1529 403 1900 464 VINDICIE
1945 404 2418 466 lGNATlANIE.
2465 440 2542 453 -—-
2585 407 2794 468 PARS
2837 409 2886 468 Ι.

3535 406 3612 464 86

191 537 366 591 talitas
398 541 616 592 nostra
646 543 1024 610 purgaretur.
1059 540 1170 595 Τοῦ
1203 536 1389 605 αὐτοῦ,
1418 538 1480 592 ἐκ.
1521 544 1622 606 τῆς
1674 537 1825 606 αὐτῆς

1959 540 2056 611 ρὰς
2115 539 2214 594 οὐκ
2276 537 2664 616 ἀποδέχονται,
2734 540 2824 598 διὰ
2878 544 2940 597 τὸ
3005 543 3078 614 μὴ
3146 541 3445 616 ὁμολογεῖν
3502 544 3601 612 τήν

190 623 533 691 Ἐπιστολῆς.
579 627 871 698 Ejusdem
929 645 997 683 ex
1048 628 1258 683 eadem
1308 628 1570 699 Epistola
1627 627 1744 683 Ἐτι
1797 628 1848 681 οἱ

190 715 295 766 κατ’
326 710 498 786 ἀνδρα
531 718 699 785 κοινῇ
740 715 934 776 πάντες
993 714 1044 769 ἐν
1094 719 1164 788 τῇ
1221 715 1410 789 χάριτι
1477 713 1526 786 ἒξ
1582 715 1851 788 ὀνοματος

191 807 510 879 σονὲιχεσθε
540 804 596 860 ἐν
636 811 737 876 μ.ιᾷ
768 807 969 874 πίστει,
1001 807 1088 860 καὶ
1117 805 1193 861 ἐνὶ
1221 808 1407 876 Ἰησοῦ
1439 810 1681 878 Χριστῷ,
1713 805 1850 860 κατὰ

193 893 348 962 σάρκα
383 894 444 948 ἐκ
475 893 679 969 γένους
714 891 905 962 Adsis,
959 901 1039 966 τῷ
1087 896 1197 964 ι’ἱῷ
1241 900 1338 950 τοῦ
1385 896 1696 968 ἀνθρώπου,
1757 895 1845 950 καὶ

191 985 288 1052 ι’ἱῷ
316 987 414 1036 τοῦ
447 987 610 1039 Θεοῦ.
646 985 954 1055 Siquidem
986 986 1202 1056 singuli
1235 1002 1443 1040 omnes
1485 986 1754 1040 universe
1787 985 1846 1039 in

190 1074 374 1143 gratia
405 1074 771 1128 nominatim
805 1074 1133 1129 convenitis
1163 1075 1224 1128 in
1255 1091 1377 1130 una
1408 1074 1523 1128 ﬁde
1556 1080 1614 1128 et
1645 1075 1704 1127 in
1726 1091 1844 1128 uno

184 1163 316 1216 Jesu
347 1163 612 1230 Christo,
647 1163 976 1218 secundum
1005 1179 1245 1217 carnem
1277 1180 1347 1218 ex
1377 1179 1593 1234 genere
1641 1163 1845 1226 David,

188 1253 329 1306 Filio
362 1253 654 1321 hominis,
689 1260 748 1308 et
779 1255 927 1308 Filio
957 1254 1080 1309 Dei.
1117 1255 1228 1308 Τοῦ
1254 1252 1419 1306 αὐτοῦ
1448 1250 1508 1306 ἐκ
1533 1259 1632 1318 τῆς
1676 1251 1843 1320 αὐτῆς

187 1340 544 1412 Ἐπιστολῇς.
605 1343 886 1412 Ejusdem
971 1359 1043 1398 ex
1118 1342 1327 1398 eadem
1407 1343 1689 1414 Epistola.
1749 1340 1842 1400 Εἷς

184 1429 368 1502 ἱατρός
403 1431 518 1484 ἐστι
575 1430 835 1499 σαρκικὸς
892 1431 978 1484 καὶ
1039 1431 1429 1502 πνευματικὸς,
1484 1430 1737 1505 γεννητὸς
1792 1430 1843 1499 ἐξ

186 1520 500 1592 ἀγεννήτου,
533 1516 585 1572 ἐν
620 1517 891 1591 ἀνθρώπῳ
921 1519 1073 1582 Θεὸς,
1109 1517 1160 1573 ἐν
1191 1519 1403 1590 Θανάτῳ
1435 1520 1547 1586 ζωὴ
1576 1516 1840 1589 ἀληθινὴ,

183 1610 269 1661 καὶ
304 1607 364 1662 ἐκ
395 1609 614 1681 Μαρίας
644 1607 734 1662 καί
765 1606 825 1662 ἐκ
853 1613 1008 1677 Θεοῦ,
1031 1614 1246 1681 πρῶτον
1278 1608 1544 1677 παθητὸς,
1575 1607 1664 1662 καὶ
1722 1608 1843 1662 τότε

187 1698 422 1764 ἂπαθής,
459 1698 680 1765 Ἰησοῦς
711 1698 941 1771 Χριστὸς
975 1698 1001 1751 ὁ
1035 1698 1235 1771 Κύριος
1291 1700 1474 1768 ἡμῶν.
1547 1700 1708 1754 Unus
1757 1705 1844 1754 est

182 1787 454 1842 medicus
485 1788 744 1842 carnalis
776 1794 833 1842 et
863 1787 1165 1859 spiritalis,
1196 1789 1429 1860 genitus
1461 1804 1532 1842 ex
1555 1789 1839 1859 ingenito,

1955 630 2302 704 εὐχαριστίαν
2380 632 2550 706 σάρκα
2652 635 2783 686 εἶναι
2881 637 2978 687 τοῦ
3085 635 3342 706 Σωτῆρος
3443 635 3600 703 ἡμῶν

1959 720 2148 788 Ἰησυῦ
2205 723 2462 792 Χριστοῦ,
2527 723 2627 788 τὴν
2688 721 2820 796 ὺπέρ
2904 725 3010 775 τῶν
3100 723 3379 793 ἁμαρτιων
3438 723 3600 791 ἡμῶν

1954 808 2257 875 παθοῦσαν,
2359 807 2425 876 ἢν
2531 808 2870 882 χρηστότητι
2945 811 2973 862 ὁ
3060 811 3248 882 Ηατήρ
3357 806 3599 883 ἤγειρεν.

1955 897 2352 952 Eucharistias
2402 903 2460 952 et
2503 899 2833 953 oblationes
2879 916 2998 954 non
3049 899 3390 967 admittunt,
3447 900 3605 969 quod

1953 1001 2074 1038 non
2105 988 2503 1042 confiteantur
2547 988 2961 1043 eucharistiam
3004 1005 3245 1043 carnem
3301 1006 3429 1044 esse
3479 989 3597 1044 Sal-

1954 1075 2167 1128 vatoris
2199 1077 2383 1130 nostri
2414 1077 2549 1131 Jesu
2581 1077 2817 1144 Christi,
2860 1094 2989 1147 quae
3016 1094 3119 1148 pro
3161 1079 3418 1146 peccatis
3461 1095 3602 1132 nos-

1954 1164 2059 1216 tris
2091 1181 2264 1234 passa
2293 1170 2401 1230 est,
2426 1182 2602 1234 quam
2637 1167 2808 1220 Pater
2847 1165 3210 1237 benignitate
3252 1183 3357 1220 sua
3414 1165 3600 1220 susci-

1951 1254 2112 1307 tavit.

2025 1343 2329 1398 Secundus
2361 1345 2537 1413 hujus
2569 1345 2770 1399 smculi
2803 1347 2972 1399 testis
3025 1351 3113 1400 est
3163 1345 3442 1413 Gelasius,
3493 1347 3592 1414 qui

1951 1432 2108 1486 circa
2147 1449 2369 1488 annum
2403 1437 2525 1487 492.
2548 1434 2813 1504 pontifex
2844 1437 3144 1490 Romanus
3166 1439 3416 1499 creatus,
3439 1436 3596 1490 circa

1948 1524 2053 1576 496
2086 1521 2398 1577 defunctus
2429 1529 2534 1578 est.
2564 1525 2616 1578 Is
2647 1524 2806 1578 enim
2838 1525 2899 1578 in
2933 1525 3050 1578 ﬁne
3085 1524 3216 1577 libri
3272 1525 3344 1577 De
3383 1524 3595 1578 duabus

1947 1615 2164 1668 naturis
2197 1616 2253 1667 in
2276 1615 2486 1668 Christo
2511 1614 2636 1684 jam
2678 1614 2917 1668 tandem
2965 1630 2998 1668 a
3045 1613 3364 1683 pontiﬁciis
3411 1613 3591 1684 agniti

1950 1707 2007 1754 et
2036 1702 2277 1772 recepti,
2313 1702 2740 1758 catholicorum
2791 1702 3131 1757 testimonia
3175 1703 3592 1773 magistrorum

1950 1790 2295 1861 subjiciens,
2329 1807 2362 1845 a
2391 1797 2591 1846 nostro
2622 1791 2845 1862 pariter
2873 1808 2940 1846 ac
2972 1793 3029 1845 Β.
3065 1791 3464 1845 Theodoretus
3497 1808 3590 1844 or-

179 1877 237 1930 in
271 1876 522 1930 homine
556 1878 728 1940 Deus,
765 1877 825 1930 in
854 1882 1042 1932 morte
1072 1877 1190 1932 vita
1220 1894 1374 1944 vera,
1435 1882 1493 1932 et
1541 1894 1611 1932 ex
1660 1878 1836 1932 Maria
1868 1913 1911 1977 Β
1948 1879 2131 1934 ditur.
2174 1902 2203 1930 «
2235 1881 2443 1950 Ignatii
2478 1881 2737 1952 episcOpi
2769 1885 2828 1935 et
2849 1882 3122 1952 martyris
3147 1881 3495 1934 Antiocheni
3519 1896 3587 1934 ex

175 1972 233 2019 et
258 1982 328 2020 ex
364 1967 512 2031 Deo,
546 1966 804 2036 primum
835 1965 1117 2036 patibilis,
1151 1972 1210 2020 et
1267 1970 1408 2020 tunc
1461 1965 1829 2037 impatibilis,

172 2056 338 2109 Iesus
402 2054 676 2108 Christus
737 2056 1021 2110 Dominus
1075 2062 1279 2110 noster
1325 2077 1377 2110 ».
1438 2057 1507 2110 Et
1563 2057 1653 2109 has
1713 2061 1830 2110 tres

175 2144 493 2198 sententia:
529 2143 589 2197 in
623 2144 830 2200 eadem
879 2144 951 2198 ad
994 2144 1272 2215 Ephesios
1332 2144 1592 2214 Epistola
1638 2143 1832 2199 adhuc

173 2233 582 2304 reperiuntur.
645 2234 844 2303 Pergit
895 2250 1068 2303 porro
1129 2234 1184 2287 Β.
1222 2233 1662 2288 Theodoretus:
1722 2235 1830 2286 Τοῦ

175 2320 341 2375 αὐτοῦ
385 2319 448 2375 ἐκ
487 2327 589 2387 τῆς
617 2321 752 2392 πρὸς
790 2319 1168 2392 Τραλλιανοὺς
1197 2318 1554 2388 Ἐπιστολῆς.
1589 2345 1616 2372 ‹‹
1650 2323 1828 2393 Ejus-

180 2411 312 2466 dem
346 2428 424 2466 ex
483 2411 745 2482 Epistola
809 2411 882 2466 ad
937 2411 1286 2468 Trallianos.
1347 2410 1659 2487 Κωφώθητε
1714 2411 1827 2478 οὖν,

177 2501 302 2557 ὅταν
335 2502 524 2577 χωρὶς
555 2503 738 2571 Ἰησοῦ
779 2503 1015 2575 Χριστοῦ
1073 2502 1199 2576 ὑμῖν
1250 2500 1397 2576 λαλῇ
1453 2522 1560 2571 τις,
1615 2505 1712 2556 τοῦ
1770 2501 1830 2556 ἐκ

173 2591 358 2665 γένους
396 2586 592 2660 Δαϐἰδ,
621 2594 718 2645 τοῦ
749 2590 808 2646 ἐκ
867 2592 1100 2665 Μαρίας,
1167 2589 1225 2653 ὅς
1275 2590 1498 2661 ἀληθῶς
1537 2591 1826 2667 ἐγεννήθη,

169 2678 330 2757 ἔφαγέ
359 2701 423 2736 τε
468 2680 560 2735 καὶ
619 2678 762 2734 ἔπιεν
822 2679 1064 2750 ἀληθῶς,
1125 2677 1369 2755 ἐδιώχθη
1431 2678 1518 2734 ἐπὶ
1577 2680 1824 2748 ὶΙοντίου,

169 2769 438 2839 Πιλάτου,
504 2768 818 2842 ἐσταυρώθη
877 2770 966 2823 καὶ
1023 2768 1271 2835 ἂπέθατε,
1346 2769 1662 2845 βλεπόντων
1718 2773 1827 2824 τῶν

169 2856 447 2932 ἐπιγείων,
481 2859 574 2912 καὶ
607 2857 960 2933 ἐπουρανίων,
991 2857 1081 2915 καί
1118 2860 1515 2934 καταχθονίων.
1581 2883 1609 2910 ‹‹
1644 2861 1823 2915 Obtu-

168 2957 290 3004 rate
321 2966 507 3004 aures
549 2955 772 3005 vestras
805 2951 1042 3022 quando
1075 2950 1373 3020 quispiam
1403 2967 1503 3005 vos
1561 2948 1826 3019 loquitur

169 3040 293 3094 sine
327 3041 474 3094 Jesu
506 3039 760 3106 Christo,
797 3039 898 3110 qui
949 3045 1037 3094 est
1085 3057 1156 3095 ex
1198 3055 1414 3112 genere
1464 3038 1663 3106 David,
1720 3037 1821 3108 qui

164 3147 224 3183 ex
269 3129 476 3195 Maria,
532 3128 631 3197 qui
680 3145 814 3183 vere
861 3133 1035 3184 natus
1090 3135 1198 3194 est,
1257 3145 1394 3183 vere
1447 3127 1705 3182 comedit
1763 3133 1822 3182 et

163 3218 326 3284 bibit,
361 3219 467 3288 qui
502 3217 613 3271 sub
646 3217 855 3272 Pontio
884 3218 1069 3272 Pilato
1101 3234 1310 3288 passus
1341 3223 1450 3280 est,
1499 3217 1816 3272 cruciﬁxus

167 3315 214 3360 et
237 3313 542 3374 mortuus,
575 3306 910 3361 videntibus
940 3307 1299 3377 cmlestibus,
1352 3306 1730 3362 terrestribus
1759 3311 1820 3360 et

165 3398 369 3452 inferis
407 3419 461 3449 ».
499 3397 634 3451 Hazc
656 3397 858 3452 omnia
890 3413 1006 3451 uno
1038 3397 1166 3452 loco
1199 3413 1268 3452 ex
1298 3396 1490 3451 tribus
1521 3397 1574 3451 S.
1610 3395 1817 3467 Ignatii

166 3487 436 3558 epistolis
479 3487 544 3540 Β.
602 3485 1006 3540 Theodoretus
1052 3484 1332 3540 adversus
1382 3485 1470 3540 sui
1533 3485 1817 3554 temporis

167 3575 483 3630 hereticos
539 3573 833 3644 excerpsit
879 3580 1056 3643 atque
1103 3573 1418 3645 congessit.
1469 3573 1628 3627 Idem
1677 3571 1818 3626 alibi

158 3683 385 3726 rursus,
435 3663 656 3732 Dialog.
721 3663 991 3731 lnconfus.
1038 3680 1095 3733 p.
1149 3665 1262 3716 86:
1323 3664 1428 3714 Τοῦ
1487 3659 1641 3732 ἆγίον
1671 3659 1814 3714 ἐπισ·

156 3753 320 3806 κόπου
384 3751 740 3824 Ἀντιοχείας
823 3751 913 3805 καὶ
1004 3751 1277 3824 μάρτυρος
1357 3748 1418 3804 ἐκ
1496 3756 1600 3818 τῆς
1680 3749 1814 3819 πρὸς

159 3841 500 3913 Σμυρναίους
565 3838 917 3906 Ἐπιστολῆς.
978 3863 1004 3890 ‹‹
1061 3842 1116 3896 S.
1175 3840 1385 3912 Ignatii
1463 3839 1814 3895 Antiocheni

160 3931 420 4001 Episcopi
458 3935 519 3984 et
568 3929 846 4000 martyris
890 3945 960 3984 ex
1006 3928 1268 4000 Epistola
1324 3928 1398 3983 ad
1453 3931 1812 3999 Smyrnmos.

159 4019 287 4090 Ἐγὼ
319 4018 436 4091 γὰρ
468 4017 562 4070 καί
628 4016 763 4088 μετᾶ
816 4017 914 4084 τὴν
974 4015 1258 4071 ἅνάστασιν
1319 4015 1370 4070 ἐν
1434 4015 1590 4089 σαρκὶ
1659 4015 1816 4070 αὐτὸν

163 4105 275 4161 ρῖξχ
325 4104 426 4161 ita?
495 4104 740 4160 πιστεύω
800 4103 948 4161 ὄντα·
1009 4106 1100 4160 καὶ
1159 4103 1248 4159 ὅτε
1311 4107 1449 4173 πρὸς
1505 4103 1632 4164 τοὺς
1689 4103 1812 4177 περὶ

160 4196 354 4266 Πέτρον
385 4195 589 4260 ἢλθεν,
626 4191 728 4268 ἔφη
775 4195 978 4256 αὐτοῖς·
1034 4189 1262 4263 Λάϐετε,
1313 4191 1676 4272 ψηλαφήσατέ
1727 4213 1811 4264 με,

161 4285 240 4338 καὶ
274 4282 423 4339 ἴδετε
455 4284 546 4338 ὅτι
578 4282 678 4338 οὐκ
706 4282 823 4356 εἰμί
854 4281 1137 4356 δαιμόνιον
1167 4283 1477 4355 ἂσώματον,
1517 4281 1611 4336 καὶ
1658 4280 1814 4344 εὐθὺς

161 4374 314 4429 αξιτοῦ
347 4375 596 4445 ἥψαντο,
627 4373 719 4426 καὶ
751 4370 1090 4430 ἐπίστευσαν.
1130 4375 1242 4446 Ego
1276 4374 1434 4428 enim
1468 4378 1598 4444 post
1618 4389 1817 4427 resur-

162 4467 517 4526 rectionem,
553 4464 750 4534 ipsum
784 4463 845 4518 in
874 4479 1050 4518 carne
1091 4464 1212 4518 scio
1247 4462 1501 4518 etcredo
1533 4478 1663 4516 esse
1692 4478 1704 4514 :
1761 4465 1819 4515 et

162 4555 392 4624 quando
429 4552 508 4608 ad
546 4568 648 4607 eos
680 4553 778 4622 qui
813 4569 945 4608 cum
994 4555 1166 4608 Petro
1217 4557 1406 4620 erant,
1456 4551 1635 4614 venit,
1669 4549 1819 4603 dixit

1941 1968 2200 2038 Epistola
2228 1969 2300 2023 ad
2330 1970 2636 2039 Ephesios.
2671 1990 2699 2019 «
2733 1970 2893 2024 Unus
2921 1969 3191 2023 medicus
3223 1968 3588 2035 est,carnalis

1941 2063 1999 2110 et
2026 2057 2371 2127 spiritualis,
2395 2058 2584 2113 factus
2614 2064 2673 2112 et
2690 2073 2809 2112 non
2832 2059 3044 2125 factus,
3064 2058 3124 2111 in
3147 2058 3387 2111 homine
3407 2059 3580 2125 Deus,

1939 2145 2001 2200 in
2033 2152 2221 2201 morte
2245 2148 2360 2201 vita
2381 2153 2622 2213 interna,
2657 2163 2724 2201 ex
2751 2148 2991 2202 Mariaet
3037 2164 3107 2200 ex
3150 2149 3289 2214 Deo,
3322 2147 3581 2217 primum

1938 2236 2240 2304 passibilis
2272 2243 2330 2290 et
2377 2237 2782 2307 impassibilis,
2830 2236 3114 2291 Dominus
3171 2241 3376 2291 noster
3414 2238 3582 2291 Jesus

1938 2325 2224 2379 Christus.
2261 2347 2289 2376 »
2322 2328 2389 2380 Et
2427 2332 2561 2396 post
2591 2342 2815 2396 pauca:
2859 2348 2886 2375 «
2921 2326 3162 2398 Singuli,
3213 2327 3426 2396 inquit,
3475 2326 3583 2378 viri

1940 2415 2336 2469 communiter
2364 2431 2571 2469 omnes
2603 2433 2672 2470 ex
2701 2416 2888 2486 gratia
2909 2432 2978 2470 ex
3000 2416 3242 2470 nomine
3273 2415 3584 2469 convenite

1939 2503 2000 2556 in
2031 2520 2212 2558 unam
2244 2503 2442 2572 ﬁdem,
2478 2510 2535 2558 et
2563 2505 2626 2558 in
2656 2521 2774 2559 uno
2803 2506 2940 2559 Jesu
2969 2504 3220 2571 Christo,
3254 2503 3581 2559 secundum

1937 2608 2177 2647 carnem
2211 2609 2280 2647 ex
2310 2609 2528 2664 genere
2561 2592 2759 2656 David,
2795 2592 2942 2647 Filio
2995 2593 3276 2661 hominis,
3330 2597 3387 2646 et
3434 2591 3581 2646 Filio

1935 2683 2058 2737 Dei.
2093 2704 2121 2732 >›

2006 2771 2448 2826 Observandum
2481 2776 2678 2826 autem
2712 2775 2820 2837 est,
2855 2771 3002 2826 duos
3032 2771 3212 2842 hujus
3242 2771 3345 2825 invi
3397 2775 3579 2825 testes

1933 2861 2364 2915 Theodoretum
2399 2865 2457 2913 et
2478 2859 3216 2924 Gelasium,tantummodo
3237 2877 3344 2930 pro
3367 2860 3578 2928 seipsis

1932 2949 2117 3018 loqui,
2147 2949 2249 3004 sed
2282 2952 2463 3004 totius
2495 2949 2685 3020 quinti
2717 2949 2917 3004 saeculi
2955 2949 3250 3020 judicium
3283 2947 3454 3002 nobis
3484 2964 3574 3001 re.

1930 3045 2328 3109 praesentare;
2364 3038 2796 3104 auctoritatem,
2831 3037 3074 3107 scilicet,
3133 3038 3574 3109 Ignatianorum

1931 3133 2070 3183 tunc
2103 3128 2386 3199 temporis
2435 3129 2591 3184 inter
2637 3144 2846 3183 omnes
2899 3133 3026 3183 tum
3074 3127 3394 3182 catholicos
3447 3132 3571 3182 tum

1929 3217 2237 3271 haereticos
2260 3222 2447 3272 ratam
2472 3222 2530 3271 et
2551 3218 2727 3271 ﬁxam
2750 3217 2948 3272 fuisse.
2977 3220 3119 3272 Nam
3147 3223 3214 3271 ut
3232 3233 3303 3271 ex
3333 3217 3570 3271 Socrate

1929 3309 1986 3360 et
2017 3306 2363 3359 Qozomeno.
2405 3304 2770 3359 Theodoreto
2801 3310 2860 3358 et
2892 3305 3129 3359 Leontio
3150 3304 3402 3374 aliisque
3435 3319 3572 3358 con-

1927 3399 2043 3448 stat
2075 3411 2087 3459 ;
2123 3393 2384 3448 hmretici
2413 3393 2511 3463 qui
2531 3393 2605 3448 ad
2628 3394 2808 3448 ﬁnem
2831 3394 2933 3448 ωνὶ
2967 3394 3158 3463 quarti
3191 3393 3568 3464 antiquorum

1925 3484 2165 3536 Patrum
2203 3482 2520 3536 consensui
2552 3483 2930 3552 acquiescere
2962 3487 3330 3548 recusarunt,
3366 3483 3572 3552 quinto

1926 3571 2126 3626 statim
2157 3571 2637 3640 etsequentibus,
2665 3587 2765 3625 eos
2796 3573 2998 3626 Patres
3017 3577 3298 3642 tanquam
3320 3571 3574 3625 arbitros

1925 3659 2317 3728 admiserunt,
2351 3659 2451 3729 qui
2499 3664 2635 3714 ante
2695 3659 3065 3725 divisionem,
3124 3661 3243 3715 sive
3300 3665 3571 3714 exortum

1924 3748 2243 3818 cujuslibet
2277 3748 2572 3802 haareseos
2603 3748 3001 3818 scripserant:
3036 3749 3193 3803 unde
3226 3749 3374 3803 tales
3414 3754 3570 3803 cata-

1922 3838 2062 3907 logi,
2097 3837 2301 3906 quales
2333 3836 2487 3906 apud
2519 3836 2949 3891 Theodoretum
2971 3843 3031 3891 et
3070 3838 3366 3892 Gelasium
3396 3853 3568 3908 repe-

1923 3926 2181 3993 riuntur,
2207 3925 2457 3980 confecti
2490 3929 2646 3977 sunt.
2681 3925 2758 3978 De
2781 3941 2898 3994 qua
2925 3942 2989 3979 re
3021 3931 3227 3996 postea
3257 3927 3369 3979 erit
3397 3926 3569 3980 nobis

1924 4013 2341 4070 disserendum
2374 4013 2569 4068 latius.
2608 4015 2672 4067 In
2690 4012 2782 4066 his
2812 4012 2990 4084 igitur
3009 4013 3357 4067 Theodoreti
3381 4014 3571 4068 dialo-

1923 4104 2010 4175 gis
2040 4103 2402 4158 orthodoxus
2456 4102 2810 4156 sententiam
2853 4101 3074 4172 promit
3119 4101 3570 4166 catholicorum,

1927 4197 1994 4247 ut
2022 4191 2324 4247 Eranistes
2356 4191 2772 4246 haereticorum
2804 4190 2974 4244 illsus
3006 4190 3130 4245 ωνί.
3182 4191 3324 4244 Cum
3368 4194 3570 4245 autem

1927 4281 2290 4338 orthodoxus
2344 4298 2412 4334 ex
2471 4281 2786 4351 Scripturis
2847 4279 3141 4350 copiosius
3217 4280 3579 4351 disputasset

1926 4371 2141 4442 qumrit
2173 4369 2494 4437 Eranistes,
2529 4370 2674 4439 quid
2708 4369 2935 4440 antiqui
2974 4370 3250 4425 Ecclesiae
3300 4369 3572 4425 doctores

1927 4459 2244 4522 senserint,
2279 4458 2562 4526 celebres,
2596 4458 2844 4524 scilicet,
2877 4462 2937 4513 et
2992 4458 3346 4524 indubitati;
3397 4465 3571 4529 negat

1926 4550 2086 4604 enim
2119 4565 2179 4603 se
2210 4553 2588 4618 recepturum
2620 4541 2812 4618 ἄνδρας
2843 4545 3091 4617 ἀσήμους
3123 4547 3156 4615 ἢ
3193 4542 3560 4623 ἀμφιϐόλους,

167 4646 268 4698 eis:
307 4643 610 4714 Accipite,
646 4641 882 4712 palpate
915 4658 1029 4707 me,
1061 4646 1118 4696 et
1145 4641 1356 4709 videte,
1383 4641 1525 4710 quia
1547 4656 1665 4694 non
1689 4655 1820 4693 sum
1853 4626 1899 4689 D
1933 4639 2184 4694 obsruros
2210 4643 2308 4691 aut
2338 4638 2638 4706 ambiguos.
2688 4637 3015 4706 Interrogat
3067 4636 3244 4707 igitur
3292 4637 3575 4691 orthodo-

168 4733 529 4789 dzemonium
594 4733 1030 4802 incorporeum.
1078 4734 1149 4785 Et
1194 4731 1393 4786 statim
1442 4731 1638 4801 ipsum
1684 4728 1822 4782 teti—

167 4831 370 4893 gerunt
425 4829 486 4877 et
548 4820 950 4876 crediderunt.
1000 4822 1107 4877 T05
1163 4819 1330 4873 αὖτοῦ
1384 4817 1443 4872 ἐκ
1497 4826 1596 4886 της
1652 4815 1819 4884 αὐτῆς

167 4908 520 4977 Ἐπιστολῆς.
560 4909 842 4981 Ejusdem
875 4927 943 4965 ex
975 4910 1184 4966 eadem
1243 4908 1520 4980 Epistola.
1575 4905 1718 4961 Μετὰ
1765 4901 1820 4958 δὲ

167 5001 248 5064 τῆν
282 5000 586 5054 ἀνάστασιν
619 4997 709 5051 καὶ
743 4999 1003 5076 συνέφαγε
1048 4997 1140 5051 καὶ
1197 4998 1442 5051 συνέπιεν
1490 4994 1696 5064 αὐτοῖς,
1746 4994 1820 5055 ὡς

173 5095 433 5162 ngat-.15);
495 5088 592 5142 καὶ
652 5091 1035 5160 πνευματικῶς
1114 5090 1398 5158 ἡνωμὲνος
1479 5091 1556 5158 τῷ
1629 5085 1820 5156 Πατρί.

171 5180 292 5234 Post
351 5179 873 5234 resurrectionem
929 5183 1125 5233 autem
1197 5193 1321 5232 una
1402 5193 1536 5232 cum
1625 5175 1712 5230 eis
1769 5180 1828 5229 et

173 5270 423 5326 comedit
451 5276 514 5324 et
549 5267 721 5336 bibit,
756 5273 1040 5338 tanquam
1073 5266 1394 5322 carnaliter
1442 5271 1499 5319 et
1547 5265 1828 5335 spiritua-

172 5357 293 5414 lifer
322 5361 542 5416 unitus
592 5359 776 5413 Patri.
839 5359 908 5411 Et
964 5372 1171 5421 rursus,
1231 5355 1377 5409 Dial.
1439 5352 1823 5425 impatib.,p.

180 5452 300 5503 L33:
334 5450 456 5504 Τοῦ
490 5445 654 5519 ἁγίου
689 5441 958 5520 Ἰγνατίου
986 5441 1287 5497 ἐπισκόπου
1334 5438 1679 5514 Ἀντιοχείας
1737 5439 1827 5493 καὶ

185 5537 470 5609 μάρτυρος,
541 5534 599 5590 ἐκ
659 5541 762 5602 τῆς
816 5532 954 5605 πρὸς
1039 5528 1380 5606 Σμυρναίους
1475 5526 1828 5596 Ἐπιστολῆς.

183 5626 225 5678 S.
275 5627 482 5698 lgnatii
544 5623 817 5699 episcopi
875 5621 1231 5678 Antiocheni
1289 5625 1345 5676 et
1400 5620 1699 5691 martyris,
1762 5637 1834 5676 ex

181 5715 427 5787 Epistola.
456 5716 528 5772 ad
583 5717 954 5788 Smyrnwos.
1013 5706 1376 5786 Εὐχαριστίας
1441 5705 1529 5762 καὶ
1587 5726 1826 5783 προσφο-

1931 4744 2064 4794 xus,
2099 4743 2173 4782 an
2206 4727 2616 4793 Athanasium,
2651 4727 3015 4798 Gregorium,
3049 4727 3582 4793 Ambrosium,Fla-

1931 4817 2194 4872 vianum.
2228 4817 2518 4872 Joannem
2549 4816 3028 4887 Chrysostomum
3062 4833 3166 4885 pro
3199 4816 3416 4870 talibus
3477 4817 3582 4870 ha—

1931 4905 2065 4961 beat
2094 4922 2106 4970 ;
2136 4905 2393 4960 admittit
2424 4905 2532 4959 hos
2563 4921 2770 4958 omnes
2809 4909 2867 4958 et
2923 4904 3185 4974 ipsorum
3243 4904 3583 4959 testimonia

1934 4994 2270 5059 Eranistes;
2306 5000 2445 5048 tunc
2477 5009 2612 5047 vero
2637 4992 3272 5064 Ignatiuerenaaum,
3301 4991 3582 5064 Hippoly-

1936 5087 2057 5138 tum
2095 5089 2152 5138 et
2182 5083 2561 5145 Methodium,
2593 5082 2857 5151 aliosque
2888 5098 2948 5136 se
2967 5079 3390 5151 producturum
3419 5098 3580 5136 asse-

1936 5171 2050 5236 rit;
2084 5171 2242 5225 valde
2272 5170 2515 5240 cupienlz'
2544 5169 2682 5223 mihi
2711 5171 2877 5223 etiam
2928 5169 3037 5222 haec
3097 5167 3412 5222 testi-monia
3448 5186 3579 5238 pro-

1931 5275 2120 5329 ponas,
2146 5259 2337 5328 inquit
2365 5257 2775 5312 haereticorum
2801 5257 3040 5311 nomine
3066 5257 3582 5327 Eranistes.Atque

1937 5349 2019 5402 ita
2048 5347 2286 5401 demum
2319 5346 2614 5416 prolixum
2645 5347 2787 5400 satis
2814 5347 3144 5415 catalogum
3201 5346 3582 5416 antiquorum

1940 5439 2178 5492 Patrum
2215 5435 2358 5490 texit
2395 5434 2754 5488 orthodoxus
2787 5450 2858 5488 ex
2913 5440 3079 5504 parte
3130 5435 3580 5502 catholicorum,

1941 5530 2000 5580 et
2017 5531 2298 5594 tanquam
2318 5519 2592 5594 τηλαυγὲς
2623 5520 2917 5594 πρόσωπον
2941 5527 3168 5592 septem
3188 5522 3585 5592 longiusculas

1943 5616 2270 5672 sententias
2301 5632 2372 5670 ex
2403 5614 2592 5669 tribus
2623 5614 2832 5687 Ignatii
2864 5615 3054 5669 nostri
3081 5614 3348 5686 epistolis
3380 5631 3583 5671 excer-

1943 5712 2072 5778 ptas
2103 5704 2350 5775 reliquis
2372 5705 2682 5777 prwponit.
2737 5703 3031 5759 Adversus
3073 5706 3199 5760 haec
3245 5701 3586 5760 testimonia
