3972 6306
385 356 461 416 87
1426 357 1492 417 S.
1540 356 1949 416 IGNATIUS.
1997 388 2072 398 —
2114 355 2727 420 PROLEGOMENA.
3720 354 3807 416 88

393 507 468 544 ne
500 490 727 544 hiscere
759 489 1000 560 quidem
1035 506 1096 544 se
1137 489 1399 560 potuisse
1457 487 1674 544 fatetur
1717 489 2038 543 Eranistes.
2072 493 2117 555 Α
2155 489 2596 545 devorationem
2628 492 2768 556 mei,
2804 497 2864 545 et
2890 490 3255 562 deprecabor
3283 507 3358 545 ne
3407 490 3558 544 forte
3606 491 3694 560 (ut
3744 489 3817 543 in

400 579 560 634 Unde
596 579 785 650 liquet
829 587 886 634 et
942 579 1336 633 orthodoxum
1406 584 1465 632 et
1520 579 1872 647 Eranistem,
1933 579 2045 632 hoc

396 676 486 724 est
514 675 639 723 tum
673 669 993 723 catholicos
1026 673 1151 723 tum
1182 668 1493 722 haareticos
1524 668 1688 723 illius
1737 668 1862 732 aavi,
1921 667 2040 739 epi~

399 759 576 813 stolas
606 759 834 830 lgnatii,
868 775 1016 828 quas
1049 757 1446 826 defendimus,
1492 775 1599 828 pro
1631 758 1784 811 veris
1849 762 1906 811 et
1954 759 2043 811 in-

396 849 680 902 dubitatis
712 848 973 918 episcopi
1003 847 1356 901 Antiocheni
1389 847 1623 916 scriptis
1653 846 1952 901 habuisse.

470 937 625 990 Sexti
681 937 880 991 saeculi
940 937 1166 1007 primus
1223 935 1390 990 testis
1443 937 1500 990 S.
1551 936 1940 1006 Ephraamius,
1975 951 2046 989 ex

399 1027 614 1082 comite
647 1027 893 1080 orientis
923 1027 1261 1096 patriarcha
1307 1025 1790 1096 Theopolitanus,
1843 1032 1908 1079 ut
1958 1025 2046 1079 lo-

402 1116 604 1185 quitur
631 1115 896 1179 Photius,
927 1113 986 1167 id
1044 1118 1134 1167 est
1171 1113 1606 1180 Antiochenus;
1661 1114 1754 1168 cui
1811 1113 2044 1183 episco-

403 1204 566 1275 patui
601 1205 757 1258 circa
789 1219 1010 1257 annum
1045 1206 1144 1256 529
1178 1201 1452 1257 admotus
1484 1209 1591 1259 est.
1629 1203 1731 1257 Hic
1783 1202 1937 1256 enim
1985 1202 2045 1255 in

403 1293 551 1347 libro
586 1294 656 1347 De
686 1293 870 1348 Sac-ris
919 1292 1231 1346 Antiochia:
1271 1291 1503 1360 legibus,
1541 1292 1631 1361 (ut
1659 1291 1924 1361 loquitur
1955 1291 2040 1344 in-

405 1389 634 1453 terpres
666 1381 1008 1450 Photianus)
1039 1380 1111 1434 de
1142 1381 1376 1435 articuli
1409 1381 1590 1434 Graeci
1627 1397 1737 1434 usu
1767 1380 2044 1435 adversus

404 1472 749 1525 Severianos
783 1470 1113 1540 disputans,
1169 1471 1357 1540 primo
1412 1470 1465 1523 S.
1522 1470 1856 1540 Scriptura},
1907 1469 2047 1525 dein

406 1561 500 1615 SS.
521 1563 762 1615 Patrum
793 1560 1148 1615 testimoniis
1181 1561 1364 1614 utitur
1396 1566 1452 1613 et
1484 1561 1642 1614 inter
1672 1576 1792 1625 eos,
1825 1565 1889 1614 ut
1920 1560 2048 1614 ﬁeri

410 1651 657 1715 solebat,
685 1651 737 1704 S.
765 1650 1054 1722 Ignatium
1084 1650 1342 1720 primum
1391 1650 1700 1704 nominat:
1737 1649 1840 1702 Kai
1873 1649 1900 1690 λ
1931 1649 2047 1701 θεο-

412 1737 582 1812 φόρος
615 1735 671 1791 δὲ
701 1738 961 1812 Ἰγνάτιος
993 1737 1080 1791 καὶ
1139 1739 1364 1811 μάρτυς,
1412 1737 1750 1812 Τμυρναίοις
1805 1736 2050 1792 ἐπιστέλ-

2157 579 2461 634 nonnullis
2485 581 3036 653 fecerunt)timeant
3051 582 3340 654 attingere
3355 597 3571 651 corpus
3586 595 3814 645 meum;

2153 669 2420 738 quinimo
2455 671 2504 724 si
2539 671 2998 738 cunctabantur,
3033 689 3138 743 ego
3172 673 3287 725 vim
3318 671 3550 738 faciam,
3584 687 3688 742 ego
3713 686 3815 724 me

2158 759 2821 830 ingeram.Date,quaeso
2837 762 3204 832 veniam;ego
3221 761 3355 815 novi
3373 760 3517 830 quid
3535 759 3820 830 expediat

2155 848 2330 902 mihi:
2360 866 2520 904 nunc
2547 851 2764 921 incipio
2785 867 2911 905 esse
2931 851 3147 905 Christi
3170 851 3516 922 discipulus.
3538 851 3820 903 Facessat

2156 937 2376 992 invidia
2393 939 2482 992 vel
2502 940 3125 1006 humaniaﬂ‘ectus,vel
3156 941 3436 1010 nequitias
3461 939 3817 1010 spiritualis,

2155 1032 2222 1080 ut
2247 1027 2447 1082 Jesum
2479 1029 2783 1083 Christum
2815 1045 3050 1084 merear
3071 1029 3342 1098 adipisci.
3371 1030 3558 1101 Ignes,
3580 1045 3816 1093 cruces,

2155 1114 2788 1188 bestiae,dispersiones
2807 1118 3610 1190 ossium,discerptionesque
3627 1134 3824 1171 mem-

2159 1203 2424 1273 brorum,
2459 1223 2526 1260 ac
2559 1207 2738 1262 totius
2770 1209 3035 1278 corporis
3061 1225 3267 1278 pinnae,
3303 1212 3359 1260 et
3389 1207 3593 1261 omnia
3622 1207 3681 1259 in
3716 1223 3819 1260 me

2164 1308 2351 1347 unum
2380 1294 2673 1364 supplicia
2703 1295 2924 1349 diaboli
2957 1301 3081 1351 arte
3099 1295 3348 1365 quaesita
3377 1294 3818 1365 compleantur,

2164 1380 2490 1437 dummodo
2513 1384 2710 1438 Jesum
2730 1384 3026 1439 Christum
3050 1401 3282 1439 merear
3297 1384 3565 1455 adipisci.
3592 1404 3616 1434 ι)
3641 1384 3820 1437 Chri-

2163 1473 2393 1528 stianus
2428 1491 2548 1530 non
2581 1476 2894 1530 mediocris
2927 1476 3030 1530 sed
3051 1476 3368 1546 perfectus,
3395 1474 3668 1529 sacerdos
3692 1490 3823 1528 non

2161 1562 2288 1617 vilis
2311 1564 2413 1618 sed
2436 1571 2957 1636 summus,martyr
2986 1582 3106 1620 non
3131 1566 3323 1636 segnis
3339 1565 3441 1619 sed
3458 1565 3821 1635 praecipuus,

2168 1652 2336 1722 dixit,
2364 1677 2393 1703 «
2426 1657 2589 1709 Nunc
2618 1656 2839 1727 incipio
2872 1673 2999 1710 esse
3028 1655 3248 1711 Christi
3281 1654 3625 1724 discipulus.
3667 1674 3691 1703 ι

2237 1744 2464 1798 Tertius
2495 1745 2674 1814 hujus
2707 1745 2902 1799 εωοιιιὶ
2939 1745 3103 1798 testis
3131 1744 3437 1798 estJohius
3465 1743 3823 1811 monachus,

414 1825 551 1896 λων,
585 1828 794 1898 ὁμοίως
823 1826 1088 1899 κέχρηται
1120 1831 1200 1897 τῷ
1232 1824 1435 1899 ἅρθρῳ.
1473 1852 1501 1878 ‹‹
1533 1831 1722 1884 Etiam
1771 1830 2051 1902 lgnatius,

2212 1833 2264 1886 ui
2297 1832 2576 1886 adversus
2607 1834 2882 1888 Severum
2917 1832 3174 1902 scripsit.
3205 1834 3255 1885 ls
3315 1831 3474 1886 enim
3525 1831 3584 1883 in
3635 1847 3825 1901 opere

411 1918 498 1972 vir
525 1918 760 1972 divinus
791 1922 1108 1987 etmartyr,
1126 1917 1434 1988 epistolam
1462 1919 1535 1974 ad
1558 1921 1888 1991 Smyrnae-os
1910 1921 2056 1974 scri-

410 2010 576 2073 bens,
613 2009 888 2063 similiter
917 2009 1164 2064 articulo
1193 2010 1379 2064 utitur
1402 2032 1453 2063 n.
1476 2012 1741 2077 Photius,
1779 2012 2053 2066 Biblioth.

411 2114 576 2152 num.
611 2099 735 2152 228.
770 2099 919 2152 Loca
950 2115 1080 2167 qua)
1132 2115 1202 2152 ex
1251 2115 1320 2153 ea
1377 2100 1632 2170 Epistola
1679 2105 2059 2171 excerpserat

418 2187 472 2240 S.
507 2186 894 2256 Ephraemius,
930 2187 1130 2241 omisit
1161 2188 1514 2257 epitomator
1544 2189 1786 2243 Photius
1814 2211 1827 2256 ;
1888 2194 2058 2243 erant

415 2281 612 2329 autem
643 2275 788 2342 haec,
821 2282 887 2329 ut
931 2276 1232 2330 arbitror:
1293 2273 1508 2344 Δοξάζω
1565 2278 1770 2346 Ἰησοῦν
1827 2276 2051 2350 Χριστὸν

410 2362 502 2416 τὸν
533 2363 684 2431 Θεὸν,
719 2386 746 2414 ‹‹
775 2364 1040 2432 gloriﬁco
1078 2366 1278 2420 Jesum
1335 2366 1632 2421 Christum
1682 2368 1902 2434 Deum;
1963 2374 2013 2421 et
2036 2381 2055 2420 :

414 2452 593 2505 Ιιάντα
624 2450 1093 2524 ὑπομένω,ἓαύτοῦ
1129 2474 1194 2524 με
1233 2451 1658 2526 ἐνδυναμοῦντος
1687 2458 1783 2507 τοῦ
1842 2453 2054 2508 τελείου

409 2539 696 2612 ἀνθρώπου
752 2543 1062 2614 γενομένου.
1123 2544 1334 2598 Omnia
1406 2545 1694 2612 sustineo,
1771 2545 1899 2614 ipso
1959 2562 2053 2599 me

407 2631 763 2686 fortiﬁcante
796 2631 896 2701 qui
928 2632 1222 2702 perfectus
1254 2633 1431 2687 homo
1462 2632 1652 2688 factus
1682 2639 1846 2687 est».
1897 2634 2058 2688 Licet

410 2720 567 2774 enim
624 2720 910 2774 articulus
965 2723 1058 2772 τοῦ
1113 2721 1187 2775 ad
1245 2719 1536 2795 γενομένου
1620 2723 1814 2794 potius
1899 2723 2054 2776 refe-

411 2812 595 2876 ratur,
624 2825 803 2879 quam
834 2806 1146 2881 ἀνθρώπου,
1179 2810 1359 2864 alium
1418 2815 1618 2866 tamen
1667 2811 1728 2864 in
1773 2811 1880 2866 hac
1931 2811 2052 2882 epi-

413 2897 558 2952 stola
603 2897 821 2966 locum,
877 2899 1109 2970 opinor,
1165 2900 1460 2970 respicere
1518 2917 1637 2954 non
1681 2901 1889 2972 potuit.
1943 2900 2054 2956 Sed

415 2993 475 3041 et
503 2987 660 3042 idem
693 2989 746 3042 S.
779 2989 1170 3059 Ephraemius,
1204 2989 1265 3042 in
1317 2989 1566 3060 epistola
1609 2989 1681 3044 ad
1730 2990 2053 3045 Zenobium

413 3077 728 3145 quemdam
787 3077 1205 3132 scholasticum
1251 3084 1309 3132 et
1358 3078 1738 3149 Acephalum,
1789 3079 2058 3149 probavit

411 3165 687 3221 articulos
717 3167 944 3221 naturis
976 3167 1189 3221 Christi
1220 3167 1519 3222 adhibitos
1549 3184 1669 3223 non
1699 3168 1918 3222 inferre
1965 3167 2052 3222 di-

409 3255 698 3310 visionem
727 3255 999 3322 unitatis,
1051 3251 1108 3307 ἔκ
1148 3274 1206 3308 τε
1253 3257 1360 3307 τῶν
1415 3253 1778 3329 εὐαγγελικῶν
1834 3259 2053 3333 φωνῶν,

406 3341 497 3398 καὶ
531 3341 723 3396 ἐκτῶν
757 3341 1159 3412 ἀποστολικῶν,
1210 3343 1299 3397 καὶ
1360 3339 1424 3411 δὴ
1477 3346 1566 3397 καί
1614 3341 1673 3397 ἐκ
1722 3349 1828 3398 τῶν
1880 3364 2055 3416 μακα-

409 3430 542 3504 ρίων
575 3431 818 3505 πατέρων
849 3433 1029 3503 ἡμῶν,
1089 3432 1352 3506 Ἰγνατίου
1410 3435 1508 3487 τοῦ
1565 3433 1849 3508 θεοφόρου.
1910 3435 2054 3486 Ἰου-

414 3519 560 3593 λίου,
593 3522 684 3576 καὶ
720 3523 1041 3586 Ἀθανασίου
1072 3521 1162 3576 καὶ
1208 3523 1550 3598 Γρηγορείων
1600 3522 1690 3576 καὶ
1743 3520 2051 3578 Βασιλείου.

410 3636 439 3663 ‹‹
472 3616 614 3668 Tum
650 3631 721 3670 ex
753 3615 1124 3686 evangelicis,
1167 3620 1291 3668 tum
1345 3631 1416 3668 ex
1463 3615 1803 3686 apostolicis
1839 3614 2053 3680 verbis,

414 3710 590 3774 atque
623 3705 801 3758 etiam
834 3721 903 3759 ex
959 3703 1148 3758 beatis
1206 3703 1474 3758 Patribus
1532 3704 1772 3768 nostris,
1832 3704 2055 3776 lgnatio

417 3793 672 3857 Deifero,
703 3793 874 3857 Julio,
906 3792 1250 3859 Athanasio,
1303 3793 1593 3862 Gregoriis
1647 3799 1706 3848 et
1754 3793 1968 3860 Basilio
2002 3815 2052 3848 ».

410 3881 654 3937 Photius
685 3881 930 3935 ibidem.

502 3970 807 4025 Secundus
837 3970 1015 4040 hujus
1045 3969 1153 4022 aavi
1186 3969 1348 4023 testis
1380 3975 1468 4024 est
1498 3969 1694 4024 Gildas
1726 3969 2058 4025 Badonicus

420 4076 490 4114 ex
523 4059 822 4114 Britannia
853 4063 1075 4125 nostra,
1111 4058 1210 4127 qui
1241 4075 1393 4112 anno
1427 4061 1532 4112 564
1578 4059 1888 4129 epistolem
1923 4058 2061 4113 scri-

415 4149 534 4219 psit
565 4151 640 4202 De
670 4150 885 4203 emcidio
911 4149 1238 4212 Britanniae,
1268 4147 1327 4200 in
1350 4164 1466 4217 qua
1486 4148 1610 4202 haec
1633 4148 1837 4202 habet:
1865 4171 1891 4196 ι(
1918 4147 2059 4211 Quis

413 4242 694 4301 vestrum,
729 4242 794 4290 ut
825 4237 879 4290 S.
916 4240 1141 4305 martyr
1178 4235 1458 4306 lgnatius,
1519 4236 1842 4290 Antiochiae
1895 4236 2060 4291 urbis

417 4325 750 4394 episcopus,
785 4328 916 4394 post
945 4323 1327 4377 admirabiles
1359 4324 1420 4377 in
1462 4325 1690 4378 Christo
1750 4331 1933 4389 actus,
1985 4325 2058 4378 ob

419 4413 824 4468 testimonium
859 4413 1007 4483 ejus,
1039 4411 1278 4466 leonum
1299 4411 1470 4467 molis
1502 4415 1700 4466 Romae
1723 4413 2060 4467 confractus

419 4503 561 4558 est?
591 4503 769 4572 Cujus
800 4501 994 4570 verba,
1027 4518 1161 4556 cum
1219 4501 1292 4556 ad
1338 4503 1673 4572 passionem
1723 4503 2059 4558 duceretur,

2167 1920 2236 1973 De
2287 1921 2675 1974 incarnatione
2705 1920 2874 1989 cujus
2908 1927 3182 1990 excerpta
3212 1919 3383 1973 nobis
3419 1919 3658 1973 Photius
3692 1923 3820 1971 tra-

2161 2008 2332 2074 didit,
2369 2008 2644 2063 Biblioth.
2681 2025 2846 2063 num.
2881 2012 3005 2076 222,
3057 2009 3182 2062 haec
3227 2008 3468 2063 habuit:
3523 2007 3664 2074 Φησὶ
3707 2005 3817 2080 γὰρ

2163 2098 2190 2150 6
2224 2094 2494 2174 θεοφόφος
2528 2098 2782 2172 Ἰγνάτιος
2833 2097 2957 2170 τρία
3015 2095 3199 2159 λαθεῖν
3260 2098 3349 2151 τὸν
3409 2096 3654 2174 ἄρχοντα
3712 2099 3822 2148 τοῦ

2161 2184 2361 2246 αἰῶνος
2390 2187 2606 2252 τούτου,
2651 2188 2750 2255 τὴν
2803 2184 3091 2260 παρθενίαν
3149 2186 3383 2260 Μαρίας,
3441 2189 3540 2253 τήν
3597 2183 3825 2253 σύλλη-

2161 2278 2251 2348 ψιν
2291 2278 2389 2329 τοῦ
2421 2274 2645 2348 Κυρίου,
2678 2275 2768 2328 καὶ
2794 2277 2896 2342 τήν
2930 2275 3252 2348 σταύρωσιν.
3283 2299 3311 2325 ‹‹
3351 2278 3494 2330 Nam
3527 2276 3642 2330 tria
3666 2276 3829 2329 divi-

2165 2383 2276 2420 nus
2311 2367 2573 2437 lgnatius
2605 2366 2802 2420 saeculi
2836 2367 3014 2437 hujus
3045 2367 3632 2437 principemlatuisse
3655 2382 3831 2420 com-

2162 2461 2474 2520 memorat,
2508 2455 2910 2526 virginitatem
2944 2456 3163 2520 Marize,
3199 2456 3650 2525 conceptionem
3701 2456 3836 2508 Do-

2161 2545 2330 2611 mini,
2363 2550 2424 2598 et
2453 2544 2903 2598 cruciﬁxionem
2935 2568 2984 2596 ι.
3019 2543 3246 2607 Quibus
3278 2544 3472 2598 verbis
3503 2561 3570 2599 ea
3601 2561 3735 2614 quae
3767 2545 3836 2600 in

2161 2633 2423 2704 Epistola
2454 2633 2526 2688 ad
2557 2633 2842 2704 Ephesios
2874 2633 3254 2704 reperiuntur
3283 2634 3590 2704 expressit.

2232 2723 2485 2786 Quartus
2517 2721 2785 2792 ejusdem
2836 2721 3036 2776 saeculi
3096 2722 3265 2776 testis
3324 2721 3397 2776 ad
3457 2721 3636 2776 linem
3688 2723 3829 2793 jam

2162 2811 2451 2883 vergentis
2484 2816 2574 2865 est
2633 2810 2910 2865 Leontius
2969 2811 3349 2881 Byzantinus,
3411 2813 3453 2866 Ι.
3511 2813 3587 2865 De
3639 2815 3828 2881 sectis,

2161 2906 2274 2956 act.
2308 2903 2382 2954 3:
2417 2897 2699 2976 Ἐγένοντο
2736 2895 2793 2952 δὲ
2845 2895 2897 2951 ἔν
2949 2903 3066 2958 τοῖς
3126 2899 3352 2972 χρόνοις
3398 2903 3516 2959 τοῖς
3569 2899 3674 2953 ἀπὸ
3713 2906 3827 2968 τῆς

2158 2990 2462 3064 γεννήσεως
2493 2991 2590 3042 τοῦ
2647 2989 2883 3060 Χριστοῦ
2947 2986 3113 3060 μέχρι
3169 2993 3270 3055 τῆς
3328 2986 3604 3060 βασιλείας
3665 2995 3824 3041 Κων-

2161 3076 2439 3131 σταντίνου
2490 3074 2810 3131 διδάσκαλοι
2867 3075 2958 3130 καὶ
3016 3075 3242 3150 ττατέρες
3301 3073 3433 3130 οἳδεο
3496 3077 3755 3151 ’[γνατιος
3795 3081 3826 3132 6

2167 3165 2445 3242 θεοφόρος,
2477 3164 2796 3238 Εἰρηναῖος,
2829 3165 3128 3225 Ἰουστῖνος
3153 3163 3450 3242 φιλόσοφος
3473 3166 3560 3219 καὶ
3587 3166 3826 3238 μάρτυς,

2169 3254 2409 3324 Κλήμης
2441 3254 2529 3307 ιιαὶ
2560 3252 2884 3313 Ἰππόλυτος
2914 3250 3200 3307 ἐπίσκοποι
3239 3253 3485 3325 Ῥώμης,
3539 3255 3831 3318 Διονύσιος

2164 3345 2192 3398 6
2221 3343 2639 3417 ’Δρεοπαγίτης,
2675 3338 2946 3405 Μεθόδιος
2971 3342 3266 3403 ἐπίσκοπος
3299 3342 3578 3415 Πατάρων,
3604 3346 3830 3419 Γρηγό-

2164 3451 2280 3506 ριος
2313 3433 2340 3486 ὁ
2373 3431 2807 3506 θαυματουργὸς,
2842 3431 3041 3504 Πέτρος
3077 3431 3105 3484 6
3137 3427 3547 3505 Ἀλεξανδρείας
3598 3431 3832 3487 ἐπίσκο-

2163 3544 2269 3584 πος
2297 3521 2389 3576 καὶ
2426 3522 2648 3596 μάρτυς.
2693 3544 2718 3573 ι
2748 3525 3037 3578 Caeterum
3073 3523 3436 3594 temporibus
3481 3523 3623 3590 illis,
3680 3542 3822 3594 quae

2165 3630 2200 3667 a
2229 3611 2444 3666 Christi
2485 3611 2793 3665 Nativitate
2823 3626 3011 3679 usque
3044 3609 3119 3665 ad
3150 3610 3466 3680 imperium
3527 3613 3832 3667 Constan-

2168 3701 2273 3755 tini
2297 3706 2706 3767 numerantur,
2733 3699 2792 3752 hi
2811 3699 3084 3753 doctores
3108 3704 3166 3753 et
3191 3701 3392 3754 Patres
3414 3701 3778 3755 exstiterunt
3811 3719 3827 3758 :

2164 3790 2427 3861 Ignatius
2447 3787 3408 3858 Theophoruerenaius,Justinus
3430 3788 3828 3858 philosophus

2168 3884 2225 3933 et
2253 3877 2776 3947 martyr,Clemens
2802 3881 2862 3929 et
2889 3876 3238 3946 Hippolytus
3262 3878 3520 3948 episcopi
3539 3880 3825 3946 Romani,

2169 3967 2480 4037 Dionysius
2491 3965 3196 4036 AreOpagita,Methodius
3212 3966 3522 4037 episcopus
3544 3969 3831 4022 Patareu-

2169 4055 2271 4120 sis,
2302 4053 2614 4125 Gregorius
2636 4053 3059 4108 miraculorum
3075 4055 3550 4122 eﬂ'ector,Petrus
3573 4055 3831 4110 Alexan-

2169 4144 2377 4198 drinus
2410 4143 2726 4213 episcOpus
2757 4148 2814 4197 et
2847 4147 3074 4213 martyr
3107 4165 3153 4195 ».
3189 4141 3498 4198 Docto'rem
3529 4151 3732 4199 autem
3769 4152 3834 4201 et

2168 4236 2399 4288 Patrem
2421 4233 2710 4303 lgnatium
2733 4231 3148 4301 Theophorum
3173 4233 3447 4288 nominat
3466 4239 3711 4304 propter
3729 4235 3837 4289 do-

2169 4323 2421 4377 ctrinam
2453 4320 2860 4391 apostolicam,
2895 4337 3072 4389 quam
3101 4322 3231 4391 ejus
3262 4322 3533 4392 Epistolas
3556 4324 3836 4378 contine-

2168 4412 2332 4472 bant,
2367 4427 2498 4481 quaa
2533 4409 2706 4463 toties
2738 4409 3020 4462 adversus
3054 4410 3364 4464 haereticos
3400 4411 3828 4470 laudabantur.

2170 4497 2409 4558 Τούτους
2445 4497 2680 4557 ἅπαντας
2727 4497 2781 4550 αἱ
2843 4497 2960 4566 μετ’
3011 4495 3205 4558 αὐτοὺς
3260 4498 3540 4571 γενόμεναι
3589 4500 3830 4572 αἱρέσεις

421 4592 732 4647 audientes
762 4591 834 4663 (si
867 4591 1101 4660 quando
1133 4591 1325 4645 vultus
1354 4593 1529 4646 vestri
1584 4592 1799 4648 rubore
1851 4592 2060 4646 sulTusi
2091 4580 2137 4644 D
2171 4587 2442 4665 δέχονται.
2470 4592 2578 4645 Hos
2611 4606 2792 4644 omnes
2816 4589 3055 4660 (inquit)
3077 4597 3270 4644 secuta?
3296 4592 3549 4660 deinceps
3596 4592 3830 4648 hareses

418 4687 575 4753 sunt)
596 4699 717 4736 non
733 4682 924 4736 solum
939 4681 998 4736 in
1016 4682 1457 4752 comparatione
1476 4683 1601 4754 ejus
1628 4701 1725 4737 vos
1744 4701 1862 4738 non
1884 4689 2058 4753 puta-

418 4773 558 4826 bitis
577 4771 935 4836 sacerdotes,
961 4771 1065 4825 sed
1080 4787 1154 4824 ne
1174 4771 1503 4827 mediocres
1517 4773 1757 4842 quidem
1776 4772 2060 4826 Christia-

420 4878 528 4916 nos
554 4878 703 4916 esse.
737 4861 833 4914 Ait
853 4860 1010 4913 enim
1031 4860 1091 4913 in
1117 4860 1391 4930 Epistola,
1421 4877 1598 4930 quam
1633 4861 1707 4915 ad
1734 4863 2059 4914 Romanam

415 4951 733 5006 Ecrlesiam
748 4949 935 5003 misit:
962 4970 988 4999 κ
1004 4951 1050 5002 Α
1065 4948 1231 5018 Syria
1251 4965 1436 5018 usque
1452 4952 1696 5005 Romam
1708 4967 1836 5004 curn
1855 4949 2060 5003 bestiis

417 5047 573 5094 terra
603 5039 871 5108 marique
904 5037 1196 5107 depugno,
1231 5037 1324 5090 die
1356 5044 1414 5091 et
1444 5044 1615 5092 nocte
1671 5054 1972 5092 connexus
2002 5042 2061 5091 et

413 5127 722 5198 colligatus
754 5126 960 5179 decem
991 5125 1308 5194 leOpardis,
1344 5125 1635 5180 militibus
1665 5126 1818 5191 dico,
1851 5125 1922 5179 ad
1955 5141 2058 5179 cu-

409 5216 662 5270 stodiam
693 5215 866 5270 datis.
901 5213 1000 5282 qui
1035 5229 1106 5266 ex
1162 5213 1469 5267 beneﬁciis
1514 5215 1733 5268 nostris
1786 5214 2059 5267 sasviores

412 5306 586 5360 fiunt.
631 5303 742 5357 Sed
774 5319 878 5372 ego
911 5319 1110 5358 eorum
1137 5303 1419 5372 nequitiis
1441 5304 1625 5374 magis
1649 5301 1887 5357 erudior
1911 5320 1923 5369 ;
1949 5319 2058 5356 nec

413 5400 614 5448 tamen
645 5392 706 5446 in
739 5392 849 5445 hoc
872 5391 1233 5462 justiticatus
1265 5408 1417 5447 sum.
1437 5392 1480 5445 Ο
1506 5392 1790 5446 salutares
1817 5390 2056 5457 bestias,

415 5500 545 5552 qua)
579 5486 988 5552 prmparantur
1019 5480 1163 5534 mihi
1189 5480 1201 5533 l
1236 5479 1476 5543 Quando
1508 5481 1744 5535 venient
1763 5481 1790 5534 Ἰ
1820 5479 2056 5549 quando

417 5571 764 5626 emittentur
786 5569 813 5623 ‘l
843 5569 1079 5640 quando
1105 5568 1190 5622 eis
1210 5568 1323 5622 frui
1343 5568 1545 5622 licebit
1563 5568 1842 5623 carnibus
1866 5569 2014 5622 meis
2031 5569 2059 5622 ‘?

421 5677 567 5736 quas
599 5677 702 5736 ego
734 5664 945 5732 exopto
977 5659 1233 5715 acriores
1289 5659 1507 5730 parari,
1558 5666 1618 5715 et
1671 5658 1930 5715 invitabo
1983 5658 2058 5716 ad

2164 4679 2887 4752 recipiunt.Proponebant
2900 4678 3076 4748 igitur
3088 4680 3298 4749 lgnatii
3314 4680 3595 4750 epistolas
3613 4682 3830 4737 Catho-

2166 4770 2579 4839 lici,tanquam
2598 4767 2853 4822 doctoris
2876 4772 2932 4820 et
2949 4768 3139 4822 Patris
3173 4769 3418 4840 scripta:
3453 4770 3828 4840 recipiebant

2169 4859 2429 4914 haeretici
2461 4873 2667 4911 omnes
2693 4860 2825 4927 post
2856 4857 3049 4926 ipsum
3081 4857 3381 4912 exorti.Ab
3402 4859 3679 4914 omnibus
3714 4861 3828 4932 igi-

2173 4954 2268 5002 tur
2299 4945 2774 5015 agnoscebantur
2805 4943 3087 5014 epistolae,
3122 4962 3268 5014 quas
3291 4946 3828 5014 defendimus,tum

2170 5036 2479 5092 catholicis
2512 5039 2636 5088 tum
2668 5033 2984 5087 haereticis.
3039 5035 3154 5087 Hoc
3203 5035 3350 5088 adeo
3399 5035 3686 5092 disertum
3737 5044 3835 5093 est

2171 5127 2242 5180 de
2275 5125 2425 5180 sexti
2459 5123 2658 5178 saeculi
2692 5123 2989 5177 sententia
3020 5124 3449 5191 testimonium,
3481 5134 3545 5180 ut
3576 5144 3834 5183 neeesse

2168 5234 2286 5271 non
2322 5216 2396 5269 sit
2424 5216 2712 5269 Joannem
2748 5214 3061 5268 Bhetorem
3095 5213 3358 5282 laudare,
3384 5216 3481 5284 qui
3518 5217 3626 5270 sub
3674 5219 3840 5273 Mau-

2167 5309 2302 5362 ritio
2336 5306 2572 5376 scripsit
2600 5321 2611 5358 :
2667 5302 2804 5358 Τότε
2834 5302 2922 5356 καὶ
2958 5303 3216 5378 Ἰγνάτιος
3249 5304 3276 5357 ὁ
3318 5305 3593 5366 θεσπέσιος
3634 5304 3828 5378 ἐπειδή

2168 5416 2252 5470 γε,
2287 5395 2360 5455 ὡς
2415 5389 2697 5460 ἐϐούλετο,
2755 5393 2923 5470 τάφον
2969 5392 3064 5453 τὰς
3130 5397 3235 5446 τῶν
3297 5395 3506 5469 θηρίων
3567 5395 3829 5469 ἐσχηκὼς

2163 5483 2422 5559 γαστέρας
2485 5481 2536 5535 ἐν
2591 5487 2669 5552 τῷ
2726 5488 2825 5548 τῆς
2883 5481 3106 5552 Ῥώμης
3162 5483 3514 5560 ἀμφιθεάτρῳ
3597 5489 3826 5546 «Tunc

2169 5574 2347 5628 etiam
2367 5573 2625 5643 Ignatius
2653 5571 3248 5642 divinus,postquam,
3272 5580 3336 5629 ut
3359 5574 3484 5645 ipse
3513 5575 3718 5642 voluit,
3753 5579 3823 5636 in

2167 5662 2600 5733 amphitheatro
2611 5660 3159 5729 liomano,ferarum
3176 5669 3406 5721 ventres
3419 5682 3524 5737 pro
3539 5666 3819 5739 sepulcro
