3972 6306
150 368 222 427 89
912 379 968 438 J.
1015 377 1439 440 PEARSONII
1485 379 1814 441 VINDICU

1925 375 2374 439 GNA'l‘lANxE.
2424 412 2501 422 —
2540 377 2743 440 PARS
2791 379 2843 438 Ῑ.
3491 379 3570 441 90

148 508 815 572 habuisset,netc.Licet
848 515 1012 584 illud,
1044 523 1106 570 ut
1135 517 1332 582 voluit;
1359 516 1432 571 ad
1466 516 1805 588 epistolam,
1841 521 1889 585 Α
1921 532 2036 587 pen
2059 514 2273 580 facere;
2307 513 2410 569 sed
2439 514 2597 584 quod
2619 514 2720 569 ille
2745 514 3219 586 probaverit,hoc
3249 519 3307 568 et
3327 515 3445 568 Deo
3467 529 3566 568 ac-

151 615 323 667 quam
349 601 598 672 scripsit
625 604 895 675 Ignatius
924 606 997 660 ad
1041 608 1359 672 Romanos,
1417 605 1575 661 haud
1631 606 1811 660 dubie

153 689 468 757 referatur;
503 699 608 748 aut
638 696 1022 751 Anastasium
1046 697 1326 767 priorem,
1358 697 1686 751 Antiochiae
1718 713 1817 767 pa-

156 780 508 842 triarcham.
543 783 699 839 libro
725 808 753 834 «
775 787 857 839 De
882 785 1057 840 rectis
1091 787 1350 841 veritatis
1381 785 1812 858 dogmatibus,»

159 871 214 923 in
247 871 625 927 Bibliotheca
642 874 876 945 collegii
898 876 1082 929 nostri
1109 876 1496 947 Cantabrigias
1521 893 1608 930 ms
1637 892 1815 944 quem

155 960 212 1012 in
235 961 457 1015 exsilio
478 962 590 1017 sub
641 964 870 1018 Justino
915 965 1173 1036 scripsit,
1202 964 1300 1019 ubi
1334 964 1500 1019 libris
1536 963 1814 1020 omnibus

153 1048 502 1118 destitutus,
553 1052 624 1106 de
682 1053 913 1108 Christo
947 1071 1018 1108 ex
1059 1054 1285 1124 Ignatio
1319 1060 1521 1108 nostro
1582 1054 1813 1108 locutus

153 1146 261 1204 est,
298 1146 364 1193 ut
389 1141 606 1211 potuit,
640 1158 774 1197 cum
801 1142 1076 1214 epistolas
1099 1143 1172 1198 ad
1205 1160 1448 1198 manum
1482 1160 1602 1197 non
1635 1143 1813 1198 habe-

152 1232 284 1282 ret:
344 1229 583 1306 Μορφήν
614 1226 815 1306 δοῦγου
869 1229 1270 1309 ἠμφιεσμένον,
1330 1229 1420 1285 ἷ¹νά
1483 1228 1622 1304 λάθῃ
1681 1232 1810 1293 Θεὸς

151 1314 222 1367 ὧν
253 1316 355 1370 τὸν
388 1318 634 1392 ἄρχοντα
662 1323 758 1372 τοῦ
789 1318 986 1380 αῗῶνος
1014 1321 1232 1390 νούτου,
1267 1345 1294 1372 ‹‹
1320 1322 1510 1377 forma
1539 1322 1688 1376 servi
1722 1323 1814 1376 in—

150 1406 390 1476 dutum,
425 1414 493 1462 ut
523 1410 678 1464 Deus
709 1410 971 1465 existens
1007 1410 1218 1466 lateret
1269 1411 1600 1482 principem
1632 1411 1812 1481 hujus

154 1495 388 1549 saeculi.
423 1516 450 1546 ι

233 1585 366 1637 Non
398 1584 574 1656 longe
597 1585 669 1640 ab
701 1586 870 1641 initio
903 1587 1140 1658 septimi
1171 1586 1369 1642 saeculi
1400 1586 1548 1642 alius
1564 1588 1809 1641 Anasta-

159 1671 289 1726 sius
320 1675 674 1741 monachus,
707 1675 952 1743 Sinaita,
973 1676 1475 1730 etcatholieorum
1497 1682 1554 1730 et
1573 1675 1815 1729 haareti-

160 1781 376 1817 corum
407 1764 680 1835 ejusdem
712 1766 814 1819 αινί
849 1767 908 1820 in
937 1767 1310 1838 agnoscendo
1359 1767 1580 1839 Ignatio
1613 1771 1815 1820 nostro

158 1868 536 1906 consensum
568 1853 783 1908 innuit.
820 1855 991 1909 Libro
1024 1855 1183 1910 enim
1219 1872 1394 1926 quem
1429 1849 1663 1924 Ὀδηγόν
1696 1871 1812 1907 no-
1848 1887 1892 1951 Β

157 1942 434 2005 minavit,
459 1941 614 1996 inter
638 1943 978 1998 testimonia
999 1961 1131 2014 quae
1154 1949 1290 1998 tunc
1321 1945 1600 2015 temporis
1624 1944 1808 1998 Theo-

155 2031 400 2085 dosiani
434 2038 491 2085 et
522 2032 804 2086 Gaianitaa
837 2050 905 2087 ex
955 2033 1226 2088 Patribus
1275 2033 1670 2098 adducebant,
1703 2033 1816 2087 hoc

156 2123 256 2172 τοῦ
289 2118 451 2191 ἁγίου
475 2119 742 2193 Ὶγνατίου
772 2121 1071 2175 ἐπισκόπου
1109 2121 1468 2195 Ἀντιοχείας,
1504 2147 1528 2172 ‹‹
1557 2124 1611 2178 S.
1644 2123 1813 2194 Igna-

165 2210 228 2263 tii
251 2210 930 2282 episcopiAntiochiaa,»
958 2211 1157 2268 habet:
1192 2210 1414 2266 Ἐάσατε
1449 2211 1694 2283 μιμητήν
1728 2231 1814 2283 γε·

160 2295 349 2350 νέσθαι
380 2303 479 2351 τοῦ
510 2299 714 2361 πάθους
741 2303 839 2353 τοῦ
870 2304 1002 2353 Θεοῦ
1037 2320 1162 2371 μου.
1197 2323 1224 2352 ‹‹
1254 2301 1435 2355 Sinite
1470 2318 1561 2355 me
1596 2302 1814 2356 imitari

163 2389 512 2460 passionem
543 2390 642 2443 Dei
675 2390 852 2452 mei,»
886 2407 957 2444 ex
989 2389 1259 2461 epistola,
1295 2389 1543 2458 scilicet,
1603 2390 1676 2445 ad
1707 2392 1814 2444 Ro-

162 2497 400 2534 manos.
427 2481 709 2551 Ejusdem
741 2481 941 2535 saeculi
957 2481 1252 2536 secundus
1277 2482 1463 2549 testis,
1487 2487 1545 2536 et
1575 2481 1815 2552 quidem

161 2571 702 2642 locupletissimus,
735 2579 827 2627 est
855 2573 1178 2626 Antiochus
1210 2573 1318 2626 sub
1383 2572 1645 2626 lleraclio
1677 2589 1814 2626 mo-

164 2661 399 2716 nachus
419 2661 904 2730 Palmstinus,qui
926 2661 995 2716 ad
1012 2661 1382 2716 Eustathium
1407 2662 1643 2732 scripsit
1661 2662 1817 2716 circa

160 2767 396 2805 annum
416 2750 721 2820 620,eique
745 2750 1019 2804 homilias
1041 2767 1180 2805 suas
1214 2750 1522 2804 dedicavit.
1557 2752 1814 2814 Quarum

161 2841 263 2893 124
289 2855 423 2908 qua:
448 2839 617 2909 agit<<
648 2839 726 2892 De
776 2840 1152 2893 veneratione
1202 2838 1613 2893 sacerdotibus
1654 2856 1814 2909 prm-

159 2927 571 2994 standa,-haac
603 2927 776 2982 nobis
808 2944 838 2982 e
859 2927 915 2980 S.
950 2927 1173 3000 Ignatio
1205 2927 1485 2997 decerpta
1517 2927 1716 2982 tradit:
1749 2926 1814 2980 '0

157 3015 430 3090 θεοφόρος
485 3015 747 3088 Ἰγνάτιος
795 3011 1126 3082 ἐπιστέλλει,
1159 3012 1358 3088 λέγων⁹
1409 3017 1504 3086 Τῷ
1532 3012 1814 3086 ἐπισκὸπῳ

155 3102 483 3178 προσέχετε,
538 3101 630 3156 ’ἱνα
697 3103 787 3158 καὶ
843 3104 871 3157 ὁ
914 3103 1041 3164 Θεὸς
1098 3103 1245 3177 ὑμῖν.
1300 3103 1632 3176 Ἀντίψυχον
1701 3102 1812 3176 ἐγὼ

156 3199 234 3263 τῷ
297 3192 723 3264 ὑποτασσομένῳ
757 3194 899 3265 ilege
928 3197 1033 3246 τῶν
1066 3193 1544 3266 ὑποτασσομένων,
1573 3210 1647 3249 ne
1678 3210 1811 3248 cum

1924 611 2216 676 ceptum,»
2249 621 2318 658 ex
2341 604 2568 658 eadem.
2601 603 2661 659 Ὀ
2693 603 2782 657 τὸν
2816 601 3117 656 ἐπίσκοπον
3134 607 3314 674 τιμῶν
3347 601 3449 655 ὑπὸ
3470 604 3566 656 τοῦ

1925 699 2058 750 Θεοῦ
2080 699 2324 768 τιμᾶται·
2362 694 2389 747 ὁ
2423 693 2596 765 λάθρα
2629 690 2928 748 ἐπισκόπου
2961 714 3012 746 τι
3043 694 3297 767 πράσσων
3328 697 3406 764 τῷ
3447 689 3565 745 διαο

1923 780 2077 856 ϐόΑῳ
2110 782 2378 858 λατρεύει.
2406 807 2432 834 ‹.
2458 786 2564 849 Qui
2591 785 2929 856 episcopum
2955 785 3227 851 honorat,
3260 785 3428 838 aDeo
3458 785 3563 838 ho-

1925 883 2190 941 noratur;
2217 876 2315 946 qui
2342 876 2494 930 clam
2524 876 2801 946 episcopo
2826 875 3052 945 aliquid
3079 874 3238 940 facit,
3263 874 3567 929 diabolum

1926 966 2124 1030 colit,»
2159 982 2228 1020 ex
2259 965 2487 1019 eadem.
2523 963 2837 1034 Ἀναγκαῖον
2873 959 2929 1016 δὲ
2972 959 3115 1016 ἐστιν
3178 962 3564 1025 ὑποεάσςεσθαι

1922 1053 2010 1109 καὶ
2042 1058 2118 1125 τῷ
2151 1047 2543 1128 πρεσϐυτερίῳ,
2579 1052 2651 1114 ὡς
2704 1050 3036 1114 ἀποστόλοις
3095 1049 3276 1121 Ἰησοῦ
3307 1053 3562 1123 Χριστοῦ,

1921 1150 2019 1212 τῆς
2051 1139 2272 1203 ἐλπίδος
2306 1143 2488 1214 ἡμῶν,
2526 1185 2537 1196 .
2575 1186 2588 1199 .
2625 1184 2636 1195 .
2675 1186 2688 1199 .
2727 1184 2737 1194 .
2776 1186 2788 1197 .
2822 1140 2957 1194 κατὰ
2977 1141 3149 1194 πάντα
3169 1141 3368 1215 τρόπον
3405 1146 3564 1195 πᾶσιν

1920 1231 2186 1305 ἀρέσκειν·
2263 1230 2324 1285 οὐ
2382 1231 2486 1304 γὰρ
2565 1230 2870 1305 βρωμάτων
2935 1229 3024 1284 καὶ
3107 1229 3367 1301 πομάτων
3430 1228 3561 1283 εἰσὶν

1923 1318 2190 1387 διάκονοι,
2222 1319 2368 1375 ἀλλὰ
2395 1319 2726 1389 Ἐκκλησίας
2768 1323 2902 1373 Θεοῦ
2946 1319 3232 1392 ὑπηρέται·
3291 1315 3408 1373 δέον
3465 1318 3556 1372 οὖν

1926 1408 2068 1463 ἐστιν
2128 1409 2326 1470 αὐτοὺς
2384 1406 2751 1483 φυλάσσεσθαι
2808 1407 2874 1461 τὰ
2930 1406 3248 1481 ἐγκλήματα
3307 1407 3380 1468 ὡς
3432 1411 3561 1480 πῦρο

1924 1498 2133 1572 ὁμοίως
2201 1498 2397 1560 πάντες
2455 1496 2882 1572 έντρεπέσθωσκν
2942 1498 3070 1561 τοὺς
3128 1494 3406 1558 διακόνους
3489 1496 3565 1560 ὡς

1924 1591 2136 1658 Ἰησοῦν
2167 1588 2425 1662 Χριστὸν,
2458 1588 2666 1642 καὶτὸν
2709 1587 3001 1642 ἐπίσκοπον
3068 1587 3140 1647 ὡς
3190 1587 3280 1641 τὸν
3337 1582 3564 1658 πατέρα,

1923 1677 2049 1739 τοὺς
2109 1675 2166 1731 δὲ
2222 1671 2618 1750 πρεσϐυτέρους
2671 1677 2744 1736 ὡς
2815 1672 3092 1749 συνέδριον
3147 1679 3302 1744 Θεοῦ,
3361 1673 3450 1728 καί
3491 1675 3564 1735 ὡς

1925 1764 2122 1838 δεσμὸν
2179 1763 2521 1820 ἀποστόλων·
2583 1765 2760 1840 χωρὶς
2834 1763 3040 1818 τούτων
3132 1763 3426 1833 Ἐκκλησία
3501 1764 3562 1818 οὐ

1924 1855 2190 1910 καλεῖται.
2222 1861 2437 1912 Necesse
2463 1856 2643 1925 igitur
2661 1863 2738 1909 est
2772 1855 2935 1926 (non,
2961 1877 2989 1904 ‹‹
3016 1855 3290 1924 episcopo
3314 1855 3565 1926 subjecti

1925 1952 1989 2002 ut
2005 1947 2125 2001 sint
2146 1947 2320 2001 etiam
2335 1944 2755 2016 presbyteri,ut
2776 1949 2835 1996 et
2850 1943 3100 2014 apostoli
3121 1945 3255 1998 Jesu
3277 1943 3566 2010 Christo,»

1922 2035 2006 2090 uti
2022 2037 2276 2106 pessime
2293 2033 2598 2088 transtulit
2613 2032 3112 2101 Tilmannus.sed)
3131 2031 3372 2101 «subjici
3388 2032 3566 2086 etiam

1922 2123 2309 2196 presbyterio,
2343 2128 2410 2176 ut
2435 2121 2721 2193 apostolis
2743 2123 2878 2176 Jesu
2909 2121 3146 2188 Christi,
3179 2121 3280 2190 qui
3314 2127 3402 2175 est
3432 2138 3565 2192 spes

1921 2219 2265 2270 nostra......
2299 2211 2462 2266 omni
2484 2211 2659 2266 modo
2679 2210 2953 2265 omnibus
2976 2209 3230 2280 placere:
3256 2212 3380 2264 Non
3403 2209 3564 2264 enim

1923 2308 2060 2358 sunt
2086 2301 2526 2357 esculentorum
2557 2307 2616 2354 et
2647 2300 3101 2370 poculentorum
3131 2299 3412 2354 ministri.
3461 2299 3564 2353 sed

1923 2393 2199 2448 Ecclesiae
2222 2392 2322 2446 Dei
2349 2391 2771 2460 servi.Oportet
2791 2389 2968 2461 igitur
2989 2407 3090 2444 eos
3112 2389 3291 2444 vitare
3315 2389 3567 2444 crimina.

1923 2481 2167 2553 perinde
2199 2498 2265 2536 ac
2296 2481 2516 2553 ignem.
2551 2479 2834 2534 Similiter
2865 2485 2922 2533 et
2948 2495 3154 2534 omnes
3188 2484 3566 2533 revereantur

1925 2571 2230 2637 diaconos,
2257 2576 2320 2624 ut
2340 2571 2541 2624 Jesum
2565 2569 2883 2631 Christum,
2916 2572 2974 2622 et
3001 2568 3343 2638 episcopum
3365 2575 3430 2622 ut
3457 2584 3565 2638 pa-

1925 2660 2480 2731 trem,presbyteros
2495 2664 2693 2713 autem
2716 2664 2781 2711 ut
2803 2657 3122 2711 concilium
3145 2657 3267 2723 Dei,
3284 2662 3341 2710 et
3362 2657 3562 2711 vincu-

1923 2753 2047 2807 lum
2079 2750 2504 2821 apostolorum.
2539 2749 2675 2804 Sine
2705 2748 2795 2801 his
2825 2747 3087 2801 Ecclesia
3115 2764 3236 2800 non
3267 2752 3561 2812 vocatum»

1923 2858 1994 2896 ex
2025 2841 2254 2895 eadem.
2285 2840 2520 2892 Lacuna
2568 2841 2766 2892 autem
2814 2835 2971 2907 apud
3001 2836 3360 2890 Antiochum
3389 2835 3562 2890 facile

1920 2930 2231 3000 suppletur
2260 2944 2326 2981 ex
2357 2925 2603 2998 Ignatio.

1991 3018 2156 3072 Circa
2187 3015 2450 3070 medium
2482 3013 2659 3084 hujus
2691 3013 2794 3067 εθνὶ
2828 3012 3106 3083 precipue
3129 3012 3344 3068 claruit
3372 3013 3561 3066 Maxi-

1921 3124 2053 3161 mus
2084 3106 2286 3171 abbas,
2320 3104 2624 3160 confessor
2655 3109 2710 3158 et
2742 3107 2985 3172 martyr,
3010 3101 3109 3171 qui
3139 3100 3457 3172 Epistolam
3491 3099 3564 3154 ad

1923 3198 2219 3251 Romanos
2249 3194 2533 3265 agnoscit,
2559 3207 2808 3261 eamque
2835 3190 3032 3245 statim
3055 3196 3190 3244 ante
3211 3189 3562 3259 martyrium

153 3284 1438 3355 Tilmannointerpreteitareddas,«recreor
1459 3284 1520 3338 in
1536 3284 1810 3354 episcopo
1842 3251 1892 3314 Ο
1923 3285 2204 3354 scriptam
2237 3283 2586 3347 conﬁtetur;
2620 3280 2759 3336 licet
2788 3297 2859 3335 ea
2907 3279 3202 3334 sententia
3227 3279 3298 3333 de
3331 3278 3564 3349 scriptis

159 3375 258 3445 qui
278 3375 426 3428 mihi
445 3373 797 3445 subrogatus
812 3375 989 3442 est),»
1018 3366 1726 3445 ἐπισκόπῳ,πρεσϐυτέροις
1756 3391 1814 3425 τε

156 3462 245 3514 καὶ
298 3458 594 3522 διακόνοις·
653 3461 768 3531 μετ’
830 3459 1002 3513 αὐτῶν
1061 3481 1154 3530 μοι
1229 3462 1289 3513 τὸ
1356 3460 1519 3534 μέρος
1597 3457 1811 3533 γένοιτο

157 3547 307 3624 ἔχειν
343 3549 397 3604 ἐν
433 3554 568 3620 Θεῷ,
609 3574 634 3602 α
655 3553 918 3622 Ignatius
948 3552 1330 3622 Theophorus
1363 3568 1466 3622 per
1498 3549 1812 3621 epistolam

158 3641 303 3696 dicit
334 3657 347 3694 :
383 3663 411 3690 ‹‹
442 3640 729 3710 EpiSCOpo
752 3639 1131 3708 attendite,ut
1160 3645 1219 3693 et
1241 3641 1394 3694 Deus
1410 3639 1816 3695 vobis.Anima

161 3746 293 3785 mea
327 3747 435 3800 pro
465 3729 554 3792 iis,
589 3729 688 3799 qui
723 3729 1019 3800 episcopo,
1045 3729 1427 3800 presbyteris,
1461 3733 1518 3783 et
1548 3728 1816 3784 diaconis

169 3836 400 3874 morem
423 3825 672 3890 gerunt:
692 3835 825 3873 cum
845 3818 963 3872 illis
985 3819 1317 3889 portionem
1340 3818 1558 3873 habere
1582 3817 1726 3872 mihi
1753 3817 1813 3872 in

163 3913 278 3966 Deo
310 3908 674 3980 conlingat.»
707 3911 837 3961 Ila-ac
856 3912 1055 3962 autem
1081 3907 1140 3961 in
1172 3906 1435 3978 Epistola
1457 3907 1528 3961 ad
1551 3906 1819 3978 Polycar—

166 4017 306 4070 pum
334 4002 589 4052 exstant.
624 3996 724 4048 Καὶ
756 3991 925 4055 αὖθις·
991 3995 1214 4068 Μάρτυς
1275 4015 1392 4066 μοι.
1453 3993 1503 4049 ἐν
1561 3995 1607 4066 ᾧ
1665 3991 1816 4049 δέδε-

164 4110 281 4158 μαι,
335 4087 423 4140 ’ὁτι
485 4084 588 4139 ἀπὸ
645 4085 841 4158 σαρκὸς
905 4083 1256 4158 ἀνθρωπίνης
1335 4083 1434 4138 οὐκ
1503 4077 1695 4158 ἔγνων·
1753 4083 1816 4138 τὸ

165 4174 218 4232 Ξέ
273 4178 499 4247 Πνεῦμα
558 4174 848 4247 ἐκήρυσσεν
901 4169 1211 4245 λέγοντάδε’
1271 4172 1452 4246 Χωρὶς
1524 4176 1621 4227 τοῦ
1698 4171 1818 4227 ἐπι-

165 4262 371 4320 σκόπου
410 4261 580 4336 μηδὲν
613 4268 839 4318 ποιεῖτε.
903 4287 928 4314 (ι
962 4266 1032 4318 Ει
1063 4281 1303 4318 rursus:
1366 4263 1602 4318 «Testis
1644 4263 1816 4331 mihi,

167 4359 222 4411 in
242 4374 359 4426 quo
383 4355 618 4408 vinctus
640 4370 790 4414 sum,
817 4353 975 4423 quod
997 4371 1069 4408 ex
1088 4370 1263 4408 carne
1287 4353 1549 4407 humana
1571 4369 1691 4407 non
1712 4369 1814 4406 no-

168 4447 370 4511 rerim;
408 4443 662 4514 Spiritus
683 4447 881 4497 autem
909 4441 1268 4512 praedicavit,
1291 4442 1414 4495 hanc
1435 4441 1657 4496 dicens:
1683 4441 1818 4495 Sine

171 4535 447 4606 episcopo
475 4530 624 4585 nihil
644 4530 874 4584 facite.»
902 4530 1040 4594 Quae
1067 4529 1311 4585 totidem
1332 4529 1578 4600 syllabis
1601 4529 1662 4583 in
1684 4531 1819 4600 Epi-

1920 3373 2128 3445 lgnatii
2163 3389 2197 3427 a
2228 3377 2351 3426 tota
2379 3369 2640 3426 Ecclesia
2671 3374 2909 3440 recepta
2937 3368 3121 3439 ipsius
3151 3367 3460 3423 sententia}
3492 3367 3564 3422 de

1922 3461 2352 3534 Areopagiticis
2373 3460 2549 3532 plane
2583 3463 2959 3530 repugnaret,
2994 3474 3250 3528 eumque
3282 3457 3355 3512 ad
3388 3456 3566 3511 miras

1921 3551 2248 3622 angustias,
2281 3555 2337 3604 et
2390 3549 2604 3615 elfugia
2654 3553 2816 3602 tanto
2842 3547 2963 3600 viro
3021 3564 3266 3618 prorsus
3324 3545 3568 3617 indigna

1921 3641 2404 3711 redigeret.Nunc
2424 3639 2581 3692 enim
2605 3637 2896 3708 lgnatium
2921 3643 3239 3708 martyrem
3261 3636 3401 3692 facit
3431 3641 3568 3689 ante

1922 3729 2320 3784 Domitianum
2357 3746 2369 3783 :
2406 3725 2564 3796 quod
2595 3728 2643 3780 si
2676 3743 2878 3780 verum
2912 3731 3087 3788 esset,
3146 3725 3398 3796 objectio
3432 3725 3554 3778 Dio-

1924 3817 2188 3889 nysianis
2210 3817 2364 3871 facta
2406 3832 2618 3886 porsus
2641 3819 3036 3869 evanesceret.
3061 3812 3173 3867 Sed
3195 3831 3330 3869 cum
3363 3829 3567 3868 omnes

1924 3907 2146 3961 scirent
2170 3921 2305 3960 eum
2330 3903 2437 3957 sub
2463 3901 2714 3972 Trajano
2735 3902 3082 3971 martyrium
3105 3902 3565 3972 subiisse,agno-

1925 4001 2230 4064 sceretque
2265 3993 2390 4063 ipse
2424 3991 2674 4061 scriptas
2705 3989 2885 4044 fuisse
2917 3989 3024 4042 sub
3055 3990 3355 4055 Onesimo,
3404 3990 3566 4043 Timo

1927 4085 2046 4139 thei
2071 4095 2574 4147 successore,cum
2598 4078 2958 4150 Dionysiana
2977 4077 3280 4132 Timotheo
3301 4076 3572 4132 dedicata

1923 4174 2044 4229 sint
2067 4191 2079 4241 ;
2114 4169 2440 4243 respondit,
2465 4174 2530 4222 ut
2550 4167 2760 4239 potuit,
2785 4166 2996 4238 primo.
3020 4166 3195 4221 verba
3215 4166 3422 4238 lgnatii
3447 4182 3566 4220 non

1922 4263 2106 4319 fuisse
2138 4261 2209 4316 ab
2231 4260 2358 4332 ipso
2381 4257 2659 4329 Dionysio
2685 4256 2922 4327 scripta.
2959 4256 3061 4310 sed
3091 4256 3163 4311 ab
3213 4256 3409 4326 aliquo
3442 4261 3568 4310 stu-

1925 4351 2088 4406 dioso
2141 4354 2346 4421 postea
2377 4348 2639 4412 inserta;
2701 4345 2984 4414 secundo,
3044 4345 3184 4416 quia
3240 4347 3350 4400 hoc
3388 4345 3567 4417 gratis

1924 4441 2147 4495 dictum
2177 4453 2306 4493 esse
2337 4435 2626 4501 videatur,
2657 4434 2832 4490 verba
2856 4434 2990 4489 illa:
3019 4437 3230 4489 «Amor
3251 4451 3418 4489 meus
3441 4451 3566 4488 cru-

1925 4528 2136 4582 ciﬁxus
2170 4531 2314 4591 est,»
2347 4523 2562 4594 saapius
2596 4522 2777 4576 fuisse
2809 4521 2880 4576 ab
2939 4523 3162 4594 Ignatio
3195 4527 3318 4577 tum
3348 4523 3407 4576 in
3443 4538 3564 4575 ser-

170 4624 312 4677 stola
343 4622 419 4677 ad
443 4619 970 4690 Philadelphenses
1018 4619 1310 4691 leguntur.
1367 4617 1493 4692 Χρή
1540 4615 1630 4670 οὗν
1687 4614 1811 4670 ἄνευ
1847 4619 1889 4682 D
1926 4630 2097 4669 mone
2132 4618 2254 4667 tum
2287 4610 2348 4664 in
2380 4609 2614 4679 scriptis
2636 4614 2920 4678 usurpata
2966 4608 3314 4674 hariolatur,
3348 4608 3564 4676 Diony-

166 4717 256 4765 τοῦ
288 4709 593 4764 ἐπισκόπου
629 4703 796 4778 μηδὲν
829 4706 1085 4781 πράσσειν
1115 4707 1287 4779 ἡμᾶς.
1324 4729 1346 4759 ιι
1367 4711 1610 4778 Oportet
1640 4707 1819 4778 igitur

171 4820 271 4856 nos
293 4799 448 4855 nihil
472 4799 603 4853 sine
632 4797 907 4868 episcopo
930 4797 1258 4866 facere,»ex
1283 4796 1545 4868 Epistola
1567 4795 1640 4850 ad
1662 4794 1816 4849 Tral-

170 4893 374 4946 lianos.
410 4889 592 4945 Ὀπου
625 4885 731 4962 γὰρ
760 4884 818 4939 ἂν
851 4889 993 4964 φανῇ
1025 4884 1342 4953 ἐπίσκοπος,
1382 4883 1493 4939 ἐκεῖ
1547 4883 1609 4938 τὸ
1668 4881 1818 4952 πλῆ-

169 4983 252 5040 θος
285 4977 428 5048 ἦτον
466 4976 648 5046 ὥσπερ
683 4973 819 5028 ὅπου
869 4971 930 5028 ἄν
975 4975 1254 5048 ὀνομασθῇ
1315 4973 1546 5046 Χριστὸς
1581 4974 1816 5042 Ἰησοῦς,

171 5067 273 5123 ἐκεῖ
303 5071 335 5136 ἡ
369 5063 646 5131 καθολική
709 5063 969 5132 Ἐκκησὶα
1028 5061 1428 5137 ἐπισυνάγεται.
1465 5087 1491 5114 (ι
1525 5063 1630 5118 Ubi
1655 5063 1816 5117 enim

172 5159 566 5230 conspicietur
584 5154 794 5210 adesse
819 5154 1154 5224 episcopus,
1179 5155 1256 5208 ibi
1285 5153 1601 5207 multitudo
1622 5153 1716 5207 sit:
1749 5159 1819 5206 ut

172 5250 262 5303 ubi
278 5248 627 5303 nominatur
640 5243 906 5296 Christus
928 5244 1114 5309 Jesus,
1144 5243 1222 5296 ibi
1250 5242 1544 5297 catholica
1561 5241 1820 5296 Ecclesia

169 5335 406 5407 cogitur,
446 5357 464 5380 ι
495 5349 567 5387 ex
619 5327 888 5400 Epistola
917 5327 991 5382 ad
1043 5329 1399 5401 Smyrnazos.
1433 5325 1546 5383 Οὺκ
1576 5325 1688 5397 ἐξὸν
1725 5322 1815 5378 οὖν

166 5424 297 5477 ἐστιν
327 5423 502 5497 χωρὶς
533 5423 631 5474 τοῦ
682 5416 987 5472 ἐπισκόπου
1023 5411 1144 5470 οὔτε
1205 5413 1443 5490 βαδίζειν
1505 5418 1564 5484 (1.
1630 5415 1820 5489 βαπτί-

166 5521 260 5583 ζειν
292 5533 356 5570 ex
391 5532 501 5570 ms.
557 5509 912 5578 Oxoniensi)
944 5503 1067 5560 οὔτε
1127 5505 1342 5582 ἀγάπην
1396 5511 1592 5560 ποιεῖν·
1630 5503 1756 5560 ἀλλ’
1789 5502 1816 5558 ὃ

169 5609 217 5655 iv
249 5604 446 5664 ἐκεῖνος
481 5598 781 5673 δοκιμάσῃ,
809 5598 980 5649 τοῦτο
1009 5595 1100 5649 καὶ
1131 5599 1211 5667 τῷ
1243 5599 1359 5667 Θεῷ
1389 5593 1636 5669 ἀρεστόν.
1658 5597 1818 5649 «Non

165 5695 329 5767 igitur
359 5695 497 5750 licet
556 5692 688 5747 sine
726 5686 1013 5760 episcopo
1066 5685 1157 5742 vel
1183 5685 1500 5760 baptizare,
1561 5684 1650 5739 vel
1679 5699 1816 5756 aga-

1929 4704 2203 4771 siumque
2237 4715 2357 4753 non
2391 4697 2464 4752 ad
2494 4696 2600 4751 has
2635 4695 2930 4767 epistolas,
2965 4697 3068 4751 sed
3099 4697 3174 4752 ad
3203 4697 3318 4752 alia
3350 4695 3570 4766 scripta

1926 4791 2279 4862 respexisse,
2321 4793 2381 4842 et
2435 4785 2728 4840 rationem
2787 4785 3023 4856 qualem
3083 4787 3321 4856 qualem
3370 4784 3558 4840 addit.

1927 4880 2236 4953 Τεκμήριον
2301 4871 2356 4928 δὲ
2401 4872 2465 4926 τὸ
2511 4874 2586 4944 μή
2647 4874 3016 4945 προσκεῖσθαι.
3072 4873 3270 4950 Γράφει
3328 4870 3384 4924 δέ
3435 4892 3568 4941 τισι,

1925 4965 2171 5021 τουτέστι
2228 4960 2553 5034 Ῥωμαίοις,
2620 4957 2745 5015 ἀλλ’
2804 4957 3015 5024 ἁπλῶς·
3074 4961 3270 5036 Γράφει
3322 4957 3376 5013 δέ
3421 4959 3504 5013 καὶ
3539 4958 3567 5011 ὁ

1929 5061 2070 5119 θεῖος
2101 5053 2616 5126 Ἰγνάτιος.‹‹Ηιι]ιιδ
2649 5050 2732 5105 rei
2756 5050 3042 5105 indicium
3061 5067 3212 5118 esse,
3237 5049 3395 5122 quod
3413 5047 3570 5120 apud

1929 5148 2271 5219 Dionysium
2297 5162 2415 5200 non
2449 5143 2746 5200 addantur
2777 5141 2883 5209 illi,
2902 5143 2974 5197 ad
2998 5159 3145 5212 quos
3170 5143 3376 5197 scribit
3399 5142 3569 5209 Igna-

1929 5239 2064 5302 tius,
2102 5235 2328 5291 scilicet
2362 5232 2608 5287 Romani
2639 5247 2651 5296 ;
2677 5230 2780 5285 sed
2812 5231 3163 5302 simpliciter
3192 5232 3413 5286 dictum
3444 5230 3522 5282 sit
3551 5245 3566 5282 :

1927 5325 2139 5380 Scribit
2169 5328 2366 5378 autem
2390 5321 2625 5374 divinus
2663 5320 2941 5391 lgnatius.
2968 5342 2996 5368 »
3036 5322 3250 5390 Aperte
3283 5317 3460 5389 igitur
3483 5322 3569 5370 te-

1927 5420 2117 5469 statur
2133 5409 2626 5468 Maximus.etiam
2651 5425 2784 5463 cum
2825 5425 2894 5464 ea
2915 5408 3284 5464 confessione
3315 5404 3570 5460 nimium

1928 5506 2317 5574 premeretur,
2353 5499 2409 5552 S.
2443 5497 2734 5568 Ignatium
2781 5497 3061 5568 epistolas
3092 5513 3238 5567 quas
3282 5495 3570 5556 habemus

1927 5593 2034 5648 sub
2060 5589 2336 5646 Onesimo
2367 5585 2696 5657 scripsisse,
2720 5591 2778 5639 et
2799 5586 2974 5640 verba
3004 5587 3106 5642 illa
3129 5603 3141 5639 :
3167 5589 3383 5642 «Amor
3403 5606 3569 5644 meus

1928 5679 2244 5737 crucifixus
2293 5682 2400 5746 est,
2426 5699 2452 5725 »
2487 5675 2549 5730 in
2579 5673 2842 5746 Epistola
2870 5675 2944 5730 ad
2979 5677 3274 5732 Romanos
3304 5677 3572 5747 genuina
