3972 6306
380 351 457 410 95
1419 349 1484 409 Β.
1530 348 1933 410 IGNATIUS.
1984 380 2052 390 —-
2106 344 2715 412 PROLEGOMENA.
3705 348 3788 408 96

385 485 524 540 dum
539 484 776 538 beatum
817 482 1130 554 Ignatium,
1163 498 1298 537 caro
1319 481 1632 537 Salvatoris
1673 482 1860 535 nostri
1890 482 2026 535 Jesu
2057 478 2109 546 Α
2135 481 2342 537 Filium
2381 484 2479 540 Dei
2512 485 2796 540 creatoris
2818 483 3046 551 mundi,
3071 482 3344 553 dicetque
3371 479 3528 552 quod
3553 485 3643 535 est
3664 480 3789 535 illic

376 573 597 628 Christi
623 589 728 643 pro
751 571 1008 642 peccatis
1025 571 1246 625 nostris
1265 587 1457 641 passa,
1476 586 1653 640 quam
1671 569 2031 641 benignitate

381 667 552 718 Pater
570 661 936 716 resuscitavit
966 662 1068 714 nEt
1085 659 1388 714 adlibrum
1410 661 1479 714 De
1495 659 1700 715 divinis
1720 661 2033 715 nominibus

383 771 509 824 cap.
544 755 594 818 4,
631 751 810 806 tradit
843 751 1132 822 lgnatium
1184 751 1264 805 ita
1313 751 1695 805 vehementer
1729 750 2030 819 dilexisse,

391 842 546 913 quod
567 842 787 912 optavit
803 841 980 895 etiam
1000 841 1148 895 tradi
1171 840 1343 895 malis
1366 839 1776 911 punitionibus
1790 839 2030 907 diaboli,

385 937 451 986 ut
482 932 607 1002 ipso
639 931 973 995 frueretur;
1017 947 1088 983 ex
1118 930 1380 1000 Epistola
1405 930 1479 984 ad
1511 933 1824 985 Romanos.

463 1020 686 1074 Decimi
711 1019 904 1089 quarti
932 1018 1130 1072 sa3culi
1155 1019 1319 1073 testis
1343 1023 1431 1072 est
1451 1018 1816 1090 Nicephorus
1831 1020 2034 1075 Callis-

387 1108 606 1178 tus,qui
630 1126 697 1163 ex
722 1108 1014 1162 veteribus
1035 1107 1462 1163 Ecclesiasticaa
1490 1108 1758 1164 Historias
1783 1110 2032 1180 scripto-

386 1199 549 1253 ribus
575 1198 834 1270 plurima
864 1198 1387 1270 congessit,omnia
1420 1215 1551 1268 quae
1584 1197 1654 1252 ab
1686 1198 1937 1253 Eusebio
1963 1200 2032 1256 de

390 1288 594 1359 lgnatii
629 1287 894 1357 epistolis
916 1287 1134 1358 scripta
1184 1292 1321 1341 sunt
1389 1288 1448 1341 in
1507 1287 1813 1342 historiam
1867 1306 2034 1344 suam

391 1377 714 1432 transtulit.
743 1376 844 1430 lib.
873 1393 956 1440 III,
991 1392 1115 1447 cap.
1143 1379 1225 1430 19.
1255 1378 1473 1432 Auctor
1501 1379 1832 1433 Memorialis
1863 1379 2033 1433 histo-

391 1469 624 1533 riarum,
662 1465 791 1519 libri
843 1466 903 1519 in
949 1465 1312 1521 Bibliotheca
1355 1467 1820 1539 Cantabrigiensi
1880 1485 2034 1524 ms.:

389 1557 636 1609 «Beatus
654 1571 726 1608 au
737 1559 850 1608 tem
866 1555 1265 1624 Dionysius,in
1283 1556 1662 1612 scientiatam
1690 1559 2034 1629 profundus,

391 1642 632 1698 adducit
654 1643 820 1712 quasi
844 1659 942 1709 pro
983 1643 1352 1710 auctoritate,
1387 1643 1458 1698 de
1483 1646 1542 1698 Β.
1578 1647 1800 1718 Ignatio
1833 1647 2038 1703 dicens

391 1733 451 1786 in
478 1731 583 1784 lib.
625 1755 643 1777 ι
682 1732 760 1785 De
781 1731 996 1785 divinis
1025 1732 1368 1786 nominibus
1397 1751 1409 1787 :
1443 1735 1616 1788 Amor
1657 1752 1804 1790 meus
1860 1739 2036 1792 cruci-

2137 569 2292 624 ﬁlius
2315 572 2487 641 alius,
2511 579 2568 628 et
2597 574 2915 628 substituet
2938 588 3070 626 eum
3095 572 3226 626 loco
3253 571 3404 642 ejus,
3439 570 3509 624 de
3542 587 3658 640 quo
3690 585 3795 623 va-

2137 659 2362 716 ticinati
2396 663 3172 734 suntprophetae,quemque
3191 659 3592 731 praedicarunt
3613 659 3792 714 disci-

2138 750 2576 822 puli,palatium
2610 760 2699 807 est
2719 751 2958 807 diaboli.
2978 773 3004 801 ››
3030 753 3112 804 Ex
3144 750 3360 821 quibus
3385 749 3614 804 duobus
3638 749 3786 803 locis

2138 846 2402 912 apparet,
2436 842 2760 897 Jacobitam
2793 842 2963 896 illum
2995 841 3168 895 istam
3217 839 3428 910 Ignatii
3461 839 3786 893 editionem

2139 929 2441 998 habuisse,
2466 948 2644 1001 quam
2676 948 2782 985 nos
2815 947 2884 985 ex
2916 929 3174 984 Mediceo
3209 927 3410 982 codice
3471 926 3782 980 habemus.

2139 1019 2290 1075 Citat
2322 1020 2564 1090 quidem
2588 1020 2912 1091 Epistolam
2943 1019 3018 1074 ad
3048 1018 3603 1086 Antiochenosquze
3630 1015 3795 1069 inter

2139 1108 2369 1178 spurias
2401 1109 2550 1176 fuit;
2583 1109 2757 1164 verba
2807 1113 3005 1164 autem
3037 1107 3236 1178 priora
3283 1123 3354 1160 ex
3403 1103 3664 1176 Epistola
3715 1101 3794 1158 ad

2141 1199 2474 1269 Smyrnaaos
2521 1216 2641 1254 non
2675 1197 3054 1269 interpolata,
3115 1196 3215 1251 sed
3260 1195 3516 1267 genuina
3547 1208 3793 1264 prorsus

2143 1294 2281 1342 sunt
2309 1289 2679 1360 deprompta.
2713 1290 2915 1358 Neque
2948 1287 3110 1342 enim
3143 1302 3211 1342 ea
3234 1285 3412 1340 habet
3433 1301 3562 1354 quae
3594 1282 3664 1337 ab
3698 1282 3791 1335 in-

2141 1378 2500 1449 torpolatore
2532 1384 2670 1434 sunt
2701 1378 2940 1432 inserta.
2973 1380 3063 1429 τὸν
3090 1372 3438 1448 πρωτότοκον
3466 1371 3644 1439 πάσης
3676 1368 3794 1423 κτί-

2144 1487 2307 1532 σειος,
2341 1468 2431 1522 τὸν
2464 1469 2593 1522 Θεὸν
2630 1468 2823 1542 Λόγον,
2855 1466 2943 1520 τὸν
2983 1471 3240 1537 μονογενῆ
3286 1462 3432 1518 Υίόν.
3480 1465 3629 1519 Usus
3678 1462 3795 1533 igi-

2143 1562 2239 1611 tur
2265 1562 2354 1612 est
2371 1557 2636 1612 Jacobita
2665 1557 2767 1613 ille
2789 1557 3046 1611 editione
3081 1555 3272 1620 tertia,
3294 1570 3410 1623 qua
3430 1551 3700 1625 genuinm
3733 1553 3795 1603 et

2145 1646 2432 1701 hactenus
2460 1648 2703 1718 integrae
2749 1645 2955 1717 Ignatii
3011 1644 3274 1716 epistolae
3326 1641 3798 1698 continebantur

2146 1753 2281 1791 cum
2313 1736 2538 1806 aliquot
2570 1735 2747 1790 etiam
2800 1735 2972 1799 fictis,
3008 1733 3245 1804 qualem
3305 1734 3702 1787 Damascenus
3737 1733 3797 1782 et

394 1826 536 1891 ﬁxus
561 1827 659 1875 est.
695 1821 854 1876 Idem
882 1821 1058 1876 etiam
1090 1821 1326 1877 adducit
1358 1823 1485 1879 loca
1516 1825 1570 1879 S.
1626 1827 1933 1899 Polycarpi
1980 1835 2039 1883 et
2071 1833 2114 1896 Β
2146 1827 2439 1880 Antonius
2472 1825 2876 1897 usurpabant;
2912 1824 3177 1894 adeoque
3210 1828 3478 1889 testatur,
3513 1818 3795 1890 epistolas

397 1912 454 1966 S.
489 1910 714 1977 lrenzei,
741 1909 1034 1981 verbaque
1079 1912 1254 1968 etiam
1289 1930 1360 1968 ex
1409 1915 1671 1985 Epistola
1702 1917 1776 1971 ad
1833 1920 2042 1974 Roma-

396 2016 502 2053 nos
534 2000 604 2053 ab
638 1999 885 2053 Eusebio
908 2002 1262 2072 transcripta
1284 2004 1566 2059 Macarius
1598 2006 2040 2078 Chrysocepha-

396 2087 490 2142 lus
523 2087 680 2142 inter
701 2087 931 2143 codices
983 2090 1332 2145 Barocianos
1364 2093 1570 2148 Oxonii
1596 2111 1705 2149 ms.
1739 2096 1800 2150 in
1832 2113 2046 2169 magna

408 2177 725 2245 Alphabeto,
760 2177 877 2231 sive
909 2178 1130 2246 Catena,
1165 2195 1340 2249 quam
1375 2181 1435 2235 in
1474 2199 1544 2238 ea
1575 2183 1742 2238 Lucae
1765 2203 1894 2256 quae
1927 2204 2046 2241 non

403 2271 544 2320 sunt
576 2267 636 2320 in
671 2266 937 2320 Matthaeo
987 2268 1239 2338 scripsit,
1269 2271 1535 2341 apposito
1568 2274 1807 2329 nomine
1840 2275 2046 2348 lgnatii

408 2357 533 2409 haec
563 2356 841 2410 inseruit:
877 2357 1148 2426 Εγεννήθη
1182 2357 1283 2431 γὰρ
1339 2359 1428 2412 καὶ
1486 2354 1785 2432 ἐϐαπτίσθη
1842 2363 1936 2418 ’ἕνα
1985 2367 2046 2420 τὸ

400 2443 590 2510 θνητὸν
606 2445 766 2514 ἡμῶν
780 2445 1314 2518 καθαρισθῇμαιᾶῐιιε
1337 2457 1424 2505 est
1455 2453 1613 2506 enim
1637 2460 1694 2507 et
1723 2455 2049 2526 baptizatus

403 2538 466 2587 ut
482 2534 731 2588 mortale
751 2541 1018 2589 nostrum
1034 2537 1832 2606 puriﬁcaretur.»Gulielmus
1849 2546 2052 2601 Wode-

408 2621 536 2677 ford
573 2623 889 2694 Anglus,ex
921 2625 1226 2681 academia
1255 2628 1574 2685 Oxoniensi
1613 2632 1920 2706 theologiaa
1942 2636 2049 2690 do-

401 2717 760 2777 ctor,contra
807 2713 1127 2784 Trialogum
1159 2717 1382 2772 Wiclefi
1417 2718 1542 2775 haec
1573 2723 1783 2794 lguatii
1830 2725 2048 2783 laudat.

399 2824 424 2850 ‹‹
456 2801 836 2857 Considerate
865 2804 1123 2873 qualiter
1160 2807 1704 2883 Anthr0pomorphi
1737 2831 1771 2868 a
1793 2831 2052 2872 commu-

403 2889 581 2944 nione
607 2897 665 2945 et
703 2892 966 2948 oratione
1019 2902 1358 2952 sanctorum
1407 2901 1710 2968 recedunt,
1741 2910 2053 2974 propterea

398 2980 556 3049 quod
574 2998 692 3036 non
711 2981 933 3038 habent
949 2985 1216 3041 conﬁteri
1234 2989 1655 3044 eucharistiam
1670 3009 1906 3048 carnem
1925 3011 2053 3050 esse

395 3068 704 3125 Salvatoris
730 3089 742 3138 ;
781 3088 846 3127 ex
891 3075 1153 3143 Epistola
1175 3076 1248 3130 ad
1271 3077 1573 3148 Ephesios.
1603 3081 1862 3151 Denique
1879 3085 2051 3140 Joan-

2154 1916 2358 1978 lgnatii
2392 1915 2679 1986 genuinas
2710 1932 2828 1968 non
2862 1918 3089 1968 tantum
3125 1930 3155 1968 a
3189 1914 3401 1967 Grmcis
3435 1916 3492 1964 et
3549 1907 3795 1972 Latinis,

2148 2004 2250 2059 sed
2284 2005 2460 2058 etiam
2489 2003 2560 2058 ab
2592 2003 2903 2057 Arabibus.
2938 2019 3057 2056 non
3076 2008 3307 2056 tantum
3335 1997 3660 2064 catholicis,
3687 1994 3798 2050 sed

2149 2097 2209 2146 et
2236 2091 2528 2146 haereticis
2559 2097 2825 2162 receptas
2855 2090 3059 2145 fuisse.

2788 2209 3016 2263 CAPUT
3057 2209 3156 2262 IlI.

2149 2319 2499 2385 Argumenta
2525 2333 2632 2385 pro
2659 2319 2713 2370 S.
2750 2317 2994 2382 Ignatio,
3020 2317 3228 2385 partim
3261 2331 3294 2366 a
3325 2313 3567 2376 testibus,
3588 2311 3805 2385 partim

2223 2384 2254 2441 α
2284 2384 2613 2441 testimoniis
2636 2390 2836 2457 petita.
2870 2389 2908 2440 A
2943 2384 3160 2441 testium
3190 2400 3438 2457 nume-ro,
3463 2384 3806 2451 antiquitate

2224 2466 2272 2512 et
2305 2461 2460 2513 serie.
2492 2462 2529 2512 A
2566 2456 2995 2513 testimoniorum
3042 2465 3156 2512 tum
3185 2456 3452 2525 generali,
3487 2461 3605 2507 tum
3660 2468 3808 2523 par-

2225 2530 2449 2584 ticulari
2477 2531 2828 2584 indicatione.

2225 2645 2367 2699 Cum
2403 2651 2488 2700 tot
2517 2645 2782 2700 omnium
2817 2644 3169 2700 saeculorum
3227 2640 3565 2698 testimonia
3608 2637 3805 2692 addu-

2152 2731 3048 2802 xerimus,nihilulterius,quod
3071 2731 3143 2786 ad
3166 2733 3577 2800 argumentum
3604 2730 3806 2780 exter-

2154 2839 2295 2878 num
2329 2821 2892 2890 attinet,desiderari
2925 2837 3097 2892 posse
3128 2819 3432 2884 videatur;
3464 2813 3526 2868 τὸ
3557 2813 3661 2887 γὰρ
3679 2833 3810 2866 τοσ-

2153 2912 2336 2972 οὑτοις
2401 2909 2660 2984 μάρτυσῑν
2718 2909 3025 2963 ἀντιτείνειν
3093 2903 3472 2981 παραπληξίας
3533 2901 3801 2980 ἐσχάτης.

2157 3026 2184 3053 ι(
2217 3004 2322 3057 Tot
2339 3001 2497 3056 enim
2522 3006 2580 3055 et
2603 3001 2781 3056 tantis
2806 3000 3051 3055 testibus
3076 2997 3355 3069 refragari
3398 3000 3674 3050 extrema:
3706 2991 3808 3046 de-

2156 3091 2394 3147 mentia)
2419 3097 2527 3156 est,
2552 3112 2580 3141 »
2608 3089 2954 3159 utloquitur
2978 3087 3376 3143 Theodoretus
3406 3083 3636 3153 dialogo
3660 3098 3677 3135 1
3733 3081 3812 3134 Et

399 3175 504 3253 PES
521 3160 1086 3253 Tissmgiongfilam
1116 3165 1361 3236 Anglus:
1394 3165 1454 3220 ίη
1478 3169 1820 3237 θοηΐθεεὶοηθ
1845 3180 2039 3229 contra
2078 3188 2120 3253 (ς
2152 3187 2352 3235 tamen
2386 3185 2660 3251 repertus
2693 3185 2782 3233 est
2812 3178 3171 3233 Blondellus.
3225 3177 3324 3246 qui
3358 3175 3418 3227 in
3449 3169 3812 3227 Pi-aafatione

407 3249 719 3317 Wi'clefum,
747 3250 806 3302 in
841 3251 1202 3307 Bibliotheca
1223 3254 1536 3311 Usseriana
1564 3275 1694 3315 ms.:
1713 3281 1739 3310 «
1762 3262 2043 3321 Conside-

399 3342 522 3390 rate
555 3338 819 3406 qualiter
849 3339 1442 3414 [Anthropomorphi]
1476 3363 1510 3400 a
1539 3352 1959 3409 communione
1981 3362 2042 3412 et

401 3425 668 3480 oratione
702 3433 1040 3483 sanctorum
1061 3430 1613 3505 recedunt,propter
1632 3455 1750 3494 non
1773 3443 2043 3501 confiteri

406 3514 824 3569 eucharistiam
857 3533 1098 3573 carnem
1134 3536 1260 3574 esse
1295 3522 1631 3590 Salvatoris,
1663 3545 1841 3598 quam
1875 3533 2051 3588 Pater

408 3621 514 3660 sua
540 3605 904 3676 benignitate
950 3608 1337 3665 resuscitavit.
1390 3613 1870 3675 Contradicentes
1913 3622 2050 3678 huic

408 3693 562 3749 dono
595 3702 1056 3765 perscrutantes.
1097 3699 1318 3754 Decens
1341 3706 1427 3756 est
1449 3719 1482 3757 a
1511 3704 1727 3762 talibus
1750 3709 2048 3782 recedere,

408 3789 466 3837 et
497 3800 606 3838 nec
632 3785 1030 3841 communiter
1084 3804 1195 3844 nec
1239 3792 1486 3846 seorsim
1511 3809 1643 3850 cum
1676 3797 1762 3852 eis
1801 3797 1984 3869 loqui,
2021 3823 2048 3850 ››

411 3887 478 3925 ex
513 3872 724 3927 eodem
750 3873 897 3929 loco.

482 3963 705 4016 Praeter
733 3962 858 4018 haec
891 3970 1154 4021 veterum
1182 3969 1520 4027 testimonia
1540 3990 1646 4030 suo
1669 3992 1920 4047 quaeque
1940 3995 2052 4032 sm-

410 4052 542 4140 culo
566 4055 882 4126 assignata,
915 4063 1016 4111 aut
1065 4077 1131 4114 ex
1184 4062 1397 4117 Graecis
1423 4069 1524 4119 aut
1545 4066 1764 4123 Latinis
1807 4070 2054 4140 scripto-

411 4139 576 4194 ribus
616 4142 923 4211 producta,
959 4150 1048 4199 est
1079 4151 1136 4199 et
1165 4147 1323 4203 aliud
1357 4166 1426 4204 ex
1484 4153 1734 4208 Arabico
1781 4139 2055 4227 deprom-

416 4234 582 4302 ptum
620 4249 632 4294 ;
669 4231 842 4301 cujus
873 4250 1006 4288 cum
1040 4251 1149 4290 nec
1181 4244 1384 4292 auctor
1405 4241 1546 4296 satis
1577 4248 1759 4309 certo,
1782 4261 1892 4300 nec
1917 4251 2058 4300 aetas

420 4320 566 4374 mihi
606 4320 891 4377 hactenus
921 4324 1351 4393 innotuit,illud
1365 4337 1662 4400 postremo
1694 4334 1822 4390 loco
1844 4335 2059 4406 adjun-

417 4409 673 4481 gendum
705 4413 921 4481 putavi,
955 4416 1454 4484 quemadmodum
1501 4438 1537 4477 a
1566 4423 1688 4478 viro
1717 4423 1888 4480 docto
1921 4426 2058 4479 Ber-

417 4498 602 4554 nardo
636 4500 953 4556 Oxoniensi
985 4520 1013 4558 e
1046 4506 1247 4562 codice
1278 4525 1389 4565 ms.
1442 4511 1507 4564 D.
1554 4512 1892 4579 Thevenoti,
1955 4513 2058 4582 qui

418 4605 668 4644 numero
692 4596 928 4647 octavus
961 4601 1048 4648 est
1079 4595 1138 4650 in
1170 4597 1444 4671 Catalogo
1497 4601 1776 4668 Verlanii,
1838 4601 2058 4656 exscri-

419 4685 607 4750 ptum,
642 4679 906 4752 mihique
927 4687 1429 4744 communicatum
1461 4695 1568 4745 est.
1603 4693 1690 4746 Ita
1722 4691 1900 4762 igitur
1953 4689 2057 4744 lbn

419 4770 606 4824 Zorha
651 4771 914 4827 Jacobita
971 4775 1041 4845 (si
1073 4776 1223 4832 bene
1253 4781 1530 4835 meminit
1558 4781 1784 4836 amicus
1813 4780 2056 4851 noster),

422 4857 558 4912 libri
590 4860 679 4914 sui
709 4861 975 4918 Adversus
991 4867 1276 4936 Eutychen
1298 4885 1425 4940 cap.
1448 4871 1508 4923 4:
1543 4889 1561 4916 ι
1599 4868 1750 4923 Dicit
1800 4869 2061 4939 Ignatius

419 4950 757 5018 patriarcha
778 4953 1191 5012 Antiochensis
1223 4958 1432 5012 tertius
1457 4974 1491 5012 θ.
1519 4960 1691 5012 Petro
1713 4958 1981 5028 apostolo
1999 4958 2062 5012 in

421 5038 674 5108 epistola
704 5057 810 5096 sua
840 5043 913 5096 ad
944 5043 1355 5114 Smyrnenses,
1380 5045 1522 5100 dicit
1551 5045 1839 5116 (inquam)
1882 5063 1894 5100 :
1937 5067 1959 5096 α
1994 5049 2064 5101 Et

418 5143 518 5182 vos
548 5129 725 5184 etiam
753 5136 938 5186 estote
998 5135 1265 5204 persuasi
1311 5135 1370 5188 in
1415 5134 1662 5188 Domino
1695 5139 1898 5190 nostro
1926 5138 2066 5191 Jesu

419 5217 778 5289 Christo.qui
804 5238 872 5275 ex
896 5223 1121 5277 semine
1149 5221 1376 5277 Ilavidis
1395 5224 1697 5293 prOphetaa
1717 5225 1910 5295 quoad
1935 5241 2062 5280 cor-

421 5324 551 5377 pus,
583 5313 644 5362 at
665 5309 846 5366 Filius
895 5312 996 5367 Dei
1027 5313 1089 5366 in
1120 5313 1366 5366 veritate
1393 5313 1541 5382 ejus,
1575 5318 1751 5368 natus
1783 5331 1854 5368 ex
1886 5315 2066 5370 Maria

424 5395 666 5468 virgine,
691 5405 750 5455 et
769 5400 1097 5472 baptizatus
1120 5418 1154 5456 a
1181 5403 1426 5467 Joanne,
1454 5408 1510 5456 et
1542 5404 1859 5459 cruciﬁxus
1891 5421 2068 5476 prop-

427 5492 514 5541 ter
530 5505 635 5542 nos
659 5491 764 5545 sub
786 5493 1138 5563 praefectura
1161 5492 1329 5546 Ponti
1350 5491 1544 5547 Pilati.
1582 5517 1602 5544 ι
1638 5495 1705 5547 Et
1722 5493 1867 5547 dicit
1887 5494 2065 5548 etiam

424 5577 486 5631 in
519 5578 779 5648 Epistola
797 5597 902 5635 sua
923 5579 995 5634 ad
1014 5581 1474 5636 Antiochenses:
1503 5603 1530 5631 α
1565 5582 1670 5646 Qui
1700 5581 1890 5636 credit
1910 5599 2069 5638 nunc

425 5665 487 5722 in
517 5667 769 5734 Christo,
804 5673 863 5723 et
915 5686 1034 5726 non
1089 5670 1151 5725 in
1209 5669 1508 5726 oblatione
1559 5687 1664 5726 sua
1723 5671 1874 5742 (esse
1908 5671 2067 5746 eum)

2150 3269 2404 3324 rotunde
2432 3269 2666 3323 dixerit:
2695 3268 2845 3324 «Sed
2878 3267 3112 3340 plenam
3145 3265 3261 3320 illis
3283 3264 3426 3334 ipsis
3449 3277 3596 3331 quas
3616 3257 3810 3314 conti-

2153 3364 2276 3415 ctas
2308 3364 2587 3430 putamus
2620 3358 2885 3429 epistolis
2919 3356 3097 3411 ﬁdem
3129 3354 3386 3409 habuere
3406 3350 3622 3405 Patres!
3653 3345 3815 3411 Quid

2159 3454 2281 3503 tum
2301 3448 2358 3502 Ἰ»
2385 3447 2494 3501 Ain
2519 3464 2671 3511 vero,
2699 3448 2835 3516 quid
2857 3446 3011 3501 tum?
3037 3447 3180 3498 Tum
3208 3448 3364 3497 certe
3396 3439 3681 3494 habemus
3712 3451 3812 3489 ar-

2154 3542 2502 3609 gumentum
2535 3553 2568 3590 a
2599 3535 2959 3590 testimoniis
3009 3534 3256 3604 petitum
3316 3530 3386 3585 de
3445 3527 3661 3597 scripto
3696 3525 3814 3579 viri

2155 3625 2402 3698 apostoli
2463 3624 2866 3679 ecclesiastico
2939 3620 3470 3693 locupletissimum
3529 3614 3811 3670 ﬁrmissi-

2157 3731 2462 3784 mumque,
2493 3719 2545 3768 et
2570 3713 2743 3784 quale
2769 3728 3080 3782 nunquam
3109 3709 3300 3764 adhuc
3332 3720 3692 3778 quemquam
3724 3702 3811 3756 fe-

2157 3805 2308 3860 fellit
2337 3821 2349 3871 ;
2383 3821 2576 3874 neque
2610 3804 2656 3858 si
2690 3810 2904 3859 caatera
2925 3801 3344 3873 respondeant,
3369 3815 3497 3868 quae
3535 3797 3595 3849 in
3625 3809 3806 3864 argu-

2160 3899 2360 3948 mento
2380 3895 2612 3948 interno
2631 3890 3178 3957 afferemus,fallere
3193 3888 3455 3960 potuisse
3471 3882 3806 3956 putandum

2161 3989 2267 4036 est.
2305 3984 2422 4037 Hoc
2444 3988 2509 4036 ut
2539 3982 2855 4036 dilucidius
2877 3985 3255 4051 appareat,ex
3279 3982 3412 4032 ante
3445 3973 3618 4029 dictis
3648 3989 3811 4026 non-

2161 4072 2326 4127 nulla
2356 4070 2821 4137 observabimus,
2851 4075 2908 4125 et
2959 4085 3137 4139 quam
3171 4083 3238 4122 ea
3267 4067 3383 4120 vim
3414 4064 3486 4119 ad
3522 4063 3697 4117 [idem
3723 4060 3816 4114 fa-

2163 4161 2431 4216 ciendam
2465 4159 2744 4226 habeant,
2774 4165 2898 4213 tum
2947 4175 3018 4212 ex
3077 4154 3328 4210 testibus
3361 4152 3527 4223 ipsis,
3585 4157 3709 4205 tum
3745 4165 3824 4204 ex

2163 4249 2429 4320 ipsorum
2463 4247 2822 4302 testimoniis
2855 4243 3309 4316 perpendemus.

2237 4343 2272 4392 A
2309 4336 2558 4391 testibus
2591 4352 2710 4389 non
2743 4350 2930 4388 unum
2961 4331 3232 4386 suminus
3262 4331 3698 4400 argumentum.
3742 4330 3822 4383 Ut

2165 4444 2199 4482 a
2229 4442 2478 4481 numero
2515 4424 2892 4495 incipiamus,
2919 4427 3057 4476 sunt
3080 4420 3165 4474 illi
3186 4436 3326 4475 sane
3352 4417 3778 4488 quamplurimi
3804 4436 3821 4485 ;

2171 4531 2363 4585 neque
2394 4513 2514 4568 ulla
2545 4513 2764 4583 scripta
2785 4517 2900 4566 tam
2932 4510 3228 4565 breviatot
3247 4507 3508 4563 fautores
3531 4512 3587 4560 et
3611 4511 3820 4575 testes,

2171 4610 2256 4659 tot
2286 4608 2663 4674 excerptores
2684 4602 3138 4670 laudatoresque
3163 4599 3352 4654 adhuc
3374 4597 3604 4667 uspiam
3637 4601 3822 4651 nacta

2168 4697 2326 4747 sunt.
2360 4694 2460 4747 Est
2510 4692 2664 4746 enim
2698 4691 2784 4745 vel
2820 4707 2938 4746 una
2994 4689 3047 4746 S.
3081 4687 3400 4743 Clementis
3433 4686 3688 4756 epistola
3733 4686 3815 4740 ad

2169 4781 2505 4836 Corinthios
2525 4781 2745 4851 scripta
2766 4780 2858 4834 his
2885 4785 3112 4850 septem
3140 4778 3193 4832 S.
3219 4776 3427 4848 lgnatii
3453 4775 3608 4830 haud
3635 4774 3819 4845 paulo

2169 4870 2496 4942 prolixior;
2530 4869 2861 4940 praesertim
2897 4869 2945 4923 si
2977 4867 3182 4922 folium
3219 4865 3368 4920 illud
3403 4881 3511 4920 ms.
3547 4864 3818 4918 excisum

2170 4958 2640 5026 consideremus,
2666 4959 2825 5028 quod
2855 4962 2986 5012 octo
3017 4956 3091 5011 ad
3121 4956 3435 5010 minimum
3468 4953 3732 5025 paginas,
3751 4957 3829 5008 ut

2171 5065 2331 5104 nunc
2352 5049 2622 5103 Clemens
2657 5049 2850 5103 editus
2881 5045 3363 5116 est,exaaquat.Et
3385 5042 3653 5113 quamvis
3675 5041 3823 5095 Dal—

2172 5139 2318 5194 laaus
2352 5137 2421 5192 de
2454 5153 2703 5191 numero
2749 5137 2988 5192 testium
3039 5139 3316 5205 provocet
3343 5131 3419 5186 ad
3476 5131 3829 5186 testimonia

2174 5226 2400 5300 lgnatio
2437 5226 2506 5280 ab
2540 5227 2796 5293 Usserio,
2829 5223 3118 5280 Clementi
3150 5239 3184 5276 a
3211 5221 3385 5276 Junio
3413 5220 3654 5291 prmﬁxa
3678 5235 3690 5283 ;
3715 5219 3828 5274 ob-

2175 5315 2525 5371 servandum
2558 5314 2643 5369 illi
2697 5315 2859 5386 prius
2892 5314 3021 5379 fuit,
3083 5312 3155 5366 ab
3189 5309 3557 5364 Armacbano
3590 5315 3830 5378 partem

2179 5406 2348 5477 longe
2384 5405 2703 5459 maximam
2725 5421 2853 5459 esse
2879 5401 3400 5474 praetermissam,a
3416 5397 3586 5452 Junio
3613 5414 3830 5468 quam-

2179 5494 2468 5565 plurimos
2499 5511 2628 5548 esse
2661 5494 2970 5558 adductos,
2994 5491 3095 5561 qui
3123 5489 3352 5543 nullum
3377 5487 3643 5558 epistolas
3665 5490 3832 5543 testi-

2180 5583 2448 5636 monium
2479 5582 2815 5652 perhibent,
2851 5580 3057 5651 quales
3089 5583 3226 5633 sunt
3260 5577 3313 5630 S.
3350 5576 3587 5640 Paulus,
3610 5577 3831 5646 lguatii

2182 5671 2586 5744 interpolator,
2616 5667 3571 5742 Optatus,Ruffiuus,Augustinus,
3594 5665 3832 5723 Euche-
