3972 6306
169 382 240 445 97
904 379 962 442 J.
1009 378 1445 444 PEARSONII
1487 379 1874 443 VINDICIB
1913 381 2401 446 IGNATIANE.
2445 420 2527 434 —
2569 388 2771 450 PARS
2816 393 2866 452 Ι.
3523 400 3599 460 98

169 516 424 580 rius,lvo
451 513 864 580 Carnotensis,
888 517 1164 585 Zonaras,
1197 517 1358 588 Hugo
1390 515 1462 571 de
1493 515 1547 570 S.
1583 515 1833 586 Victore,
1864 517 1918 584 Α
1948 517 2104 589 garis
2137 535 2268 572 mra:
2311 536 2531 576 annum
2559 540 2571 577 :
2625 523 2920 579 stantibus
2969 527 3127 581 enim
3178 528 3600 602 Hierosolymis

168 613 224 663 et
253 606 539 661 Albertus
569 605 884 660 Stadensis
909 622 920 670 ;
954 605 1054 677 qui
1082 623 1290 662 omnes
1315 607 1683 662 Clementem
1707 605 1831 676 qui-

169 697 297 752 dem
330 695 563 766 aliquo,
601 694 918 766 epistolam
940 696 1106 750 nullo
1139 695 1316 751 modo
1347 695 1834 751 nominant.Sunt

167 793 365 841 autem
414 790 602 839 testes
633 784 955 855 nostri,qui
984 785 1253 857 epistolis
1285 785 1613 856 ipsis,quas
1635 783 1835 839 defen-

168 875 386 941 dimus,
443 872 874 942 sulfragantur,
905 873 1120 944 Oppido
1152 873 1324 927 multi
1354 890 1367 939 ;
1401 879 1458 927 et
1501 873 1546 927 si
1580 890 1835 944 perpen-

167 965 378 1018 damus
421 978 608 1032 quam
632 977 822 1032 pauca
843 963 1673 1018 veterum'ecclesiasticorum
1691 963 1832 1017 scri-

167 1061 404 1125 ptorum
433 1068 620 1123 opera
642 1067 798 1106 nunc
822 1057 1074 1118 exstant,
1102 1069 1280 1123 quam
1303 1052 1485 1106 multo
1513 1052 1685 1122 plura
1710 1069 1839 1122 per-

166 1144 368 1198 ierunt
389 1146 499 1196 aut
527 1140 723 1195 adhuc
753 1157 891 1196 cum
917 1141 1118 1196 blattis
1144 1146 1203 1196 et
1224 1141 1400 1195 tineis
1432 1146 1679 1205 certant,
1716 1157 1837 1196 non

165 1248 494 1305 possumus
551 1247 670 1285 non
706 1231 857 1285 hanc
889 1232 1128 1286 testium
1160 1231 1380 1286 nubem
1410 1232 1550 1286 satis
1580 1230 1838 1303 amplam

166 1327 402 1394 putare,
437 1325 500 1374 et
540 1337 609 1374 ex
659 1320 750 1373 his
782 1336 930 1390 quos
981 1319 1356 1389 adduximus,
1389 1337 1594 1375 eorum
1625 1337 1835 1375 nume-

167 1426 488 1480 rum,quos
510 1408 808 1464 adducere
831 1425 951 1464 non
975 1426 1292 1480 possumus
1318 1414 1420 1464 aut
1445 1409 1838 1481 negleximus,

171 1501 484 1555 inﬁnitum
511 1515 664 1570 pene
687 1499 1080 1553 aastimareEt
1102 1499 1228 1554 haec
1251 1499 1492 1554 omnino
1514 1499 1841 1570 premenda

173 1596 346 1644 erant
398 1587 689 1642 adversus
718 1587 1019 1654 Dallaium,
1073 1588 1173 1658 qui
1236 1587 1672 1642 Hammondum
1703 1610 1730 1636 ‹‹
1766 1604 1839 1642 ne

173 1686 436 1750 quatuor
471 1677 718 1748 quidem
749 1679 954 1731 Patres
987 1693 1054 1730 ex
1099 1676 1262 1730 omni
1293 1675 1560 1740 secundi,
1595 1677 1752 1730 tertii
1785 1681 1841 1730 et

172 1768 372 1839 quarti
407 1766 620 1820 saeculi
647 1766 819 1837 copia
851 1766 1159 1820 nominare
1190 1765 1451 1836 potuisse
1483 1787 1509 1813 ››
1541 1770 1660 1820 tam
1691 1765 1839 1820 falso

177 1855 616 1927 pronuntiavit.

245 1962 550 2028 Secundo,
585 1961 633 2015 si
666 1961 932 2015 animum
965 1961 1037 2015 ad
1070 1960 1286 2015 seriem
1319 1965 1656 2032 temporum
1689 1961 1844 2016 refe-

172 2071 404 2121 ramus,
440 2058 503 2107 et
533 2052 608 2106 ab
640 2051 768 2122 ipsa
799 2055 970 2106 aetate
1003 2067 1120 2122 qua
1149 2051 1409 2121 primum
1443 2052 1678 2123 scriptas
1710 2069 1842 2123 per-

173 2145 465 2198 hibentur
499 2141 786 2212 epistolas,
811 2140 887 2195 ad
911 2157 1038 2194 eam
1071 2157 1188 2210 qua
1218 2141 1478 2211 primum
1513 2141 1839 2211 impressae,

177 2243 230 2289 et
261 2231 731 2302 erumpentibus
790 2229 1065 2284 Ecclesia)
1112 2229 1446 2297 discordiis,
1477 2229 1539 2284 in
1595 2229 1842 2285 dubium

175 2329 310 2377 sunt
345 2326 596 2386 vocata-Ia,
633 2324 811 2373 testes
843 2324 1076 2372 nostros
1107 2319 1189 2372 ita
1231 2318 1546 2388 dispositos
1576 2335 1704 2373 esse
1736 2318 1842 2372 ob-

173 2427 507 2477 servemus,
559 2414 626 2462 ut
677 2423 810 2462 cum
870 2407 1095 2478 primus
1135 2406 1247 2478 ipsi
1279 2406 1333 2460 S.
1370 2407 1618 2478 lgnatio,
1649 2395 1840 2477 primo

174 2498 483 2554 secundus
518 2495 830 2550 familiaris
857 2494 1054 2559 fuerit,
1082 2499 1206 2548 tum
1229 2510 1403 2548 nemo
1435 2495 1556 2549 fere
1588 2495 1842 2565 reliquo-

173 2605 304 2641 rum
341 2587 441 2648 sit,
480 2585 583 2654 qui
616 2601 736 2638 non
771 2599 805 2637 a
846 2583 1118 2653 sequenti
1176 2587 1278 2637 aut
1329 2583 1496 2638 nosci
1527 2589 1630 2638 aut
1659 2583 1840 2638 videri

173 2676 463 2746 potuerit,
496 2690 631 2726 cum
666 2673 726 2725 in
760 2688 1118 2742 unoquoque
1148 2672 1271 2726 fere
1310 2672 1527 2726 saeculo
1558 2688 1718 2727 nunc
1749 2672 1840 2726 bi-

173 2783 304 2832 nos,
343 2779 510 2818 nunc
545 2763 750 2829 trinos,
786 2777 944 2815 nunc
977 2766 1298 2832 quaternos
1331 2761 1841 2816 numeraverimus

172 2855 510 2925 plurimum
542 2858 702 2906 certe
735 2851 913 2906 etiam
945 2852 1055 2905 hoc
1081 2851 1156 2906 ad
1185 2851 1544 2906 sententiam
1575 2857 1840 2907 nostram

171 2941 662 2997 conﬁrmandam
693 2940 867 2994 valet.
905 2939 989 2994 Ab
1046 2941 1156 2995 hac
1213 2941 1375 2994 enim
1411 2941 1652 2996 testium
1687 2942 1840 2996 serie

174 3033 395 3087 nullibi
430 3033 770 3100 interrupta
813 3047 917 3101 pro
957 3035 1118 3084 certo
1169 3031 1375 3085 haberi
1406 3031 1582 3086 debet
1607 3037 1707 3086 aut
1736 3049 1838 3086 ue-

172 3123 408 3176 minem
464 3136 732 3190 unquam
784 3120 895 3174 hoc
926 3119 1122 3190 ipsum
1177 3119 1336 3190 quod
1383 3120 1469 3174 illi
1501 3126 1842 3176 constanter

173 3211 518 3263 docuerunt
575 3223 844 3278 negasse,
904 3207 1208 3262 neminem
1266 3207 1338 3262 de
1391 3209 1737 3264 auctoritate
1780 3211 1834 3264 8.

173 3297 390 3370 Ignatii
425 3295 752 3363 dubitasse,
785 3301 888 3350 aut
917 3297 964 3350 si
997 3297 1130 3366 quis
1178 3313 1443 3367 unquam
1498 3297 1556 3351 id
1609 3297 1835 3366 fecerit,

175 3389 306 3458 ejus
333 3385 701 3441 sententiam
724 3385 796 3440 ab
815 3385 949 3440 aliis
971 3401 1206 3456 semper
1227 3403 1331 3457 pro
1350 3386 1536 3440 nihilo
1560 3386 1842 3443 habitam.

178 3478 556 3543 Quocunque
590 3473 747 3527 enim
782 3479 1048 3543 tempore
1080 3473 1341 3545 aliquem
1374 3475 1547 3529 aliter
1588 3476 1844 3530 sensisse

180 3566 314 3635 quis
348 3563 496 3617 velit
522 3561 788 3632 (qualem
823 3567 1022 3616 tamen
1067 3579 1171 3634 ego
1231 3563 1533 3618 neminem
1567 3563 1842 3634 agnosco)

183 3656 315 3725 ejus
351 3653 763 3722 importunam
797 3650 1230 3706 dubitationem
1263 3659 1320 3707 et
1343 3669 1412 3707 ea
1429 3669 1562 3724 qum
1593 3669 1844 3723 princes-

178 3747 395 3797 serunt
415 3739 875 3810 improbabilem
903 3739 1170 3807 reddent,
1188 3745 1246 3795 et
1267 3757 1336 3795 ea
1360 3757 1492 3811 qua)
1519 3745 1848 3811 sequuntur

179 3829 561 3896 testimonia,
587 3828 812 3883 nullius
844 3828 1003 3900 apud
1034 3829 1180 3884 alios
1210 3829 1488 3900 ponderis
1521 3836 1622 3884 aut
1651 3835 1847 3884 aucto-

179 3921 380 3976 ritatis
409 3919 594 3974 fuisse
621 3918 1128 3990 probabunt.Cum
1152 3919 1330 3991 igitur
1353 3919 1540 3974 nostri
1558 3924 1846 3987 asserant,

179 4009 541 4065 testimonia
598 4025 726 4078 quas
786 4009 1116 4062 all‘eruntur
1171 4025 1276 4079 pro
1307 4008 1648 4080 lgnatianis,
1684 4009 1849 4080 paria

181 4117 312 4155 esse
351 4098 451 4160 iis.
488 4113 617 4167 quae
641 4113 746 4168 pro
775 4096 1042 4168 epistolis
1065 4097 1380 4152 Clementis
1411 4103 1512 4153 aut
1543 4097 1849 4168 Polycarpi

183 4189 404 4244 adduci
437 4185 638 4240 solent
670 4191 771 4240 aut
800 4191 1068 4257 possunt,
1111 4201 1216 4258 ego
1274 4191 1470 4241 autem
1503 4186 1690 4241 multo
1723 4203 1852 4241 am-

185 4280 385 4350 pliora
417 4277 868 4346 illustrioraque
897 4293 910 4342 ;
968 4275 1241 4341 Dallzeus,
1274 4277 1374 4347 qui
1433 4276 1852 4347 antiquissima

183 4370 412 4423 frustra
475 4371 670 4437 negat,
729 4365 883 4419 hanc
941 4366 1447 4436 comparationem
1479 4366 1644 4420 nullo
1677 4366 1852 4421 modo

185 4455 477 4514 admittit,
503 4460 560 4507 et
582 4454 760 4508 nimis
787 4453 970 4508 dilute
1001 4455 1282 4510 adversus
1315 4471 1444 4510 eam
1478 4455 1722 4526 integris
1753 4471 1854 4508 sae-

190 4546 344 4600 culis
377 4549 623 4615 pugnat.
659 4542 978 4598 Videamus
1037 4544 1216 4615 igitur
1271 4560 1346 4599 an
1380 4545 1489 4599 hoc
1520 4544 1591 4598 ab
1625 4561 1691 4599 eo
1715 4543 1850 4615 jure

1943 623 2074 661 eam
2107 614 2408 664 exaratam
2442 628 2572 666 esse
2623 630 2740 667 non
2790 613 3100 683 dubitant;
3162 619 3255 672 cui
3290 623 3599 678 sententia

1945 697 2120 786 etiam
2155 698 2259 786 illa
2311 701 2372 754 in
2408 701 2580 756 initio
2632 705 2906 774 Epistolaa
2958 708 3156 776 verba,
3189 711 3268 762 Δι’
3300 708 3597 786 αἶφνιδίους

1942 784 2031 839 καὶ
2065 784 2420 856 ἐπαλλήλους
2481 787 2772 864 γενομένας
2830 795 2967 865 ἡμῖν
3025 797 3307 873 συμφορὰς
3346 784 3434 854 διαὶ
3467 823 3604 875 παρ,

1945 875 2276 946 εμπτώσεις,
2336 885 2401 933 ut
2457 880 2801 952 aliquando,
2861 885 2979 939 Deo
3037 888 3290 957 volente,
3347 909 3417 946 ex
3448 895 3600 950 anti-

1947 964 2234 1034 quissimo
2259 966 2362 1021 illo
2386 985 2494 1022 ms.
2522 969 2838 1040 legendum
2863 974 3262 1043 ostendemus,
3290 982 3598 1054 suffragari

1948 1053 2280 1110 videantur.
2310 1058 2436 1111 Jam
2467 1059 2596 1128 quis
2653 1059 2911 1130 primum
2967 1064 3103 1119 huic
3135 1067 3399 1137 epistolae
3434 1053 3601 1126 testi-

1950 1144 2215 1198 monium
2248 1146 2591 1215 perhibuit?
2623 1149 2748 1204 Non
2781 1149 2866 1204 illi
2904 1169 3051 1221 quos
3082 1156 3336 1224 praifixit
3362 1161 3597 1228 Junius,

1949 1233 2208 1304 Ignatius
2269 1239 2326 1287 et
2380 1236 2665 1302 Justinus,
2698 1244 2910 1294 neuter
2939 1241 3097 1297 enim
3132 1260 3303 1300 verus
3335 1254 3461 1315 est;
3493 1249 3596 1306 sed

1949 1320 2286 1392 Dionysius,
2343 1340 2518 1394 quem
2578 1342 2698 1380 non
2751 1328 3098 1397 nominavit,
3153 1334 3594 1395 Corinthiorum

1950 1409 2282 1482 episcopus,
2316 1414 2568 1484 epistola
2623 1415 2698 1470 ad
2748 1419 3061 1484 Romanos,
3105 1422 3290 1478 Soteri
3323 1427 3597 1500 episcopo

1950 1504 2430 1570 nuncupata.«At
2451 1503 2618 1558 Soter
2639 1506 2944 1575 praefuisse
2967 1508 3184 1565 dicitur
3202 1515 3473 1572 Ecclesiaa
3496 1520 3602 1574 Ro-

1951 1612 2144 1651 manaa
2166 1599 2240 1653 ab
2259 1616 2310 1654 a.
2335 1599 2400 1656 Ι).
2427 1604 2526 1654 178
2545 1603 2618 1657 ad
2646 1607 2764 1670 179,
2791 1625 2818 1653 ››
2842 1606 3038 1677 inquit
3060 1609 3416 1669 Bloudellus.
3451 1623 3600 1672 Ante

1952 1694 2130 1765 igitur
2168 1711 2220 1750 a.
2284 1698 2385 1750 178
2439 1699 2718 1770 scriptam
2774 1701 2956 1758 fuisse
2991 1706 3252 1778 Dionysii
3289 1714 3599 1782 epistolam

1951 1799 2073 1837 non
2097 1791 2361 1855 apparet.
2389 1788 2578 1851 Quare
2602 1789 2800 1858 plures
2831 1809 3008 1862 quam
3033 1803 3270 1852 centum
3296 1803 3434 1856 anni
3463 1810 3602 1859 sunt

1951 1870 2482 1944 elapsi,antequam
2505 1877 2839 1946 quisquam,
2874 1881 3032 1949 quod
3054 1885 3344 1955 novimus,
3381 1889 3436 1941 S.
3470 1891 3600 1945 Cle-

1950 1960 2168 2013 mentis
2201 1961 2475 2030 Epistolas
2507 1965 2915 2021 testimonium
2947 1971 3265 2039 perhibuit.
3310 1978 3351 2030 E
3391 1985 3600 2035 contra

1951 2048 2050 2117 qui
2086 2050 2343 2119 primum
2397 2053 2718 2122 Ignatiauis
2762 2057 3170 2115 testimonium
3210 2065 3480 2133 perhibet
3511 2076 3602 2124 est

1950 2137 2006 2191 S.
2037 2137 2419 2227 Polycarpus,
2453 2141 2487 2194 S
2544 2143 2764 2214 Ignatio
2796 2161 2912 2199 non
2947 2152 3175 2204 tantum
3206 2155 3599 2227 synchronus,

1949 2225 2054 2280 sed
2085 2231 2142 2280 et
2173 2226 2502 2296 familiaris,
2562 2232 2661 2300 qui
2721 2232 2834 2302 ipsi
2895 2235 3158 2306 Smyrnaa
3209 2240 3433 2312 aderat,
3467 2225 3601 2302 cum

1949 2319 2206 2384 quatuor
2257 2317 2537 2386 epistolas
2587 2319 2724 2373 inde
2779 2322 3058 2392 mitteret,
3093 2328 3192 2396 qui
3225 2345 3402 2386 unam
3435 2334 3506 2388 ad
3539 2352 3600 2390 se

1949 2402 2169 2495 datam,
2202 2405 2274 2459 ad
2307 2406 2641 2476 Smyrnaaos
2683 2425 2819 2464 suos
2875 2412 3048 2468 aliam
3105 2418 3325 2473 Troade
3358 2426 3599 2495 recepit,

1949 2494 2051 2563 qui
2082 2495 2240 2584 intra
2270 2512 2491 2566 paucos
2523 2514 2756 2554 menses
2786 2508 3011 2574 septem
3039 2506 3295 2579 collegit,
3331 2512 3601 2584 edidit,et

1953 2599 2072 2675 suae
2103 2583 2448 2675 subjunctas
2474 2586 2952 2659 Philippensibus
2975 2595 3468 2656 misit.Secundus
3493 2622 3596 2675 pro

1949 2672 2321 2763 Clementina
2353 2675 2519 2728 testis
2550 2676 2699 2732 forte
2723 2680 2918 2734 afferri
2943 2689 3174 2752 poterat
3197 2672 3592 2763 Hegesippus:

1949 2761 2022 2815 de
2055 2777 2125 2815 ea
2155 2761 2312 2816 enim
2343 2763 2613 2833 quaedam
2637 2774 3250 2839 commemoravit,sed
3275 2761 3596 2853 quaaiigno-

1947 2866 2079 2904 rare
2109 2867 2218 2904 nos
2250 2851 2433 2905 voluit
2491 2855 2796 2910 Eusebius.
2848 2861 3196 2917 Anastasius
3228 2851 3476 2935 quidem
3504 2872 3596 2924 Bi-

1947 2938 2371 3032 bliothecarius
2389 2941 2646 3032 (ut-hunc
2667 2945 2820 3032 Junii
2841 2947 3110 3022 Catalogo
3129 2957 3338 3008 testem
3357 2957 3592 3032 addam)

1947 3025 2011 3079 in
2032 3028 2277 3081 Historia
2305 3028 2668 3084 ecclesiastica
2698 3031 2822 3087 haec
2852 3034 2923 3089 de
2951 3037 3006 3091 S.
3041 3037 3337 3095 Clemente
3369 3045 3550 3100 refert

1949 3136 1978 3165 «
2002 3116 2186 3187 Hujus
2217 3117 2468 3188 epistola
2498 3119 2684 3175 fertur
2712 3123 2786 3177 ad
2817 3125 3153 3183 Corinthios
3184 3133 3386 3199 missa,
3412 3153 3589 3206 quam

1948 3210 2071 3260 tota
2105 3207 2333 3278 recipit,
2357 3215 2423 3262 ut
2453 3210 2814 3283 Hegesippus
2838 3219 3104 3284 testatur,
3131 3220 3412 3280 Ecclesia.
3439 3247 3466 3274 »
3491 3225 3603 3282 Sed

1950 3295 2062 3349 hoc
2093 3297 2404 3368 Hegesippi
2439 3300 2847 3356 testimonium
2879 3305 3091 3360 nullibi
3125 3316 3334 3381 exstat,
3362 3319 3420 3367 et
3448 3317 3599 3371 Ana-

1949 3385 2166 3439 stasius
2195 3387 2504 3458 Georgium
2557 3390 2892 3460 Syncellum
2943 3395 3037 3450 hie
3089 3399 3244 3453 male
3278 3405 3604 3460 transtulit.

1952 3474 2256 3543 Syncellus
2288 3476 2448 3530 enim
2480 3477 2655 3548 (alius
2684 3481 2836 3534 Junii
2873 3483 3148 3558 Catologo
3179 3491 3347 3545 testis
3381 3493 3603 3549 adden-

1951 3562 2093 3650 dus)r
2117 3563 2189 3615 de
2221 3564 2273 3617 S.
2310 3565 2611 3620 Clemente
2638 3568 2717 3623 ita
2742 3569 3042 3640 loquitur:
3072 3574 3280 3630 Τόύτου
3314 3577 3606 3650 ἐπιστολὴ,

1951 3651 1984 3717 ἡ
2035 3649 2132 3719 μία
2185 3649 2400 3724 γνησία,
2450 3655 2747 3727 Κορινθίοις
2795 3657 3010 3732 φέρεται
3059 3663 3133 3725 ὡς
3182 3665 3287 3720 ἀπὸ
3333 3649 3606 3737 «ivre;-

1955 3737 2130 3832 μαίιιίν
2187 3737 2519 3808 Ἐκκλῃσίας
2583 3750 2870 3820 γραφεῖσα,
2938 3750 3173 3814 στάσεως
3240 3753 3294 3808 ἐν
3361 3758 3606 3832 Κορίνθῳ

1953 3821 2238 3897 συμϐάσης
2289 3827 2432 3896 τότε,
2488 3829 2560 3891 ὡς
2626 3841 2888 3908 μαρτυρεῖ
2943 3837 3309 3910 Ἡγήσιππος,
3368 3821 3485 3913 ἣτις
3515 3845 3606 3899 καὶ

1954 3914 2389 3984 ἐκκλησιάζεται.
2450 3919 2557 3974 Sed
2601 3927 2660 3975 et
2717 3923 2775 3977 in
2835 3925 3044 3981 horum
3079 3933 3388 3987 verborum
3424 3937 3611 3991 inter—

1955 4006 2284 4076 pretatione
2314 4007 2563 4063 Jacobus
2595 4011 2764 4080 Goar,
2799 4015 2895 4083 qui
2933 4016 3268 4086 Syncellum
3302 4027 3420 4076 tam
3453 4024 3610 4078 infe-

1955 4095 2148 4149 liciter
2178 4096 2501 4162 transtulit,
2537 4115 2655 4153 non
2688 4101 2884 4156 minus
2917 4121 3094 4174 quam
3135 4110 3481 4165 Anastasius
3513 4129 3609 4165 er-

1954 4185 2142 4239 ravit.«
2164 4185 2328 4240 Germ
2339 4203 2506 4241 anam
2522 4188 2649 4259 ejus
2663 4189 2736 4244 ad
2751 4191 3084 4249 Corinthios
3099 4197 3609 4270 epistolam,quasi

1957 4291 1991 4329 a
2035 4277 2298 4330 Romana
2351 4277 2628 4345 Ecclesia,
2665 4282 2952 4338 tumultus
2982 4287 3292 4357 cujusdam
3341 4290 3604 4346 Corinthi

1957 4365 2140 4418 exorti
2173 4366 2502 4432 occasione,
2531 4369 2810 4440 scriptam
2837 4373 2908 4426 ab
2931 4375 3194 4432 Ecclesia
3214 4379 3382 4451 vulgo
3405 4381 3606 4452 recipi,

1958 4458 2015 4506 et
2047 4469 2246 4508 coram
2278 4455 2512 4525 publice
2557 4457 2693 4530 legi,
2753 4467 2960 4517 auctor
2991 4470 3079 4519 est
3110 4468 3493 4540 Hegesippus.
3531 4473 3611 4525 Ita

1959 4541 2070 4605 ille,
2116 4549 2174 4596 tu
2231 4551 2414 4598 autem
2470 4552 2656 4601 verte:
2721 4549 2906 4620 Hujus
2964 4555 3242 4624 epistola.
3278 4575 3408 4628 quas
3440 4559 3617 4614 unica

189 4635 329 4698 ﬁat;
367 4640 423 4688 et
450 4633 736 4703 quoniam
795 4632 866 4686 de
926 4633 1247 4704 Polycarpo
1300 4633 1562 4704 prudens
1589 4633 1743 4701 silet,
1777 4633 1849 4688 de
1883 4633 1927 4695 D
1957 4631 2215 4702 genuina
2246 4639 2353 4698 est,
2388 4634 2461 4688 ad
2493 4636 2830 4693 Corinthios
2861 4641 3066 4711 fertur,
3101 4649 3384 4716 tanquam
3421 4649 3491 4702 ab
3515 4651 3615 4703 Ec-

191 4725 501 4777 Clemente
533 4721 658 4775 solo
693 4721 766 4775 lis
791 4722 920 4775 erit.
941 4723 1302 4777 Testimouia
1323 4722 1383 4776 in
1406 4723 1515 4776 hac
1537 4738 1598 4776 re
1621 4737 1689 4776 ea
1712 4737 1852 4777 sane

191 4815 420 4884 optima
454 4816 615 4876 sunt,
637 4827 768 4880 quae
791 4809 863 4864 ad
890 4811 1078 4881 ipsam
1101 4811 1304 4882 scripti
1329 4815 1562 4866 aatatem
1587 4811 1853 4882 proxime

189 4904 583 4977 pertingunt;
617 4901 728 4956 hoc
767 4901 839 4956 ab
899 4907 1150 4972 utroque
1199 4907 1466 4957 nostrum
1499 4901 1850 4958 admittitur.

194 4991 599 5064 Scriptoribus
620 4990 867 5045 secundi
889 4991 1088 5046 saeculi
1117 5007 1236 5045 non
1262 4992 1457 5045 minus
1488 4991 1856 5046 auctoritatis

196 5083 469 5138 tribuunt
518 5083 719 5135 Patres
782 5079 938 5134 tertii
995 5079 1220 5146 sseculi,
1254 5096 1430 5150 quam
1471 5080 1857 5150 scriptoribus

195 5171 370 5244 primi
406 5171 612 5225 Patres
638 5167 908 5223 secundi.
942 5169 1006 5223 In
1039 5168 1394 5241 assignando
1426 5168 1642 5223 smculo
1682 5168 1859 5223 fallax

197 5278 323 5316 esse
360 5266 556 5332 potest
586 5263 1005 5332 argumentum
1032 5274 1045 5324 ;
1096 5275 1215 5313 non
1267 5259 1445 5330 igitur
1473 5257 1716 5329 integris
1746 5275 1858 5312 saa-

199 5353 345 5406 culis
376 5350 750 5418 eminus,sed
779 5350 952 5404 annis
980 5350 1252 5404 cominus
1274 5349 1859 5421 pugnemus.Scripta

199 5450 282 5494 est
312 5440 585 5511 epistola,
609 5457 744 5510 quas
769 5438 876 5493 sub
904 5440 959 5494 S.
986 5438 1307 5493 Clementis
1338 5438 1579 5492 nomine
1611 5438 1862 5493 circum-

198 5529 552 5594 fertur,ante
577 5545 802 5584 annum
830 5527 1064 5582 Domini
1085 5527 1582 5598 septuagesimum
1603 5533 1857 5593 sextum,

200 5617 413 5673 fatente
441 5618 751 5673 Blondello
780 5634 792 5683 ;
828 5622 894 5670 ut
922 5615 1021 5670 alii
1046 5615 1528 5682 existimant,sub
1554 5615 1723 5670 initio
1748 5617 1860 5672 im-

201 5707 346 5778 perii
387 5708 756 5780 Vespasiani,
820 5704 881 5759 id
913 5710 1002 5760 est
1031 5705 1186 5759 circa
1214 5703 1712 5776 septuagesimum
1741 5705 1858 5761 vul-

1965 4721 2144 4775 clesia
2178 4723 2440 4778 Romana
2471 4725 2708 4796 scripta,
2742 4729 3031 4785 seditione
3065 4740 3204 4789 tunc
3239 4739 3612 4807 temporis,ut

1965 4824 2220 4875 testatur
2251 4821 2630 4893 Hegesippus,
2663 4826 2925 4882 Corinthi
2961 4837 3088 4885 orta
3115 4849 3128 4896 ;
3164 4849 3293 4902 quae
3326 4835 3502 4889 etiam
3536 4835 3607 4890 ah

1965 4909 2224 4963 Ecclesia
2252 4910 2556 4980 recipitur,
2584 4934 2610 4961 ››
2634 4913 2759 4969 haec
2791 4917 2950 4972 enim
2983 4919 3236 4990 Syncelli
3271 4923 3418 4976 nihil
3451 4925 3610 4979 aliud

1965 5004 2311 5068 suntquam
2344 5000 2601 5070 epitome
2647 5005 2856 5074 capitis
2907 5010 2993 5075 16,
3046 5008 3182 5063 libri
3240 5027 3301 5065 ni
3361 5013 3612 5068 Historiae

1966 5088 2306 5155 Eusebianm,
2341 5089 2510 5160 cujus
2569 5091 2744 5148 verba
2801 5103 2960 5166 sunt,
2993 5095 3081 5149 καὶ
3113 5096 3194 5151 ὅτι
3227 5100 3362 5152 κατᾶ
3392 5100 3482 5154 τὸν
3514 5098 3615 5171 δη-

1967 5173 2236 5246 λούμενον
2289 5174 2355 5228 τὰ
2393 5183 2494 5243 τῆς
2540 5178 2841 5251 Κορινθίων
2897 5183 3146 5254 κεκίνητο
3177 5187 3435 5254 στάσεως,
3468 5187 3618 5261 ἀξιό-

1966 5281 2147 5336 χρεως
2183 5262 2386 5335 μάρτυς
2433 5265 2460 5316 ὁ
2504 5265 2873 5339 Ἡγήσιππος,
2926 5291 3096 5342 porro
3150 5277 3459 5347 supradicti
3487 5279 3612 5333 Cle-

1967 5353 2186 5407 mentis
2209 5375 2235 5400 ‹‹
2261 5358 2523 5422 tempore
2558 5355 2910 5414 seditionem
2937 5362 3094 5417 inter
3122 5365 3453 5421 Corinthios
3484 5383 3615 5422 esse

1969 5440 2864 5504 commotam,luculentissimus
2884 5450 3050 5504 testis
3071 5458 3161 5507 est
3183 5455 3562 5527 Hegesippus.
3586 5478 3613 5506 ››

1969 5529 2334 5585 Auctoritate
2366 5529 2544 5600 igitur
2593 5533 2903 5607 Hegesippi
2960 5539 3145 5594 utitur
3196 5542 3257 5598 in
3308 5543 3463 5599 hunc
3486 5549 3614 5600 tau-

1971 5617 2275 5674 tummodo
2312 5619 2489 5672 tinem
2521 5636 2589 5674 eo
2622 5622 2734 5678 loci
2765 5625 3070 5693 Eusebius,
3094 5633 3160 5684 ut
3181 5633 3475 5699 ostendat,
3509 5633 3617 5688 sub

1972 5706 2320 5782 pontificatu
2351 5707 2673 5767 Clementis
2731 5715 3086 5774 seditionem
3131 5720 3395 5774 Corinthi
3428 5726 3617 5776 ortam
