3972 6306
423 363 502 425 99
1458 355 1524 415 S.
1572 353 1966 417 IGNATIUS.
2017 385 2092 400 -—-
2134 355 2746 420 PROLEGOMENA.

3715 359 3833 421 100

419 517 548 556 esse
573 515 587 566 ;
620 513 814 570 neque
843 494 1008 552 aliud
1028 491 1355 565 quidquam
1385 489 1569 547 voluit
1590 489 2042 563 Syncellus.Ter-

2202 510 2262 544 να
2289 491 2378 546 καὶ
2414 489 2574 554 αὐτὸς
2601 493 2750 566 ἡμᾶς
2780 490 3025 568 ὑπομένῃ
3050 513 3066 563 ;
3101 512 3254 568 smpe
3303 496 3483 552 etiam
3516 513 3683 553 suam
3709 514 3815 554 ex-

415 591 533 646 tius
563 607 669 662 pro
699 585 1072 643 Clementina
1104 584 1268 639 testis
1320 587 1410 638 est
1459 586 1745 649 Irenaaus,
1773 581 1979 637 itidem
2011 586 2071 637 et

415 699 520 753 pro
551 677 911 752 Ignatianis;
968 674 1072 730 sed
1128 675 1388 728 lrenaaus
1447 671 1718 744 pluribus
1750 687 1928 741 quam
1963 671 2070 725 tri-

412 770 720 842 ginta,imo
753 782 902 838 pene
959 761 1356 835 quadraginta
1385 761 1558 816 annis
1591 759 1663 816 ab
1699 759 1854 814 illius
1885 775 2068 830 quam

411 879 446 916 a
475 865 810 916 nostrarum
840 855 1161 926 scriptione
1205 852 1490 910 remotior
1509 851 1640 907 fuit.
1673 851 1929 916 Quartus
1960 867 2066 922 pro

413 952 717 1006 Clemente
741 951 1004 1003 Romano
1021 944 1187 999 testis
1209 947 1300 998 est
1320 942 1594 997 Clemens
1607 939 2063 1008 Alexandrinus,

413 1041 516 1112 qui
547 1045 682 1112 post
711 1044 962 1093 mortem
994 1032 1298 1090 Commodi
1337 1031 1592 1102 scripsit,
1625 1035 1864 1085 centum
1896 1036 1954 1084 et
1981 1030 2066 1084 vi-

409 1131 556 1204 ginti
587 1129 660 1184 ad
696 1127 1010 1182 minimum
1039 1123 1214 1180 annis
1262 1127 1577 1196 postquam
1608 1120 1768 1176 edita
1799 1119 2066 1175 creditur

411 1219 662 1292 epistola
717 1216 1109 1274 Clementiae.
1171 1219 1246 1268 At
1301 1211 1674 1282 a-martyrio
1733 1209 1938 1281 lgnatii
1979 1214 2067 1264 tot

411 1310 548 1366 anni
584 1323 704 1364 non
736 1306 1107 1370 eflluxerant,
1129 1318 1265 1358 cum
1289 1300 1570 1372 Origenes
1597 1299 1914 1354 Clementis
1941 1298 2064 1352 dis-

411 1399 663 1471 cipulus,
723 1393 1263 1451 luculentissimum
1321 1390 1408 1444 illi
1467 1389 1871 1444 testimonium
1911 1405 2060 1458 prm-

411 1489 560 1552 buit,
597 1485 852 1542 Homiliis
909 1483 970 1538 in
1027 1483 1256 1549 Lucam,
1317 1495 1464 1550 quas
1521 1479 1760 1550 scripsit
1799 1477 2060 1549 juvenis,

413 1585 561 1634 teste
595 1578 969 1647 Hieronymo,
995 1579 1131 1628 ante
1154 1571 1384 1628 virilem
1417 1575 1675 1638 aetatem,
1701 1569 1811 1624 hoc
1843 1575 1933 1624 est
1951 1568 2061 1624 sub

411 1669 620 1723 Severo
651 1665 740 1720 vel
797 1661 1117 1728 Caracalla,
1175 1677 1312 1716 cum
1371 1664 1530 1714 esset
1579 1661 1648 1713 20
1703 1675 1855 1730 pene
1885 1659 2062 1714 annis

409 1756 652 1812 editioni
683 1753 998 1826 lgnatiante
1022 1755 1193 1808 etate
1217 1747 1629 1820 propinquior,
1658 1763 1836 1818 quam
1866 1747 2061 1802 fuerat

2173 581 2398 652 primit,
2433 588 2493 638 ut
2543 584 2619 640 ad
2675 585 3048 658 Smyrnaaos:
3112 585 3292 640 Πάντα
3341 585 3621 658 ὑπομένω,
3654 587 3820 641 αὐτοῦ

2173 690 2241 740 με
2299 668 2744 745 ἐνδυναμοῦντος,
2827 680 2888 730 et
2967 676 3217 748 gratiam
3291 675 3481 748 ipsam
3540 677 3834 748 patientia

2171 762 2430 817 maxime
2463 763 2861 834 depraadicat;
2906 764 2970 818 Ἦ
3019 764 3198 825 πίστις
3229 764 3303 826 ὡς
3339 764 3754 839 περικεφαλαία,
3787 769 3825 836 ἡ

2171 849 2348 924 ἀγάπη
2379 851 2454 913 ὡς
2488 849 2638 924 δόρυ,
2686 853 2722 920 ἡ
2783 853 3032 924 ὑπομονὴ
3095 853 3170 914 ὡς
3223 851 3522 909 πανοπλία.
3556 857 3646 911 Ad
3678 857 3829 911 mdi-

2173 939 2510 996 ﬁcationem
2540 940 2800 1012 denique
2829 942 3056 996 faciunt
3103 943 3546 998 exhortationes
3576 945 3827 999 commi-

2170 1029 2562 1101 nationesque
2618 1047 2851 1095 omnes,
2906 1031 3120 1102 quibus
3189 1038 3309 1087 tam
3367 1032 3711 1104 frequenter
3770 1041 3830 1090 et

2170 1119 2375 1174 crebro
2427 1120 2634 1187 utitur,
2667 1121 2740 1175 ad
2793 1137 2967 1176 omne
2999 1121 3401 1177 Christianum
3432 1123 3714 1192 ofﬁcium,
3745 1123 3824 1179 ad

2169 1225 2374 1264 omnes
2403 1209 2640 1281 pietatis
2684 1215 2880 1280 partes
2911 1209 3132 1281 ubique
3165 1211 3482 1283 impellens
3517 1216 3580 1267 ut
3611 1215 3828 1268 ﬁerent

2169 1295 2314 1352 λίθοι
2343 1302 2474 1353 ναοῦ
2516 1299 2727 1369 Ματρὸς
2779 1299 3180 1372 ἡτοιμασμένοι
3231 1299 3307 1362 εἷς
3353 1299 3658 1374 οἰκοδομὴν
3688 1306 3828 1358 Θεοῦ

2171 1387 2399 1462 Ματρὸς,
2435 1389 2937 1461 quemadmodum
2971 1390 3097 1462 ipse
3117 1391 3190 1446 ad
3222 1391 3506 1462 Ephesios
3536 1393 3824 1463 loquitur.

2166 1479 2289 1544 Quo
2321 1478 2497 1534 etiam
2531 1480 2832 1550 pertinent
2873 1479 2978 1534 illa
3007 1497 3139 1550 quas
3171 1481 3344 1536 toties
3372 1481 3447 1536 de
3477 1483 3824 1551 concordia,

2166 1567 2416 1634 unitate,
2439 1572 2498 1622 et
2527 1566 2868 1623 obedientia
2886 1569 3181 1640 episcopis
3208 1575 3265 1624 et
3285 1570 3652 1642 presbyterio
3675 1589 3828 1643 prm-

2167 1657 2396 1724 standa,
2419 1673 2608 1728 usque
2652 1657 2725 1713 ad
2771 1658 3052 1713 invidiam
3073 1659 3363 1726 inculcat;
3390 1661 3604 1731 quibus
3628 1661 3816 1717 etiam

2166 1763 2302 1801 suos
2334 1747 2406 1802 ab
2440 1747 2816 1802 heterodoxis
2843 1747 3051 1803 eadem
3071 1765 3253 1819 opera
3285 1757 3538 1808 revocat.
3578 1766 3822 1805 eorum-

408 1843 814 1909 Clementinaa,
839 1857 972 1896 cum
996 1839 1284 1894 scriberet
1305 1835 2054 1906 ClemenspAlexandrinus.
2091 1859 2136 1925 Β
2166 1851 2280 1906 que
2301 1835 2710 1906 fabulis,«qu:e
2733 1835 3092 1906 quaestiones
3114 1842 3400 1908 praestant
3427 1839 3616 1910 magis
3637 1855 3822 1909 quam

409 1935 478 1990 Et
499 1935 624 2006 jam
657 1932 789 2003 quis
819 1947 944 1986 non
975 1928 1152 1991 videt,
1177 1927 1390 1983 seriem
1419 1925 1656 1981 testium
1686 1925 1759 1980 ab
1792 1925 1919 1996 ipso
1947 1924 2056 1979 ini-

409 2024 488 2078 tio
522 2039 627 2094 per
659 2027 742 2076 tot
767 2019 986 2076 saecula
1016 2017 1328 2074 deductam
1376 2015 1452 2071 ad
1511 2014 1688 2070 ﬁdem
1717 2012 2052 2070 faciendam

404 2112 728 2184 plurimum
749 2109 942 2166 valere
963 2108 990 2164 ?

475 2199 834 2256 Testimonia
850 2199 982 2270 ipsa
998 2195 1153 2268 quod
1172 2194 1529 2261 attinet,sive
1551 2209 1620 2249 ea
1640 2194 1968 2267 generatim
1996 2198 2056 2248 et

403 2291 680 2346 universe
709 2290 870 2346 dicta
900 2286 1185 2352 sunt,sive
1208 2283 1616 2356 particulatim,
1647 2287 1708 2338 et
1734 2282 2050 2350 distincte;

407 2379 610 2434 omnia
660 2384 818 2433 certe
873 2375 1138 2448 epistolis
1195 2374 1378 2436 hisce,
1447 2387 1594 2443 quas
1651 2371 2053 2426 defendendas

409 2467 801 2539 suscepimus,
824 2465 1098 2536 inprimis
1124 2468 1480 2532 congruunt,
1497 2477 1716 2531 easque
1748 2459 1837 2515 vel
1859 2475 1928 2514 eo
1950 2477 2055 2516 no-

409 2557 568 2613 mine
592 2556 838 2611 minime
855 2560 1162 2625 suspectas
1179 2551 1517 2609 reddunt.S.
1545 2550 1924 2622 Polycarpus,
1949 2550 2052 2620 qui

408 2646 601 2718 primo
634 2645 789 2700 hanc
814 2642 1199 2716 epistolarum
1219 2639 1539 2713 συναγωγὴν
1570 2637 1773 2702 edidit,
1808 2639 1919 2695 hoc
1949 2655 2052 2694 eas

407 2734 730 2791 admodum
765 2732 1090 2790 honoriﬁco
1146 2731 1334 2802 elogio
1383 2728 1706 2800 insignivit,
1741 2733 1797 2782 et
1823 2728 2050 2800 Philip-

407 2825 684 2896 pensium
704 2822 978 2878 Ecclesia
1002 2817 1804 2893 magnoperecommendavit
1826 2834 1839 2871 :
1865 2815 1950 2885 Ἐξ
1973 2816 2046 2871 ὧν

405 2913 704 2984 inquiens,
740 2907 956 2984 μεγαλα
992 2905 1348 2986 ὠφεληθῆναι
1381 2903 1689 2975 δυνήσεσθε.
1723 2902 2049 2978 Περιέχουσι

400 3000 500 3074 γὰρ
524 3001 720 3067 πίστιν,
743 2999 834 3054 καὶ
857 2999 1162 3071 ὑπομονὴν,
1184 2995 1275 3050 καὶ
1305 3000 1474 3050 πᾶσαν
1496 2991 1797 3066 οἰκοδομὴν
1823 2995 1924 3062 τὴν
1947 2993 2045 3064 εἷς,

399 3091 490 3146 τὸν
521 3091 722 3163 Κύριον
754 3090 1075 3160 ἀνήκουσαν,
1123 3095 1188 3144 ut
1240 3087 1492 3143 habetur
1520 3087 1717 3141 Graece
1747 3084 1904 3156 apud
1937 3085 2046 3140 Eu-

397 3182 648 3249 sebium,
681 3186 740 3236 et
767 3182 829 3235 in
859 3179 1040 3235 veteri
1073 3177 1276 3233 Latina
1305 3176 1611 3231 versione:
1653 3196 1680 3223 «
1716 3176 1797 3228 Ex
1827 3173 2044 3244 quibus

397 3289 644 3344 magnus
663 3271 826 3326 vobis
847 3270 960 3326 erit
981 3266 1621 3340 profectus.Continent
1650 3265 1810 3319 enim
1839 3263 2040 3332 ﬁdem,

395 3361 766 3432 patientiam,
791 3366 849 3415 et
869 3373 1106 3413 omnem
1131 3355 1588 3411 aediﬁcationem
1617 3353 1690 3408 ad
1725 3353 2040 3408 Dominum

396 3455 666 3504 nostrum
698 3448 1116 3519 pertinentem.
1142 3466 1172 3494 »
1197 3443 1331 3500 Tria
1351 3444 1550 3512 itaque
1573 3443 1626 3498 S.
1648 3445 1821 3498 Pater
1842 3443 2042 3514 praeci-

397 3555 510 3610 pue
544 3538 924 3607 notavit,quaa
956 3536 1018 3590 in
1059 3533 1326 3606 epistolis
1368 3531 1689 3604 Ignatianis
1722 3547 1870 3602 quas
1899 3531 2038 3586 Phi-

395 3626 767 3698 lippensibus
797 3625 962 3680 misit
987 3623 1244 3679 maxime
1277 3621 1646 3686 eminerent;
1687 3623 1810 3676 haec
1841 3626 2040 3677 autem

393 3715 624 3788 singula
679 3715 741 3769 in
800 3715 894 3779 iis,
951 3729 1100 3784 quas
1131 3727 1291 3766 nunc
1322 3709 1629 3777 habemus,
1663 3709 2040 3781 potissimum

393 3804 648 3860 elucent.
681 3805 826 3859 Nam
863 3803 982 3857 sive
1039 3800 1217 3856 ﬁdem
1285 3800 1345 3854 in
1401 3799 1596 3868 seipsa
1626 3805 1876 3869 spectes,
1908 3813 2037 3854 eam

390 3893 652 3964 lgnatius
682 3892 848 3948 miris
879 3891 1050 3946 effert
1105 3887 1416 3954 laudibus;
1451 3887 1524 3943 ad
1555 3887 1924 3958 Smyrnaaos:
1959 3887 2036 3943 Τὸ

389 3981 494 4057 γὰρ
525 3979 656 4036 ὅλον
685 3980 866 4040 πίστις
919 3978 1010 4032 καὶ
1059 3976 1273 4051 ἀγάπη,
1323 3974 1398 4029 ὧν
1456 3972 1611 4030 οὐδὲν
1662 3975 2033 4050 προκέκριται·

389 4073 464 4128 ad
519 4071 842 4143 Ephesios:
928 4067 996 4124 Ἡ
1079 4063 1139 4120 δὶ
1219 4063 1402 4127 πίστις
1491 4065 1642 4135 ὑμῶν
1723 4063 2034 4140 ἀναγωγεὺς

393 4159 565 4231 ὑμῶν,
600 4176 738 4216 voce
767 4157 1042 4230 eleganti.
1075 4161 1134 4212 et
1179 4155 1628 4228 Lexicographis
1671 4157 1906 4226 ignota;
1941 4153 2038 4208 οὗ·

388 4244 498 4311 δεῖς
554 4245 734 4301 πίστιν
791 4241 1264 4319 ἐπαγγελλόμενος
1333 4243 1648 4316 ἁμαρτάνειο
1709 4243 1782 4299 ad
1839 4243 2036 4300 Phila.-

387 4337 782 4408 delphenses:
819 4332 996 4388 Πάντα
1035 4333 1176 4403 ὁμοῦ
1222 4329 1364 4386 καλά
1411 4330 1571 4400 ἐστιν,
1621 4329 1708 4385 ἐὰν
1762 4329 1814 4384 ἐν
1847 4330 2032 4408 ἀγάπῃ

384 4423 680 4480 πιστεύετε·
711 4425 831 4479 sive
869 4423 1007 4479 ﬁdei
1034 4422 1301 4479 habitum
1347 4423 1409 4476 in
1453 4427 1694 4478 auctore
1727 4422 2032 4492 respicias,

383 4515 527 4570 vivis
555 4513 704 4569 adeo
734 4512 1032 4568 coloribus
1062 4512 1282 4584 ubique
1331 4511 1604 4583 depictus
1635 4517 1742 4578 est,
1775 4516 1842 4565 ut
1870 4510 2033 4565 Owe-

2167 1925 2622 1980 mdiﬁcationem
2657 1925 2755 1980 Uei
2787 1942 2918 1996 quas
2951 1925 3012 1980 in
3044 1925 3161 1982 ﬁde
3192 1932 3340 1981 est.»
3375 1927 3506 1982 Haec
3537 1927 3609 1982 de
3639 1929 3822 1983 testi-

2165 2015 2366 2070 monio
2415 2015 2472 2070 S.
2507 2013 2838 2085 Polycarpi,
2889 2031 2959 2070 ex
3017 2031 3133 2086 quo
3187 2022 3368 2086 patet,
3420 2023 3640 2087 quanta
3678 2034 3822 2073 cum

2164 2104 2392 2159 ratione
2423 2118 2782 2172 asseramus,
2811 2102 2973 2158 illius
3016 2108 3187 2158 astate
3219 2103 3499 2174 epistolas
3539 2121 3684 2176 quas
3706 2106 3820 2161 de—

2163 2194 2462 2250 fendimus
2490 2193 2806 2249 exstitisse.
2841 2194 3128 2249 Eusebius
3173 2195 3352 2250 etiam
3381 2194 3531 2250 duos
3561 2212 3816 2267 genera-

2163 2283 2248 2338 les
2279 2281 2667 2354 epistolarum
2696 2283 3070 2338 characteras
3123 2288 3310 2348 notat,
3367 2283 3440 2338 de
3493 2285 3821 2341 traditione

2161 2372 2506 2443 apostolica,
2538 2377 2597 2426 et
2623 2372 2950 2428 haaresibus
2976 2373 3080 2428 aevi
3113 2373 3425 2444 Ignatiani,
3454 2373 3670 2444 quibus
3700 2391 3817 2430 no-

2162 2468 2297 2516 stra:
2319 2461 2542 2532 Optime
2561 2463 2926 2532 respondent
2949 2479 2962 2527 ;
2985 2462 3142 2534 quod
3169 2463 3262 2518 hic
3288 2464 3650 2519 monendum
3673 2471 3820 2520 tan-

2162 2558 2287 2606 tum
2319 2550 2482 2616 duxi,
2503 2567 2612 2606 nec
2643 2551 2891 2607 ulterius
2913 2553 3240 2624 urgendum
3263 2569 3276 2619 ;
3309 2553 3470 2624 quod
3493 2553 3827 2611 Eusebium

2161 2639 2440 2711 epistolas
2471 2645 2704 2695 nostras
2729 2639 2942 2696 vidisse
2965 2645 3142 2711 atque
3174 2640 3564 2712 descripsisse
3587 2643 3674 2696 vel
3698 2643 3825 2714 ipsi

2159 2728 2478 2784 adversarii
2510 2729 2828 2784 fateantur.

2231 2820 2346 2873 Nec
2376 2823 2605 2872 tantum
2655 2817 2998 2873 testimonia
3045 2835 3176 2888 qua)
3231 2820 3535 2890 Ignatiana
3563 2837 3824 2893 genera-

2157 2907 2264 2962 tim
2297 2912 2355 2962 et
2374 2907 2649 2962 universe
2671 2906 3036 2973 describunt,
3063 2907 3331 2978 epistolis
3354 2909 3518 2964 hisce
3537 2911 3818 2981 apprime

2157 3003 2508 3067 congruunt,
2542 2996 2645 3052 sed
2677 3001 2735 3052 et
2781 3012 2852 3052 ea
2897 3013 3030 3066 quae
3062 2997 3461 3067 particulatim
3493 3016 3528 3054 a
3560 2999 3822 3056 testibus

2156 3085 2459 3156 productis
2491 3102 2562 3141 ex
2606 3085 2829 3158 lgnatio
2887 3091 3026 3140 sunt
3055 3094 3329 3157 excerpta
3360 3093 3418 3141 et
3447 3088 3510 3142 in
3540 3087 3818 3158 ipsorum

2155 3175 2338 3230 libros
2369 3175 2477 3231 sub
2507 3176 2637 3246 ejus
2667 3175 2914 3230 nomine
2963 3175 3337 3247 transcripta,
3371 3177 3432 3232 in
3463 3177 3662 3233 codice
3693 3195 3816 3233 no-

2157 3269 2277 3320 stro
2305 3264 2550 3319 totidem
2600 3263 2723 3318 fere
2767 3262 2961 3319 verbis
2993 3265 3403 3334 reperiuntur;
3439 3272 3504 3320 ut
3533 3282 3603 3322 ex
3629 3284 3820 3322 accu—

2149 3358 2278 3408 rata
2307 3352 2620 3408 collatione
2652 3352 3020 3424 singulorum
3046 3354 3521 3410 testimoniorum
3553 3373 3684 3426 quae
3717 3362 3817 3412 at-

2152 3442 2396 3498 tulimus
2426 3458 2561 3496 cum
2593 3441 2850 3496 Mediceo
2875 3441 3078 3497 codice
3091 3442 3439 3514 planissime
3469 3445 3811 3516 apparebit.

2149 3533 2290 3588 Cum
2320 3537 2519 3587 autem
2539 3547 2747 3586 omnes
2769 3532 3080 3586 sententiae
3104 3548 3138 3587 a
3159 3533 3454 3588 veteribus
3474 3535 3814 3606 particula-

2150 3621 2254 3676 tim
2289 3620 2682 3691 transcriptaa,
2708 3627 3028 3690 antequam
3055 3621 3187 3676 alias
3219 3623 3486 3694 epistolae
3509 3625 3814 3690 conﬁctas.

2147 3715 2249 3766 aut
2278 3710 2368 3765 has
2428 3709 2570 3780 ipsas
2629 3709 2999 3781 interpolata;
3055 3717 3216 3777 sunt,
3265 3729 3333 3767 ex
3365 3719 3565 3768 nostro
3597 3713 3814 3772 codice

2147 3802 2476 3872 desumpta;
2497 3808 2856 3873 appareant;
2877 3819 3130 3874 cumque
3153 3810 3358 3874 postea
3384 3806 3611 3861 nullum
3632 3809 3812 3862 testi-

2147 3891 2417 3947 monium
2448 3889 2536 3945 vel
2573 3907 2640 3945 ex
2694 3891 2872 3960 ﬁctis,
2904 3892 2994 3946 vel
3044 3908 3114 3947 ex
3145 3894 3504 3950 assumentis
3535 3894 3816 3968 catalogo

2147 3986 2350 4036 nostro
2380 3979 2849 4049 adhibuerimus,
2902 3997 3120 4052 eosque
3175 3987 3356 4038 testes
3388 3985 3816 4044 tantummodo

2147 4069 2544 4136 citaverimus,
2577 4069 2677 4139 qui
2726 4069 3010 4140 antiquis,
3038 4070 3212 4136 veris,
3246 4077 3304 4126 et
3342 4072 3506 4144 puris
3537 4073 3818 4144 epistolis

2145 4158 2466 4214 utebantur
2485 4175 2497 4188 ο
2519 4174 2641 4214 non
2660 4163 2854 4229 potest
2878 4175 2998 4213 non
3027 4159 3152 4214 haec
3176 4161 3416 4216 testium
3448 4161 3819 4223 indcﬁciens

2147 4247 2444 4304 successio
2475 4263 2768 4301 summam
2829 4246 3093 4317 epistolis
3153 4250 3372 4304 nostris
3403 4251 3604 4315 ﬁdem,
3638 4257 3820 4323 quod

2143 4336 2217 4392 ad
2249 4342 2559 4391 externum
2590 4340 3002 4405 argumentum
3055 4337 3284 4400 attinet,
3335 4339 3676 4396 conciliare.
3709 4344 3822 4400 Illi

2144 4424 2304 4478 enim
2337 4423 2474 4494 ipsi.
2507 4422 2608 4492 qui
2639 4422 2711 4476 de
2739 4423 3132 4493 germanitate
3155 4431 3382 4494 septem
3406 4426 3820 4496 epistolarum

2143 4510 2214 4565 ab
2246 4509 2492 4564 Eusebio
2522 4515 2986 4565 memoratarum
3020 4511 3393 4581 dubitabant,
3426 4513 3576 4568 hanc
3608 4519 3824 4586 potis-

384 4621 498 4660 nus
529 4609 762 4659 nostras
793 4602 854 4657 in
885 4619 954 4657 eo
983 4617 1222 4656 suavem
1256 4599 1392 4656 ﬁdei
1427 4601 1702 4671 spiritum
1731 4603 2029 4670 agnoscat.
2068 4603 2110 4666 υ
2142 4599 2359 4653 simum
2384 4597 2676 4653 rationem
2707 4598 3056 4666 efferebant,
3080 4601 3238 4670 quod
3263 4601 3440 4658 verba
3459 4603 3816 4682 Athanasii,

386 4693 528 4748 lnde
557 4692 694 4746 illa:
754 4687 900 4764 Ἑγὼ
961 4685 1018 4742 δὲ
1077 4688 1212 4760 μετᾶ
1267 4688 1368 4755 τὴν
1436 4685 1721 4741 ἀνάστασιν
1769 4684 1822 4738 ἐν
1873 4685 2030 4756 σαρκὶ

383 4779 540 4834 αὐτὸν
575 4776 698 4834 οἶδα
727 4778 814 4834 καὶ
847 4777 1084 4834 πιστεύω
1115 4776 1240 4832 ὄντα
1299 4779 1394 4848 (ad
1450 4777 1731 4848 Smyrn.);
1763 4769 1942 4846 Ὕδωρ
1973 4769 2031 4827 δί

382 4875 488 4938 ζῶν
513 4867 824 4940 ἀλλόμενον
855 4867 909 4922 ἐν
939 4866 1065 4940 ἐμοὶ
1109 4862 1304 4921 ἔξωθὲν
1357 4885 1454 4938 μοι
1485 4863 1656 4939 λέγει·
1691 4865 1856 4934 Δεῦρο
1889 4861 2026 4934 πρὸς

374 4959 466 5012 τὸν
497 4959 713 5031 Πατέρα
744 4959 840 5030 (ad
878 4961 1075 5029 Rom).
1111 4957 1236 5012 Sive
1281 4955 1460 5010 ﬁdem
1509 4971 1612 5024 pro
1663 4951 1897 5023 objecto
1927 4969 2030 5008 su-

376 5065 524 5112 mas,
563 5047 731 5104 multi
763 5048 822 5102 in
870 5047 964 5102 his
1021 5044 1288 5118 epistolis
1317 5040 1550 5097 articuli
1601 5039 1739 5095 ﬁdei
1769 5039 2028 5098 breviter

375 5137 772 5210 explicantur,
804 5137 876 5192 de
914 5137 1058 5200 Deo,
1111 5134 1183 5188 de
1233 5130 1462 5185 duabus
1487 5129 1549 5183 in
1588 5130 1818 5186 Christo
1849 5136 2025 5186 natu-

373 5227 476 5291 ris,
507 5226 581 5281 de
611 5227 752 5292 vita,
781 5233 842 5282 et
883 5230 1092 5286 morte,
1125 5226 1184 5276 et
1210 5218 1650 5275 resurrectione
1677 5219 1916 5286 Christi,
1947 5220 2025 5276 ad

373 5333 522 5386 quos
552 5315 784 5387 antiqui
815 5319 1015 5369 Patres
1055 5309 1230 5366 toties
1257 5307 1654 5380 appellarunt.
1682 5309 1771 5366 Ad
1790 5310 2024 5381 patien-

370 5403 510 5458 tiam
546 5409 602 5458 et
634 5402 1013 5459 tolerantiam
1061 5397 1453 5454 Christianam
1505 5398 1831 5470 smpissime
1871 5399 2021 5456 alios

369 5491 646 5564 impellit,
682 5499 747 5549 ut
778 5493 1152 5563 Smyrnaaos:
1213 5481 1442 5561 Ἀμιίϐῃ
1501 5487 1628 5559 ὑμῖν
1674 5487 1827 5556 Θεὸς,
1860 5483 1929 5542 δι’
1962 5487 2019 5542 ὅν

367 5581 538 5636 πάντα
570 5581 673 5638 ὑπο
695 5577 931 5638 ηᾶνοντες
961 5575 1130 5630 αὐτοῦ
1160 5574 1418 5646 τεύξεσθε·
1478 5583 1541 5632 ιιι
1589 5577 1978 5649 Polycarpum
2003 5595 2015 5632 :

372 5668 622 5726 Μάλιστα
669 5667 727 5724 δί
780 5665 936 5724 ’ἑνεκα
992 5664 1126 5720 Θεοῦ
1182 5667 1357 5722 πάντα
1415 5665 1703 5738 ὁπομῶιιιν
1733 5669 1882 5738 ἡμᾶς
1915 5662 2018 5739 δεῖ,

2138 4687 2487 4742 Theodoreti
2521 4687 2895 4758 aliorumque
2926 4694 3190 4745 veterum
3241 4709 3304 4746 in
3349 4692 3583 4763 iisdem,
3617 4706 3820 4764 prout

2141 4782 2278 4832 tunc
2310 4775 2486 4832 etiam
2515 4777 2734 4844 Greece,
2766 4777 2869 4832 sed
2901 4777 3287 4850 interpolata),
3323 4781 3649 4844 exstabant.
3671 4799 3817 4844 non

2138 4871 2589 4938 comparerent;
2641 4871 2708 4922 ut
2751 4883 2823 4922 ex
2855 4867 2926 4923 iis
2958 4874 3212 4934 constat,
3245 4888 3378 4941 quae
3409 4871 3471 4926 in
3498 4873 3816 4934 Prommio

2138 4957 2316 5013 latius
2345 4957 2738 5014 disseruntur.
2763 4960 2954 5030 Atqui
2987 4960 3328 5033 Catalogum
3361 4963 3604 5018 testium
3632 4979 3664 5019 a
3693 4982 3819 5024 no-

2137 5045 2229 5101 bis
2261 5046 2596 5101 confectum
2628 5045 2923 5118 inspiciet,
2959 5049 3160 5105 omnia
3203 5051 3538 5106 testimonia
3567 5069 3601 5106 a
3630 5059 3819 5111 vete-

2139 5134 2302 5190 ribus
2335 5140 2612 5206 excerpta
2652 5135 2714 5190 in
2753 5136 3015 5208 epistolis
3045 5139 3287 5203 nostris,
3320 5137 3392 5193 ab
3424 5139 3584 5194 omni
3619 5155 3816 5201 essu-

2138 5228 2338 5279 mento
2365 5221 2586 5291 liberis,
2619 5224 2831 5280 iisdem
2873 5226 2995 5280 fere
3026 5226 3216 5282 verbis
3246 5227 3464 5282 diserte
3497 5228 3818 5292 contineri

2135 5313 2412 5384 reperiet.
2444 5313 2641 5382 Neque
2694 5329 2828 5370 vero
2875 5313 3062 5370 ullum
3107 5315 3179 5370 de
3220 5315 3514 5372 industria
3542 5323 3816 5388 praeter-

2134 5403 2426 5470 misimus,
2460 5408 2676 5473 printer
2699 5403 2942 5460 unicum
2971 5403 3118 5459 illud
3145 5405 3201 5460 S.
3231 5406 3591 5478 Hieronymi,
3625 5406 3668 5473 l,
3708 5426 3814 5484 in,

2137 5513 2162 5546 ι
2195 5491 2485 5546 Adversus
2530 5489 2916 5563 Pelagianos:
2972 5493 3234 5566 lgnatius
3292 5495 3378 5549 vir
3427 5495 3814 5566 apostolicus

2133 5587 2193 5638 et
2223 5586 2447 5651 martyr
2471 5580 2678 5636 scribit
2705 5581 3018 5638 audacter:
3057 5606 3077 5632 α
3113 5583 3302 5655 Elegit
3331 5585 3617 5640 Dominus
3644 5603 3810 5658 apo-

2133 5667 2338 5736 stolos,
2356 5668 2456 5738 qui
2480 5683 2658 5738 super
2671 5685 2880 5726 omnes
2898 5671 3170 5729 homines
3193 5679 3534 5744 peccatores
3554 5683 3759 5737 erant.
3774 5705 3808 5736 »ι
