  <div class='ocr_page' id='page_1' title='image "/cluster/home/n/w/nwhite01/storage/ocr_20150623/5/pst.000005711819/058.png"; bbox 0 0 3972 6306; ppageno 0'>
   <div class='ocr_carea' id='block_1_1' title="bbox 146 382 247 442">
    <p class='ocr_par' dir='ltr' id='par_1_1' title="bbox 146 382 247 442">
     <span class='ocr_line' id='line_1_1' title="bbox 146 382 247 442; baseline 0 0"><span class='ocrx_word' id='word_1_1' title='bbox 146 382 247 442; x_wconf 74' lang='grc'><strong>101</strong></span> 
     </span>
    </p>
   </div>
   <div class='ocr_carea' id='block_1_2' title="bbox 896 357 2847 445">
    <p class='ocr_par' dir='ltr' id='par_1_2' title="bbox 896 357 2847 445">
     <span class='ocr_line' id='line_1_2' title="bbox 896 357 2847 445; baseline -0.001 -3"><span class='ocrx_word' id='word_1_2' title='bbox 896 379 955 442; x_wconf 87' lang='lat' dir='ltr'><strong>J.</strong></span> <span class='ocrx_word' id='word_1_3' title='bbox 1002 378 1429 443; x_wconf 79' lang='lat' dir='ltr'><strong>PEARSONII</strong></span> <span class='ocrx_word' id='word_1_4' title='bbox 1471 375 1839 441; x_wconf 68' lang='lat' dir='ltr'><strong>Vinnium</strong></span> <span class='ocrx_word' id='word_1_5' title='bbox 1879 357 2371 441; x_wconf 65' lang='lat' dir='ltr'><strong>IGNATIANJE.</strong></span> <span class='ocrx_word' id='word_1_6' title='bbox 2417 412 2493 427; x_wconf 83' lang='grc'><strong>-</strong></span> <span class='ocrx_word' id='word_1_7' title='bbox 2535 382 2747 445; x_wconf 80' lang='lat' dir='ltr'><strong>PARS</strong></span> <span class='ocrx_word' id='word_1_8' title='bbox 2788 358 2847 444; x_wconf 76' lang='lat' dir='ltr'><strong>I.</strong></span> 
     </span>
    </p>
   </div>
   <div class='ocr_carea' id='block_1_3' title="bbox 3445 386 3564 446">
    <p class='ocr_par' dir='ltr' id='par_1_3' title="bbox 3445 386 3564 446">
     <span class='ocr_line' id='line_1_3' title="bbox 3445 386 3564 446; baseline 0.008 -1"><span class='ocrx_word' id='word_1_9' title='bbox 3445 386 3564 446; x_wconf 74' lang='lat'><strong>102</strong></span> 
     </span>
    </p>
   </div>
   <div class='ocr_carea' id='block_1_4' title="bbox 141 511 3568 590">
    <p class='ocr_par' dir='ltr' id='par_1_4' title="bbox 141 511 3568 590">
     <span class='ocr_line' id='line_1_4' title="bbox 141 511 3568 590; baseline 0 -17"><span class='ocrx_word' id='word_1_10' title='bbox 141 518 383 573; x_wconf 85' lang='lat' dir='ltr'><strong>Constat</strong></span> <span class='ocrx_word' id='word_1_11' title='bbox 412 515 582 571; x_wconf 88' lang='lat' dir='ltr'><strong>enim</strong></span> <span class='ocrx_word' id='word_1_12' title='bbox 613 530 759 570; x_wconf 92' lang='lat' dir='ltr'><strong>eum</strong></span> <span class='ocrx_word' id='word_1_13' title='bbox 792 514 857 571; x_wconf 93' lang='lat' dir='ltr'><strong>in</strong></span> <span class='ocrx_word' id='word_1_14' title='bbox 882 514 995 570; x_wconf 88' lang='lat' dir='ltr'><strong>hac</strong></span> <span class='ocrx_word' id='word_1_15' title='bbox 1047 513 1345 569; x_wconf 78' lang='lat' dir='ltr'><strong>sententia</strong></span> <span class='ocrx_word' id='word_1_16' title='bbox 1391 511 1631 570; x_wconf 88' lang='lat' dir='ltr'><strong>citanda</strong></span> <span class='ocrx_word' id='word_1_17' title='bbox 1677 527 1805 568; x_wconf 89' lang='lat' dir='ltr'><strong>me-</strong></span> <span class='ocrx_word' id='word_1_18' title='bbox 1831 513 1886 583; x_wconf 74' lang='grc' dir='ltr'><strong>Α</strong></span> <span class='ocrx_word' id='word_1_19' title='bbox 1916 511 2022 569; x_wconf 89' lang='lat' dir='ltr'><strong>illa</strong></span> <span class='ocrx_word' id='word_1_20' title='bbox 2046 529 2178 583; x_wconf 76' lang='lat' dir='ltr'><strong>quae</strong></span> <span class='ocrx_word' id='word_1_21' title='bbox 2210 512 2565 571; x_wconf 83' lang='lat' dir='ltr'>adduximus</span> <span class='ocrx_word' id='word_1_22' title='bbox 2595 516 2937 573; x_wconf 89' lang='lat' dir='ltr'><strong>testimonia</strong></span> <span class='ocrx_word' id='word_1_23' title='bbox 2966 522 3025 573; x_wconf 91' lang='lat' dir='ltr'><strong>et</strong></span> <span class='ocrx_word' id='word_1_24' title='bbox 3052 532 3183 588; x_wconf 81' lang='lat' dir='ltr'><strong>quae</strong></span> <span class='ocrx_word' id='word_1_25' title='bbox 3241 523 3445 590; x_wconf 87' lang='lat' dir='ltr'><strong>postea</strong></span> <span class='ocrx_word' id='word_1_26' title='bbox 3473 518 3568 574; x_wconf 93' lang='lat' dir='ltr'><strong>di-</strong></span> 
     </span>
    </p>
   </div>
   <div class='ocr_carea' id='block_1_5' title="bbox 142 602 1811 678">
    <p class='ocr_par' dir='ltr' id='par_1_5' title="bbox 142 602 1811 678">
     <span class='ocr_line' id='line_1_5' title="bbox 142 602 1811 678; baseline -0.005 -14"><span class='ocrx_word' id='word_1_27' title='bbox 142 606 397 664; x_wconf 88' lang='lat' dir='ltr'><strong>moriam</strong></span> <span class='ocrx_word' id='word_1_28' title='bbox 428 603 722 674; x_wconf 85' lang='lat' dir='ltr'><strong>fefelisse,</strong></span> <span class='ocrx_word' id='word_1_29' title='bbox 782 608 841 660; x_wconf 94' lang='lat' dir='ltr'><strong>et</strong></span> <span class='ocrx_word' id='word_1_30' title='bbox 888 604 1184 678; x_wconf 86' lang='lat' dir='ltr'><strong>Ignatium</strong></span> <span class='ocrx_word' id='word_1_31' title='bbox 1239 620 1346 675; x_wconf 91' lang='lat' dir='ltr'><strong>pro</strong></span> <span class='ocrx_word' id='word_1_32' title='bbox 1394 602 1666 658; x_wconf 90' lang='lat' dir='ltr'><strong>Barnaba</strong></span> <span class='ocrx_word' id='word_1_33' title='bbox 1712 618 1811 675; x_wconf 91' lang='lat' dir='ltr'><strong>po-</strong></span> 
     </span>
    </p>
   </div>
   <div class='ocr_carea' id='block_1_6' title="bbox 145 692 1813 766">
    <p class='ocr_par' dir='ltr' id='par_1_6' title="bbox 145 692 1813 766">
     <span class='ocr_line' id='line_1_6' title="bbox 145 692 1813 766; baseline -0.004 -13"><span class='ocrx_word' id='word_1_34' title='bbox 145 697 332 753; x_wconf 82' lang='lat' dir='ltr'><strong>suisse</strong></span> <span class='ocrx_word' id='word_1_35' title='bbox 351 711 369 763; x_wconf 90' lang='lat'><strong>;</strong></span> <span class='ocrx_word' id='word_1_36' title='bbox 396 695 465 749; x_wconf 91' lang='lat' dir='ltr'><strong>in</strong></span> <span class='ocrx_word' id='word_1_37' title='bbox 486 693 666 766; x_wconf 83' lang='lat' dir='ltr'>cujus</span> <span class='ocrx_word' id='word_1_38' title='bbox 700 693 952 766; x_wconf 88' lang='lat' dir='ltr'><strong>epistola</strong></span> <span class='ocrx_word' id='word_1_39' title='bbox 976 709 1152 764; x_wconf 87' lang='lat' dir='ltr'><strong>quam</strong></span> <span class='ocrx_word' id='word_1_40' title='bbox 1206 709 1366 749; x_wconf 90' lang='lat' dir='ltr'><strong>nunc</strong></span> <span class='ocrx_word' id='word_1_41' title='bbox 1398 692 1708 755; x_wconf 86' lang='lat' dir='ltr'><strong>habemus,</strong></span> <span class='ocrx_word' id='word_1_42' title='bbox 1743 706 1813 746; x_wconf 85' lang='lat' dir='ltr'><strong>ea</strong></span> 
     </span>
    </p>
   </div>
   <div class='ocr_carea' id='block_1_7' title="bbox 142 782 1810 856">
    <p class='ocr_par' dir='ltr' id='par_1_7' title="bbox 142 782 1810 856">
     <span class='ocr_line' id='line_1_7' title="bbox 142 782 1810 856; baseline -0.004 -15"><span class='ocrx_word' id='word_1_43' title='bbox 142 785 316 842; x_wconf 77' lang='lat' dir='ltr'><strong>verba</strong></span> <span class='ocrx_word' id='word_1_44' title='bbox 348 789 635 851; x_wconf 88' lang='lat' dir='ltr'><strong>exstant;</strong></span> <span class='ocrx_word' id='word_1_45' title='bbox 671 788 732 840; x_wconf 91' lang='lat' dir='ltr'><strong>et</strong></span> <span class='ocrx_word' id='word_1_46' title='bbox 763 799 835 838; x_wconf 83' lang='lat' dir='ltr'><strong>ex</strong></span> <span class='ocrx_word' id='word_1_47' title='bbox 862 799 978 855; x_wconf 91' lang='lat' dir='ltr'><strong>quo</strong></span> <span class='ocrx_word' id='word_1_48' title='bbox 1010 783 1293 856; x_wconf 84' lang='lat' dir='ltr'><strong>Origenes</strong></span> <span class='ocrx_word' id='word_1_49' title='bbox 1339 788 1476 838; x_wconf 89' lang='lat' dir='ltr'><strong>ante</strong></span> <span class='ocrx_word' id='word_1_50' title='bbox 1525 782 1810 852; x_wconf 87' lang='lat' dir='ltr'><strong>Hierony-</strong></span> 
     </span>
    </p>
   </div>
   <div class='ocr_carea' id='block_1_8' title="bbox 142 871 1812 945">
    <p class='ocr_par' dir='ltr' id='par_1_8' title="bbox 142 871 1812 945">
     <span class='ocr_line' id='line_1_8' title="bbox 142 871 1812 945; baseline -0.005 -12"><span class='ocrx_word' id='word_1_51' title='bbox 142 893 303 933; x_wconf 89' lang='lat' dir='ltr'><strong>mum</strong></span> <span class='ocrx_word' id='word_1_52' title='bbox 326 874 547 931; x_wconf 88' lang='lat' dir='ltr'><strong>eadem</strong></span> <span class='ocrx_word' id='word_1_53' title='bbox 571 872 1167 945; x_wconf 87' lang='lat' dir='ltr'><strong>produxerat.Posuit</strong></span> <span class='ocrx_word' id='word_1_54' title='bbox 1187 872 1386 943; x_wconf 84' lang='lat' dir='ltr'><strong>itaque</strong></span> <span class='ocrx_word' id='word_1_55' title='bbox 1420 871 1812 942; x_wconf 83' lang='lat' dir='ltr'><strong>Hieronymus</strong></span> 
     </span>
    </p>
   </div>
   <div class='ocr_carea' id='block_1_9' title="bbox 143 960 1813 1040">
    <p class='ocr_par' dir='ltr' id='par_1_9' title="bbox 143 960 1813 1040">
     <span class='ocr_line' id='line_1_9' title="bbox 143 960 1813 1040; baseline -0.004 -18"><span class='ocrx_word' id='word_1_56' title='bbox 143 966 445 1040; x_wconf 80' lang='lat' dir='ltr'><strong>Ignatium</strong></span> <span class='ocrx_word' id='word_1_57' title='bbox 471 980 583 1035; x_wconf 89' lang='lat' dir='ltr'><strong>pro</strong></span> <span class='ocrx_word' id='word_1_58' title='bbox 616 962 912 1025; x_wconf 88' lang='lat' dir='ltr'><strong>Barnaba,</strong></span> <span class='ocrx_word' id='word_1_59' title='bbox 942 967 1007 1017; x_wconf 92' lang='lat' dir='ltr'><strong>ut</strong></span> <span class='ocrx_word' id='word_1_60' title='bbox 1045 961 1187 1016; x_wconf 86' lang='lat' dir='ltr'><strong>alibi</strong></span> <span class='ocrx_word' id='word_1_61' title='bbox 1238 961 1512 1017; x_wconf 82' lang='lat' dir='ltr'><strong>Clemens</strong></span> <span class='ocrx_word' id='word_1_62' title='bbox 1554 960 1813 1017; x_wconf 73' lang='lat' dir='ltr'><strong>Alexan—</strong></span> 
     </span>
    </p>
   </div>
   <div class='ocr_carea' id='block_1_10' title="bbox 142 1049 1813 1123">
    <p class='ocr_par' dir='ltr' id='par_1_10' title="bbox 142 1049 1813 1123">
     <span class='ocr_line' id='line_1_10' title="bbox 142 1049 1813 1123; baseline -0.004 -11"><span class='ocrx_word' id='word_1_63' title='bbox 142 1057 352 1112; x_wconf 89' lang='lat' dir='ltr'><strong>drinus</strong></span> <span class='ocrx_word' id='word_1_64' title='bbox 382 1053 724 1109; x_wconf 88' lang='lat' dir='ltr'><strong>Barnabam</strong></span> <span class='ocrx_word' id='word_1_65' title='bbox 747 1068 854 1123; x_wconf 91' lang='lat' dir='ltr'><strong>pro</strong></span> <span class='ocrx_word' id='word_1_66' title='bbox 872 1051 1197 1108; x_wconf 81' lang='lat' dir='ltr'><strong>Clemente.</strong></span> <span class='ocrx_word' id='word_1_67' title='bbox 1229 1051 1374 1105; x_wconf 89' lang='lat' dir='ltr'><strong>Cum</strong></span> <span class='ocrx_word' id='word_1_68' title='bbox 1406 1049 1585 1121; x_wconf 82' lang='lat' dir='ltr'><strong>igitur</strong></span> <span class='ocrx_word' id='word_1_69' title='bbox 1613 1049 1813 1105; x_wconf 86' lang='lat' dir='ltr'><strong>omnia</strong></span> 
     </span>
    </p>
   </div>
   <div class='ocr_carea' id='block_1_11' title="bbox 141 1139 1811 1215">
    <p class='ocr_par' dir='ltr' id='par_1_11' title="bbox 141 1139 1811 1215">
     <span class='ocr_line' id='line_1_11' title="bbox 141 1139 1811 1215; baseline -0.005 -14"><span class='ocrx_word' id='word_1_70' title='bbox 141 1144 495 1201; x_wconf 85' lang='lat' dir='ltr'><strong>testimonia</strong></span> <span class='ocrx_word' id='word_1_71' title='bbox 523 1142 798 1215; x_wconf 80' lang='lat' dir='ltr'><strong>priorum</strong></span> <span class='ocrx_word' id='word_1_72' title='bbox 829 1140 1202 1206; x_wconf 67' lang='lat' dir='ltr'><strong>saeculorum,</strong></span> <span class='ocrx_word' id='word_1_73' title='bbox 1238 1156 1306 1194; x_wconf 87' lang='lat' dir='ltr'><strong>ex</strong></span> <span class='ocrx_word' id='word_1_74' title='bbox 1332 1139 1386 1194; x_wconf 94' lang='lat' dir='ltr'><strong>S.</strong></span> <span class='ocrx_word' id='word_1_75' title='bbox 1420 1139 1645 1211; x_wconf 84' lang='lat' dir='ltr'><strong>Ignatio</strong></span> <span class='ocrx_word' id='word_1_76' title='bbox 1676 1156 1811 1212; x_wconf 88' lang='lat' dir='ltr'><strong>par-</strong></span> 
     </span>
    </p>
   </div>
   <div class='ocr_carea' id='block_1_12' title="bbox 148 1229 1809 1302">
    <p class='ocr_par' dir='ltr' id='par_1_12' title="bbox 148 1229 1809 1302">
     <span class='ocr_line' id='line_1_12' title="bbox 148 1229 1809 1302; baseline -0.004 -12"><span class='ocrx_word' id='word_1_77' title='bbox 148 1235 445 1290; x_wconf 86' lang='lat' dir='ltr'><strong>ticulatim</strong></span> <span class='ocrx_word' id='word_1_78' title='bbox 482 1237 783 1302; x_wconf 81' lang='lat' dir='ltr'><strong>excerpta,</strong></span> <span class='ocrx_word' id='word_1_79' title='bbox 830 1229 968 1286; x_wconf 90' lang='lat' dir='ltr'><strong>inde</strong></span> <span class='ocrx_word' id='word_1_80' title='bbox 1013 1229 1186 1284; x_wconf 84' lang='lat' dir='ltr'><strong>libris</strong></span> <span class='ocrx_word' id='word_1_81' title='bbox 1233 1234 1501 1285; x_wconf 84' lang='lat' dir='ltr'><strong>veterum</strong></span> <span class='ocrx_word' id='word_1_82' title='bbox 1547 1230 1809 1298; x_wconf 81' lang='lat' dir='ltr'><strong>Patrum,</strong></span> 
     </span>
    </p>
   </div>
   <div class='ocr_carea' id='block_1_13' title="bbox 154 1318 1813 1395">
    <p class='ocr_par' dir='ltr' id='par_1_13' title="bbox 154 1318 1813 1395">
     <span class='ocr_line' id='line_1_13' title="bbox 154 1318 1813 1395; baseline -0.005 -15"><span class='ocrx_word' id='word_1_83' title='bbox 154 1332 441 1395; x_wconf 81' lang='lat' dir='ltr'><strong>tanquam</strong></span> <span class='ocrx_word' id='word_1_84' title='bbox 481 1326 568 1377; x_wconf 87' lang='lat' dir='ltr'><strong>tot</strong></span> <span class='ocrx_word' id='word_1_85' title='bbox 596 1320 797 1389; x_wconf 87' lang='lat' dir='ltr'><strong>ﬂores,</strong></span> <span class='ocrx_word' id='word_1_86' title='bbox 830 1336 1071 1391; x_wconf 85' lang='lat' dir='ltr'><strong>sparsa;</strong></span> <span class='ocrx_word' id='word_1_87' title='bbox 1106 1334 1361 1389; x_wconf 90' lang='lat' dir='ltr'><strong>cumque</strong></span> <span class='ocrx_word' id='word_1_88' title='bbox 1393 1324 1528 1389; x_wconf 90' lang='lat' dir='ltr'><strong>post</strong></span> <span class='ocrx_word' id='word_1_89' title='bbox 1556 1318 1663 1374; x_wconf 92' lang='lat' dir='ltr'><strong>has</strong></span> <span class='ocrx_word' id='word_1_90' title='bbox 1686 1318 1813 1390; x_wconf 89' lang='lat' dir='ltr'><strong>epi-</strong></span> 
     </span>
    </p>
   </div>
   <div class='ocr_carea' id='block_1_14' title="bbox 144 1408 1811 1483">
    <p class='ocr_par' dir='ltr' id='par_1_14' title="bbox 144 1408 1811 1483">
     <span class='ocr_line' id='line_1_14' title="bbox 144 1408 1811 1483; baseline -0.004 -14"><span class='ocrx_word' id='word_1_91' title='bbox 144 1414 323 1469; x_wconf 85' lang='lat' dir='ltr'><strong>stolas</strong></span> <span class='ocrx_word' id='word_1_92' title='bbox 338 1416 662 1483; x_wconf 89' lang='lat' dir='ltr'><strong>corruptas</strong></span> <span class='ocrx_word' id='word_1_93' title='bbox 674 1410 942 1481; x_wconf 87' lang='lat' dir='ltr'><strong>aliasque</strong></span> <span class='ocrx_word' id='word_1_94' title='bbox 962 1409 1269 1473; x_wconf 86' lang='lat' dir='ltr'><strong>conﬁctas,</strong></span> <span class='ocrx_word' id='word_1_95' title='bbox 1302 1413 1389 1465; x_wconf 90' lang='lat' dir='ltr'><strong>tot</strong></span> <span class='ocrx_word' id='word_1_96' title='bbox 1415 1414 1614 1464; x_wconf 89' lang='lat' dir='ltr'><strong>tamen</strong></span> <span class='ocrx_word' id='word_1_97' title='bbox 1632 1408 1811 1463; x_wconf 88' lang='lat' dir='ltr'><strong>etiam</strong></span> 
     </span>
    </p>
   </div>
   <div class='ocr_carea' id='block_1_15' title="bbox 151 1497 1812 1574">
    <p class='ocr_par' dir='ltr' id='par_1_15' title="bbox 151 1497 1812 1574">
     <span class='ocr_line' id='line_1_15' title="bbox 151 1497 1812 1574; baseline -0.004 -16"><span class='ocrx_word' id='word_1_98' title='bbox 151 1520 219 1558; x_wconf 85' lang='lat' dir='ltr'><strong>ex</strong></span> <span class='ocrx_word' id='word_1_99' title='bbox 248 1503 424 1574; x_wconf 88' lang='lat' dir='ltr'><strong>puris</strong></span> <span class='ocrx_word' id='word_1_100' title='bbox 461 1501 741 1564; x_wconf 90' lang='lat' dir='ltr'><strong>adducta,</strong></span> <span class='ocrx_word' id='word_1_101' title='bbox 790 1501 854 1556; x_wconf 91' lang='lat' dir='ltr'><strong>in</strong></span> <span class='ocrx_word' id='word_1_102' title='bbox 902 1499 996 1555; x_wconf 85' lang='lat' dir='ltr'><strong>his</strong></span> <span class='ocrx_word' id='word_1_103' title='bbox 1054 1498 1319 1571; x_wconf 85' lang='lat' dir='ltr'><strong>epistolis</strong></span> <span class='ocrx_word' id='word_1_104' title='bbox 1385 1498 1633 1553; x_wconf 88' lang='lat' dir='ltr'><strong>totidem</strong></span> <span class='ocrx_word' id='word_1_105' title='bbox 1687 1497 1812 1553; x_wconf 88' lang='lat' dir='ltr'><strong>fere</strong></span> 
     </span>
    </p>
   </div>
   <div class='ocr_carea' id='block_1_16' title="bbox 143 1585 1812 1662">
    <p class='ocr_par' dir='ltr' id='par_1_16' title="bbox 143 1585 1812 1662">
     <span class='ocr_line' id='line_1_16' title="bbox 143 1585 1812 1662; baseline -0.002 -17"><span class='ocrx_word' id='word_1_106' title='bbox 143 1593 338 1647; x_wconf 83' lang='lat' dir='ltr'><strong>verbis</strong></span> <span class='ocrx_word' id='word_1_107' title='bbox 370 1595 781 1662; x_wconf 77' lang='lat' dir='ltr'><strong>compareant.</strong></span> <span class='ocrx_word' id='word_1_108' title='bbox 806 1589 945 1661; x_wconf 90' lang='lat' dir='ltr'><strong>jure</strong></span> <span class='ocrx_word' id='word_1_109' title='bbox 975 1604 1043 1643; x_wconf 91' lang='lat' dir='ltr'><strong>ac</strong></span> <span class='ocrx_word' id='word_1_110' title='bbox 1072 1586 1285 1643; x_wconf 90' lang='lat' dir='ltr'><strong>merito</strong></span> <span class='ocrx_word' id='word_1_111' title='bbox 1328 1587 1568 1642; x_wconf 89' lang='lat' dir='ltr'><strong>easdem</strong></span> <span class='ocrx_word' id='word_1_112' title='bbox 1616 1585 1812 1642; x_wconf 88' lang='lat' dir='ltr'><strong>eidem</strong></span> 
     </span>
    </p>
   </div>
   <div class='ocr_carea' id='block_1_17' title="bbox 144 1675 1811 1753">
    <p class='ocr_par' dir='ltr' id='par_1_17' title="bbox 144 1675 1811 1753">
     <span class='ocr_line' id='line_1_17' title="bbox 144 1675 1811 1753; baseline -0.004 -17"><span class='ocrx_word' id='word_1_113' title='bbox 144 1682 196 1736; x_wconf 89' lang='lat' dir='ltr'><strong>S.</strong></span> <span class='ocrx_word' id='word_1_114' title='bbox 236 1681 493 1753; x_wconf 81' lang='lat' dir='ltr'><strong>lgnatio,</strong></span> <span class='ocrx_word' id='word_1_115' title='bbox 526 1678 740 1735; x_wconf 87' lang='lat' dir='ltr'><strong>cuiilli</strong></span> <span class='ocrx_word' id='word_1_116' title='bbox 771 1693 980 1733; x_wconf 88' lang='lat' dir='ltr'><strong>omnes</strong></span> <span class='ocrx_word' id='word_1_117' title='bbox 1020 1677 1377 1743; x_wconf 89' lang='lat' dir='ltr'><strong>tribuerunt,</strong></span> <span class='ocrx_word' id='word_1_118' title='bbox 1431 1675 1811 1731; x_wconf 88' lang='lat' dir='ltr'><strong>ascribendas</strong></span> 
     </span>
    </p>
   </div>
   <div class='ocr_carea' id='block_1_18' title="bbox 144 1770 601 1831">
    <p class='ocr_par' dir='ltr' id='par_1_18' title="bbox 144 1770 601 1831">
     <span class='ocr_line' id='line_1_18' title="bbox 144 1770 601 1831; baseline -0.002 -6"><span class='ocrx_word' id='word_1_119' title='bbox 144 1770 601 1831; x_wconf 85' lang='lat' dir='ltr'><strong>contendimus.</strong></span> 
     </span>
    </p>
   </div>
   <div class='ocr_carea' id='block_1_19' title="bbox 216 1852 1810 1928">
    <p class='ocr_par' dir='ltr' id='par_1_19' title="bbox 216 1852 1810 1928">
     <span class='ocr_line' id='line_1_19' title="bbox 216 1852 1810 1928; baseline -0.004 -14"><span class='ocrx_word' id='word_1_120' title='bbox 216 1858 495 1928; x_wconf 82' lang='lat' dir='ltr'><strong>Denique</strong></span> <span class='ocrx_word' id='word_1_121' title='bbox 526 1856 667 1913; x_wconf 88' lang='lat' dir='ltr'><strong>hinc</strong></span> <span class='ocrx_word' id='word_1_122' title='bbox 698 1856 879 1911; x_wconf 82' lang='lat' dir='ltr'><strong>etiam</strong></span> <span class='ocrx_word' id='word_1_123' title='bbox 908 1861 1324 1927; x_wconf 78' lang='lat' dir='ltr'><strong>argumentum</strong></span> <span class='ocrx_word' id='word_1_124' title='bbox 1356 1854 1430 1910; x_wconf 90' lang='lat' dir='ltr'><strong>ad</strong></span> <span class='ocrx_word' id='word_1_125' title='bbox 1461 1852 1810 1909; x_wconf 87' lang='lat' dir='ltr'><strong>asserendas</strong></span> 
     </span>
    </p>
   </div>
   <div class='ocr_carea' id='block_1_20' title="bbox 142 1941 1810 2020">
    <p class='ocr_par' dir='ltr' id='par_1_20' title="bbox 142 1941 1810 2020">
     <span class='ocr_line' id='line_1_20' title="bbox 142 1941 1810 2020; baseline -0.003 -18"><span class='ocrx_word' id='word_1_126' title='bbox 142 1949 197 2003; x_wconf 88' lang='lat' dir='ltr'><strong>S.</strong></span> <span class='ocrx_word' id='word_1_127' title='bbox 232 1947 470 2020; x_wconf 82' lang='lat' dir='ltr'><strong>lgnatio</strong></span> <span class='ocrx_word' id='word_1_128' title='bbox 504 1946 614 2001; x_wconf 85' lang='lat' dir='ltr'><strong>has</strong></span> <span class='ocrx_word' id='word_1_129' title='bbox 643 1943 925 2017; x_wconf 85' lang='lat' dir='ltr'><strong>epistolas</strong></span> <span class='ocrx_word' id='word_1_130' title='bbox 954 1960 1075 1999; x_wconf 88' lang='lat' dir='ltr'><strong>non</strong></span> <span class='ocrx_word' id='word_1_131' title='bbox 1125 1944 1253 1999; x_wconf 87' lang='lat' dir='ltr'><strong>leve</strong></span> <span class='ocrx_word' id='word_1_132' title='bbox 1300 1942 1592 2009; x_wconf 85' lang='lat' dir='ltr'><strong>elicimus,</strong></span> <span class='ocrx_word' id='word_1_133' title='bbox 1652 1941 1810 2012; x_wconf 91' lang='lat' dir='ltr'><strong>quod</strong></span> 
     </span>
    </p>
   </div>
   <div class='ocr_carea' id='block_1_21' title="bbox 146 2031 1811 2105">
    <p class='ocr_par' dir='ltr' id='par_1_21' title="bbox 146 2031 1811 2105">
     <span class='ocr_line' id='line_1_21' title="bbox 146 2031 1811 2105; baseline -0.003 -13"><span class='ocrx_word' id='word_1_134' title='bbox 146 2037 315 2092; x_wconf 89' lang='lat' dir='ltr'><strong>nulla</strong></span> <span class='ocrx_word' id='word_1_135' title='bbox 337 2053 406 2091; x_wconf 80' lang='lat' dir='ltr'><strong>ve</strong></span> <span class='ocrx_word' id='word_1_136' title='bbox 417 2035 1067 2105; x_wconf 86' lang='lat' dir='ltr'><strong>tustiorumtemporum</strong></span> <span class='ocrx_word' id='word_1_137' title='bbox 1085 2037 1317 2088; x_wconf 70' lang='lat' dir='ltr'><strong>aetatem</strong></span> <span class='ocrx_word' id='word_1_138' title='bbox 1334 2048 1454 2103; x_wconf 70' lang='lat' dir='ltr'><strong>prm</strong></span> <span class='ocrx_word' id='word_1_139' title='bbox 1478 2049 1540 2087; x_wconf 90' lang='lat' dir='ltr'><strong>se</strong></span> <span class='ocrx_word' id='word_1_140' title='bbox 1556 2031 1811 2087; x_wconf 79' lang='lat' dir='ltr'><strong>ferentia</strong></span> 
     </span>
    </p>
   </div>
   <div class='ocr_carea' id='block_1_22' title="bbox 139 2121 1810 2196">
    <p class='ocr_par' dir='ltr' id='par_1_22' title="bbox 139 2121 1810 2196">
     <span class='ocr_line' id='line_1_22' title="bbox 139 2121 1810 2196; baseline -0.004 -15"><span class='ocrx_word' id='word_1_141' title='bbox 139 2127 262 2196; x_wconf 82' lang='lat' dir='ltr'><strong>jam</strong></span> <span class='ocrx_word' id='word_1_142' title='bbox 296 2126 533 2195; x_wconf 85' lang='lat' dir='ltr'><strong>scripta</strong></span> <span class='ocrx_word' id='word_1_143' title='bbox 569 2128 846 2188; x_wconf 79' lang='lat' dir='ltr'><strong>exstent;</strong></span> <span class='ocrx_word' id='word_1_144' title='bbox 880 2121 954 2177; x_wconf 86' lang='lat' dir='ltr'><strong>de</strong></span> <span class='ocrx_word' id='word_1_145' title='bbox 983 2137 1237 2192; x_wconf 84' lang='lat' dir='ltr'><strong>quorum</strong></span> <span class='ocrx_word' id='word_1_146' title='bbox 1267 2121 1420 2175; x_wconf 89' lang='lat' dir='ltr'><strong>veris</strong></span> <span class='ocrx_word' id='word_1_147' title='bbox 1468 2121 1810 2176; x_wconf 86' lang='lat' dir='ltr'><strong>auctoribus</strong></span> 
     </span>
    </p>
   </div>
   <div class='ocr_carea' id='block_1_23' title="bbox 147 2209 1808 2284">
    <p class='ocr_par' dir='ltr' id='par_1_23' title="bbox 147 2209 1808 2284">
     <span class='ocr_line' id='line_1_23' title="bbox 147 2209 1808 2284; baseline -0.004 -14"><span class='ocrx_word' id='word_1_148' title='bbox 147 2223 243 2271; x_wconf 86' lang='lat' dir='ltr'><strong>aut</strong></span> <span class='ocrx_word' id='word_1_149' title='bbox 272 2215 393 2269; x_wconf 89' lang='lat' dir='ltr'><strong>hoc</strong></span> <span class='ocrx_word' id='word_1_150' title='bbox 426 2220 535 2269; x_wconf 89' lang='lat' dir='ltr'><strong>aut</strong></span> <span class='ocrx_word' id='word_1_151' title='bbox 564 2213 763 2284; x_wconf 87' lang='lat' dir='ltr'><strong>priore</strong></span> <span class='ocrx_word' id='word_1_152' title='bbox 794 2210 1010 2267; x_wconf 64' lang='lat' dir='ltr'><strong>saeculo</strong></span> <span class='ocrx_word' id='word_1_153' title='bbox 1043 2211 1164 2266; x_wconf 86' lang='lat' dir='ltr'><strong>ulla</strong></span> <span class='ocrx_word' id='word_1_154' title='bbox 1191 2226 1327 2266; x_wconf 85' lang='lat' dir='ltr'><strong>cum</strong></span> <span class='ocrx_word' id='word_1_155' title='bbox 1358 2210 1588 2265; x_wconf 88' lang='lat' dir='ltr'><strong>ratione</strong></span> <span class='ocrx_word' id='word_1_156' title='bbox 1635 2209 1808 2265; x_wconf 85' lang='lat' dir='ltr'><strong>dubi-</strong></span> 
     </span>
    </p>
   </div>
   <div class='ocr_carea' id='block_1_24' title="bbox 146 2299 1810 2373">
    <p class='ocr_par' dir='ltr' id='par_1_24' title="bbox 146 2299 1810 2373">
     <span class='ocr_line' id='line_1_24' title="bbox 146 2299 1810 2373; baseline -0.004 -14"><span class='ocrx_word' id='word_1_157' title='bbox 146 2310 334 2359; x_wconf 84' lang='lat' dir='ltr'><strong>tatum</strong></span> <span class='ocrx_word' id='word_1_158' title='bbox 361 2303 635 2373; x_wconf 89' lang='lat' dir='ltr'><strong>est,quin</strong></span> <span class='ocrx_word' id='word_1_159' title='bbox 657 2306 761 2356; x_wconf 89' lang='lat' dir='ltr'><strong>aut</strong></span> <span class='ocrx_word' id='word_1_160' title='bbox 780 2317 815 2355; x_wconf 88' lang='lat' dir='ltr'><strong>a</strong></span> <span class='ocrx_word' id='word_1_161' title='bbox 835 2300 1132 2355; x_wconf 84' lang='lat' dir='ltr'><strong>veteribus</strong></span> <span class='ocrx_word' id='word_1_162' title='bbox 1156 2316 1278 2354; x_wconf 87' lang='lat' dir='ltr'><strong>non</strong></span> <span class='ocrx_word' id='word_1_163' title='bbox 1310 2299 1529 2354; x_wconf 82' lang='lat' dir='ltr'><strong>fuerint</strong></span> <span class='ocrx_word' id='word_1_164' title='bbox 1565 2300 1810 2354; x_wconf 87' lang='lat' dir='ltr'><strong>omnino</strong></span> 
     </span>
    </p>
   </div>
   <div class='ocr_carea' id='block_1_25' title="bbox 143 2386 1811 2466">
    <p class='ocr_par' dir='ltr' id='par_1_25' title="bbox 143 2386 1811 2466">
     <span class='ocr_line' id='line_1_25' title="bbox 143 2386 1811 2466; baseline -0.004 -18"><span class='ocrx_word' id='word_1_165' title='bbox 143 2394 369 2466; x_wconf 83' lang='lat' dir='ltr'><strong>agnita,</strong></span> <span class='ocrx_word' id='word_1_166' title='bbox 402 2396 514 2447; x_wconf 89' lang='lat' dir='ltr'><strong>aut</strong></span> <span class='ocrx_word' id='word_1_167' title='bbox 545 2391 596 2446; x_wconf 89' lang='lat' dir='ltr'><strong>si</strong></span> <span class='ocrx_word' id='word_1_168' title='bbox 617 2390 768 2446; x_wconf 89' lang='lat' dir='ltr'><strong>forte</strong></span> <span class='ocrx_word' id='word_1_169' title='bbox 799 2389 873 2444; x_wconf 88' lang='lat' dir='ltr'><strong>ab</strong></span> <span class='ocrx_word' id='word_1_170' title='bbox 928 2388 1227 2460; x_wconf 86' lang='lat' dir='ltr'><strong>aliquibus</strong></span> <span class='ocrx_word' id='word_1_171' title='bbox 1293 2387 1493 2459; x_wconf 81' lang='lat' dir='ltr'><strong>agnita</strong></span> <span class='ocrx_word' id='word_1_172' title='bbox 1539 2387 1678 2455; x_wconf 90' lang='lat' dir='ltr'><strong>sint,</strong></span> <span class='ocrx_word' id='word_1_173' title='bbox 1738 2386 1811 2442; x_wconf 90' lang='lat' dir='ltr'><strong>de</strong></span> 
     </span>
    </p>
   </div>
   <div class='ocr_carea' id='block_1_26' title="bbox 140 2476 1808 2539">
    <p class='ocr_par' dir='ltr' id='par_1_26' title="bbox 140 2476 1808 2539">
     <span class='ocr_line' id='line_1_26' title="bbox 140 2476 1808 2539; baseline -0.003 -2"><span class='ocrx_word' id='word_1_174' title='bbox 140 2483 357 2539; x_wconf 87' lang='lat' dir='ltr'><strong>iisdem</strong></span> <span class='ocrx_word' id='word_1_175' title='bbox 396 2487 603 2537; x_wconf 88' lang='lat' dir='ltr'><strong>tamen</strong></span> <span class='ocrx_word' id='word_1_176' title='bbox 632 2480 695 2534; x_wconf 90' lang='lat' dir='ltr'><strong>in</strong></span> <span class='ocrx_word' id='word_1_177' title='bbox 724 2478 989 2534; x_wconf 81' lang='lat' dir='ltr'><strong>Ecclesia</strong></span> <span class='ocrx_word' id='word_1_178' title='bbox 1023 2478 1124 2533; x_wconf 88' lang='lat' dir='ltr'><strong>Dei</strong></span> <span class='ocrx_word' id='word_1_179' title='bbox 1154 2476 1228 2533; x_wconf 88' lang='lat' dir='ltr'><strong>ab</strong></span> <span class='ocrx_word' id='word_1_180' title='bbox 1259 2477 1393 2533; x_wconf 90' lang='lat' dir='ltr'><strong>aliis</strong></span> <span class='ocrx_word' id='word_1_181' title='bbox 1423 2482 1528 2532; x_wconf 87' lang='lat' dir='ltr'><strong>aut</strong></span> <span class='ocrx_word' id='word_1_182' title='bbox 1574 2476 1808 2533; x_wconf 83' lang='lat' dir='ltr'><strong>dubita-</strong></span> 
     </span>
    </p>
   </div>
   <div class='ocr_carea' id='block_1_27' title="bbox 143 2565 1811 2641">
    <p class='ocr_par' dir='ltr' id='par_1_27' title="bbox 143 2565 1811 2641">
     <span class='ocr_line' id='line_1_27' title="bbox 143 2565 1811 2641; baseline -0.004 -14"><span class='ocrx_word' id='word_1_183' title='bbox 143 2578 259 2627; x_wconf 89' lang='lat' dir='ltr'><strong>tum</strong></span> <span class='ocrx_word' id='word_1_184' title='bbox 294 2576 407 2627; x_wconf 86' lang='lat' dir='ltr'><strong>aut</strong></span> <span class='ocrx_word' id='word_1_185' title='bbox 436 2570 807 2641; x_wconf 86' lang='lat' dir='ltr'><strong>disputatum</strong></span> <span class='ocrx_word' id='word_1_186' title='bbox 825 2566 1022 2623; x_wconf 90' lang='lat' dir='ltr'><strong>fuerit.</strong></span> <span class='ocrx_word' id='word_1_187' title='bbox 1047 2567 1104 2624; x_wconf 92' lang='lat' dir='ltr'><strong>S.</strong></span> <span class='ocrx_word' id='word_1_188' title='bbox 1140 2565 1465 2623; x_wconf 90' lang='lat' dir='ltr'><strong>Glementis</strong></span> <span class='ocrx_word' id='word_1_189' title='bbox 1496 2567 1811 2637; x_wconf 75' lang='lat' dir='ltr'><strong>epistolam</strong></span> 
     </span>
    </p>
   </div>
   <div class='ocr_carea' id='block_1_28' title="bbox 145 2656 1813 2728">
    <p class='ocr_par' dir='ltr' id='par_1_28' title="bbox 145 2656 1813 2728">
     <span class='ocr_line' id='line_1_28' title="bbox 145 2656 1813 2728; baseline -0.002 -11"><span class='ocrx_word' id='word_1_190' title='bbox 145 2660 482 2717; x_wconf 87' lang='lat' dir='ltr'><strong>secundam</strong></span> <span class='ocrx_word' id='word_1_191' title='bbox 514 2676 636 2714; x_wconf 89' lang='lat' dir='ltr'><strong>non</strong></span> <span class='ocrx_word' id='word_1_192' title='bbox 655 2657 921 2728; x_wconf 83' lang='lat' dir='ltr'><strong>ejusdem</strong></span> <span class='ocrx_word' id='word_1_193' title='bbox 952 2656 1212 2712; x_wconf 86' lang='lat' dir='ltr'><strong>auctoris</strong></span> <span class='ocrx_word' id='word_1_194' title='bbox 1252 2672 1382 2711; x_wconf 90' lang='lat' dir='ltr'><strong>esse</strong></span> <span class='ocrx_word' id='word_1_195' title='bbox 1436 2671 1571 2710; x_wconf 90' lang='lat' dir='ltr'><strong>cum</strong></span> <span class='ocrx_word' id='word_1_196' title='bbox 1618 2657 1813 2726; x_wconf 88' lang='lat' dir='ltr'><strong>prima</strong></span> 
     </span>
    </p>
   </div>
   <div class='ocr_carea' id='block_1_29' title="bbox 142 2744 1813 2816">
    <p class='ocr_par' dir='ltr' id='par_1_29' title="bbox 142 2744 1813 2816">
     <span class='ocr_line' id='line_1_29' title="bbox 142 2744 1813 2816; baseline -0.001 -15"><span class='ocrx_word' id='word_1_197' title='bbox 142 2752 353 2805; x_wconf 75' lang='lat' dir='ltr'><strong>volunt</strong></span> <span class='ocrx_word' id='word_1_198' title='bbox 385 2748 499 2803; x_wconf 88' lang='lat' dir='ltr'><strong>viri</strong></span> <span class='ocrx_word' id='word_1_199' title='bbox 531 2747 713 2807; x_wconf 82' lang='lat' dir='ltr'><strong>docti,</strong></span> <span class='ocrx_word' id='word_1_200' title='bbox 745 2746 888 2801; x_wconf 89' lang='lat' dir='ltr'><strong>licet</strong></span> <span class='ocrx_word' id='word_1_201' title='bbox 916 2751 1167 2816; x_wconf 90' lang='lat' dir='ltr'><strong>utraque</strong></span> <span class='ocrx_word' id='word_1_202' title='bbox 1198 2745 1259 2799; x_wconf 91' lang='lat' dir='ltr'><strong>in</strong></span> <span class='ocrx_word' id='word_1_203' title='bbox 1301 2744 1638 2799; x_wconf 90' lang='lat' dir='ltr'><strong>Canonibus</strong></span> <span class='ocrx_word' id='word_1_204' title='bbox 1667 2761 1813 2816; x_wconf 86' lang='lat' dir='ltr'><strong>apo-</strong></span> 
     </span>
    </p>
   </div>
   <div class='ocr_carea' id='block_1_30' title="bbox 138 2836 1812 2911">
    <p class='ocr_par' dir='ltr' id='par_1_30' title="bbox 138 2836 1812 2911">
     <span class='ocr_line' id='line_1_30' title="bbox 138 2836 1812 2911; baseline -0.003 -15"><span class='ocrx_word' id='word_1_205' title='bbox 138 2841 373 2897; x_wconf 88' lang='lat' dir='ltr'><strong>stolicis</strong></span> <span class='ocrx_word' id='word_1_206' title='bbox 404 2839 637 2911; x_wconf 88' lang='lat' dir='ltr'><strong>pariter</strong></span> <span class='ocrx_word' id='word_1_207' title='bbox 666 2838 971 2909; x_wconf 88' lang='lat' dir='ltr'><strong>probetur,</strong></span> <span class='ocrx_word' id='word_1_208' title='bbox 1006 2842 1065 2892; x_wconf 89' lang='lat' dir='ltr'><strong>et</strong></span> <span class='ocrx_word' id='word_1_209' title='bbox 1094 2836 1166 2892; x_wconf 89' lang='lat' dir='ltr'><strong>ab</strong></span> <span class='ocrx_word' id='word_1_210' title='bbox 1188 2836 1518 2908; x_wconf 88' lang='lat' dir='ltr'><strong>Epiphanio</strong></span> <span class='ocrx_word' id='word_1_211' title='bbox 1563 2836 1812 2907; x_wconf 89' lang='lat' dir='ltr'><strong>aliisque</strong></span> 
     </span>
    </p>
   </div>
   <div class='ocr_carea' id='block_1_31' title="bbox 142 2923 1812 3002">
    <p class='ocr_par' dir='ltr' id='par_1_31' title="bbox 142 2923 1812 3002">
     <span class='ocr_line' id='line_1_31' title="bbox 142 2923 1812 3002; baseline -0.003 -19"><span class='ocrx_word' id='word_1_212' title='bbox 142 2934 534 3002; x_wconf 82' lang='lat' dir='ltr'><strong>agnoscatur.</strong></span> <span class='ocrx_word' id='word_1_213' title='bbox 566 2930 642 2981; x_wconf 74' lang='lat' dir='ltr'><strong>At</strong></span> <span class='ocrx_word' id='word_1_214' title='bbox 670 2926 783 2980; x_wconf 90' lang='lat' dir='ltr'><strong>hoc</strong></span> <span class='ocrx_word' id='word_1_215' title='bbox 810 2925 1003 2996; x_wconf 91' lang='lat' dir='ltr'><strong>primo</strong></span> <span class='ocrx_word' id='word_1_216' title='bbox 1023 2923 1305 2979; x_wconf 89' lang='lat' dir='ltr'><strong>indicavit</strong></span> <span class='ocrx_word' id='word_1_217' title='bbox 1332 2923 1642 2992; x_wconf 87' lang='lat' dir='ltr'><strong>Eusebius,</strong></span> <span class='ocrx_word' id='word_1_218' title='bbox 1674 2924 1812 2979; x_wconf 91' lang='lat' dir='ltr'><strong>dein</strong></span> 
     </span>
    </p>
   </div>
   <div class='ocr_carea' id='block_1_32' title="bbox 140 3012 1813 3088">
    <p class='ocr_par' dir='ltr' id='par_1_32' title="bbox 140 3012 1813 3088">
     <span class='ocr_line' id='line_1_32' title="bbox 140 3012 1813 3088; baseline -0.002 -15"><span class='ocrx_word' id='word_1_219' title='bbox 140 3020 559 3088; x_wconf 76' lang='lat' dir='ltr'><strong>Hieronymus</strong></span> <span class='ocrx_word' id='word_1_220' title='bbox 584 3021 644 3071; x_wconf 91' lang='lat' dir='ltr'><strong>et</strong></span> <span class='ocrx_word' id='word_1_221' title='bbox 663 3015 931 3070; x_wconf 90' lang='lat' dir='ltr'><strong>Photius.</strong></span> <span class='ocrx_word' id='word_1_222' title='bbox 958 3013 1220 3085; x_wconf 82' lang='lat' dir='ltr'><strong>Dionysii</strong></span> <span class='ocrx_word' id='word_1_223' title='bbox 1236 3013 1605 3085; x_wconf 68' lang='lat' dir='ltr'><strong>Areopagitm</strong></span> <span class='ocrx_word' id='word_1_224' title='bbox 1627 3012 1813 3070; x_wconf 88' lang='lat' dir='ltr'><strong>libros</strong></span> 
     </span>
    </p>
   </div>
   <div class='ocr_carea' id='block_1_33' title="bbox 139 3101 1814 3174">
    <p class='ocr_par' dir='ltr' id='par_1_33' title="bbox 139 3101 1814 3174">
     <span class='ocr_line' id='line_1_33' title="bbox 139 3101 1814 3174; baseline -0.002 -12"><span class='ocrx_word' id='word_1_225' title='bbox 139 3108 299 3162; x_wconf 86' lang='lat' dir='ltr'><strong>male</strong></span> <span class='ocrx_word' id='word_1_226' title='bbox 335 3110 514 3160; x_wconf 84' lang='lat' dir='ltr'><strong>tanto</strong></span> <span class='ocrx_word' id='word_1_227' title='bbox 542 3103 668 3159; x_wconf 91' lang='lat' dir='ltr'><strong>viro</strong></span> <span class='ocrx_word' id='word_1_228' title='bbox 700 3102 1011 3174; x_wconf 89' lang='lat' dir='ltr'><strong>ascriptos,</strong></span> <span class='ocrx_word' id='word_1_229' title='bbox 1036 3106 1096 3156; x_wconf 90' lang='lat' dir='ltr'><strong>et</strong></span> <span class='ocrx_word' id='word_1_230' title='bbox 1133 3101 1242 3156; x_wconf 88' lang='lat' dir='ltr'><strong>sub</strong></span> <span class='ocrx_word' id='word_1_231' title='bbox 1289 3101 1419 3173; x_wconf 84' lang='lat' dir='ltr'><strong>ejus</strong></span> <span class='ocrx_word' id='word_1_232' title='bbox 1474 3106 1719 3157; x_wconf 90' lang='lat' dir='ltr'><strong>nomine</strong></span> <span class='ocrx_word' id='word_1_233' title='bbox 1750 3102 1814 3158; x_wconf 83' lang='lat' dir='ltr'><strong>ﬁ-</strong></span> 
     </span>
    </p>
   </div>
   <div class='ocr_carea' id='block_1_34' title="bbox 140 3190 1813 3266">
    <p class='ocr_par' dir='ltr' id='par_1_34' title="bbox 140 3190 1813 3266">
     <span class='ocr_line' id='line_1_34' title="bbox 140 3190 1813 3266; baseline -0.002 -16"><span class='ocrx_word' id='word_1_234' title='bbox 140 3204 266 3251; x_wconf 86' lang='lat' dir='ltr'><strong>ctos</strong></span> <span class='ocrx_word' id='word_1_235' title='bbox 296 3195 439 3266; x_wconf 88' lang='lat' dir='ltr'><strong>jam</strong></span> <span class='ocrx_word' id='word_1_236' title='bbox 472 3192 714 3265; x_wconf 87' lang='lat' dir='ltr'><strong>plurimi</strong></span> <span class='ocrx_word' id='word_1_237' title='bbox 748 3190 1138 3259; x_wconf 88' lang='lat' dir='ltr'><strong>contendunt,</strong></span> <span class='ocrx_word' id='word_1_238' title='bbox 1169 3194 1347 3261; x_wconf 88' lang='lat' dir='ltr'><strong>atque</strong></span> <span class='ocrx_word' id='word_1_239' title='bbox 1371 3190 1527 3247; x_wconf 89' lang='lat' dir='ltr'><strong>inter</strong></span> <span class='ocrx_word' id='word_1_240' title='bbox 1556 3207 1657 3247; x_wconf 92' lang='lat' dir='ltr'><strong>eos</strong></span> <span class='ocrx_word' id='word_1_241' title='bbox 1688 3207 1813 3247; x_wconf 90' lang='lat' dir='ltr'><strong>ma-</strong></span> 
     </span>
    </p>
   </div>
   <div class='ocr_carea' id='block_1_35' title="bbox 143 3251 1896 3352">
    <p class='ocr_par' dir='ltr' id='par_1_35' title="bbox 143 3251 1896 3352">
     <span class='ocr_line' id='line_1_35' title="bbox 143 3251 1896 3352; baseline -0.002 -13"><span class='ocrx_word' id='word_1_242' title='bbox 143 3251 321 3341; x_wconf 45' lang='lat' dir='ltr'><strong>xime.</strong></span> <span class='ocrx_word' id='word_1_243' title='bbox 339 3251 625 3340; x_wconf 47' lang='lat' dir='ltr'><strong>Dall‘azus.</strong></span> <span class='ocrx_word' id='word_1_244' title='bbox 663 3283 775 3338; x_wconf 89' lang='lat' dir='ltr'><strong>Sed</strong></span> <span class='ocrx_word' id='word_1_245' title='bbox 805 3282 916 3338; x_wconf 89' lang='lat' dir='ltr'><strong>hos</strong></span> <span class='ocrx_word' id='word_1_246' title='bbox 945 3281 1103 3352; x_wconf 89' lang='lat' dir='ltr'><strong>ipsos</strong></span> <span class='ocrx_word' id='word_1_247' title='bbox 1124 3251 1320 3352; x_wconf 76' lang='lat' dir='ltr'><strong>prius,</strong></span> <span class='ocrx_word' id='word_1_248' title='bbox 1352 3281 1427 3336; x_wconf 91' lang='lat' dir='ltr'><strong>ob</strong></span> <span class='ocrx_word' id='word_1_249' title='bbox 1453 3281 1814 3338; x_wconf 89' lang='lat' dir='ltr'><strong>testimonio-</strong></span> <span class='ocrx_word' id='word_1_250' title='bbox 1852 3251 1896 3318; x_wconf 64' lang='grc' dir='ltr'><strong>Ο</strong></span> 
     </span>
    </p>
   </div>
   <div class='ocr_carea' id='block_1_36' title="bbox 146 3369 1811 3443">
    <p class='ocr_par' dir='ltr' id='par_1_36' title="bbox 146 3369 1811 3443">
     <span class='ocr_line' id='line_1_36' title="bbox 146 3369 1811 3443; baseline -0.002 -14"><span class='ocrx_word' id='word_1_251' title='bbox 146 3392 276 3429; x_wconf 88' lang='lat' dir='ltr'><strong>rum</strong></span> <span class='ocrx_word' id='word_1_252' title='bbox 313 3374 648 3437; x_wconf 87' lang='lat' dir='ltr'><strong>defectum,</strong></span> <span class='ocrx_word' id='word_1_253' title='bbox 675 3372 887 3443; x_wconf 89' lang='lat' dir='ltr'><strong>rejecit</strong></span> <span class='ocrx_word' id='word_1_254' title='bbox 913 3386 1049 3426; x_wconf 91' lang='lat' dir='ltr'><strong>cum</strong></span> <span class='ocrx_word' id='word_1_255' title='bbox 1080 3369 1203 3425; x_wconf 87' lang='lat' dir='ltr'><strong>suis</strong></span> <span class='ocrx_word' id='word_1_256' title='bbox 1233 3370 1518 3442; x_wconf 79' lang='lat' dir='ltr'><strong>Hypatius</strong></span> <span class='ocrx_word' id='word_1_257' title='bbox 1544 3386 1558 3436; x_wconf 92' lang='lat'><strong>;</strong></span> <span class='ocrx_word' id='word_1_258' title='bbox 1591 3376 1650 3425; x_wconf 92' lang='lat' dir='ltr'><strong>et</strong></span> <span class='ocrx_word' id='word_1_259' title='bbox 1678 3376 1811 3441; x_wconf 88' lang='lat' dir='ltr'><strong>post</strong></span> 
     </span>
    </p>
   </div>
   <div class='ocr_carea' id='block_1_37' title="bbox 143 3459 1809 3531">
    <p class='ocr_par' dir='ltr' id='par_1_37' title="bbox 143 3459 1809 3531">
     <span class='ocr_line' id='line_1_37' title="bbox 143 3459 1809 3531; baseline -0.002 -12"><span class='ocrx_word' id='word_1_260' title='bbox 143 3482 276 3520; x_wconf 83' lang='lat' dir='ltr'><strong>eum</strong></span> <span class='ocrx_word' id='word_1_261' title='bbox 313 3463 522 3530; x_wconf 87' lang='lat' dir='ltr'><strong>multi,</strong></span> <span class='ocrx_word' id='word_1_262' title='bbox 566 3463 747 3517; x_wconf 88' lang='lat' dir='ltr'><strong>etiam</strong></span> <span class='ocrx_word' id='word_1_263' title='bbox 777 3461 851 3516; x_wconf 92' lang='lat' dir='ltr'><strong>ob</strong></span> <span class='ocrx_word' id='word_1_264' title='bbox 885 3459 1221 3528; x_wconf 86' lang='lat' dir='ltr'><strong>materiam,</strong></span> <span class='ocrx_word' id='word_1_265' title='bbox 1251 3460 1621 3531; x_wconf 75' lang='lat' dir='ltr'><strong>Areopagitae</strong></span> <span class='ocrx_word' id='word_1_266' title='bbox 1681 3476 1809 3515; x_wconf 90' lang='lat' dir='ltr'><strong>esse</strong></span> 
     </span>
    </p>
   </div>
   <div class='ocr_carea' id='block_1_38' title="bbox 146 3548 1808 3625">
    <p class='ocr_par' dir='ltr' id='par_1_38' title="bbox 146 3548 1808 3625">
     <span class='ocr_line' id='line_1_38' title="bbox 146 3548 1808 3625; baseline -0.003 -17"><span class='ocrx_word' id='word_1_267' title='bbox 146 3559 476 3625; x_wconf 65' lang='lat' dir='ltr'><strong>negarunt,</strong></span> <span class='ocrx_word' id='word_1_268' title='bbox 532 3557 599 3606; x_wconf 92' lang='lat' dir='ltr'><strong>ut</strong></span> <span class='ocrx_word' id='word_1_269' title='bbox 636 3549 959 3606; x_wconf 88' lang='lat' dir='ltr'><strong>ostendunt</strong></span> <span class='ocrx_word' id='word_1_270' title='bbox 1006 3548 1293 3603; x_wconf 85' lang='lat' dir='ltr'><strong>Maximus</strong></span> <span class='ocrx_word' id='word_1_271' title='bbox 1342 3554 1401 3603; x_wconf 89' lang='lat' dir='ltr'><strong>et</strong></span> <span class='ocrx_word' id='word_1_272' title='bbox 1445 3548 1808 3619; x_wconf 87' lang='lat' dir='ltr'><strong>Theodorus,</strong></span> 
     </span>
    </p>
   </div>
   <div class='ocr_carea' id='block_1_39' title="bbox 144 3637 1803 3714">
    <p class='ocr_par' dir='ltr' id='par_1_39' title="bbox 144 3637 1803 3714">
     <span class='ocr_line' id='line_1_39' title="bbox 144 3637 1803 3714; baseline -0.004 -16"><span class='ocrx_word' id='word_1_273' title='bbox 144 3645 241 3714; x_wconf 88' lang='lat' dir='ltr'><strong>qui</strong></span> <span class='ocrx_word' id='word_1_274' title='bbox 301 3642 561 3697; x_wconf 87' lang='lat' dir='ltr'><strong>eosdem</strong></span> <span class='ocrx_word' id='word_1_275' title='bbox 611 3639 933 3695; x_wconf 80' lang='lat' dir='ltr'><strong>infeliciter</strong></span> <span class='ocrx_word' id='word_1_276' title='bbox 988 3637 1307 3694; x_wconf 83' lang='lat' dir='ltr'><strong>defendere</strong></span> <span class='ocrx_word' id='word_1_277' title='bbox 1392 3638 1589 3694; x_wconf 87' lang='lat' dir='ltr'><strong>conati</strong></span> <span class='ocrx_word' id='word_1_278' title='bbox 1647 3644 1803 3694; x_wconf 79' lang='lat' dir='ltr'><strong>sunt.</strong></span> 
     </span>
    </p>
   </div>
   <div class='ocr_carea' id='block_1_40' title="bbox 144 3726 1804 3787">
    <p class='ocr_par' dir='ltr' id='par_1_40' title="bbox 144 3726 1804 3787">
     <span class='ocr_line' id='line_1_40' title="bbox 144 3726 1804 3787; baseline -0.003 0"><span class='ocrx_word' id='word_1_279' title='bbox 144 3733 391 3787; x_wconf 71' lang='lat' dir='ltr'><strong>Hermae</strong></span> <span class='ocrx_word' id='word_1_280' title='bbox 425 3736 709 3785; x_wconf 68' lang='lat' dir='ltr'><strong>Pastorem</strong></span> <span class='ocrx_word' id='word_1_281' title='bbox 735 3727 994 3783; x_wconf 87' lang='lat' dir='ltr'><strong>universi</strong></span> <span class='ocrx_word' id='word_1_282' title='bbox 1023 3727 1132 3782; x_wconf 91' lang='lat' dir='ltr'><strong>hac</strong></span> <span class='ocrx_word' id='word_1_283' title='bbox 1163 3731 1335 3782; x_wconf 69' lang='lat' dir='ltr'><strong>aetate</strong></span> <span class='ocrx_word' id='word_1_284' title='bbox 1366 3726 1487 3781; x_wconf 81' lang='lat' dir='ltr'><strong>fere</strong></span> <span class='ocrx_word' id='word_1_285' title='bbox 1526 3727 1804 3782; x_wconf 86' lang='lat' dir='ltr'><strong>condem-</strong></span> 
     </span>
    </p>
   </div>
   <div class='ocr_carea' id='block_1_41' title="bbox 138 3812 1808 3885">
    <p class='ocr_par' dir='ltr' id='par_1_41' title="bbox 138 3812 1808 3885">
     <span class='ocr_line' id='line_1_41' title="bbox 138 3812 1808 3885; baseline -0.003 -12"><span class='ocrx_word' id='word_1_286' title='bbox 138 3824 283 3873; x_wconf 83' lang='lat' dir='ltr'><strong>nant</strong></span> <span class='ocrx_word' id='word_1_287' title='bbox 321 3839 339 3885; x_wconf 90' lang='lat'><strong>;</strong></span> <span class='ocrx_word' id='word_1_288' title='bbox 380 3816 544 3872; x_wconf 89' lang='lat' dir='ltr'><strong>idem</strong></span> <span class='ocrx_word' id='word_1_289' title='bbox 577 3815 747 3870; x_wconf 90' lang='lat' dir='ltr'><strong>multi</strong></span> <span class='ocrx_word' id='word_1_290' title='bbox 779 3813 1050 3883; x_wconf 81' lang='lat' dir='ltr'><strong>Origenis</strong></span> <span class='ocrx_word' id='word_1_291' title='bbox 1089 3829 1231 3881; x_wconf 69' lang='lat' dir='ltr'><strong>aevo,</strong></span> <span class='ocrx_word' id='word_1_292' title='bbox 1265 3812 1394 3883; x_wconf 91' lang='lat' dir='ltr'><strong>ipso</strong></span> <span class='ocrx_word' id='word_1_293' title='bbox 1447 3817 1619 3879; x_wconf 87' lang='lat' dir='ltr'><strong>teste,</strong></span> <span class='ocrx_word' id='word_1_294' title='bbox 1651 3812 1808 3868; x_wconf 89' lang='lat' dir='ltr'><strong>fece-</strong></span> 
     </span>
    </p>
   </div>
   <div class='ocr_carea' id='block_1_42' title="bbox 137 3901 1809 3973">
    <p class='ocr_par' dir='ltr' id='par_1_42' title="bbox 137 3901 1809 3973">
     <span class='ocr_line' id='line_1_42' title="bbox 137 3901 1809 3973; baseline -0.002 -13"><span class='ocrx_word' id='word_1_295' title='bbox 137 3914 296 3973; x_wconf 88' lang='lat' dir='ltr'><strong>runt,</strong></span> <span class='ocrx_word' id='word_1_296' title='bbox 337 3911 411 3961; x_wconf 88' lang='lat' dir='ltr'><strong>ut</strong></span> <span class='ocrx_word' id='word_1_297' title='bbox 439 3910 502 3960; x_wconf 86' lang='lat' dir='ltr'><strong>et</strong></span> <span class='ocrx_word' id='word_1_298' title='bbox 532 3903 878 3959; x_wconf 85' lang='lat' dir='ltr'><strong>Tertulliani</strong></span> <span class='ocrx_word' id='word_1_299' title='bbox 913 3919 927 3969; x_wconf 91' lang='lat'><strong>;</strong></span> <span class='ocrx_word' id='word_1_300' title='bbox 979 3907 1037 3956; x_wconf 89' lang='lat' dir='ltr'><strong>et</strong></span> <span class='ocrx_word' id='word_1_301' title='bbox 1075 3901 1123 3956; x_wconf 88' lang='lat' dir='ltr'><strong>si</strong></span> <span class='ocrx_word' id='word_1_302' title='bbox 1173 3917 1374 3956; x_wconf 90' lang='lat' dir='ltr'><strong>verum</strong></span> <span class='ocrx_word' id='word_1_303' title='bbox 1423 3907 1597 3970; x_wconf 86' lang='lat' dir='ltr'><strong>esset,</strong></span> <span class='ocrx_word' id='word_1_304' title='bbox 1651 3902 1809 3973; x_wconf 93' lang='lat' dir='ltr'><strong>quod</strong></span> 
     </span>
    </p>
   </div>
   <div class='ocr_carea' id='block_1_43' title="bbox 140 3990 1811 4066">
    <p class='ocr_par' dir='ltr' id='par_1_43' title="bbox 140 3990 1811 4066">
     <span class='ocr_line' id='line_1_43' title="bbox 140 3990 1811 4066; baseline -0.005 -15"><span class='ocrx_word' id='word_1_305' title='bbox 140 3996 331 4051; x_wconf 84' lang='lat' dir='ltr'><strong>Latini</strong></span> <span class='ocrx_word' id='word_1_306' title='bbox 370 3999 583 4066; x_wconf 88' lang='lat' dir='ltr'><strong>postea</strong></span> <span class='ocrx_word' id='word_1_307' title='bbox 609 3992 998 4057; x_wconf 87' lang='lat' dir='ltr'><strong>tradiderunt,</strong></span> <span class='ocrx_word' id='word_1_308' title='bbox 1030 3990 1249 4045; x_wconf 92' lang='lat' dir='ltr'><strong>librum</strong></span> <span class='ocrx_word' id='word_1_309' title='bbox 1281 4005 1415 4045; x_wconf 90' lang='lat' dir='ltr'><strong>eum</strong></span> <span class='ocrx_word' id='word_1_310' title='bbox 1438 4006 1472 4045; x_wconf 93' lang='lat' dir='ltr'><strong>a</strong></span> <span class='ocrx_word' id='word_1_311' title='bbox 1501 3990 1588 4045; x_wconf 90' lang='lat' dir='ltr'><strong>Pii</strong></span> <span class='ocrx_word' id='word_1_312' title='bbox 1619 3992 1811 4061; x_wconf 74' lang='lat' dir='ltr'><strong>ponti-</strong></span> 
     </span>
    </p>
   </div>
   <div class='ocr_carea' id='block_1_44' title="bbox 144 4078 1813 4154">
    <p class='ocr_par' dir='ltr' id='par_1_44' title="bbox 144 4078 1813 4154">
     <span class='ocr_line' id='line_1_44' title="bbox 144 4078 1813 4154; baseline -0.003 -14"><span class='ocrx_word' id='word_1_313' title='bbox 144 4086 267 4140; x_wconf 83' lang='lat' dir='ltr'><strong>ficis</strong></span> <span class='ocrx_word' id='word_1_314' title='bbox 287 4086 488 4139; x_wconf 83' lang='lat' dir='ltr'><strong>fratre</strong></span> <span class='ocrx_word' id='word_1_315' title='bbox 521 4083 803 4154; x_wconf 87' lang='lat' dir='ltr'><strong>scriptum</strong></span> <span class='ocrx_word' id='word_1_316' title='bbox 830 4080 1036 4148; x_wconf 89' lang='lat' dir='ltr'><strong>fuisse,</strong></span> <span class='ocrx_word' id='word_1_317' title='bbox 1079 4084 1236 4135; x_wconf 81' lang='lat' dir='ltr'><strong>esset</strong></span> <span class='ocrx_word' id='word_1_318' title='bbox 1261 4078 1388 4133; x_wconf 90' lang='lat' dir='ltr'><strong>sine</strong></span> <span class='ocrx_word' id='word_1_319' title='bbox 1411 4080 1813 4136; x_wconf 85' lang='lat' dir='ltr'><strong>controversia</strong></span> 
     </span>
    </p>
   </div>
   <div class='ocr_carea' id='block_1_45' title="bbox 140 4167 1811 4245">
    <p class='ocr_par' dir='ltr' id='par_1_45' title="bbox 140 4167 1811 4245">
     <span class='ocr_line' id='line_1_45' title="bbox 140 4167 1811 4245; baseline -0.001 -19"><span class='ocrx_word' id='word_1_320' title='bbox 140 4172 592 4245; x_wconf 79' lang='lat' dir='ltr'><strong>supposititius.</strong></span> <span class='ocrx_word' id='word_1_321' title='bbox 629 4169 909 4225; x_wconf 89' lang='lat' dir='ltr'><strong>Prochori</strong></span> <span class='ocrx_word' id='word_1_322' title='bbox 940 4167 1180 4223; x_wconf 83' lang='lat' dir='ltr'><strong>libellus</strong></span> <span class='ocrx_word' id='word_1_323' title='bbox 1210 4169 1287 4222; x_wconf 86' lang='lat' dir='ltr'><strong>De</strong></span> <span class='ocrx_word' id='word_1_324' title='bbox 1317 4173 1435 4223; x_wconf 79' lang='lat' dir='ltr'><strong>vita</strong></span> <span class='ocrx_word' id='word_1_325' title='bbox 1464 4169 1521 4223; x_wconf 90' lang='lat' dir='ltr'><strong>S.</strong></span> <span class='ocrx_word' id='word_1_326' title='bbox 1577 4169 1811 4225; x_wconf 83' lang='lat' dir='ltr'><strong>Joannis</strong></span> 
     </span>
    </p>
   </div>
   <div class='ocr_carea' id='block_1_46' title="bbox 141 4256 1811 4331">
    <p class='ocr_par' dir='ltr' id='par_1_46' title="bbox 141 4256 1811 4331">
     <span class='ocr_line' id='line_1_46' title="bbox 141 4256 1811 4331; baseline -0.002 -14"><span class='ocrx_word' id='word_1_327' title='bbox 141 4263 298 4317; x_wconf 83' lang='lat' dir='ltr'><strong>haud</strong></span> <span class='ocrx_word' id='word_1_328' title='bbox 333 4260 647 4316; x_wconf 86' lang='lat' dir='ltr'><strong>immerito</strong></span> <span class='ocrx_word' id='word_1_329' title='bbox 678 4259 964 4331; x_wconf 89' lang='lat' dir='ltr'><strong>rejicitur,</strong></span> <span class='ocrx_word' id='word_1_330' title='bbox 992 4262 1057 4312; x_wconf 91' lang='lat' dir='ltr'><strong>ut</strong></span> <span class='ocrx_word' id='word_1_331' title='bbox 1086 4262 1144 4310; x_wconf 91' lang='lat' dir='ltr'><strong>et</strong></span> <span class='ocrx_word' id='word_1_332' title='bbox 1203 4256 1454 4311; x_wconf 76' lang='lat' dir='ltr'><strong>Historia</strong></span> <span class='ocrx_word' id='word_1_333' title='bbox 1499 4259 1811 4327; x_wconf 80' lang='lat' dir='ltr'><strong>apostolica</strong></span> 
     </span>
    </p>
   </div>
   <div class='ocr_carea' id='block_1_47' title="bbox 142 4346 1809 4419">
    <p class='ocr_par' dir='ltr' id='par_1_47' title="bbox 142 4346 1809 4419">
     <span class='ocr_line' id='line_1_47' title="bbox 142 4346 1809 4419; baseline -0.001 -14"><span class='ocrx_word' id='word_1_334' title='bbox 142 4352 346 4407; x_wconf 71' lang='lat' dir='ltr'><strong>Abdim</strong></span> <span class='ocrx_word' id='word_1_335' title='bbox 376 4348 894 4419; x_wconf 88' lang='lat' dir='ltr'><strong>Babylonii,quem</strong></span> <span class='ocrx_word' id='word_1_336' title='bbox 925 4352 1060 4417; x_wconf 88' lang='lat' dir='ltr'><strong>post</strong></span> <span class='ocrx_word' id='word_1_337' title='bbox 1082 4346 1474 4418; x_wconf 87' lang='lat' dir='ltr'><strong>Hegesippum</strong></span> <span class='ocrx_word' id='word_1_338' title='bbox 1499 4347 1809 4419; x_wconf 82' lang='lat' dir='ltr'><strong>scripsisse</strong></span> 
     </span>
    </p>
   </div>
   <div class='ocr_carea' id='block_1_48' title="bbox 136 4436 1810 4509">
    <p class='ocr_par' dir='ltr' id='par_1_48' title="bbox 136 4436 1810 4509">
     <span class='ocr_line' id='line_1_48' title="bbox 136 4436 1810 4509; baseline -0.002 -13"><span class='ocrx_word' id='word_1_339' title='bbox 136 4444 418 4498; x_wconf 74' lang='lat' dir='ltr'><strong>observat</strong></span> <span class='ocrx_word' id='word_1_340' title='bbox 448 4438 747 4495; x_wconf 89' lang='lat' dir='ltr'><strong>Gerardus</strong></span> <span class='ocrx_word' id='word_1_341' title='bbox 781 4438 1040 4504; x_wconf 88' lang='lat' dir='ltr'><strong>Vossius,</strong></span> <span class='ocrx_word' id='word_1_342' title='bbox 1081 4436 1299 4493; x_wconf 90' lang='lat' dir='ltr'><strong>addere</strong></span> <span class='ocrx_word' id='word_1_343' title='bbox 1347 4436 1542 4507; x_wconf 89' lang='lat' dir='ltr'><strong>potuit</strong></span> <span class='ocrx_word' id='word_1_344' title='bbox 1591 4442 1650 4492; x_wconf 89' lang='lat' dir='ltr'><strong>et</strong></span> <span class='ocrx_word' id='word_1_345' title='bbox 1678 4444 1810 4509; x_wconf 90' lang='lat' dir='ltr'><strong>post</strong></span> 
     </span>
    </p>
   </div>
   <div class='ocr_carea' id='block_1_49' title="bbox 138 4525 1811 4599">
    <p class='ocr_par' dir='ltr' id='par_1_49' title="bbox 138 4525 1811 4599">
     <span class='ocr_line' id='line_1_49' title="bbox 138 4525 1811 4599; baseline -0.002 -13"><span class='ocrx_word' id='word_1_346' title='bbox 138 4532 475 4597; x_wconf 81' lang='lat' dir='ltr'><strong>Rufﬁnum,</strong></span> <span class='ocrx_word' id='word_1_347' title='bbox 515 4545 656 4584; x_wconf 91' lang='lat' dir='ltr'><strong>nam</strong></span> <span class='ocrx_word' id='word_1_348' title='bbox 684 4528 861 4583; x_wconf 89' lang='lat' dir='ltr'><strong>verba</strong></span> <span class='ocrx_word' id='word_1_349' title='bbox 890 4526 1201 4599; x_wconf 88' lang='lat' dir='ltr'><strong>Hegesippi</strong></span> <span class='ocrx_word' id='word_1_350' title='bbox 1243 4525 1403 4597; x_wconf 90' lang='lat' dir='ltr'><strong>apud</strong></span> <span class='ocrx_word' id='word_1_351' title='bbox 1456 4526 1707 4583; x_wconf 87' lang='lat' dir='ltr'><strong>Abdiam</strong></span> <span class='ocrx_word' id='word_1_352' title='bbox 1739 4545 1811 4584; x_wconf 86' lang='lat' dir='ltr'><strong>ex</strong></span> 
     </span>
    </p>
   </div>
   <div class='ocr_carea' id='block_1_50' title="bbox 1919 601 3558 673">
    <p class='ocr_par' dir='ltr' id='par_1_50' title="bbox 1919 601 3558 673">
     <span class='ocr_line' id='line_1_50' title="bbox 1919 601 3558 673; baseline 0.004 -15"><span class='ocrx_word' id='word_1_353' title='bbox 1919 601 2109 658; x_wconf 83' lang='lat' dir='ltr'><strong>cendo.</strong></span> <span class='ocrx_word' id='word_1_354' title='bbox 2137 609 2277 660; x_wconf 89' lang='lat' dir='ltr'><strong>sunt</strong></span> <span class='ocrx_word' id='word_1_355' title='bbox 2305 603 2463 660; x_wconf 90' lang='lat' dir='ltr'><strong>clare</strong></span> <span class='ocrx_word' id='word_1_356' title='bbox 2494 605 2800 673; x_wconf 85' lang='lat' dir='ltr'><strong>evincunt;</strong></span> <span class='ocrx_word' id='word_1_357' title='bbox 2832 622 2970 661; x_wconf 90' lang='lat' dir='ltr'><strong>nam</strong></span> <span class='ocrx_word' id='word_1_358' title='bbox 3001 606 3119 662; x_wconf 92' lang='lat' dir='ltr'><strong>alto</strong></span> <span class='ocrx_word' id='word_1_359' title='bbox 3151 606 3388 664; x_wconf 90' lang='lat' dir='ltr'><strong>silentio</strong></span> <span class='ocrx_word' id='word_1_360' title='bbox 3418 623 3558 665; x_wconf 77' lang='lat' dir='ltr'><strong>con~</strong></span> 
     </span>
    </p>
   </div>
   <div class='ocr_carea' id='block_1_51' title="bbox 1922 688 3562 768">
    <p class='ocr_par' dir='ltr' id='par_1_51' title="bbox 1922 688 3562 768">
     <span class='ocr_line' id='line_1_51' title="bbox 1922 688 3562 768; baseline 0.005 -23"><span class='ocrx_word' id='word_1_361' title='bbox 1922 688 2188 746; x_wconf 82' lang='lat' dir='ltr'><strong>demnari</strong></span> <span class='ocrx_word' id='word_1_362' title='bbox 2213 710 2334 748; x_wconf 92' lang='lat' dir='ltr'><strong>non</strong></span> <span class='ocrx_word' id='word_1_363' title='bbox 2356 701 2622 765; x_wconf 83' lang='lat' dir='ltr'><strong>possunt,</strong></span> <span class='ocrx_word' id='word_1_364' title='bbox 2641 712 2773 765; x_wconf 67' lang='lat' dir='ltr'><strong>quas</strong></span> <span class='ocrx_word' id='word_1_365' title='bbox 2796 694 2868 750; x_wconf 89' lang='lat' dir='ltr'><strong>ab</strong></span> <span class='ocrx_word' id='word_1_366' title='bbox 2902 696 3073 752; x_wconf 91' lang='lat' dir='ltr'><strong>initio</strong></span> <span class='ocrx_word' id='word_1_367' title='bbox 3104 703 3355 768; x_wconf 65' lang='lat' dir='ltr'><strong>receptas</strong></span> <span class='ocrx_word' id='word_1_368' title='bbox 3383 702 3562 768; x_wconf 89' lang='lat' dir='ltr'><strong>atque</strong></span> 
     </span>
    </p>
   </div>
   <div class='ocr_carea' id='block_1_52' title="bbox 1920 782 3566 859">
    <p class='ocr_par' dir='ltr' id='par_1_52' title="bbox 1920 782 3566 859">
     <span class='ocr_line' id='line_1_52' title="bbox 1920 782 3566 859; baseline 0.004 -22"><span class='ocrx_word' id='word_1_369' title='bbox 1920 797 2298 853; x_wconf 89' lang='lat' dir='ltr'><strong>summopere</strong></span> <span class='ocrx_word' id='word_1_370' title='bbox 2328 782 2581 838; x_wconf 66' lang='lat' dir='ltr'><strong>laudatas</strong></span> <span class='ocrx_word' id='word_1_371' title='bbox 2612 790 2789 850; x_wconf 87' lang='lat' dir='ltr'><strong>sunt;</strong></span> <span class='ocrx_word' id='word_1_372' title='bbox 2825 790 2884 840; x_wconf 88' lang='lat' dir='ltr'><strong>et</strong></span> <span class='ocrx_word' id='word_1_373' title='bbox 2911 801 2987 840; x_wconf 89' lang='lat' dir='ltr'><strong>an</strong></span> <span class='ocrx_word' id='word_1_374' title='bbox 3021 786 3077 840; x_wconf 92' lang='lat' dir='ltr'><strong>S.</strong></span> <span class='ocrx_word' id='word_1_375' title='bbox 3126 787 3331 859; x_wconf 86' lang='lat' dir='ltr'><strong>lgnatii</strong></span> <span class='ocrx_word' id='word_1_376' title='bbox 3362 804 3566 844; x_wconf 85' lang='lat' dir='ltr'><strong>revera</strong></span> 
     </span>
    </p>
   </div>
   <div class='ocr_carea' id='block_1_53' title="bbox 1918 870 3566 943">
    <p class='ocr_par' dir='ltr' id='par_1_53' title="bbox 1918 870 3566 943">
     <span class='ocr_line' id='line_1_53' title="bbox 1918 870 3566 943; baseline 0.004 -18"><span class='ocrx_word' id='word_1_377' title='bbox 1918 870 2190 943; x_wconf 68' lang='lat' dir='ltr'><strong>genuinas</strong></span> <span class='ocrx_word' id='word_1_378' title='bbox 2220 877 2440 936; x_wconf 89' lang='lat' dir='ltr'><strong>essent,</strong></span> <span class='ocrx_word' id='word_1_379' title='bbox 2494 886 2671 927; x_wconf 91' lang='lat' dir='ltr'><strong>nemo</strong></span> <span class='ocrx_word' id='word_1_380' title='bbox 2714 879 2999 939; x_wconf 86' lang='lat' dir='ltr'><strong>veterum,</strong></span> <span class='ocrx_word' id='word_1_381' title='bbox 3050 890 3226 930; x_wconf 90' lang='lat' dir='ltr'><strong>nemo</strong></span> <span class='ocrx_word' id='word_1_382' title='bbox 3275 877 3566 931; x_wconf 82' lang='lat' dir='ltr'><strong>recentio-</strong></span> 
     </span>
    </p>
   </div>
   <div class='ocr_carea' id='block_1_54' title="bbox 1919 959 3568 1036">
    <p class='ocr_par' dir='ltr' id='par_1_54' title="bbox 1919 959 3568 1036">
     <span class='ocr_line' id='line_1_54' title="bbox 1919 959 3568 1036; baseline 0.004 -22"><span class='ocrx_word' id='word_1_383' title='bbox 1919 975 2053 1015; x_wconf 89' lang='lat' dir='ltr'><strong>rum</strong></span> <span class='ocrx_word' id='word_1_384' title='bbox 2085 959 2386 1015; x_wconf 88' lang='lat' dir='ltr'><strong>dubitasse</strong></span> <span class='ocrx_word' id='word_1_385' title='bbox 2414 977 2476 1015; x_wconf 89' lang='lat' dir='ltr'><strong>se</strong></span> <span class='ocrx_word' id='word_1_386' title='bbox 2505 961 2725 1017; x_wconf 83' lang='lat' dir='ltr'><strong>diserte</strong></span> <span class='ocrx_word' id='word_1_387' title='bbox 2768 962 2957 1017; x_wconf 77' lang='lat' dir='ltr'><strong>dixit:</strong></span> <span class='ocrx_word' id='word_1_388' title='bbox 3007 979 3183 1019; x_wconf 88' lang='lat' dir='ltr'><strong>nemo</strong></span> <span class='ocrx_word' id='word_1_389' title='bbox 3228 965 3459 1036; x_wconf 88' lang='lat' dir='ltr'><strong>spurias</strong></span> <span class='ocrx_word' id='word_1_390' title='bbox 3508 971 3568 1020; x_wconf 89' lang='lat' dir='ltr'><strong>et</strong></span> 
     </span>
    </p>
   </div>
   <div class='ocr_carea' id='block_1_55' title="bbox 1920 1050 3563 1125">
    <p class='ocr_par' dir='ltr' id='par_1_55' title="bbox 1920 1050 3563 1125">
     <span class='ocr_line' id='line_1_55' title="bbox 1920 1050 3563 1125; baseline 0.003 -21"><span class='ocrx_word' id='word_1_391' title='bbox 1920 1050 2359 1107; x_wconf 87' lang='lat' dir='ltr'><strong>commentitias</strong></span> <span class='ocrx_word' id='word_1_392' title='bbox 2383 1050 2563 1106; x_wconf 85' lang='lat' dir='ltr'><strong>fuisse</strong></span> <span class='ocrx_word' id='word_1_393' title='bbox 2576 1051 2831 1123; x_wconf 79' lang='lat' dir='ltr'><strong>suSpicat</strong></span> <span class='ocrx_word' id='word_1_394' title='bbox 2843 1069 2910 1107; x_wconf 89' lang='lat' dir='ltr'><strong>us</strong></span> <span class='ocrx_word' id='word_1_395' title='bbox 2926 1059 3360 1124; x_wconf 85' lang='lat' dir='ltr'><strong>est,antequam</strong></span> <span class='ocrx_word' id='word_1_396' title='bbox 3372 1056 3563 1125; x_wconf 89' lang='lat' dir='ltr'><strong>primo</strong></span> 
     </span>
    </p>
   </div>
   <div class='ocr_carea' id='block_1_56' title="bbox 1921 1137 3567 1213">
    <p class='ocr_par' dir='ltr' id='par_1_56' title="bbox 1921 1137 3567 1213">
     <span class='ocr_line' id='line_1_56' title="bbox 1921 1137 3567 1213; baseline 0.003 -20"><span class='ocrx_word' id='word_1_397' title='bbox 1921 1137 2135 1208; x_wconf 70' lang='lat' dir='ltr'><strong>aliqua)</strong></span> <span class='ocrx_word' id='word_1_398' title='bbox 2168 1139 2370 1194; x_wconf 88' lang='lat' dir='ltr'><strong>Latine</strong></span> <span class='ocrx_word' id='word_1_399' title='bbox 2403 1144 2540 1194; x_wconf 88' lang='lat' dir='ltr'><strong>sunt</strong></span> <span class='ocrx_word' id='word_1_400' title='bbox 2569 1139 2874 1211; x_wconf 82' lang='lat' dir='ltr'><strong>impressae</strong></span> <span class='ocrx_word' id='word_1_401' title='bbox 2905 1142 3200 1197; x_wconf 87' lang='lat' dir='ltr'><strong>veteribus</strong></span> <span class='ocrx_word' id='word_1_402' title='bbox 3222 1145 3567 1213; x_wconf 88' lang='lat' dir='ltr'><strong>prorsusin-</strong></span> 
     </span>
    </p>
   </div>
   <div class='ocr_carea' id='block_1_57' title="bbox 1920 1227 3564 1302">
    <p class='ocr_par' dir='ltr' id='par_1_57' title="bbox 1920 1227 3564 1302">
     <span class='ocr_line' id='line_1_57' title="bbox 1920 1227 3564 1302; baseline 0.003 -19"><span class='ocrx_word' id='word_1_403' title='bbox 1920 1227 2192 1298; x_wconf 63' lang='lat' dir='ltr'><strong>cognitas,</strong></span> <span class='ocrx_word' id='word_1_404' title='bbox 2223 1228 2356 1283; x_wconf 60' lang='lat' dir='ltr'><strong>alia;</strong></span> <span class='ocrx_word' id='word_1_405' title='bbox 2412 1230 2590 1284; x_wconf 88' lang='lat' dir='ltr'><strong>etiam</strong></span> <span class='ocrx_word' id='word_1_406' title='bbox 2637 1229 2841 1285; x_wconf 85' lang='lat' dir='ltr'><strong>Latine</strong></span> <span class='ocrx_word' id='word_1_407' title='bbox 2888 1237 3116 1287; x_wconf 85' lang='lat' dir='ltr'><strong>tantum</strong></span> <span class='ocrx_word' id='word_1_408' title='bbox 3162 1233 3374 1302; x_wconf 89' lang='lat' dir='ltr'><strong>primo,</strong></span> <span class='ocrx_word' id='word_1_409' title='bbox 3425 1232 3564 1288; x_wconf 89' lang='lat' dir='ltr'><strong>dein</strong></span> 
     </span>
    </p>
   </div>
   <div class='ocr_carea' id='block_1_58' title="bbox 1921 1317 3564 1392">
    <p class='ocr_par' dir='ltr' id='par_1_58' title="bbox 1921 1317 3564 1392">
     <span class='ocr_line' id='line_1_58' title="bbox 1921 1317 3564 1392; baseline 0.003 -20"><span class='ocrx_word' id='word_1_410' title='bbox 1921 1317 2143 1382; x_wconf 65' lang='lat' dir='ltr'><strong>Graece,</strong></span> <span class='ocrx_word' id='word_1_411' title='bbox 2178 1319 2282 1373; x_wconf 89' lang='lat' dir='ltr'><strong>sed</strong></span> <span class='ocrx_word' id='word_1_412' title='bbox 2312 1335 2447 1374; x_wconf 89' lang='lat' dir='ltr'><strong>cum</strong></span> <span class='ocrx_word' id='word_1_413' title='bbox 2479 1319 2611 1375; x_wconf 90' lang='lat' dir='ltr'><strong>aliis</strong></span> <span class='ocrx_word' id='word_1_414' title='bbox 2651 1321 2899 1390; x_wconf 79' lang='lat' dir='ltr'><strong>junctae,</strong></span> <span class='ocrx_word' id='word_1_415' title='bbox 2950 1338 3080 1392; x_wconf 64' lang='lat' dir='ltr'><strong>qua)</strong></span> <span class='ocrx_word' id='word_1_416' title='bbox 3128 1322 3564 1377; x_wconf 87' lang='lat' dir='ltr'><strong>recentioribus</strong></span> 
     </span>
    </p>
   </div>
   <div class='ocr_carea' id='block_1_59' title="bbox 1921 1409 3565 1482">
    <p class='ocr_par' dir='ltr' id='par_1_59' title="bbox 1921 1409 3565 1482">
     <span class='ocr_line' id='line_1_59' title="bbox 1921 1409 3565 1482; baseline 0.002 -21"><span class='ocrx_word' id='word_1_417' title='bbox 1921 1411 2152 1462; x_wconf 88' lang='lat' dir='ltr'><strong>tantum</strong></span> <span class='ocrx_word' id='word_1_418' title='bbox 2185 1409 2401 1465; x_wconf 59' lang='lat' dir='ltr'><strong>Graecis</strong></span> <span class='ocrx_word' id='word_1_419' title='bbox 2421 1410 2634 1481; x_wconf 76' lang='lat' dir='ltr'><strong>agnitm</strong></span> <span class='ocrx_word' id='word_1_420' title='bbox 2668 1414 2827 1475; x_wconf 85' lang='lat' dir='ltr'><strong>sunt,</strong></span> <span class='ocrx_word' id='word_1_421' title='bbox 2862 1410 3099 1482; x_wconf 71' lang='lat' dir='ltr'><strong>illasque</strong></span> <span class='ocrx_word' id='word_1_422' title='bbox 3145 1412 3310 1482; x_wconf 77' lang='lat' dir='ltr'><strong>ipsae,</strong></span> <span class='ocrx_word' id='word_1_423' title='bbox 3344 1428 3378 1467; x_wconf 90' lang='lat' dir='ltr'><strong>a</strong></span> <span class='ocrx_word' id='word_1_424' title='bbox 3405 1417 3565 1466; x_wconf 83' lang='lat' dir='ltr'><strong>vete-</strong></span> 
     </span>
    </p>
   </div>
   <div class='ocr_carea' id='block_1_60' title="bbox 1920 1494 3566 1568">
    <p class='ocr_par' dir='ltr' id='par_1_60' title="bbox 1920 1494 3566 1568">
     <span class='ocr_line' id='line_1_60' title="bbox 1920 1494 3566 1568; baseline 0.004 -19"><span class='ocrx_word' id='word_1_425' title='bbox 1920 1494 2085 1550; x_wconf 87' lang='lat' dir='ltr'><strong>ribus</strong></span> <span class='ocrx_word' id='word_1_426' title='bbox 2106 1496 2391 1568; x_wconf 71' lang='lat' dir='ltr'><strong>probatie,</strong></span> <span class='ocrx_word' id='word_1_427' title='bbox 2424 1498 2666 1552; x_wconf 87' lang='lat' dir='ltr'><strong>nonnisi</strong></span> <span class='ocrx_word' id='word_1_428' title='bbox 2698 1499 2904 1554; x_wconf 87' lang='lat' dir='ltr'><strong>multis</strong></span> <span class='ocrx_word' id='word_1_429' title='bbox 2952 1501 3312 1555; x_wconf 89' lang='lat' dir='ltr'><strong>assumentis</strong></span> <span class='ocrx_word' id='word_1_430' title='bbox 3362 1506 3566 1555; x_wconf 86' lang='lat' dir='ltr'><strong>conta-</strong></span> 
     </span>
    </p>
   </div>
   <div class='ocr_carea' id='block_1_61' title="bbox 1922 1586 3569 1663">
    <p class='ocr_par' dir='ltr' id='par_1_61' title="bbox 1922 1586 3569 1663">
     <span class='ocr_line' id='line_1_61' title="bbox 1922 1586 3569 1663; baseline 0.003 -23"><span class='ocrx_word' id='word_1_431' title='bbox 1922 1586 2162 1641; x_wconf 70' lang='lat' dir='ltr'><strong>minatas</strong></span> <span class='ocrx_word' id='word_1_432' title='bbox 2192 1594 2564 1658; x_wconf 86' lang='lat' dir='ltr'><strong>apparerent.</strong></span> <span class='ocrx_word' id='word_1_433' title='bbox 2599 1589 2743 1643; x_wconf 91' lang='lat' dir='ltr'><strong>Cum</strong></span> <span class='ocrx_word' id='word_1_434' title='bbox 2772 1587 2953 1661; x_wconf 82' lang='lat' dir='ltr'><strong>igitur</strong></span> <span class='ocrx_word' id='word_1_435' title='bbox 2973 1591 3101 1663; x_wconf 89' lang='lat' dir='ltr'><strong>jam</strong></span> <span class='ocrx_word' id='word_1_436' title='bbox 3144 1590 3384 1645; x_wconf 87' lang='lat' dir='ltr'><strong>tandem</strong></span> <span class='ocrx_word' id='word_1_437' title='bbox 3415 1589 3569 1645; x_wconf 87' lang='lat' dir='ltr'><strong>anti-</strong></span> 
     </span>
    </p>
   </div>
   <div class='ocr_carea' id='block_1_62' title="bbox 1922 1675 3572 1750">
    <p class='ocr_par' dir='ltr' id='par_1_62' title="bbox 1922 1675 3572 1750">
     <span class='ocr_line' id='line_1_62' title="bbox 1922 1675 3572 1750; baseline 0.003 -21"><span class='ocrx_word' id='word_1_438' title='bbox 1922 1675 2224 1746; x_wconf 81' lang='lat' dir='ltr'><strong>quissimae</strong></span> <span class='ocrx_word' id='word_1_439' title='bbox 2255 1677 2463 1748; x_wconf 84' lang='lat' dir='ltr'><strong>Ignatii</strong></span> <span class='ocrx_word' id='word_1_440' title='bbox 2482 1676 2749 1748; x_wconf 68' lang='lat' dir='ltr'><strong>epistola)</strong></span> <span class='ocrx_word' id='word_1_441' title='bbox 2770 1694 2805 1734; x_wconf 90' lang='lat' dir='ltr'><strong>a</strong></span> <span class='ocrx_word' id='word_1_442' title='bbox 2835 1680 3208 1750; x_wconf 88' lang='lat' dir='ltr'><strong>sequioribus</strong></span> <span class='ocrx_word' id='word_1_443' title='bbox 3230 1681 3348 1735; x_wconf 88' lang='lat' dir='ltr'><strong>sint</strong></span> <span class='ocrx_word' id='word_1_444' title='bbox 3365 1680 3572 1736; x_wconf 85' lang='lat' dir='ltr'><strong>discri-</strong></span> 
     </span>
    </p>
   </div>
   <div class='ocr_carea' id='block_1_63' title="bbox 1922 1764 3566 1839">
    <p class='ocr_par' dir='ltr' id='par_1_63' title="bbox 1922 1764 3566 1839">
     <span class='ocr_line' id='line_1_63' title="bbox 1922 1764 3566 1839; baseline 0.004 -21"><span class='ocrx_word' id='word_1_445' title='bbox 1922 1764 2160 1819; x_wconf 72' lang='lat' dir='ltr'><strong>minatas</strong></span> <span class='ocrx_word' id='word_1_446' title='bbox 2187 1770 2366 1836; x_wconf 88' lang='lat' dir='ltr'><strong>atque</strong></span> <span class='ocrx_word' id='word_1_447' title='bbox 2399 1764 2730 1837; x_wconf 84' lang='lat' dir='ltr'><strong>disjunctae,</strong></span> <span class='ocrx_word' id='word_1_448' title='bbox 2755 1767 2827 1822; x_wconf 89' lang='lat' dir='ltr'><strong>ab</strong></span> <span class='ocrx_word' id='word_1_449' title='bbox 2854 1768 3212 1822; x_wconf 84' lang='lat' dir='ltr'><strong>assumentis</strong></span> <span class='ocrx_word' id='word_1_450' title='bbox 3233 1775 3409 1839; x_wconf 89' lang='lat' dir='ltr'><strong>atque</strong></span> <span class='ocrx_word' id='word_1_451' title='bbox 3431 1786 3566 1824; x_wconf 83' lang='lat' dir='ltr'><strong>cor-</strong></span> 
     </span>
    </p>
   </div>
   <div class='ocr_carea' id='block_1_64' title="bbox 1922 1852 3569 1926">
    <p class='ocr_par' dir='ltr' id='par_1_64' title="bbox 1922 1852 3569 1926">
     <span class='ocr_line' id='line_1_64' title="bbox 1922 1852 3569 1926; baseline 0.004 -20"><span class='ocrx_word' id='word_1_452' title='bbox 1922 1853 2171 1923; x_wconf 85' lang='lat' dir='ltr'><strong>ruptelis</strong></span> <span class='ocrx_word' id='word_1_453' title='bbox 2200 1852 2485 1922; x_wconf 64' lang='lat' dir='ltr'><strong>liberatas,</strong></span> <span class='ocrx_word' id='word_1_454' title='bbox 2518 1855 2817 1926; x_wconf 67' lang='lat' dir='ltr'><strong>nitosique</strong></span> <span class='ocrx_word' id='word_1_455' title='bbox 2848 1856 3099 1926; x_wconf 86' lang='lat' dir='ltr'><strong>pristino</strong></span> <span class='ocrx_word' id='word_1_456' title='bbox 3131 1857 3443 1921; x_wconf 69' lang='lat' dir='ltr'><strong>restitutis,</strong></span> <span class='ocrx_word' id='word_1_457' title='bbox 3487 1857 3569 1912; x_wconf 87' lang='lat' dir='ltr'><strong>si-</strong></span> 
     </span>
    </p>
   </div>
   <div class='ocr_carea' id='block_1_65' title="bbox 1920 1942 3570 2015">
    <p class='ocr_par' dir='ltr' id='par_1_65' title="bbox 1920 1942 3570 2015">
     <span class='ocr_line' id='line_1_65' title="bbox 1920 1942 3570 2015; baseline 0.003 -19"><span class='ocrx_word' id='word_1_458' title='bbox 1920 1942 2163 2012; x_wconf 87' lang='lat' dir='ltr'><strong>mulque</strong></span> <span class='ocrx_word' id='word_1_459' title='bbox 2196 1943 2685 1999; x_wconf 86' lang='lat' dir='ltr'><strong>cumulatissimis</strong></span> <span class='ocrx_word' id='word_1_460' title='bbox 2734 1946 3205 2015; x_wconf 84' lang='lat' dir='ltr'><strong>uniuscujusque</strong></span> <span class='ocrx_word' id='word_1_461' title='bbox 3255 1947 3453 2001; x_wconf 63' lang='lat' dir='ltr'><strong>saeculi</strong></span> <span class='ocrx_word' id='word_1_462' title='bbox 3490 1951 3570 2001; x_wconf 88' lang='lat' dir='ltr'><strong>te-</strong></span> 
     </span>
    </p>
   </div>
   <div class='ocr_carea' id='block_1_66' title="bbox 1920 2030 3565 2105">
    <p class='ocr_par' dir='ltr' id='par_1_66' title="bbox 1920 2030 3565 2105">
     <span class='ocr_line' id='line_1_66' title="bbox 1920 2030 3565 2105; baseline 0.002 -19"><span class='ocrx_word' id='word_1_463' title='bbox 1920 2030 2216 2086; x_wconf 87' lang='lat' dir='ltr'><strong>stimoniis</strong></span> <span class='ocrx_word' id='word_1_464' title='bbox 2266 2033 2651 2102; x_wconf 70' lang='lat' dir='ltr'><strong>conﬁrmatae,</strong></span> <span class='ocrx_word' id='word_1_465' title='bbox 2695 2049 2888 2105; x_wconf 90' lang='lat' dir='ltr'><strong>neque</strong></span> <span class='ocrx_word' id='word_1_466' title='bbox 2937 2035 3252 2105; x_wconf 86' lang='lat' dir='ltr'><strong>quisquam</strong></span> <span class='ocrx_word' id='word_1_467' title='bbox 3304 2041 3565 2090; x_wconf 89' lang='lat' dir='ltr'><strong>veterum</strong></span> 
     </span>
    </p>
   </div>
   <div class='ocr_carea' id='block_1_67' title="bbox 1918 2118 3568 2194">
    <p class='ocr_par' dir='ltr' id='par_1_67' title="bbox 1918 2118 3568 2194">
     <span class='ocr_line' id='line_1_67' title="bbox 1918 2118 3568 2194; baseline 0.004 -22"><span class='ocrx_word' id='word_1_468' title='bbox 1918 2122 2219 2188; x_wconf 87' lang='lat' dir='ltr'><strong>appareat,</strong></span> <span class='ocrx_word' id='word_1_469' title='bbox 2266 2118 2367 2189; x_wconf 86' lang='lat' dir='ltr'><strong>qui</strong></span> <span class='ocrx_word' id='word_1_470' title='bbox 2408 2119 2480 2174; x_wconf 91' lang='lat' dir='ltr'><strong>de</strong></span> <span class='ocrx_word' id='word_1_471' title='bbox 2531 2136 2733 2176; x_wconf 78' lang='lat' dir='ltr'><strong>earum</strong></span> <span class='ocrx_word' id='word_1_472' title='bbox 2791 2121 3201 2193; x_wconf 76' lang='lat' dir='ltr'><strong>suppositione</strong></span> <span class='ocrx_word' id='word_1_473' title='bbox 3241 2122 3568 2194; x_wconf 89' lang='lat' dir='ltr'><strong>quidquam</strong></span> 
     </span>
    </p>
   </div>
   <div class='ocr_carea' id='block_1_68' title="bbox 1920 2207 3567 2284">
    <p class='ocr_par' dir='ltr' id='par_1_68' title="bbox 1920 2207 3567 2284">
     <span class='ocr_line' id='line_1_68' title="bbox 1920 2207 3567 2284; baseline 0.005 -23"><span class='ocrx_word' id='word_1_474' title='bbox 1920 2207 2247 2263; x_wconf 88' lang='lat' dir='ltr'><strong>hariolatus</strong></span> <span class='ocrx_word' id='word_1_475' title='bbox 2278 2208 2391 2276; x_wconf 87' lang='lat' dir='ltr'><strong>sit;</strong></span> <span class='ocrx_word' id='word_1_476' title='bbox 2437 2210 2606 2265; x_wconf 91' lang='lat' dir='ltr'><strong>nulla</strong></span> <span class='ocrx_word' id='word_1_477' title='bbox 2648 2211 2796 2266; x_wconf 89' lang='lat' dir='ltr'><strong>ratio</strong></span> <span class='ocrx_word' id='word_1_478' title='bbox 2846 2211 2943 2266; x_wconf 85' lang='lat' dir='ltr'><strong>vel</strong></span> <span class='ocrx_word' id='word_1_479' title='bbox 2987 2213 3303 2283; x_wconf 85' lang='lat' dir='ltr'><strong>excogitari</strong></span> <span class='ocrx_word' id='word_1_480' title='bbox 3354 2219 3567 2284; x_wconf 88' lang='lat' dir='ltr'><strong>potest,</strong></span> 
     </span>
    </p>
   </div>
   <div class='ocr_carea' id='block_1_69' title="bbox 1920 2296 3565 2371">
    <p class='ocr_par' dir='ltr' id='par_1_69' title="bbox 1920 2296 3565 2371">
     <span class='ocr_line' id='line_1_69' title="bbox 1920 2296 3565 2371; baseline 0.004 -20"><span class='ocrx_word' id='word_1_481' title='bbox 1920 2296 1993 2351; x_wconf 92' lang='lat' dir='ltr'><strong>ob</strong></span> <span class='ocrx_word' id='word_1_482' title='bbox 2026 2313 2204 2367; x_wconf 84' lang='lat' dir='ltr'><strong>quam</strong></span> <span class='ocrx_word' id='word_1_483' title='bbox 2230 2314 2431 2353; x_wconf 90' lang='lat' dir='ltr'><strong>earum</strong></span> <span class='ocrx_word' id='word_1_484' title='bbox 2456 2300 2792 2355; x_wconf 89' lang='lat' dir='ltr'><strong>veneranda</strong></span> <span class='ocrx_word' id='word_1_485' title='bbox 2820 2300 3145 2371; x_wconf 84' lang='lat' dir='ltr'><strong>antiquitas</strong></span> <span class='ocrx_word' id='word_1_486' title='bbox 3166 2306 3225 2357; x_wconf 89' lang='lat' dir='ltr'><strong>et</strong></span> <span class='ocrx_word' id='word_1_487' title='bbox 3243 2302 3565 2358; x_wconf 85' lang='lat' dir='ltr'><strong>auctoritas</strong></span> 
     </span>
    </p>
   </div>
   <div class='ocr_carea' id='block_1_70' title="bbox 1921 2385 3564 2457">
    <p class='ocr_par' dir='ltr' id='par_1_70' title="bbox 1921 2385 3564 2457">
     <span class='ocr_line' id='line_1_70' title="bbox 1921 2385 3564 2457; baseline 0.003 -16"><span class='ocrx_word' id='word_1_488' title='bbox 1921 2385 2120 2441; x_wconf 89' lang='lat' dir='ltr'><strong>debita</strong></span> <span class='ocrx_word' id='word_1_489' title='bbox 2149 2387 2211 2442; x_wconf 90' lang='lat' dir='ltr'><strong>in</strong></span> <span class='ocrx_word' id='word_1_490' title='bbox 2240 2386 2485 2442; x_wconf 86' lang='lat' dir='ltr'><strong>dubium</strong></span> <span class='ocrx_word' id='word_1_491' title='bbox 2518 2388 2595 2443; x_wconf 90' lang='lat' dir='ltr'><strong>sit</strong></span> <span class='ocrx_word' id='word_1_492' title='bbox 2624 2389 2990 2457; x_wconf 85' lang='lat' dir='ltr'><strong>revocanda;</strong></span> <span class='ocrx_word' id='word_1_493' title='bbox 3015 2397 3115 2444; x_wconf 87' lang='lat' dir='ltr'><strong>aut</strong></span> <span class='ocrx_word' id='word_1_494' title='bbox 3145 2391 3193 2445; x_wconf 89' lang='lat' dir='ltr'><strong>si</strong></span> <span class='ocrx_word' id='word_1_495' title='bbox 3225 2390 3348 2446; x_wconf 86' lang='lat' dir='ltr'><strong>ulla</strong></span> <span class='ocrx_word' id='word_1_496' title='bbox 3390 2407 3564 2447; x_wconf 87' lang='lat' dir='ltr'><strong>exco-</strong></span> 
     </span>
    </p>
   </div>
   <div class='ocr_carea' id='block_1_71' title="bbox 1919 2475 3563 2549">
    <p class='ocr_par' dir='ltr' id='par_1_71' title="bbox 1919 2475 3563 2549">
     <span class='ocr_line' id='line_1_71' title="bbox 1919 2475 3563 2549; baseline 0.004 -20"><span class='ocrx_word' id='word_1_497' title='bbox 1919 2475 1971 2545; x_wconf 77' lang='lat' dir='ltr'><strong>gi</strong></span> <span class='ocrx_word' id='word_1_498' title='bbox 1984 2476 2090 2531; x_wconf 90' lang='lat' dir='ltr'><strong>tari</strong></span> <span class='ocrx_word' id='word_1_499' title='bbox 2119 2476 2325 2547; x_wconf 84' lang='lat' dir='ltr'><strong>possit,</strong></span> <span class='ocrx_word' id='word_1_500' title='bbox 2362 2493 2431 2532; x_wconf 89' lang='lat' dir='ltr'><strong>ea</strong></span> <span class='ocrx_word' id='word_1_501' title='bbox 2458 2493 2530 2532; x_wconf 89' lang='lat' dir='ltr'><strong>ex</strong></span> <span class='ocrx_word' id='word_1_502' title='bbox 2560 2478 2691 2549; x_wconf 83' lang='lat' dir='ltr'><strong>ipsa</strong></span> <span class='ocrx_word' id='word_1_503' title='bbox 2720 2478 3106 2549; x_wconf 73' lang='lat' dir='ltr'><strong>epistularum</strong></span> <span class='ocrx_word' id='word_1_504' title='bbox 3148 2481 3399 2536; x_wconf 86' lang='lat' dir='ltr'><strong>materia</strong></span> <span class='ocrx_word' id='word_1_505' title='bbox 3427 2481 3563 2536; x_wconf 90' lang='lat' dir='ltr'><strong>elici</strong></span> 
     </span>
    </p>
   </div>
   <div class='ocr_carea' id='block_1_72' title="bbox 1919 2564 3566 2637">
    <p class='ocr_par' dir='ltr' id='par_1_72' title="bbox 1919 2564 3566 2637">
     <span class='ocr_line' id='line_1_72' title="bbox 1919 2564 3566 2637; baseline 0.004 -18"><span class='ocrx_word' id='word_1_506' title='bbox 1919 2564 2114 2628; x_wconf 90' lang='lat' dir='ltr'><strong>debet,</strong></span> <span class='ocrx_word' id='word_1_507' title='bbox 2148 2582 2325 2636; x_wconf 91' lang='lat' dir='ltr'><strong>quam</strong></span> <span class='ocrx_word' id='word_1_508' title='bbox 2367 2567 2431 2621; x_wconf 91' lang='lat' dir='ltr'><strong>in</strong></span> <span class='ocrx_word' id='word_1_509' title='bbox 2474 2567 2751 2637; x_wconf 86' lang='lat' dir='ltr'><strong>sequenti</strong></span> <span class='ocrx_word' id='word_1_510' title='bbox 2795 2567 3212 2624; x_wconf 87' lang='lat' dir='ltr'><strong>dissertatione</strong></span> <span class='ocrx_word' id='word_1_511' title='bbox 3269 2569 3342 2624; x_wconf 90' lang='lat' dir='ltr'><strong>ab</strong></span> <span class='ocrx_word' id='word_1_512' title='bbox 3401 2570 3566 2625; x_wconf 90' lang='lat' dir='ltr'><strong>omni</strong></span> 
     </span>
    </p>
   </div>
   <div class='ocr_carea' id='block_1_73' title="bbox 1920 2654 3568 2728">
    <p class='ocr_par' dir='ltr' id='par_1_73' title="bbox 1920 2654 3568 2728">
     <span class='ocr_line' id='line_1_73' title="bbox 1920 2654 3568 2728; baseline 0.004 -20"><span class='ocrx_word' id='word_1_513' title='bbox 1920 2654 2256 2725; x_wconf 88' lang='lat' dir='ltr'><strong>suspicione</strong></span> <span class='ocrx_word' id='word_1_514' title='bbox 2303 2654 2727 2711; x_wconf 87' lang='lat' dir='ltr'><strong>liberabimus:</strong></span> <span class='ocrx_word' id='word_1_515' title='bbox 2786 2657 2893 2712; x_wconf 87' lang='lat' dir='ltr'><strong>hac</strong></span> <span class='ocrx_word' id='word_1_516' title='bbox 2937 2657 3177 2712; x_wconf 89' lang='lat' dir='ltr'><strong>interim</strong></span> <span class='ocrx_word' id='word_1_517' title='bbox 3232 2657 3568 2728; x_wconf 88' lang='lat' dir='ltr'><strong>justissima</strong></span> 
     </span>
    </p>
   </div>
   <div class='ocr_carea' id='block_1_74' title="bbox 1920 2743 3569 2814">
    <p class='ocr_par' dir='ltr' id='par_1_74' title="bbox 1920 2743 3569 2814">
     <span class='ocr_line' id='line_1_74' title="bbox 1920 2743 3569 2814; baseline 0.002 -17"><span class='ocrx_word' id='word_1_518' title='bbox 1920 2743 2383 2814; x_wconf 77' lang='lat' dir='ltr'><strong>praesumptione</strong></span> <span class='ocrx_word' id='word_1_519' title='bbox 2413 2744 2698 2810; x_wconf 88' lang='lat' dir='ltr'><strong>contenti,</strong></span> <span class='ocrx_word' id='word_1_520' title='bbox 2732 2749 2819 2798; x_wconf 90' lang='lat' dir='ltr'><strong>tot</strong></span> <span class='ocrx_word' id='word_1_521' title='bbox 2848 2745 3276 2799; x_wconf 83' lang='lat' dir='ltr'><strong>vetustissimos</strong></span> <span class='ocrx_word' id='word_1_522' title='bbox 3301 2746 3569 2801; x_wconf 89' lang='lat' dir='ltr'><strong>doctissi-</strong></span> 
     </span>
    </p>
   </div>
   <div class='ocr_carea' id='block_1_75' title="bbox 1921 2833 3564 2906">
    <p class='ocr_par' dir='ltr' id='par_1_75' title="bbox 1921 2833 3564 2906">
     <span class='ocr_line' id='line_1_75' title="bbox 1921 2833 3564 2906; baseline 0.001 -19"><span class='ocrx_word' id='word_1_523' title='bbox 1921 2848 2168 2903; x_wconf 88' lang='lat' dir='ltr'><strong>mosque</strong></span> <span class='ocrx_word' id='word_1_524' title='bbox 2197 2834 2401 2888; x_wconf 88' lang='lat' dir='ltr'><strong>Patres</strong></span> <span class='ocrx_word' id='word_1_525' title='bbox 2421 2849 2554 2887; x_wconf 90' lang='lat' dir='ltr'><strong>cum</strong></span> <span class='ocrx_word' id='word_1_526' title='bbox 2586 2833 2940 2903; x_wconf 88' lang='lat' dir='ltr'><strong>sequacibus</strong></span> <span class='ocrx_word' id='word_1_527' title='bbox 2972 2834 3035 2888; x_wconf 90' lang='lat' dir='ltr'><strong>in</strong></span> <span class='ocrx_word' id='word_1_528' title='bbox 3085 2834 3411 2906; x_wconf 68' lang='lat' dir='ltr'><strong>lgnatianis</strong></span> <span class='ocrx_word' id='word_1_529' title='bbox 3442 2851 3564 2889; x_wconf 90' lang='lat' dir='ltr'><strong>non</strong></span> 
     </span>
    </p>
   </div>
   <div class='ocr_carea' id='block_1_76' title="bbox 1921 2923 3566 2993">
    <p class='ocr_par' dir='ltr' id='par_1_76' title="bbox 1921 2923 3566 2993">
     <span class='ocr_line' id='line_1_76' title="bbox 1921 2923 3566 2993; baseline 0.002 -17"><span class='ocrx_word' id='word_1_530' title='bbox 1921 2938 2203 2989; x_wconf 75' lang='lat' dir='ltr'><strong>errassse,</strong></span> <span class='ocrx_word' id='word_1_531' title='bbox 2236 2923 2336 2993; x_wconf 89' lang='lat' dir='ltr'><strong>qui</strong></span> <span class='ocrx_word' id='word_1_532' title='bbox 2363 2927 2522 2978; x_wconf 85' lang='lat' dir='ltr'><strong>tanto</strong></span> <span class='ocrx_word' id='word_1_533' title='bbox 2553 2940 2848 2978; x_wconf 86' lang='lat' dir='ltr'><strong>consensu</strong></span> <span class='ocrx_word' id='word_1_534' title='bbox 2876 2924 2938 2979; x_wconf 88' lang='lat' dir='ltr'><strong>in</strong></span> <span class='ocrx_word' id='word_1_535' title='bbox 2968 2924 3137 2979; x_wconf 84' lang='lat' dir='ltr'><strong>nullo</strong></span> <span class='ocrx_word' id='word_1_536' title='bbox 3178 2924 3294 2978; x_wconf 90' lang='lat' dir='ltr'><strong>alio</strong></span> <span class='ocrx_word' id='word_1_537' title='bbox 3345 2925 3566 2980; x_wconf 89' lang='lat' dir='ltr'><strong>celebri</strong></span> 
     </span>
    </p>
   </div>
   <div class='ocr_carea' id='block_1_77' title="bbox 1922 3012 3564 3084">
    <p class='ocr_par' dir='ltr' id='par_1_77' title="bbox 1922 3012 3564 3084">
     <span class='ocr_line' id='line_1_77' title="bbox 1922 3012 3564 3084; baseline 0.001 -17"><span class='ocrx_word' id='word_1_538' title='bbox 1922 3017 1981 3067; x_wconf 89' lang='lat' dir='ltr'><strong>et</strong></span> <span class='ocrx_word' id='word_1_539' title='bbox 2009 3012 2252 3082; x_wconf 89' lang='lat' dir='ltr'><strong>antiquo</strong></span> <span class='ocrx_word' id='word_1_540' title='bbox 2283 3012 2687 3067; x_wconf 86' lang='lat' dir='ltr'><strong>ecclesiastico</strong></span> <span class='ocrx_word' id='word_1_541' title='bbox 2722 3012 2943 3084; x_wconf 81' lang='lat' dir='ltr'><strong>scripto</strong></span> <span class='ocrx_word' id='word_1_542' title='bbox 2990 3028 3102 3068; x_wconf 84' lang='lat' dir='ltr'><strong>nos</strong></span> <span class='ocrx_word' id='word_1_543' title='bbox 3148 3012 3427 3068; x_wconf 78' lang='lat' dir='ltr'><strong>fefellisse</strong></span> <span class='ocrx_word' id='word_1_544' title='bbox 3465 3014 3564 3068; x_wconf 87' lang='lat' dir='ltr'><strong>ha-</strong></span> 
     </span>
    </p>
   </div>
   <div class='ocr_carea' id='block_1_78' title="bbox 1923 3102 2705 3174">
    <p class='ocr_par' dir='ltr' id='par_1_78' title="bbox 1923 3102 2705 3174">
     <span class='ocr_line' id='line_1_78' title="bbox 1923 3102 2705 3174; baseline -0.001 -18"><span class='ocrx_word' id='word_1_545' title='bbox 1923 3106 2131 3157; x_wconf 87' lang='lat' dir='ltr'><strong>ctenus</strong></span> <span class='ocrx_word' id='word_1_546' title='bbox 2160 3102 2515 3174; x_wconf 78' lang='lat' dir='ltr'><strong>deprehensi</strong></span> <span class='ocrx_word' id='word_1_547' title='bbox 2548 3107 2705 3158; x_wconf 90' lang='lat' dir='ltr'><strong>sunt.</strong></span> 
     </span>
    </p>
   </div>
   <div class='ocr_carea' id='block_1_79' title="bbox 2564 3202 2923 3299">
    <p class='ocr_par' dir='ltr' id='par_1_79' title="bbox 2564 3202 2923 3299">
     <span class='ocr_line' id='line_1_79' title="bbox 2564 3202 2923 3299; baseline 0 -2"><span class='ocrx_word' id='word_1_548' title='bbox 2564 3202 2793 3299; x_wconf 66' lang='lat' dir='ltr'><strong>CAPDT</strong></span> <span class='ocrx_word' id='word_1_549' title='bbox 2832 3244 2923 3299; x_wconf 90' lang='lat' dir='ltr'><strong>Iv.</strong></span> 
     </span>
    </p>
   </div>
   <div class='ocr_carea' id='block_1_80' title="bbox 1918 3359 3568 3421">
    <p class='ocr_par' dir='ltr' id='par_1_80' title="bbox 1918 3359 3568 3421">
     <span class='ocr_line' id='line_1_80' title="bbox 1918 3359 3568 3421; baseline 0.001 -14"><span class='ocrx_word' id='word_1_550' title='bbox 1918 3360 2325 3421; x_wconf 72' lang='lat' dir='ltr'><strong>Argumentum</strong></span> <span class='ocrx_word' id='word_1_551' title='bbox 2373 3359 2827 3408; x_wconf 71' lang='lat' dir='ltr'><strong>adversariorum</strong></span> <span class='ocrx_word' id='word_1_552' title='bbox 2858 3375 2893 3408; x_wconf 89' lang='lat' dir='ltr'><strong>a</strong></span> <span class='ocrx_word' id='word_1_553' title='bbox 2922 3360 3259 3410; x_wconf 74' lang='lat' dir='ltr'><strong>testimoniis</strong></span> <span class='ocrx_word' id='word_1_554' title='bbox 3299 3360 3568 3409; x_wconf 83' lang='lat' dir='ltr'><strong>adversus</strong></span> 
     </span>
    </p>
   </div>
   <div class='ocr_carea' id='block_1_81' title="bbox 1979 3431 3566 3496">
    <p class='ocr_par' dir='ltr' id='par_1_81' title="bbox 1979 3431 3566 3496">
     <span class='ocr_line' id='line_1_81' title="bbox 1979 3431 3566 3496; baseline 0.001 -14"><span class='ocrx_word' id='word_1_555' title='bbox 1979 3433 2282 3496; x_wconf 84' lang='lat' dir='ltr'><strong>lgnatiana</strong></span> <span class='ocrx_word' id='word_1_556' title='bbox 2305 3433 2676 3495; x_wconf 61' lang='lat' dir='ltr'><strong>expungitur.</strong></span> <span class='ocrx_word' id='word_1_557' title='bbox 2710 3431 3138 3483; x_wconf 86' lang='lat' dir='ltr'><strong>Stichometriam</strong></span> <span class='ocrx_word' id='word_1_558' title='bbox 3181 3450 3293 3483; x_wconf 89' lang='lat' dir='ltr'><strong>non</strong></span> <span class='ocrx_word' id='word_1_559' title='bbox 3324 3449 3438 3482; x_wconf 83' lang='lat' dir='ltr'><strong>esse</strong></span> <span class='ocrx_word' id='word_1_560' title='bbox 3467 3434 3566 3483; x_wconf 73' lang='lat' dir='ltr'><strong>Ni-</strong></span> 
     </span>
    </p>
   </div>
   <div class='ocr_carea' id='block_1_82' title="bbox 1982 3502 3563 3566">
    <p class='ocr_par' dir='ltr' id='par_1_82' title="bbox 1982 3502 3563 3566">
     <span class='ocr_line' id='line_1_82' title="bbox 1982 3502 3563 3566; baseline 0 -14"><span class='ocrx_word' id='word_1_561' title='bbox 1982 3502 2200 3565; x_wconf 79' lang='lat' dir='ltr'><strong>cephori</strong></span> <span class='ocrx_word' id='word_1_562' title='bbox 2222 3503 2578 3566; x_wconf 79' lang='lat' dir='ltr'><strong>patriarchae.</strong></span> <span class='ocrx_word' id='word_1_563' title='bbox 2616 3504 2680 3553; x_wconf 85' lang='lat' dir='ltr'><strong>Et</strong></span> <span class='ocrx_word' id='word_1_564' title='bbox 2711 3503 3090 3565; x_wconf 76' lang='lat' dir='ltr'><strong>Nicephorum</strong></span> <span class='ocrx_word' id='word_1_565' title='bbox 3119 3514 3170 3554; x_wconf 90' lang='lat' dir='ltr'><strong>et</strong></span> <span class='ocrx_word' id='word_1_566' title='bbox 3204 3506 3563 3554; x_wconf 77' lang='lat' dir='ltr'><strong>Anastasium</strong></span> 
     </span>
    </p>
   </div>
   <div class='ocr_carea' id='block_1_83' title="bbox 1980 3574 3563 3637">
    <p class='ocr_par' dir='ltr' id='par_1_83' title="bbox 1980 3574 3563 3637">
     <span class='ocr_line' id='line_1_83' title="bbox 1980 3574 3563 3637; baseline 0.001 -14"><span class='ocrx_word' id='word_1_567' title='bbox 1980 3575 2201 3637; x_wconf 78' lang='lat' dir='ltr'><strong>Ignatii</strong></span> <span class='ocrx_word' id='word_1_568' title='bbox 2229 3575 2490 3636; x_wconf 84' lang='lat' dir='ltr'><strong>epistolas</strong></span> <span class='ocrx_word' id='word_1_569' title='bbox 2520 3574 2830 3624; x_wconf 81' lang='lat' dir='ltr'><strong>admisisse.</strong></span> <span class='ocrx_word' id='word_1_570' title='bbox 2854 3576 3262 3625; x_wconf 77' lang='lat' dir='ltr'><strong>Stichometrice</strong></span> <span class='ocrx_word' id='word_1_571' title='bbox 3282 3584 3563 3624; x_wconf 79' lang='lat' dir='ltr'><strong>auctorem</strong></span> 
     </span>
    </p>
   </div>
   <div class='ocr_carea' id='block_1_84' title="bbox 1982 3646 3571 3709">
    <p class='ocr_par' dir='ltr' id='par_1_84' title="bbox 1982 3646 3571 3709">
     <span class='ocr_line' id='line_1_84' title="bbox 1982 3646 3571 3709; baseline 0 -14"><span class='ocrx_word' id='word_1_572' title='bbox 1982 3660 2091 3695; x_wconf 68' lang='lat' dir='ltr'><strong>non</strong></span> <span class='ocrx_word' id='word_1_573' title='bbox 2122 3648 2491 3696; x_wconf 80' lang='lat' dir='ltr'><strong>condemnare</strong></span> <span class='ocrx_word' id='word_1_574' title='bbox 2512 3646 2735 3709; x_wconf 77' lang='lat' dir='ltr'><strong>Ignatii</strong></span> <span class='ocrx_word' id='word_1_575' title='bbox 2763 3648 3044 3709; x_wconf 77' lang='lat' dir='ltr'><strong>epistolas.</strong></span> <span class='ocrx_word' id='word_1_576' title='bbox 3064 3648 3327 3709; x_wconf 80' lang='lat' dir='ltr'><strong>Defensio</strong></span> <span class='ocrx_word' id='word_1_577' title='bbox 3348 3662 3571 3709; x_wconf 82' lang='lat' dir='ltr'><strong>respon-</strong></span> 
     </span>
    </p>
   </div>
   <div class='ocr_carea' id='block_1_85' title="bbox 1977 3724 3571 3786">
    <p class='ocr_par' dir='ltr' id='par_1_85' title="bbox 1977 3724 3571 3786">
     <span class='ocr_line' id='line_1_85' title="bbox 1977 3724 3571 3786; baseline -0.001 -13"><span class='ocrx_word' id='word_1_578' title='bbox 1977 3725 2156 3773; x_wconf 86' lang='lat' dir='ltr'><strong>sionis</strong></span> <span class='ocrx_word' id='word_1_579' title='bbox 2185 3724 2536 3773; x_wconf 78' lang='lat' dir='ltr'><strong>ﬂammandi.</strong></span> <span class='ocrx_word' id='word_1_580' title='bbox 2569 3725 2693 3774; x_wconf 86' lang='lat' dir='ltr'><strong>Non</strong></span> <span class='ocrx_word' id='word_1_581' title='bbox 2736 3727 2968 3786; x_wconf 84' lang='lat' dir='ltr'><strong>probari</strong></span> <span class='ocrx_word' id='word_1_582' title='bbox 3013 3726 3448 3786; x_wconf 76' lang='lat' dir='ltr'><strong>suppositionem</strong></span> <span class='ocrx_word' id='word_1_583' title='bbox 3502 3740 3571 3772; x_wconf 70' lang='lat' dir='ltr'><strong>ex</strong></span> 
     </span>
    </p>
   </div>
   <div class='ocr_carea' id='block_1_86' title="bbox 1978 3795 3571 3859">
    <p class='ocr_par' dir='ltr' id='par_1_86' title="bbox 1978 3795 3571 3859">
     <span class='ocr_line' id='line_1_86' title="bbox 1978 3795 3571 3859; baseline -0.001 -14"><span class='ocrx_word' id='word_1_584' title='bbox 1978 3797 2130 3845; x_wconf 85' lang='lat' dir='ltr'><strong>nudo</strong></span> <span class='ocrx_word' id='word_1_585' title='bbox 2156 3797 2324 3844; x_wconf 85' lang='lat' dir='ltr'><strong>titulo</strong></span> <span class='ocrx_word' id='word_1_586' title='bbox 2341 3795 2799 3858; x_wconf 78' lang='lat' dir='ltr'><strong>apocryphorum.</strong></span> <span class='ocrx_word' id='word_1_587' title='bbox 2827 3798 2949 3844; x_wconf 85' lang='lat' dir='ltr'><strong>Non</strong></span> <span class='ocrx_word' id='word_1_588' title='bbox 2966 3812 3035 3844; x_wconf 75' lang='lat' dir='ltr'><strong>ex</strong></span> <span class='ocrx_word' id='word_1_589' title='bbox 3054 3798 3296 3859; x_wconf 83' lang='lat' dir='ltr'><strong>reliquis</strong></span> <span class='ocrx_word' id='word_1_590' title='bbox 3323 3797 3427 3859; x_wconf 80' lang='lat' dir='ltr'><strong>qui</strong></span> <span class='ocrx_word' id='word_1_591' title='bbox 3444 3812 3571 3846; x_wconf 84' lang='lat' dir='ltr'><strong>cum</strong></span> 
     </span>
    </p>
   </div>
   <div class='ocr_carea' id='block_1_87' title="bbox 1978 3867 3571 3929">
    <p class='ocr_par' dir='ltr' id='par_1_87' title="bbox 1978 3867 3571 3929">
     <span class='ocr_line' id='line_1_87' title="bbox 1978 3867 3571 3929; baseline -0.001 -14"><span class='ocrx_word' id='word_1_592' title='bbox 1978 3867 2206 3929; x_wconf 85' lang='lat' dir='ltr'><strong>Ignatio</strong></span> <span class='ocrx_word' id='word_1_593' title='bbox 2257 3872 2662 3913; x_wconf 84' lang='lat' dir='ltr'><strong>numerantur.</strong></span> <span class='ocrx_word' id='word_1_594' title='bbox 2704 3867 2783 3915; x_wconf 86' lang='lat' dir='ltr'><strong>De</strong></span> <span class='ocrx_word' id='word_1_595' title='bbox 2826 3867 3042 3914; x_wconf 83' lang='lat' dir='ltr'><strong>Hermae</strong></span> <span class='ocrx_word' id='word_1_596' title='bbox 3089 3867 3310 3916; x_wconf 89' lang='lat' dir='ltr'><strong>Pastore</strong></span> <span class='ocrx_word' id='word_1_597' title='bbox 3370 3869 3571 3915; x_wconf 70' lang='lat' dir='ltr'><strong>veteris</strong></span> 
     </span>
    </p>
   </div>
   <div class='ocr_carea' id='block_1_88' title="bbox 1977 3935 3571 3997">
    <p class='ocr_par' dir='ltr' id='par_1_88' title="bbox 1977 3935 3571 3997">
     <span class='ocr_line' id='line_1_88' title="bbox 1977 3935 3571 3997; baseline 0 -12"><span class='ocrx_word' id='word_1_598' title='bbox 1977 3937 2232 3985; x_wconf 73' lang='lat' dir='ltr'><strong>Ecclesiae</strong></span> <span class='ocrx_word' id='word_1_599' title='bbox 2252 3936 2564 3997; x_wconf 81' lang='lat' dir='ltr'><strong>judicium.</strong></span> <span class='ocrx_word' id='word_1_600' title='bbox 2600 3936 2908 3983; x_wconf 81' lang='lat' dir='ltr'><strong>Consensus</strong></span> <span class='ocrx_word' id='word_1_601' title='bbox 2939 3935 3242 3996; x_wconf 77' lang='lat' dir='ltr'><strong>Necephori</strong></span> <span class='ocrx_word' id='word_1_602' title='bbox 3271 3944 3323 3984; x_wconf 88' lang='lat' dir='ltr'><strong>et</strong></span> <span class='ocrx_word' id='word_1_603' title='bbox 3354 3937 3571 3986; x_wconf 75' lang='lat' dir='ltr'><strong>Gelasii</strong></span> 
     </span>
    </p>
   </div>
   <div class='ocr_carea' id='block_1_89' title="bbox 1979 4007 3572 4069">
    <p class='ocr_par' dir='ltr' id='par_1_89' title="bbox 1979 4007 3572 4069">
     <span class='ocr_line' id='line_1_89' title="bbox 1979 4007 3572 4069; baseline -0.001 -14"><span class='ocrx_word' id='word_1_604' title='bbox 1979 4012 2208 4069; x_wconf 80' lang='lat' dir='ltr'><strong>frustra</strong></span> <span class='ocrx_word' id='word_1_605' title='bbox 2233 4007 2569 4055; x_wconf 80' lang='lat' dir='ltr'><strong>obtenditur.</strong></span> <span class='ocrx_word' id='word_1_606' title='bbox 2601 4007 2897 4055; x_wconf 82' lang='lat' dir='ltr'><strong>Decretum</strong></span> <span class='ocrx_word' id='word_1_607' title='bbox 2927 4009 3030 4055; x_wconf 84' lang='lat' dir='ltr'><strong>sub</strong></span> <span class='ocrx_word' id='word_1_608' title='bbox 3081 4008 3294 4055; x_wconf 81' lang='lat' dir='ltr'><strong>Gelasii</strong></span> <span class='ocrx_word' id='word_1_609' title='bbox 3341 4009 3572 4055; x_wconf 81' lang='lat' dir='ltr'><strong>nomine</strong></span> 
     </span>
    </p>
   </div>
   <div class='ocr_carea' id='block_1_90' title="bbox 1977 4076 3570 4139">
    <p class='ocr_par' dir='ltr' id='par_1_90' title="bbox 1977 4076 3570 4139">
     <span class='ocr_line' id='line_1_90' title="bbox 1977 4076 3570 4139; baseline -0.001 -14"><span class='ocrx_word' id='word_1_610' title='bbox 1977 4079 2188 4127; x_wconf 81' lang='lat' dir='ltr'><strong>editum</strong></span> <span class='ocrx_word' id='word_1_611' title='bbox 2218 4077 2402 4138; x_wconf 79' lang='lat' dir='ltr'><strong>ipsius</strong></span> <span class='ocrx_word' id='word_1_612' title='bbox 2436 4092 2546 4125; x_wconf 86' lang='lat' dir='ltr'><strong>esse</strong></span> <span class='ocrx_word' id='word_1_613' title='bbox 2588 4092 2699 4125; x_wconf 83' lang='lat' dir='ltr'><strong>non</strong></span> <span class='ocrx_word' id='word_1_614' title='bbox 2745 4078 2982 4126; x_wconf 80' lang='lat' dir='ltr'><strong>videtur.</strong></span> <span class='ocrx_word' id='word_1_615' title='bbox 3035 4077 3299 4139; x_wconf 71' lang='lat' dir='ltr'><strong>Defensio</strong></span> <span class='ocrx_word' id='word_1_616' title='bbox 3356 4076 3570 4124; x_wconf 78' lang='lat' dir='ltr'><strong>Usserii</strong></span> 
     </span>
    </p>
   </div>
   <div class='ocr_carea' id='block_1_91' title="bbox 1977 4147 3569 4210">
    <p class='ocr_par' dir='ltr' id='par_1_91' title="bbox 1977 4147 3569 4210">
     <span class='ocr_line' id='line_1_91' title="bbox 1977 4147 3569 4210; baseline -0.002 -12"><span class='ocrx_word' id='word_1_617' title='bbox 1977 4149 2045 4198; x_wconf 82' lang='lat' dir='ltr'><strong>ab</strong></span> <span class='ocrx_word' id='word_1_618' title='bbox 2070 4147 2477 4210; x_wconf 82' lang='lat' dir='ltr'><strong>objectionibus</strong></span> <span class='ocrx_word' id='word_1_619' title='bbox 2508 4148 2716 4197; x_wconf 78' lang='lat' dir='ltr'><strong>Dallcei</strong></span> <span class='ocrx_word' id='word_1_620' title='bbox 2750 4148 3094 4197; x_wconf 75' lang='lat' dir='ltr'><strong>vindicatur.</strong></span> <span class='ocrx_word' id='word_1_621' title='bbox 3126 4149 3434 4210; x_wconf 85' lang='lat' dir='ltr'><strong>Responsio</strong></span> <span class='ocrx_word' id='word_1_622' title='bbox 3468 4163 3569 4195; x_wconf 87' lang='lat' dir='ltr'><strong>no-</strong></span> 
     </span>
    </p>
   </div>
   <div class='ocr_carea' id='block_1_92' title="bbox 1984 4211 3570 4281">
    <p class='ocr_par' dir='ltr' id='par_1_92' title="bbox 1984 4211 3570 4281">
     <span class='ocr_line' id='line_1_92' title="bbox 1984 4211 3570 4281; baseline 0 -13"><span class='ocrx_word' id='word_1_623' title='bbox 1984 4228 2105 4269; x_wconf 86' lang='lat' dir='ltr'><strong>stra</strong></span> <span class='ocrx_word' id='word_1_624' title='bbox 2137 4221 2262 4269; x_wconf 88' lang='lat' dir='ltr'><strong>illis</strong></span> <span class='ocrx_word' id='word_1_625' title='bbox 2292 4220 2628 4269; x_wconf 74' lang='lat' dir='ltr'><strong>ﬂammandi</strong></span> <span class='ocrx_word' id='word_1_626' title='bbox 2675 4228 2725 4267; x_wconf 86' lang='lat' dir='ltr'><strong>et</strong></span> <span class='ocrx_word' id='word_1_627' title='bbox 2770 4220 2981 4268; x_wconf 82' lang='lat' dir='ltr'><strong>Usserii</strong></span> <span class='ocrx_word' id='word_1_628' title='bbox 3029 4211 3446 4281; x_wconf 64' lang='lat' dir='ltr'><strong>supperaddita.</strong></span> <span class='ocrx_word' id='word_1_629' title='bbox 3496 4219 3570 4268; x_wconf 90' lang='lat' dir='ltr'><strong>In</strong></span> 
     </span>
    </p>
   </div>
   <div class='ocr_carea' id='block_1_93' title="bbox 1982 4289 3572 4353">
    <p class='ocr_par' dir='ltr' id='par_1_93' title="bbox 1982 4289 3572 4353">
     <span class='ocr_line' id='line_1_93' title="bbox 1982 4289 3572 4353; baseline -0.001 -14"><span class='ocrx_word' id='word_1_630' title='bbox 1982 4290 2379 4340; x_wconf 82' lang='lat' dir='ltr'><strong>Stichometria</strong></span> <span class='ocrx_word' id='word_1_631' title='bbox 2407 4289 2510 4340; x_wconf 84' lang='lat' dir='ltr'><strong>sub</strong></span> <span class='ocrx_word' id='word_1_632' title='bbox 2546 4291 2769 4353; x_wconf 85' lang='lat' dir='ltr'><strong>Ignatii</strong></span> <span class='ocrx_word' id='word_1_633' title='bbox 2796 4293 3023 4340; x_wconf 85' lang='lat' dir='ltr'><strong>nomine</strong></span> <span class='ocrx_word' id='word_1_634' title='bbox 3050 4306 3163 4339; x_wconf 81' lang='lat' dir='ltr'><strong>non</strong></span> <span class='ocrx_word' id='word_1_635' title='bbox 3193 4291 3572 4353; x_wconf 72' lang='lat' dir='ltr'><strong>epistolas,sed</strong></span> 
     </span>
    </p>
   </div>
   <div class='ocr_carea' id='block_1_94' title="bbox 1978 4361 3574 4429">
    <p class='ocr_par' dir='ltr' id='par_1_94' title="bbox 1978 4361 3574 4429">
     <span class='ocr_line' id='line_1_94' title="bbox 1978 4361 3574 4429; baseline -0.001 -18"><span class='ocrx_word' id='word_1_636' title='bbox 1978 4361 2193 4429; x_wconf 79' lang='grc' dir='ltr'><strong>Διδαχήν</strong></span> <span class='ocrx_word' id='word_1_637' title='bbox 2227 4361 2495 4424; x_wconf 80' lang='lat' dir='ltr'><strong>intelligi.</strong></span> <span class='ocrx_word' id='word_1_638' title='bbox 2527 4364 2607 4411; x_wconf 89' lang='lat' dir='ltr'><strong>De</strong></span> <span class='ocrx_word' id='word_1_639' title='bbox 2634 4361 2910 4413; x_wconf 78' lang='lat' dir='ltr'><strong>indieulis</strong></span> <span class='ocrx_word' id='word_1_640' title='bbox 2939 4379 2952 4423; x_wconf 93' lang='lat'><strong>;</strong></span> <span class='ocrx_word' id='word_1_641' title='bbox 2982 4364 3304 4426; x_wconf 82' lang='lat' dir='ltr'><strong>itemquede</strong></span> <span class='ocrx_word' id='word_1_642' title='bbox 3326 4362 3574 4413; x_wconf 86' lang='lat' dir='ltr'><strong>didasca-</strong></span> 
     </span>
    </p>
   </div>
   <div class='ocr_carea' id='block_1_95' title="bbox 1981 4433 3569 4495">
    <p class='ocr_par' dir='ltr' id='par_1_95' title="bbox 1981 4433 3569 4495">
     <span class='ocr_line' id='line_1_95' title="bbox 1981 4433 3569 4495; baseline -0.002 -12"><span class='ocrx_word' id='word_1_643' title='bbox 1981 4435 2091 4490; x_wconf 83' lang='lat' dir='ltr'><strong>liis,</strong></span> <span class='ocrx_word' id='word_1_644' title='bbox 2127 4442 2178 4482; x_wconf 87' lang='lat' dir='ltr'><strong>et</strong></span> <span class='ocrx_word' id='word_1_645' title='bbox 2207 4433 2708 4484; x_wconf 72' lang='lat' dir='ltr'><strong>Constitutionibus</strong></span> <span class='ocrx_word' id='word_1_646' title='bbox 2761 4434 3079 4495; x_wconf 81' lang='lat' dir='ltr'><strong>apostolicis</strong></span> <span class='ocrx_word' id='word_1_647' title='bbox 3129 4435 3310 4483; x_wconf 79' lang='lat' dir='ltr'><strong>brevis</strong></span> <span class='ocrx_word' id='word_1_648' title='bbox 3355 4435 3569 4483; x_wconf 84' lang='lat' dir='ltr'><strong>disser-</strong></span> 
     </span>
    </p>
   </div>
   <div class='ocr_carea' id='block_1_96' title="bbox 1981 4506 2138 4555">
    <p class='ocr_par' dir='ltr' id='par_1_96' title="bbox 1981 4506 2138 4555">
     <span class='ocr_line' id='line_1_96' title="bbox 1981 4506 2138 4555; baseline -0.013 0"><span class='ocrx_word' id='word_1_649' title='bbox 1981 4506 2138 4555; x_wconf 84' lang='lat' dir='ltr'><strong>tatio.</strong></span> 
     </span>
    </p>
   </div>
   <div class='ocr_carea' id='block_1_97' title="bbox 138 4605 3568 4704">
    <p class='ocr_par' dir='ltr' id='par_1_97' title="bbox 138 4605 3568 4704">
     <span class='ocr_line' id='line_1_97' title="bbox 138 4605 3568 4704; baseline -0.008 -28"><span class='ocrx_word' id='word_1_650' title='bbox 138 4621 358 4676; x_wconf 69' lang='lat' dir='ltr'><strong>Bullini</strong></span> <span class='ocrx_word' id='word_1_651' title='bbox 398 4618 796 4675; x_wconf 85' lang='lat' dir='ltr'><strong>translatione</strong></span> <span class='ocrx_word' id='word_1_652' title='bbox 827 4622 968 4672; x_wconf 85' lang='lat' dir='ltr'><strong>sunt</strong></span> <span class='ocrx_word' id='word_1_653' title='bbox 990 4615 1372 4687; x_wconf 85' lang='lat' dir='ltr'><strong>transcripta.</strong></span> <span class='ocrx_word' id='word_1_654' title='bbox 1406 4615 1517 4670; x_wconf 91' lang='lat' dir='ltr'><strong>Sed</strong></span> <span class='ocrx_word' id='word_1_655' title='bbox 1549 4615 1620 4672; x_wconf 93' lang='lat' dir='ltr'><strong>de</strong></span> <span class='ocrx_word' id='word_1_656' title='bbox 1639 4622 1800 4672; x_wconf 85' lang='lat' dir='ltr'><strong>utro-</strong></span> <span class='ocrx_word' id='word_1_657' title='bbox 1839 4605 1887 4668; x_wconf 82' lang='grc' dir='ltr'><strong>ί)</strong></span> <span class='ocrx_word' id='word_1_658' title='bbox 1987 4633 2058 4687; x_wconf 66' lang='lat' dir='ltr'><strong>Ut</strong></span> <span class='ocrx_word' id='word_1_659' title='bbox 2087 4632 2199 4686; x_wconf 73' lang='lat' dir='ltr'><strong>hoc</strong></span> <span class='ocrx_word' id='word_1_660' title='bbox 2229 4637 2540 4686; x_wconf 57' lang='lat' dir='ltr'><strong>externum</strong></span> <span class='ocrx_word' id='word_1_661' title='bbox 2573 4637 2985 4704; x_wconf 60' lang='lat' dir='ltr'><strong>argumentum</strong></span> <span class='ocrx_word' id='word_1_662' title='bbox 3018 4648 3053 4687; x_wconf 56' lang='grc' dir='ltr'>ἃ</span> <span class='ocrx_word' id='word_1_663' title='bbox 3081 4631 3438 4687; x_wconf 59' lang='lat' dir='ltr'><strong>testimoniis</strong></span> <span class='ocrx_word' id='word_1_664' title='bbox 3458 4648 3528 4702; x_wconf 69' lang='lat' dir='ltr'><strong>pe</strong></span> <span class='ocrx_word' id='word_1_665' title='bbox 3548 4662 3568 4673; x_wconf 85' lang='lat'><em>_</em></span> 
     </span>
    </p>
   </div>
   <div class='ocr_carea' id='block_1_98' title="bbox 144 4704 1804 4780">
    <p class='ocr_par' dir='ltr' id='par_1_98' title="bbox 144 4704 1804 4780">
     <span class='ocr_line' id='line_1_98' title="bbox 144 4704 1804 4780; baseline -0.003 -15"><span class='ocrx_word' id='word_1_666' title='bbox 144 4727 252 4780; x_wconf 79' lang='lat' dir='ltr'><strong>que</strong></span> <span class='ocrx_word' id='word_1_667' title='bbox 292 4710 491 4766; x_wconf 81' lang='lat' dir='ltr'><strong>altum</strong></span> <span class='ocrx_word' id='word_1_668' title='bbox 526 4707 684 4779; x_wconf 88' lang='lat' dir='ltr'><strong>apud</strong></span> <span class='ocrx_word' id='word_1_669' title='bbox 717 4712 942 4761; x_wconf 89' lang='lat' dir='ltr'><strong>veteres</strong></span> <span class='ocrx_word' id='word_1_670' title='bbox 972 4704 1297 4759; x_wconf 88' lang='lat' dir='ltr'><strong>silentium.</strong></span> <span class='ocrx_word' id='word_1_671' title='bbox 1318 4704 1521 4759; x_wconf 89' lang='lat' dir='ltr'><strong>Passio</strong></span> <span class='ocrx_word' id='word_1_672' title='bbox 1569 4705 1624 4760; x_wconf 94' lang='lat' dir='ltr'><strong>S.</strong></span> <span class='ocrx_word' id='word_1_673' title='bbox 1675 4708 1804 4761; x_wconf 82' lang='lat' dir='ltr'><strong>An-</strong></span> 
     </span>
    </p>
   </div>
   <div class='ocr_carea' id='block_1_99' title="bbox 131 4792 1806 4870">
    <p class='ocr_par' dir='ltr' id='par_1_99' title="bbox 131 4792 1806 4870">
     <span class='ocr_line' id='line_1_99' title="bbox 131 4792 1806 4870; baseline -0.002 -18"><span class='ocrx_word' id='word_1_674' title='bbox 131 4798 283 4855; x_wconf 67' lang='lat' dir='ltr'><strong>dreae</strong></span> <span class='ocrx_word' id='word_1_675' title='bbox 310 4816 347 4853; x_wconf 88' lang='lat' dir='ltr'><strong>a</strong></span> <span class='ocrx_word' id='word_1_676' title='bbox 369 4795 739 4870; x_wconf 81' lang='lat' dir='ltr'><strong>presbyteris</strong></span> <span class='ocrx_word' id='word_1_677' title='bbox 762 4801 819 4849; x_wconf 92' lang='lat' dir='ltr'><strong>et</strong></span> <span class='ocrx_word' id='word_1_678' title='bbox 834 4793 1103 4849; x_wconf 88' lang='lat' dir='ltr'><strong>diaconis</strong></span> <span class='ocrx_word' id='word_1_679' title='bbox 1126 4792 1527 4848; x_wconf 87' lang='lat' dir='ltr'><strong>Ecclesiarum</strong></span> <span class='ocrx_word' id='word_1_680' title='bbox 1546 4795 1806 4860; x_wconf 62' lang='lat' dir='ltr'><strong>Achaiae,</strong></span> 
     </span>
    </p>
   </div>
   <div class='ocr_carea' id='block_1_100' title="bbox 144 4882 1807 4957">
    <p class='ocr_par' dir='ltr' id='par_1_100' title="bbox 144 4882 1807 4957">
     <span class='ocr_line' id='line_1_100' title="bbox 144 4882 1807 4957; baseline -0.002 -14"><span class='ocrx_word' id='word_1_681' title='bbox 144 4898 205 4942; x_wconf 84' lang='lat' dir='ltr'><strong>ut</strong></span> <span class='ocrx_word' id='word_1_682' title='bbox 232 4889 471 4955; x_wconf 80' lang='lat' dir='ltr'><strong>volunt,</strong></span> <span class='ocrx_word' id='word_1_683' title='bbox 507 4885 731 4957; x_wconf 88' lang='lat' dir='ltr'><strong>scripta</strong></span> <span class='ocrx_word' id='word_1_684' title='bbox 757 4884 951 4939; x_wconf 90' lang='lat' dir='ltr'><strong>adhuc</strong></span> <span class='ocrx_word' id='word_1_685' title='bbox 999 4882 1481 4950; x_wconf 87' lang='lat' dir='ltr'><strong>controvertitur,</strong></span> <span class='ocrx_word' id='word_1_686' title='bbox 1529 4883 1635 4938; x_wconf 89' lang='lat' dir='ltr'><strong>sed</strong></span> <span class='ocrx_word' id='word_1_687' title='bbox 1688 4890 1807 4939; x_wconf 86' lang='lat' dir='ltr'><strong>tam</strong></span> 
     </span>
    </p>
   </div>
   <div class='ocr_carea' id='block_1_101' title="bbox 138 4970 1807 5049">
    <p class='ocr_par' dir='ltr' id='par_1_101' title="bbox 138 4970 1807 5049">
     <span class='ocr_line' id='line_1_101' title="bbox 138 4970 1807 5049; baseline -0.003 -16"><span class='ocrx_word' id='word_1_688' title='bbox 138 4978 372 5049; x_wconf 80' lang='lat' dir='ltr'><strong>antiqui</strong></span> <span class='ocrx_word' id='word_1_689' title='bbox 405 4975 792 5045; x_wconf 74' lang='lat' dir='ltr'><strong>maximeque</strong></span> <span class='ocrx_word' id='word_1_690' title='bbox 821 4970 1143 5027; x_wconf 88' lang='lat' dir='ltr'><strong>venerandi</strong></span> <span class='ocrx_word' id='word_1_691' title='bbox 1197 4972 1595 5039; x_wconf 87' lang='lat' dir='ltr'><strong>monumenti,</strong></span> <span class='ocrx_word' id='word_1_692' title='bbox 1630 4973 1679 5026; x_wconf 89' lang='lat' dir='ltr'><strong>si</strong></span> <span class='ocrx_word' id='word_1_693' title='bbox 1711 4990 1807 5028; x_wconf 88' lang='lat' dir='ltr'><strong>ve-</strong></span> 
     </span>
    </p>
   </div>
   <div class='ocr_carea' id='block_1_102' title="bbox 141 5060 1809 5131">
    <p class='ocr_par' dir='ltr' id='par_1_102' title="bbox 141 5060 1809 5131">
     <span class='ocr_line' id='line_1_102' title="bbox 141 5060 1809 5131; baseline -0.003 -9"><span class='ocrx_word' id='word_1_694' title='bbox 141 5083 263 5122; x_wconf 84' lang='lat' dir='ltr'><strong>rum</strong></span> <span class='ocrx_word' id='word_1_695' title='bbox 295 5072 486 5130; x_wconf 87' lang='lat' dir='ltr'><strong>esset,</strong></span> <span class='ocrx_word' id='word_1_696' title='bbox 525 5080 704 5119; x_wconf 90' lang='lat' dir='ltr'><strong>nemo</strong></span> <span class='ocrx_word' id='word_1_697' title='bbox 736 5066 1000 5118; x_wconf 87' lang='lat' dir='ltr'><strong>veterum</strong></span> <span class='ocrx_word' id='word_1_698' title='bbox 1031 5060 1328 5126; x_wconf 87' lang='lat' dir='ltr'><strong>meminit,</strong></span> <span class='ocrx_word' id='word_1_699' title='bbox 1363 5076 1558 5131; x_wconf 90' lang='lat' dir='ltr'><strong>neque</strong></span> <span class='ocrx_word' id='word_1_700' title='bbox 1591 5068 1727 5117; x_wconf 86' lang='lat' dir='ltr'><strong>ante</strong></span> <span class='ocrx_word' id='word_1_701' title='bbox 1748 5062 1809 5116; x_wconf 80' lang='lat' dir='ltr'><strong>fi-</strong></span> 
     </span>
    </p>
   </div>
   <div class='ocr_carea' id='block_1_103' title="bbox 145 5150 1808 5223">
    <p class='ocr_par' dir='ltr' id='par_1_103' title="bbox 145 5150 1808 5223">
     <span class='ocr_line' id='line_1_103' title="bbox 145 5150 1808 5223; baseline -0.001 -14"><span class='ocrx_word' id='word_1_702' title='bbox 145 5173 273 5213; x_wconf 76' lang='lat' dir='ltr'><strong>nem</strong></span> <span class='ocrx_word' id='word_1_703' title='bbox 307 5156 509 5213; x_wconf 86' lang='lat' dir='ltr'><strong>octavi</strong></span> <span class='ocrx_word' id='word_1_704' title='bbox 536 5152 741 5210; x_wconf 63' lang='lat' dir='ltr'><strong>saeculi</strong></span> <span class='ocrx_word' id='word_1_705' title='bbox 771 5168 807 5208; x_wconf 89' lang='lat' dir='ltr'><strong>a</strong></span> <span class='ocrx_word' id='word_1_706' title='bbox 838 5150 1116 5223; x_wconf 89' lang='lat' dir='ltr'><strong>quopiam</strong></span> <span class='ocrx_word' id='word_1_707' title='bbox 1143 5154 1529 5205; x_wconf 79' lang='lat' dir='ltr'><strong>memoratur.</strong></span> <span class='ocrx_word' id='word_1_708' title='bbox 1558 5151 1808 5223; x_wconf 81' lang='lat' dir='ltr'><strong>Reliqua</strong></span> 
     </span>
    </p>
   </div>
   <div class='ocr_carea' id='block_1_104' title="bbox 144 5239 1808 5316">
    <p class='ocr_par' dir='ltr' id='par_1_104' title="bbox 144 5239 1808 5316">
     <span class='ocr_line' id='line_1_104' title="bbox 144 5239 1808 5316; baseline -0.002 -17"><span class='ocrx_word' id='word_1_709' title='bbox 144 5246 315 5301; x_wconf 83' lang='lat' dir='ltr'><strong>etiam</strong></span> <span class='ocrx_word' id='word_1_710' title='bbox 370 5261 509 5316; x_wconf 71' lang='lat' dir='ltr'><strong>quas</strong></span> <span class='ocrx_word' id='word_1_711' title='bbox 558 5246 912 5299; x_wconf 88' lang='lat' dir='ltr'><strong>vetustatem</strong></span> <span class='ocrx_word' id='word_1_712' title='bbox 962 5253 1255 5294; x_wconf 85' lang='lat' dir='ltr'><strong>summam</strong></span> <span class='ocrx_word' id='word_1_713' title='bbox 1305 5254 1426 5308; x_wconf 72' lang='lat' dir='ltr'><strong>prae</strong></span> <span class='ocrx_word' id='word_1_714' title='bbox 1491 5254 1551 5294; x_wconf 90' lang='lat' dir='ltr'><strong>se</strong></span> <span class='ocrx_word' id='word_1_715' title='bbox 1608 5239 1808 5295; x_wconf 83' lang='lat' dir='ltr'><strong>ferunt</strong></span> 
     </span>
    </p>
   </div>
   <div class='ocr_carea' id='block_1_105' title="bbox 144 5325 1803 5409">
    <p class='ocr_par' dir='ltr' id='par_1_105' title="bbox 144 5325 1803 5409">
     <span class='ocr_line' id='line_1_105' title="bbox 144 5325 1803 5409; baseline -0.003 -20"><span class='ocrx_word' id='word_1_716' title='bbox 144 5337 380 5409; x_wconf 78' lang='lat' dir='ltr'><strong>scripta,</strong></span> <span class='ocrx_word' id='word_1_717' title='bbox 406 5340 465 5389; x_wconf 85' lang='lat' dir='ltr'><strong>et</strong></span> <span class='ocrx_word' id='word_1_718' title='bbox 500 5333 635 5395; x_wconf 91' lang='lat' dir='ltr'><strong>hoc,</strong></span> <span class='ocrx_word' id='word_1_719' title='bbox 668 5330 758 5387; x_wconf 91' lang='lat' dir='ltr'><strong>vel</strong></span> <span class='ocrx_word' id='word_1_720' title='bbox 798 5327 1175 5401; x_wconf 60' lang='lat' dir='ltr'><strong>praecedente</strong></span> <span class='ocrx_word' id='word_1_721' title='bbox 1217 5325 1457 5387; x_wconf 77' lang='lat' dir='ltr'><strong>saeculo,</strong></span> <span class='ocrx_word' id='word_1_722' title='bbox 1510 5326 1650 5383; x_wconf 88' lang='lat' dir='ltr'><strong>viris</strong></span> <span class='ocrx_word' id='word_1_723' title='bbox 1700 5328 1803 5384; x_wconf 92' lang='lat' dir='ltr'><strong>do-</strong></span> 
     </span>
    </p>
   </div>
   <div class='ocr_carea' id='block_1_106' title="bbox 141 5414 1802 5497">
    <p class='ocr_par' dir='ltr' id='par_1_106' title="bbox 141 5414 1802 5497">
     <span class='ocr_line' id='line_1_106' title="bbox 141 5414 1802 5497; baseline -0.003 -21"><span class='ocrx_word' id='word_1_724' title='bbox 141 5428 243 5480; x_wconf 65' lang='lat' dir='ltr'><strong>ctis</strong></span> <span class='ocrx_word' id='word_1_725' title='bbox 272 5424 483 5497; x_wconf 83' lang='lat' dir='ltr'><strong>spuria</strong></span> <span class='ocrx_word' id='word_1_726' title='bbox 515 5421 835 5486; x_wconf 83' lang='lat' dir='ltr'><strong>videntur;</strong></span> <span class='ocrx_word' id='word_1_727' title='bbox 868 5417 957 5472; x_wconf 85' lang='lat' dir='ltr'><strong>vel</strong></span> <span class='ocrx_word' id='word_1_728' title='bbox 985 5415 1113 5473; x_wconf 91' lang='lat' dir='ltr'><strong>alto-</strong></span> <span class='ocrx_word' id='word_1_729' title='bbox 1129 5419 1307 5486; x_wconf 88' lang='lat' dir='ltr'><strong>atque</strong></span> <span class='ocrx_word' id='word_1_730' title='bbox 1339 5414 1620 5473; x_wconf 84' lang='lat' dir='ltr'><strong>diuturno</strong></span> <span class='ocrx_word' id='word_1_731' title='bbox 1651 5427 1802 5473; x_wconf 88' lang='lat' dir='ltr'><strong>vele-</strong></span> 
     </span>
    </p>
   </div>
   <div class='ocr_carea' id='block_1_107' title="bbox 149 5504 1801 5578">
    <p class='ocr_par' dir='ltr' id='par_1_107' title="bbox 149 5504 1801 5578">
     <span class='ocr_line' id='line_1_107' title="bbox 149 5504 1801 5578; baseline -0.002 -12"><span class='ocrx_word' id='word_1_732' title='bbox 149 5528 270 5569; x_wconf 82' lang='lat' dir='ltr'><strong>mm</strong></span> <span class='ocrx_word' id='word_1_733' title='bbox 302 5511 548 5569; x_wconf 85' lang='lat' dir='ltr'><strong>silentio</strong></span> <span class='ocrx_word' id='word_1_734' title='bbox 582 5510 979 5571; x_wconf 81' lang='lat' dir='ltr'><strong>damnantur,</strong></span> <span class='ocrx_word' id='word_1_735' title='bbox 1013 5504 1096 5561; x_wconf 66' lang='lat' dir='ltr'><strong>uel</strong></span> <span class='ocrx_word' id='word_1_736' title='bbox 1128 5520 1163 5559; x_wconf 90' lang='lat' dir='ltr'><strong>a</strong></span> <span class='ocrx_word' id='word_1_737' title='bbox 1187 5508 1450 5559; x_wconf 84' lang='lat' dir='ltr'><strong>veterum</strong></span> <span class='ocrx_word' id='word_1_738' title='bbox 1480 5504 1801 5578; x_wconf 77' lang='lat' dir='ltr'><strong>aliquibus,</strong></span> 
     </span>
    </p>
   </div>
   <div class='ocr_carea' id='block_1_108' title="bbox 144 5592 1803 5669">
    <p class='ocr_par' dir='ltr' id='par_1_108' title="bbox 144 5592 1803 5669">
     <span class='ocr_line' id='line_1_108' title="bbox 144 5592 1803 5669; baseline -0.001 -16"><span class='ocrx_word' id='word_1_739' title='bbox 144 5600 235 5655; x_wconf 76' lang='lat' dir='ltr'><strong>diu</strong></span> <span class='ocrx_word' id='word_1_740' title='bbox 268 5609 406 5658; x_wconf 84' lang='lat' dir='ltr'><strong>ante</strong></span> <span class='ocrx_word' id='word_1_741' title='bbox 439 5608 644 5659; x_wconf 86' lang='lat' dir='ltr'><strong>nostra</strong></span> <span class='ocrx_word' id='word_1_742' title='bbox 698 5604 995 5669; x_wconf 82' lang='lat' dir='ltr'><strong>tempore,</strong></span> <span class='ocrx_word' id='word_1_743' title='bbox 1050 5592 1291 5666; x_wconf 83' lang='lat' dir='ltr'><strong>rejecta,</strong></span> <span class='ocrx_word' id='word_1_744' title='bbox 1341 5597 1445 5648; x_wconf 92' lang='lat' dir='ltr'><strong>aut</strong></span> <span class='ocrx_word' id='word_1_745' title='bbox 1489 5593 1699 5651; x_wconf 88' lang='lat' dir='ltr'><strong>saltem</strong></span> <span class='ocrx_word' id='word_1_746' title='bbox 1740 5595 1803 5652; x_wconf 90' lang='lat' dir='ltr'><strong>in</strong></span> 
     </span>
    </p>
   </div>
   <div class='ocr_carea' id='block_1_109' title="bbox 152 5689 833 5749">
    <p class='ocr_par' dir='ltr' id='par_1_109' title="bbox 152 5689 833 5749">
     <span class='ocr_line' id='line_1_109' title="bbox 152 5689 833 5749; baseline -0.006 -4"><span class='ocrx_word' id='word_1_747' title='bbox 152 5689 389 5749; x_wconf 77' lang='lat' dir='ltr'><strong>dubium</strong></span> <span class='ocrx_word' id='word_1_748' title='bbox 423 5697 630 5749; x_wconf 84' lang='lat' dir='ltr'><strong>vocata</strong></span> <span class='ocrx_word' id='word_1_749' title='bbox 662 5691 833 5745; x_wconf 84' lang='lat' dir='ltr'><strong>sunt.</strong></span> 
     </span>
    </p>
   </div>
   <div class='ocr_carea' id='block_1_110' title="bbox 206 5770 1800 5855">
    <p class='ocr_par' dir='ltr' id='par_1_110' title="bbox 206 5770 1800 5855">
     <span class='ocr_line' id='line_1_110' title="bbox 206 5770 1800 5855; baseline -0.002 -19"><span class='ocrx_word' id='word_1_750' title='bbox 206 5786 277 5837; x_wconf 69' lang='lat' dir='ltr'><strong>At</strong></span> <span class='ocrx_word' id='word_1_751' title='bbox 304 5781 377 5838; x_wconf 87' lang='lat' dir='ltr'><strong>de</strong></span> <span class='ocrx_word' id='word_1_752' title='bbox 400 5781 614 5855; x_wconf 84' lang='lat' dir='ltr'><strong>Ignatii</strong></span> <span class='ocrx_word' id='word_1_753' title='bbox 642 5773 925 5852; x_wconf 89' lang='lat' dir='ltr'><strong>epistolis</strong></span> <span class='ocrx_word' id='word_1_754' title='bbox 954 5777 1234 5829; x_wconf 88' lang='lat' dir='ltr'><strong>neutrum</strong></span> <span class='ocrx_word' id='word_1_755' title='bbox 1254 5770 1471 5828; x_wconf 90' lang='lat' dir='ltr'><strong>horum</strong></span> <span class='ocrx_word' id='word_1_756' title='bbox 1492 5771 1608 5829; x_wconf 89' lang='lat' dir='ltr'><strong>dici</strong></span> <span class='ocrx_word' id='word_1_757' title='bbox 1626 5791 1800 5847; x_wconf 90' lang='lat' dir='ltr'><strong>posse</strong></span> 
     </span>
    </p>
   </div>
   <div class='ocr_carea' id='block_1_111' title="bbox 1916 4719 3563 4792">
    <p class='ocr_par' dir='ltr' id='par_1_111' title="bbox 1916 4719 3563 4792">
     <span class='ocr_line' id='line_1_111' title="bbox 1916 4719 3563 4792; baseline -0.001 -18"><span class='ocrx_word' id='word_1_758' title='bbox 1916 4721 2088 4775; x_wconf 88' lang='lat' dir='ltr'><strong>titum</strong></span> <span class='ocrx_word' id='word_1_759' title='bbox 2122 4721 2236 4775; x_wconf 89' lang='lat' dir='ltr'><strong>vim</strong></span> <span class='ocrx_word' id='word_1_760' title='bbox 2271 4737 2401 4775; x_wconf 89' lang='lat' dir='ltr'><strong>eam</strong></span> <span class='ocrx_word' id='word_1_761' title='bbox 2435 4736 2553 4790; x_wconf 89' lang='lat' dir='ltr'><strong>qua</strong></span> <span class='ocrx_word' id='word_1_762' title='bbox 2599 4721 2782 4792; x_wconf 92' lang='lat' dir='ltr'><strong>pollet</strong></span> <span class='ocrx_word' id='word_1_763' title='bbox 2829 4720 3111 4783; x_wconf 79' lang='lat' dir='ltr'><strong>obtineat,</strong></span> <span class='ocrx_word' id='word_1_764' title='bbox 3170 4727 3227 4775; x_wconf 88' lang='lat' dir='ltr'><strong>et</strong></span> <span class='ocrx_word' id='word_1_765' title='bbox 3274 4719 3563 4775; x_wconf 89' lang='lat' dir='ltr'><strong>illibatum</strong></span> 
     </span>
    </p>
   </div>
   <div class='ocr_carea' id='block_1_112' title="bbox 1917 4808 3566 4878">
    <p class='ocr_par' dir='ltr' id='par_1_112' title="bbox 1917 4808 3566 4878">
     <span class='ocr_line' id='line_1_112' title="bbox 1917 4808 3566 4878; baseline -0.001 -14"><span class='ocrx_word' id='word_1_766' title='bbox 1917 4814 2318 4875; x_wconf 82' lang='lat' dir='ltr'><strong>conservetur,</strong></span> <span class='ocrx_word' id='word_1_767' title='bbox 2352 4809 2509 4864; x_wconf 88' lang='lat' dir='ltr'><strong>haud</strong></span> <span class='ocrx_word' id='word_1_768' title='bbox 2540 4809 2773 4864; x_wconf 88' lang='lat' dir='ltr'><strong>meliori</strong></span> <span class='ocrx_word' id='word_1_769' title='bbox 2808 4808 3084 4863; x_wconf 89' lang='lat' dir='ltr'><strong>methodo</strong></span> <span class='ocrx_word' id='word_1_770' title='bbox 3115 4809 3201 4863; x_wconf 90' lang='lat' dir='ltr'><strong>uti</strong></span> <span class='ocrx_word' id='word_1_771' title='bbox 3248 4826 3343 4863; x_wconf 89' lang='lat' dir='ltr'><strong>me</strong></span> <span class='ocrx_word' id='word_1_772' title='bbox 3391 4824 3566 4878; x_wconf 81' lang='lat' dir='ltr'><strong>posse</strong></span> 
     </span>
    </p>
   </div>
   <div class='ocr_carea' id='block_1_113' title="bbox 1917 4895 3570 4967">
    <p class='ocr_par' dir='ltr' id='par_1_113' title="bbox 1917 4895 3570 4967">
     <span class='ocr_line' id='line_1_113' title="bbox 1917 4895 3570 4967; baseline -0.002 -16"><span class='ocrx_word' id='word_1_773' title='bbox 1917 4898 2133 4965; x_wconf 89' lang='lat' dir='ltr'><strong>sentio,</strong></span> <span class='ocrx_word' id='word_1_774' title='bbox 2168 4913 2347 4967; x_wconf 89' lang='lat' dir='ltr'><strong>quam</strong></span> <span class='ocrx_word' id='word_1_775' title='bbox 2377 4898 2426 4951; x_wconf 93' lang='lat' dir='ltr'><strong>si</strong></span> <span class='ocrx_word' id='word_1_776' title='bbox 2457 4912 2527 4951; x_wconf 89' lang='lat' dir='ltr'><strong>ea</strong></span> <span class='ocrx_word' id='word_1_777' title='bbox 2557 4897 2777 4954; x_wconf 82' lang='lat' dir='ltr'><strong>omnia.</strong></span> <span class='ocrx_word' id='word_1_778' title='bbox 2812 4913 2944 4966; x_wconf 72' lang='lat' dir='ltr'><strong>quae</strong></span> <span class='ocrx_word' id='word_1_779' title='bbox 2974 4897 3349 4951; x_wconf 85' lang='lat' dir='ltr'><strong>adversarius</strong></span> <span class='ocrx_word' id='word_1_780' title='bbox 3379 4895 3451 4949; x_wconf 87' lang='lat' dir='ltr'><strong>ad</strong></span> <span class='ocrx_word' id='word_1_781' title='bbox 3475 4895 3570 4965; x_wconf 79' lang='lat' dir='ltr'><strong>ip-</strong></span> 
     </span>
    </p>
   </div>
   <div class='ocr_carea' id='block_1_114' title="bbox 1914 4983 3571 5057">
    <p class='ocr_par' dir='ltr' id='par_1_114' title="bbox 1914 4983 3571 5057">
     <span class='ocr_line' id='line_1_114' title="bbox 1914 4983 3571 5057; baseline -0.001 -17"><span class='ocrx_word' id='word_1_782' title='bbox 1914 5002 2049 5041; x_wconf 90' lang='lat' dir='ltr'><strong>sum</strong></span> <span class='ocrx_word' id='word_1_783' title='bbox 2069 4985 2553 5042; x_wconf 79' lang='lat' dir='ltr'><strong>labefactandam</strong></span> <span class='ocrx_word' id='word_1_784' title='bbox 2573 4985 2938 5057; x_wconf 77' lang='lat' dir='ltr'><strong>excogitavit,</strong></span> <span class='ocrx_word' id='word_1_785' title='bbox 2970 5001 3146 5055; x_wconf 91' lang='lat' dir='ltr'><strong>porro</strong></span> <span class='ocrx_word' id='word_1_786' title='bbox 3170 4983 3571 5039; x_wconf 82' lang='lat' dir='ltr'><strong>examinanda</strong></span> 
     </span>
    </p>
   </div>
   <div class='ocr_carea' id='block_1_115' title="bbox 1915 5073 3567 5146">
    <p class='ocr_par' dir='ltr' id='par_1_115' title="bbox 1915 5073 3567 5146">
     <span class='ocr_line' id='line_1_115' title="bbox 1915 5073 3567 5146; baseline -0.001 -18"><span class='ocrx_word' id='word_1_787' title='bbox 1915 5092 2263 5146; x_wconf 85' lang='lat' dir='ltr'><strong>preponam.</strong></span> <span class='ocrx_word' id='word_1_788' title='bbox 2297 5074 2553 5130; x_wconf 78' lang='lat' dir='ltr'><strong>Observa</strong></span> <span class='ocrx_word' id='word_1_789' title='bbox 2582 5079 2781 5129; x_wconf 87' lang='lat' dir='ltr'><strong>autem</strong></span> <span class='ocrx_word' id='word_1_790' title='bbox 2816 5090 2886 5128; x_wconf 87' lang='lat' dir='ltr'><strong>ea</strong></span> <span class='ocrx_word' id='word_1_791' title='bbox 2923 5073 2997 5128; x_wconf 90' lang='lat' dir='ltr'><strong>ad</strong></span> <span class='ocrx_word' id='word_1_792' title='bbox 3028 5073 3143 5128; x_wconf 89' lang='lat' dir='ltr'><strong>tria</strong></span> <span class='ocrx_word' id='word_1_793' title='bbox 3172 5079 3368 5143; x_wconf 83' lang='lat' dir='ltr'><strong>capita</strong></span> <span class='ocrx_word' id='word_1_794' title='bbox 3392 5089 3567 5127; x_wconf 90' lang='lat' dir='ltr'><strong>com-</strong></span> 
     </span>
    </p>
   </div>
   <div class='ocr_carea' id='block_1_116' title="bbox 1914 5161 3566 5233">
    <p class='ocr_par' dir='ltr' id='par_1_116' title="bbox 1914 5161 3566 5233">
     <span class='ocr_line' id='line_1_116' title="bbox 1914 5161 3566 5233; baseline -0.002 -15"><span class='ocrx_word' id='word_1_795' title='bbox 1914 5164 2089 5219; x_wconf 88' lang='lat' dir='ltr'><strong>mode</strong></span> <span class='ocrx_word' id='word_1_796' title='bbox 2113 5163 2340 5228; x_wconf 91' lang='lat' dir='ltr'><strong>reduci,</strong></span> <span class='ocrx_word' id='word_1_797' title='bbox 2367 5169 2424 5218; x_wconf 90' lang='lat' dir='ltr'><strong>et</strong></span> <span class='ocrx_word' id='word_1_798' title='bbox 2448 5165 2508 5217; x_wconf 89' lang='lat' dir='ltr'><strong>in</strong></span> <span class='ocrx_word' id='word_1_799' title='bbox 2533 5161 2691 5218; x_wconf 85' lang='lat' dir='ltr'><strong>hunc</strong></span> <span class='ocrx_word' id='word_1_800' title='bbox 2721 5161 2990 5216; x_wconf 86' lang='lat' dir='ltr'><strong>ordinem</strong></span> <span class='ocrx_word' id='word_1_801' title='bbox 3015 5162 3350 5217; x_wconf 87' lang='lat' dir='ltr'><strong>luculenter</strong></span> <span class='ocrx_word' id='word_1_802' title='bbox 3378 5161 3566 5233; x_wconf 80' lang='lat' dir='ltr'><strong>redigi</strong></span> 
     </span>
    </p>
   </div>
   <div class='ocr_carea' id='block_1_117' title="bbox 1914 5248 3563 5323">
    <p class='ocr_par' dir='ltr' id='par_1_117' title="bbox 1914 5248 3563 5323">
     <span class='ocr_line' id='line_1_117' title="bbox 1914 5248 3563 5323; baseline -0.001 -16"><span class='ocrx_word' id='word_1_803' title='bbox 1914 5269 2103 5323; x_wconf 81' lang='lat' dir='ltr'><strong>posse.</strong></span> <span class='ocrx_word' id='word_1_804' title='bbox 2129 5252 2351 5311; x_wconf 74' lang='lat' dir='ltr'><strong>Primo.</strong></span> <span class='ocrx_word' id='word_1_805' title='bbox 2375 5251 2477 5305; x_wconf 74' lang='lat' dir='ltr'><strong>ille</strong></span> <span class='ocrx_word' id='word_1_806' title='bbox 2502 5252 2680 5306; x_wconf 65' lang='lat' dir='ltr'><strong>etiam</strong></span> <span class='ocrx_word' id='word_1_807' title='bbox 2707 5251 3049 5305; x_wconf 75' lang='lat' dir='ltr'><strong>testimonia</strong></span> <span class='ocrx_word' id='word_1_808' title='bbox 3068 5248 3328 5305; x_wconf 80' lang='lat' dir='ltr'><strong>adducit.</strong></span> <span class='ocrx_word' id='word_1_809' title='bbox 3347 5249 3563 5319; x_wconf 86' lang='lat' dir='ltr'><strong>quibus</strong></span> 
     </span>
    </p>
   </div>
   <div class='ocr_carea' id='block_1_118' title="bbox 1914 5338 3568 5412">
    <p class='ocr_par' dir='ltr' id='par_1_118' title="bbox 1914 5338 3568 5412">
     <span class='ocr_line' id='line_1_118' title="bbox 1914 5338 3568 5412; baseline -0.003 -15"><span class='ocrx_word' id='word_1_810' title='bbox 1914 5358 2087 5397; x_wconf 19' lang='lat' dir='ltr'><strong>suam.</strong></span> <span class='ocrx_word' id='word_1_811' title='bbox 2106 5340 2183 5396; x_wconf 84' lang='lat' dir='ltr'><strong>de</strong></span> <span class='ocrx_word' id='word_1_812' title='bbox 2200 5340 2615 5411; x_wconf 62' lang='lat' dir='ltr'><strong>suppositione</strong></span> <span class='ocrx_word' id='word_1_813' title='bbox 2636 5340 3026 5412; x_wconf 65' lang='lat' dir='ltr'><strong>epistularum</strong></span> <span class='ocrx_word' id='word_1_814' title='bbox 3045 5338 3404 5394; x_wconf 83' lang='lat' dir='ltr'><strong>sententiam</strong></span> <span class='ocrx_word' id='word_1_815' title='bbox 3429 5350 3568 5393; x_wconf 84' lang='lat' dir='ltr'><strong>con-</strong></span> 
     </span>
    </p>
   </div>
   <div class='ocr_carea' id='block_1_119' title="bbox 1912 5427 3565 5497">
    <p class='ocr_par' dir='ltr' id='par_1_119' title="bbox 1912 5427 3565 5497">
     <span class='ocr_line' id='line_1_119' title="bbox 1912 5427 3565 5497; baseline -0.002 -11"><span class='ocrx_word' id='word_1_816' title='bbox 1912 5431 2129 5486; x_wconf 75' lang='lat' dir='ltr'><strong>firmet.</strong></span> <span class='ocrx_word' id='word_1_817' title='bbox 2175 5427 2464 5495; x_wconf 71' lang='lat' dir='ltr'><strong>Secundo,</strong></span> <span class='ocrx_word' id='word_1_818' title='bbox 2518 5433 2699 5484; x_wconf 85' lang='lat' dir='ltr'><strong>testes</strong></span> <span class='ocrx_word' id='word_1_819' title='bbox 2747 5434 3004 5497; x_wconf 87' lang='lat' dir='ltr'><strong>nostros,</strong></span> <span class='ocrx_word' id='word_1_820' title='bbox 3062 5427 3134 5484; x_wconf 85' lang='lat' dir='ltr'><strong>ab</strong></span> <span class='ocrx_word' id='word_1_821' title='bbox 3194 5427 3565 5483; x_wconf 83' lang='lat' dir='ltr'><strong>Hammondo</strong></span> 
     </span>
    </p>
   </div>
   <div class='ocr_carea' id='block_1_120' title="bbox 1913 5515 3575 5592">
    <p class='ocr_par' dir='ltr' id='par_1_120' title="bbox 1913 5515 3575 5592">
     <span class='ocr_line' id='line_1_120' title="bbox 1913 5515 3575 5592; baseline -0.002 -18"><span class='ocrx_word' id='word_1_822' title='bbox 1913 5520 2076 5592; x_wconf 73' lang='lat' dir='ltr'><strong>prius</strong></span> <span class='ocrx_word' id='word_1_823' title='bbox 2104 5517 2413 5585; x_wconf 74' lang='lat' dir='ltr'><strong>adductos,</strong></span> <span class='ocrx_word' id='word_1_824' title='bbox 2436 5517 2869 5573; x_wconf 73' lang='lat' dir='ltr'><strong>vetustissimos</strong></span> <span class='ocrx_word' id='word_1_825' title='bbox 2888 5515 3445 5589; x_wconf 73' lang='lat' dir='ltr'><strong>praecipue,rejicit;</strong></span> <span class='ocrx_word' id='word_1_826' title='bbox 3469 5520 3575 5571; x_wconf 83' lang='lat' dir='ltr'><strong>aut</strong></span> 
     </span>
    </p>
   </div>
   <div class='ocr_carea' id='block_1_121' title="bbox 1912 5602 3575 5675">
    <p class='ocr_par' dir='ltr' id='par_1_121' title="bbox 1912 5602 3575 5675">
     <span class='ocr_line' id='line_1_121' title="bbox 1912 5602 3575 5675; baseline -0.003 -13"><span class='ocrx_word' id='word_1_827' title='bbox 1912 5606 2237 5663; x_wconf 81' lang='lat' dir='ltr'><strong>invalidum</strong></span> <span class='ocrx_word' id='word_1_828' title='bbox 2250 5604 2644 5675; x_wconf 66' lang='lat' dir='ltr'><strong>plme’eoeum</strong></span> <span class='ocrx_word' id='word_1_829' title='bbox 2662 5606 3077 5660; x_wconf 67' lang='lat' dir='ltr'><strong>testimonium</strong></span> <span class='ocrx_word' id='word_1_830' title='bbox 3090 5602 3575 5675; x_wconf 72' lang='lat' dir='ltr'><strong>redderesigilla-</strong></span> 
     </span>
    </p>
   </div>
   <div class='ocr_carea' id='block_1_122' title="bbox 1912 5694 3571 5767">
    <p class='ocr_par' dir='ltr' id='par_1_122' title="bbox 1912 5694 3571 5767">
     <span class='ocr_line' id='line_1_122' title="bbox 1912 5694 3571 5767; baseline -0.004 -14"><span class='ocrx_word' id='word_1_831' title='bbox 1912 5697 2027 5753; x_wconf 40' lang='lat' dir='ltr'><strong>tim:</strong></span> <span class='ocrx_word' id='word_1_832' title='bbox 2053 5700 2322 5752; x_wconf 71' lang='lat' dir='ltr'><strong>conatur.</strong></span> <span class='ocrx_word' id='word_1_833' title='bbox 2355 5694 2573 5763; x_wconf 77' lang='lat' dir='ltr'><strong>&#39;Pertio,</strong></span> <span class='ocrx_word' id='word_1_834' title='bbox 2605 5701 3015 5767; x_wconf 72' lang='lat' dir='ltr'><strong>argumentum</strong></span> <span class='ocrx_word' id='word_1_835' title='bbox 3042 5710 3078 5750; x_wconf 86' lang='lat' dir='ltr'><strong>a</strong></span> <span class='ocrx_word' id='word_1_836' title='bbox 3102 5694 3443 5751; x_wconf 77' lang='lat' dir='ltr'><strong>testimonio</strong></span> <span class='ocrx_word' id='word_1_837' title='bbox 3468 5706 3571 5747; x_wconf 62' lang='lat' dir='ltr'><strong>neu</strong></span> 
     </span>
    </p>
   </div>
   <div class='ocr_carea' id='block_1_123' title="bbox 1911 5780 3569 5859">
    <p class='ocr_par' dir='ltr' id='par_1_123' title="bbox 1911 5780 3569 5859">
     <span class='ocr_line' id='line_1_123' title="bbox 1911 5780 3569 5859; baseline -0.005 -17"><span class='ocrx_word' id='word_1_838' title='bbox 1911 5784 2173 5859; x_wconf 86' lang='lat' dir='ltr'><strong>gativum</strong></span> <span class='ocrx_word' id='word_1_839' title='bbox 2192 5782 2515 5844; x_wconf 87' lang='lat' dir='ltr'><strong>fabricatus</strong></span> <span class='ocrx_word' id='word_1_840' title='bbox 2547 5788 2657 5858; x_wconf 87' lang='lat' dir='ltr'><strong>est,</strong></span> <span class='ocrx_word' id='word_1_841' title='bbox 2690 5799 2806 5858; x_wconf 91' lang='lat' dir='ltr'><strong>qua</strong></span> <span class='ocrx_word' id='word_1_842' title='bbox 2824 5783 3076 5857; x_wconf 85' lang='lat' dir='ltr'><strong>probare</strong></span> <span class='ocrx_word' id='word_1_843' title='bbox 3106 5783 3340 5855; x_wconf 88' lang='lat' dir='ltr'><strong>nititur,</strong></span> <span class='ocrx_word' id='word_1_844' title='bbox 3372 5780 3569 5838; x_wconf 86' lang='lat' dir='ltr'><strong>nemi-</strong></span> 
     </span>
    </p>
   </div>
  </div>
