3972 6306
417 372 532 433 103
1453 365 1517 428 8.
1567 364 1960 427 IGNATIUS.

2259 362 2738 425 )LEGOMENA.
3709 366 3827 428 104

417 524 556 564 nem
587 505 968 578 epistolarum
1000 521 1148 576 quas
1177 501 1576 574 defendimus,
1615 518 1724 574 per
1773 500 2061 558 ducentos
2090 501 2142 568 Α
2175 516 2348 573 pares
2378 500 2616 556 habeas.
2650 499 2762 556 Sed
2793 517 2910 558 ecce
2937 510 3184 560 auctores
3213 504 3295 572 hi,
3319 511 3610 576 quotquot
3663 513 3826 577 sunt,

417 603 550 670 post
578 596 785 668 lgnatii
812 600 1063 650 mortem
1081 611 1270 648 annos
1298 593 1662 658 meminisse,
1685 597 1744 648 et
1765 592 1903 648 inde
1925 609 2066 648 con-
2179 593 2363 647 omnia
2383 593 2586 662 Ignatii
2612 595 2818 662 scripta
2849 593 2924 648 ad
2951 595 3272 666 apocrypha
3309 595 3648 665 relegarant.
3711 598 3825 652 Pro

417 685 624 752 cludit,
659 685 730 740 ab
763 684 986 756 lgnatio
1025 699 1146 738 non
1174 681 1355 737 fuisse
1395 681 1785 754 conscriptas.
2173 681 2355 736 unico
2389 683 2696 752 scriptore,
2731 682 2932 737 nescio
2963 699 3104 754 quo,
3135 689 3409 739 auctores
3448 686 3648 741 nescio
3685 691 3831 758 quot

487 775 710 847 Incipio
732 773 1034 830 atestibus
1055 771 1479 828 abadversario
1501 777 1710 827 contra
1731 776 2071 826 nostrorum
2179 771 2450 843 Syncello
2481 770 2789 842 praifixos;
2823 777 2882 826 et
2920 771 3018 826 ubi
3068 772 3294 828 nudum
3343 775 3552 846 lgnatii
3603 791 3827 830 nomen

417 867 604 922 aciem
640 865 789 919 miro
823 862 998 918 modo
1030 861 1356 934 productis,
1389 861 1476 916 vel
1507 861 1704 932 potius
1736 859 2069 916 subductis.
2178 861 2463 930 scriptum
2495 865 2604 928 est,
2636 861 2822 916 omnia
2843 861 2972 932 ejus
2999 864 3209 931 scripta
3241 862 3353 935 legi
3385 861 3505 918 vult
3552 864 3640 918 vir
3687 865 3830 919 doc-

420 955 559 1011 lllos
583 954 798 1016 enim,«
817 969 938 1007 non
954 958 1073 1006 tam
1095 950 1168 1006 ad
1190 949 1666 1006 constituendam
1686 949 2067 1017 sententiam,
2177 947 2500 1004 ctissimus.

419 1060 600 1115 quam
623 1043 696 1098 ad
719 1041 1134 1114 depellendam
1159 1039 1442 1096 invidiam
1467 1061 1490 1090 »ι
1508 1038 1825 1094 adduxisse
1849 1055 1910 1094 se
1932 1039 2070 1094 fate-
2251 1039 2322 1093 Ut
2349 1042 2546 1092 autem
2598 1037 2882 1109 majorem
2941 1038 3342 1096 Stichometricz
3397 1055 3518 1094 suas
3569 1039 3825 1112 jamjam

417 1139 536 1188 tur'
571 1133 634 1186 in
667 1149 824 1199 eum,
856 1130 1102 1194 scilicet,
1137 1130 1340 1197 ﬁnem,
1373 1134 1438 1183 ut
1475 1129 1688 1200 probet
1717 1128 2072 1184 Salmasium
2179 1125 2574 1200 producenda:
2613 1127 3024 1182 auctoritatem
3047 1128 3585 1200 conciliet,gravem
3607 1147 3824 1200 quere-

419 1229 476 1280 et
499 1220 874 1278 Blondellum
901 1236 1022 1274 non
1043 1218 1228 1274 fuisse
1251 1217 1496 1289 primos,
1530 1215 1630 1288 qui
1653 1217 1758 1272 has
1788 1217 2073 1290 epistolas
2180 1217 2297 1272 lam
2317 1216 2482 1288 prius
2503 1216 2780 1284 instituit,
2813 1217 2970 1288 quod
3005 1222 3123 1272 tam
3141 1220 3414 1273 immerito
3442 1219 3555 1274 viri
3583 1219 3735 1274 docti
3764 1221 3832 1276 de

419 1313 700 1369 conﬁctas
724 1315 1022 1382 putarent.
1045 1306 1304 1378 Quisquis
1347 1308 1496 1362 enim
1522 1313 1716 1362 auctor
1765 1307 2071 1362 Stichome-
2179 1308 2440 1362 Salmasii
2460 1308 2567 1376 ﬁde
2595 1307 2994 1377 dubitaverint,
3052 1325 3230 1380 quem
3276 1309 3456 1364 editio
3512 1309 3831 1381 Nicephori

421 1405 568 1468 triae,
602 1416 780 1470 quam
823 1397 1086 1463 adducit,
1133 1395 1255 1464 fuit
1300 1397 1400 1451 diu
1457 1403 1586 1452 ante
1637 1397 1969 1452 Salmasium
2025 1401 2076 1450 et
2179 1396 2450 1452 Parisina
2479 1397 2555 1451 ab
2577 1397 2738 1451 omni
2766 1397 3102 1468 suspicione
3135 1397 3682 1464 liberavit.Quinam
3709 1417 3833 1456 au-

419 1490 768 1546 Blondetlum
826 1487 990 1543 vixit.
1053 1487 1310 1558 Opponit
1367 1487 1549 1558 igitur
1623 1485 2075 1543 Stichometriam
2185 1491 2301 1540 tem
2330 1491 2469 1540 sunt
2491 1501 2558 1539 ex
2582 1485 2802 1540 nostris
2824 1485 3092 1557 partibus
3122 1486 3229 1540 viri
3261 1487 3440 1549 docti,
3471 1489 3572 1558 qui
3595 1488 3668 1542 de
3700 1489 3833 1544 Sal-

422 1579 818 1644 Hammondo,
850 1594 1092 1650 prorsus
1121 1577 1500 1632 inconcinne.
1536 1601 1562 1627 u
1590 1577 1778 1650 Hujus
1808 1593 1968 1647 vero,
1991 1580 2076 1633 in-
2182 1575 2354 1629 masii
2391 1574 2503 1629 fide
2537 1578 2656 1628 tam
2690 1574 2985 1629 immerito
3017 1573 3416 1630 dubitarunt?
3443 1578 3611 1632 Certe
3659 1579 3836 1634 Usse-

423 1666 977 1742 ᾳαὶε.Στιχομετρίας
1010 1667 1329 1722 auctoritas
1351 1683 1457 1722 cur
1475 1683 1592 1722 non
1613 1667 1760 1722 tanti
1789 1667 1945 1738 apud
1967 1683 2078 1723 nos
2183 1663 2309 1718 rius
2330 1663 2788 1731 Stichomctriam,
2814 1677 2992 1734 quam
3015 1665 3244 1736 Georgii
3269 1665 3528 1736 Syncelli
3557 1671 3615 1720 et
3641 1667 3837 1722 Theo-

421 1755 1191 1826 essedebeat,quantisuam
1206 1754 1664 1810 viridoctissimi
1681 1772 1808 1811 esse
1828 1756 2080 1828 cupiunt
2184 1751 2397 1823 phanis
2428 1751 2591 1823 operi
2627 1751 2924 1822 praeﬁxum
2958 1751 3019 1806 in
3050 1753 3467 1823 antiquissimo
3499 1755 3833 1826 exemplari

419 1862 542 1900 non
565 1844 754 1899 video.
782 1864 810 1892 ››
833 1845 908 1898 At
927 1843 975 1897 si
995 1858 1113 1914 qua
1143 1843 1220 1896 sit
1243 1842 1409 1897 iilius
1437 1843 1840 1900 Stichometrize
1869 1850 2069 1899 aucto-
2107 1879 2149 1942 Β
2185 1859 2247 1897 se
2279 1841 2577 1897 invenisse
2607 1848 2807 1897 narrat
2837 1841 2908 1896 cl.
2973 1842 3319 1909 Salmasius,
3373 1860 3493 1898 non
3538 1842 3832 1900 diversam

417 1934 586 2002 ritas,
618 1949 688 1988 ea
716 1948 838 1986 non
863 1931 1253 2000 Hammondo,
1279 1931 1383 1986 sed
1415 1931 1686 1987 Patribus
1713 1932 2069 2004 opponenda
2107 1931 2147 1942 "
2181 1947 2310 1988 esse
2331 1931 2404 1986 ab
2428 1947 2698 2002 ea,quam
2725 1931 2882 1986 inter
2902 1932 3058 1986 Petri
3076 1932 3282 1986 Pithasi
3315 1933 3598 2004 opuscula
3629 1935 3832 1989 Graece

414 2023 547 2090 fuit,
580 2021 652 2078 ab
687 2021 1056 2076 Hammondo
1087 2026 1296 2076 contra
1324 2019 1678 2076 Salmasium
1709 2027 1767 2076 et
1794 2021 2066 2077 Blondel-
2181 2027 2237 2077 et
2269 2022 2472 2076 Latine
2507 2019 2794 2076 habemus
2816 2021 3056 2084 editam,
3077 2022 3420 2078 existimare
3441 2039 3503 2077 se
3527 2022 3835 2094 professus

419 2112 544 2168 lum
575 2109 902 2182 productis,
932 2109 1528 2181 PolycarpoJrenaso,
1551 2111 1808 2177 Origeni.
1843 2110 1929 2165 vel
1953 2109 2070 2166 sal-
2181 2117 2290 2166 est.
2324 2111 2488 2176 Quod
2519 2125 2639 2165 non
2671 2115 2762 2164 est
2794 2111 3054 2166 hominis
3085 2111 3356 2166 Salmasii
3394 2111 3571 2166 ﬁdem
3595 2111 3838 2168 elevan-

418 2207 542 2257 tem
572 2199 844 2268 Eusebio,
864 2199 1452 2268 Athanasio,Basilio,
1470 2199 1910 2270 Chrysostomo,
1934 2200 2070 2256 Hie-
2183 2201 2278 2263 tis,
2313 2200 2418 2255 sed
2445 2201 2643 2272 potius
2665 2200 3096 2266 conﬁrmantis,
3128 2206 3189 2256 et
3211 2217 3319 2258 sua
3339 2201 3689 2273 conjectura
3715 2204 3841 2259 suf-

417 2305 692 2361 ronymo,
723 2286 1110 2354 Theodoreto,
1144 2287 1400 2354 Gelasio,
1432 2287 1685 2358 aliisque
1715 2305 1728 2342 :
1757 2305 1877 2344 non
1908 2289 2070 2344 enim
2180 2289 2524 2356 fulcientis;
2560 2305 2737 2360 quam
2767 2304 2887 2343 non
2921 2289 3118 2345 minus
3151 2306 3330 2360 quam
3361 2290 3630 2347 Salmasii
3655 2292 3840 2348 fidem

418 2379 728 2452 quan-itur.
763 2393 840 2432 an
872 2375 1270 2432 Stichometriz
1301 2377 1638 2432 auctoritati
1699 2378 2072 2449 praaferenda
2183 2379 2374 2434 Editio
2403 2379 2676 2434 Parisina
2729 2384 2937 2450 postea
2985 2380 3372 2436 confirmavit.
3427 2381 3844 2438 Hammondus

417 2470 496 2525 sit
515 2467 836 2523 auctoritas
859 2464 1346 2532 Hammondi,sed
1359 2465 1476 2522 utri
1497 2466 1695 2537 potius
1709 2467 2070 2522 credendum
2183 2471 2362 2526 etiam
2393 2469 2466 2523 de
2498 2469 2848 2525 auctoritate
2872 2471 3282 2527 Stichometria’
3302 2471 3530 2525 nullam
3563 2471 3676 2526 sibi
3698 2489 3841 2528 cum

421 2559 518 2626 sit,
552 2557 840 2614 Salmasio
872 2555 1002 2611 sola
1027 2557 1417 2612 Stichometria
1467 2562 1716 2622 armato,
1769 2574 1844 2612 an
1892 2557 2070 2612 Ham-
2186 2558 2476 2632 Salmasio
2505 2557 2671 2612 litem
2702 2557 2828 2614 fore
2859 2558 3160 2630 professus
3184 2565 3292 2624 est,
3321 2559 3608 2631 illamque
3639 2577 3672 2616 a
3702 2563 3848 2618 Wa-

421 2651 640 2708 mondo
665 2653 1031 2717 SS.Patrum,
1064 2655 1124 2703 et
1141 2647 1408 2703 omnium
1433 2647 1788 2704 stimulorum
1803 2647 2073 2702 testimo-
2184 2653 2320 2710 lone
2338 2653 2696 2725 laudamque
2709 2653 2780 2708 ab
2803 2653 3066 2708 lndiculo
3085 2670 3119 2709 a
3140 2653 3362 2709 Pithaso
3386 2653 3543 2709 edito
3565 2671 3686 2710 non
3711 2673 3846 2726 pro-

419 2741 535 2796 Πίίδ
559 2741 792 2812 supino»
818 2738 1004 2794 Νίηιίε
1043 2737 1221 2809 igitur
1241 2735 1489 2792 SUdele
1527 2737 1639 2792 hoc
1668 2735 2073 2792 t'et‘ﬁimOllilllll
2186 2743 2283 2799 cul
2313 2743 2521 2798 abesse
2553 2749 2710 2798 recte
2743 2743 2962 2816 colligi,
2992 2743 3081 2798 vel
3110 2760 3184 2798 ex
3217 2743 3385 2799 titulo
3413 2744 3643 2816 Georgii
3666 2761 3838 2800 asse-

423 2829 664 2886 adduoit
692 2829 964 2894 Πᾶηωιιε»
997 2827 1070 2881 ad
1109 2825 1488 2896 depellendam
1516 2825 1785 2881 ίηυίάίανη
1837 2831 2072 2889 tantum.
2187 2834 2460 2888 ruit.Non
2483 2833 2674 2905 agitur
2698 2833 2770 2888 de
2795 2833 2908 2888 fide
2932 2833 3197 2888 Salmasii
3226 2833 3632 2888 Hammondus
3647 2834 3843 2904 magis

421 2936 538 2990 quo
571 2923 776 2991 postea
800 2917 875 2973 ad
898 2915 1370 2972 conﬁrmandam
1395 2916 1752 2970 sententiam
1777 2930 1946 2970 suam
1971 2931 1989 2968 ε

2277 2939 2364 2977 am
2399 2922 2668 2977 Usserius
2714 2921 3048 2976 dubitavit:
3097 2917 3397 2974 ἀδέσποτον
3449 2920 3845 2994 στιχομετρίαν

423 3009 668 3082 pissime
697 3008 925 3063 utitur:
959 3011 1017 3060 et
1047 3021 1224 3076 quam
1261 3005 1567 3060 inﬁrmum
1601 3003 1677 3059 sit
1705 3020 1842 3059 cum
1888 3003 2074 3074 PPObe
2188 3028 2320 3067 eam
2349 3016 2518 3066 vocat
2547 3011 2948 3078 meritissima,
2984 3009 3124 3080 quia
3154 3011 3341 3082 ipsam
3383 3011 3465 3065 ita
3514 3011 3846 3067 Salmasius

426 3097 698 3154 conscius
737 3101 913 3162 esset,
948 3094 1028 3148 ita
1058 3092 1302 3148 omnino
1333 3092 1662 3164 proposuit,
1707 3098 1773 3147 ut
1820 3091 1994 3146 nesci:

2277 3101 2571 3165 )duxerat,
2586 3115 2780 3170 neque
2803 3099 2855 3154 ei
2877 3099 3064 3154 ullum
3093 3105 3394 3154 auctorem
3417 3099 3845 3164 assignaverat.

425 3192 628 3242 utrum
657 3203 762 3258 pro
795 3188 1143 3257 argumento
1176 3183 1380 3237 haberi
1431 3181 1701 3249 voluerit,
1754 3197 1962 3236 necne.
2015 3182 2073 3238 Si
2116 3248 2154 3260 Α
2191 3191 2549 3246 Produxerat
2577 3205 2709 3245 eam
2735 3206 2804 3245 ex
2837 3205 2943 3243 ms.
2978 3189 3202 3253 codice,
3233 3194 3519 3260 tanquam
3555 3189 3667 3244 sibi
3731 3189 3851 3245 soli

429 3248 675 3331 titulum
700 3248 909 3344 capitivs
941 3271 1156 3342 quarti,
1174 3271 1388 3341 quinti,
1413 3275 1472 3325 et
1495 3248 1860 3340 reliquerunt
1890 3271 2079 3342 inspi-
2107 3248 2158 3317 Ε
2189 3281 2334 3347 viso,
2365 3279 2528 3335 nulla
2555 3278 2815 3334 auctoris
2845 3248 3252 3334 Stichometriaz
3306 3248 3609 3334 mentione
3639 3279 3802 3334 facta
3833 3298 3849 3347 ;

425 3365 674 3430 ciamus,
707 3365 1120 3433 argumentum
1153 3365 1242 3414 est
1271 3359 1570 3430 ρνὶηιιιιης
1605 3359 1653 3412 Si
1683 3364 1862 3430 caput
1900 3360 2080 3429 quin-
2183 3371 2254 3425 de
2286 3369 2548 3424 tenebris
2579 3368 2759 3441 igitur
2788 3367 3173 3438 conqueritur
3218 3368 3623 3422 Hammondus
3670 3368 3836 3423 haud

429 3458 554 3507 tum
571 3447 1170 3521 spectemus,nullum
1194 3453 1312 3514 est;
1337 3447 1418 3502 ibi
1441 3447 1598 3502 enim
1617 3446 1878 3519 primum
1891 3447 1997 3503 alit

2279 3459 2482 3514 merito
2509 3473 2522 3524 ;
2547 3458 2641 3512 vix
2665 3456 2824 3512 enim
2859 3455 3142 3512 credibile
3173 3456 3306 3524 fuit,
3339 3455 3591 3512 voluisse
3621 3473 3847 3527 quem-

426 3557 460 3596 a
491 3539 728 3596 silentio
759 3537 1118 3609 scriptorum
1150 3535 1691 3592 ecclesiasticorum
1722 3541 1859 3591 ante
1887 3538 1994 3592 Eu:

2285 3565 2361 3604 Lm
2391 3548 2839 3604 Stichometriam
2867 3547 2927 3601 in
2959 3563 3105 3602 mss.
3151 3546 3506 3608 latitantem,
3539 3552 3598 3601 et
3627 3547 3853 3603 incerti

427 3629 594 3684 bium
625 3627 883 3682 δυσίων·
917 3625 1162 3694 semper
1192 3629 1390 3680 tamen
1423 3630 1628 3696 Postea
1658 3631 2074 3698 argumentum
2180 3637 2358 3706 tituli,
2395 3643 2616 3692 testem
2650 3636 2853 3698 citare,
2887 3651 3026 3690 cum
3059 3635 3267 3690 eadem
3298 3635 3359 3689 in
3391 3636 3648 3691 maxima
3679 3635 3848 3708 luce,

424 3717 537 3773 hoc
567 3717 687 3771 Sive
719 3715 1001 3786 Primum,
1035 3713 1153 3768 είνθ
1201 3713 1460 3782 “unum:
1517 3714 1762 3769 minimi
1806 3714 1966 3782 Ῑᾶοίιν
2019 3719 2078 3770 ει
2182 3732 2240 3782 et
2271 3727 2378 3781 sub
2409 3724 2847 3798 speciosissimo
2882 3723 3070 3793 titulo,
3099 3726 3236 3778 'non
3265 3729 3496 3780 tantum
3551 3726 3844 3792 auctoris,

423 3805 647 3876 ubique
677 3803 802 3858 fere
826 3801 1105 3858 inculcat.
1139 3808 1221 3858 Ac
1252 3817 1455 3858 revera
1483 3803 1533 3856 si
1581 3803 1694 3858 hoc
1750 3819 1990 3876 argume

2274 3816 2284 3870 l
2315 3816 2492 3870 etiam
2516 3814 2860 3884 interpretis
2877 3813 3501 3886 poneretur.Ediderat
3520 3814 3678 3868 enim
3698 3829 3842 3871 eam

421 3900 549 3949 tum
583 3893 701 3948 sive
731 3891 1010 3963 primum,
1047 3890 1166 3946 sive
1197 3889 1451 3952 nullum,
1486 3891 1570 3945 illi
1598 3890 1902 3962 eripiatur,
1935 3908 1989 3946 re

2266 3923 2376 3960 aece
2407 3904 2480 3960 ad
2511 3902 2745 3959 Eusebii
2776 3903 2868 3958 sui
2925 3903 3149 3958 calcem
3205 3903 3492 3974 Josephus
3545 3903 3834 3976 Scaliger,

424 3999 542 4055 qua
573 3982 771 4054 Plane,
803 3998 934 4052 qua3
965 3997 1076 4036 n03
1105 3985 1396 4052 specum,
1429 3980 1594 4036 nulla
1627 3985 1822 4035 erant.
2178 3995 2583 4066 Chronologim
2615 3993 2924 4064 Nicephori
2956 3993 3306 4065 patriarcha
3337 3993 3841 4064 Constantinopo-

494 4071 819 4127 Audiamus
837 4070 1016 4143 igitur
1035 4068 1354 4124 adversarii
1373 4073 1552 4124 testes
1574 4085 1694 4124 non
1716 4069 1845 4124 sine
1859 4086 2062 4142 pompa

2275 4086 2346 4138 ini
2378 4083 2649 4138 sufﬁxam
2677 4099 2690 4137 :
2723 4081 2988 4136 ediderat
3021 4081 3291 4135 eamdem
3324 4081 3432 4136 sub
3458 4081 3644 4152 ipsius
3664 4081 3843 4137 Nice-

413 4159 793 4234 productos.«
811 4160 958 4214 Ecce
981 4164 1256 4214 auctores
1279 4157 1588 4221 habemus,
1622 4160 1824 4230 inquit,
1849 4165 1908 4214 et
1924 4161 2073 4215 mul-
2177 4174 2349 4246 phori
2381 4175 2622 4228 nomine
2657 4189 2729 4226 ex
2759 4171 2940 4226 veteri
2973 4171 3174 4226 codice
3197 4171 3479 4242 Cal-pensi
3505 4173 3716 4226 Petrus
3733 4171 3840 4225 Pi-

415 4251 494 4305 tis
512 4255 648 4304 ante
677 4265 786 4303 nos
810 4248 1042 4303 sacculis
1065 4247 1400 4318 denatos,et
1416 4248 1488 4304 ab
1509 4247 1672 4304 omni
1689 4254 1896 4306 contra
1915 4251 2069 4306 hier-
2175 4265 2389 4329 magna,
2421 4279 2556 4318 cum
2589 4261 2882 4316 Anastasii
2919 4253 3246 4331 Niceph‘oro
3297 4261 3568 4330 supparis
3623 4260 3845 4318 Latina

421 4337 685 4394 archiam
731 4337 1071 4408 suspicione
1127 4343 1408 4402 semotas,
1459 4336 1560 4408 qui
1614 4338 1816 4393 omnia
1862 4341 1989 4412 lgna

2278 4351 2686 4423 erpretatione,
2721 4365 2898 4419 quam
2931 4364 3038 4404 nos
3069 4353 3275 4419 postea
3303 4349 3461 4402 inter
3480 4347 3846 4407 Criticossa-

425 4426 644 4498 scripta
669 4425 924 4480 rotunde
950 4441 1018 4481 ac
1039 4425 1168 4480 sine
1187 4424 1310 4480 ulla
1333 4425 1696 4481 haesitatione
1719 4426 1791 4482 ad
1823 4443 1993 4498 apocr

2273 4459 2308 4496 »s
2336 4438 2626 4495 edendam
2647 4438 3002 4493 curavimus.
3022 4439 3325 4492 Monuerat
3344 4439 3601 4492 Joannes
3619 4438 3800 4494 Selde
3813 4471 3841 4483 -

421 4516 542 4587 pha
559 4514 901 4587 relegarunt
924 4514 986 4569 in
1017 4515 1404 4570 Stichometria
1431 4515 1674 4587 Georgio
1707 4516 1979 4587 Syncello

2271 4548 2314 4597 3,
2346 4529 2499 4583 libro
2533 4530 2607 4582 De
2644 4530 2980 4584 successione
3035 4528 3096 4582 in
3141 4530 3533 4599 pontiﬁcatum
3562 4528 3839 4584 Hebraeo-

418 4605 568 4660 libro
588 4603 1008 4674 antiquissimo
1024 4603 1289 4676 praefixa-
1305 4604 1532 4668 .Quaaso
1547 4604 2070 4670 te,virdoctissime
2104 4605 2149 4670 D
2178 4637 2318 4687 rum,
2344 4619 2659 4690 Nicephori
2677 4617 3224 4689 Chronogmphiam
3247 4633 3360 4672 ms,
3395 4622 3626 4672 exstare
3649 4617 3712 4672 in
3737 4613 3840 4674 Βί.

421 4699 566 4764 quot
593 4699 867 4748 auctores
890 4691 1073 4748 habes
1113 4692 1176 4746 in
1207 4692 1314 4746 illa
1358 4693 1745 4750 Stichometria
1794 4695 1989 4766 Synce‘

2276 4709 2479 4766 otheca
2508 4709 2867 4764 Londinensi
2901 4707 3134 4779 collegii
3167 4707 3492 4773 Sionensis,
3525 4707 3618 4761 cui
3670 4706 3844 4766 hanc

421 4784 666 4856 praeﬁxa
688 4783 716 4838 Ἰ
745 4783 1027 4838 ostendas
1057 4799 1396 4848 numerum.
1428 4783 1558 4839 edic
1586 4785 1850 4840 nomina.
1879 4788 1968 4841 An
1990 4787 2073 4842 ita
2181 4799 2358 4855 etiam
2390 4797 2838 4854 Stichomctriam
2870 4796 3144 4851 sufflxam
3177 4812 3306 4850 esse
3339 4800 3646 4850 testamur.
3697 4797 3846 4855 Non

423 4899 725 4949 numeras,
755 4881 1259 4954 quemadmodum
1289 4881 1391 4938 ille
1421 4883 1578 4954 apud
1615 4883 1890 4940 Plautum
1911 4885 1940 4940 Ἰ
2179 4889 2372 4960 potuit
2399 4887 2596 4956 itaque
2628 4901 2746 4940 non
2777 4884 2983 4940 mirari
3015 4883 3441 4947 Hammondus,
3476 4884 3523 4938 si
3547 4883 3671 4938 hinc
3701 4889 3845 4943 tam

601 5001 745 5064 Quot
773 5001 982 5054 erunt?
1009 5000 1146 5068 Ego,
1178 5003 1228 5054 et
1257 4999 1643 5066 Menaechmus,
1683 5006 1736 5055 et
1764 5001 2068 5058 Parasitus.

2277 4977 2417 5032 olice
2449 4980 2591 5030 nota
2620 4990 2692 5029 ex
2721 4976 2901 5028 nescio
2930 4989 3043 5044 qua
3071 4975 3295 5042 ofﬁcina
3323 4972 3678 5045 produceret
3707 4972 3845 5030 Sal-

601 5071 725 5124 Jam
765 5071 856 5125 isti
883 5077 1012 5125 sunt
1040 5066 1217 5124 decem
1242 5087 1257 5124 :
1290 5087 1417 5125 nam
1447 5073 1734 5127 Parasitus
2179 5066 2422 5122 masius.

603 5142 736 5198 Octo
766 5139 1052 5197 hominum
1081 5140 1262 5211 ofﬁcio
1289 5143 1568 5212 fungitur.

2278 5156 2490 5213 nterim
2531 5154 2604 5211 de
2644 5153 3044 5211 Stichometriae
3091 5154 3442 5212 auctoritate
3490 5154 3658 5210 litem
3701 5170 3846 5216 non

495 5240 910 5304 Stichometria.
942 5255 1121 5312 quam
1151 5240 1238 5296 vis
1268 5239 1537 5312 Syncello
1588 5241 1911 5312 prmﬁxam,
1969 5247 2072 5298 aut
2178 5244 2362 5302 movit
2389 5243 2673 5301 Salmasio
2702 5243 2791 5298 vir
2832 5243 3042 5300 doctus
3075 5261 3089 5300 :
3141 5243 3540 5316 suspicionem
3592 5247 3846 5306 tantum

423 5329 657 5386 nullum
691 5335 918 5385 certum
952 5335 1256 5386 auctorem
1277 5328 1476 5398 habet,
1499 5334 1603 5384 aut
1620 5329 1864 5385 unicum
1887 5335 2068 5386 certe.
2177 5334 2519 5408 parenthesi
2551 5333 2802 5389 inseruit
2827 5351 2840 5401 ;
2873 5350 3006 5405 qum
3027 5333 3270 5406 quidem
3291 5338 3426 5406 post
3446 5332 3845 5406 splendidam

421 5421 512 5474 An
545 5418 938 5490 Nicephorum
970 5423 1160 5488 tuum,
1191 5419 1242 5474 si
1271 5418 1447 5474 modo
1487 5417 1538 5472 is
1569 5417 1667 5486 sit,
1690 5433 1826 5474 cum
1848 5421 2070 5490 lgnatio
2177 5422 2340 5479 illam
2373 5422 2697 5478 editionem
2727 5421 3059 5478 Parisinam
3088 5421 3275 5477 haaret
3323 5419 3536 5477 altius:
3584 5425 3644 5476 et
3691 5437 3850 5482 con.

419 5513 523 5564 tuo
557 5506 866 5580 epistolico
897 5506 1292 5580 bicorporem,
1325 5511 1430 5562 aut
1458 5505 1850 5578 tricorporem
1879 5509 2074 5567 facis?
2181 5511 2396 5568 sultius
2426 5511 2672 5567 omnino
2701 5508 2942 5566 fecisset
2969 5509 3246 5578 Dallaaus,
3279 5509 3328 5565 si
3358 5525 3490 5566 eam
3514 5525 3850 5581 nunquam

420 5597 590 5652 Certe
623 5596 684 5652 in
716 5596 902 5652 multo
935 5596 1136 5668 plures
1167 5595 1348 5651 dividi
1377 5599 1611 5666 oportet
1639 5595 1822 5652 istum
1860 5598 2070 5656 incerti
2179 5600 2572 5668 nominasset,
2599 5603 2702 5655 aut
2729 5598 2942 5654 saltem
2975 5599 3036 5654 in
3068 5615 3139 5654 ea
3165 5598 3532 5671 triumphare
3564 5598 3711 5654 adeo
3743 5603 3846 5658 vi-

421 5685 567 5742 laris
602 5685 1084 5750 homuncionem,
1115 5688 1183 5740 ut
1211 5688 1394 5739 testes
1421 5683 1644 5740 nostris
1673 5685 1763 5741 vel
1821 5701 2072 5744 numero
2181 5705 2282 5746 sus
2311 5705 2432 5744 non
2453 5688 2780 5744 fuissetJta
2801 5686 2960 5744 enim
2985 5687 3286 5759 loquitur:
3341 5687 3464 5742 Viri
3507 5687 3656 5744 docti
3703 5691 3857 5748 Στι-
