3972 6306
425 381 539 446 107

497 513 878 572 Itinerarium
905 512 1166 578 Thomas,
1196 525 1398 567 versus
1435 512 1484 576 1,
1517 509 1641 563 600.

493 585 878 658 Evangelium
911 577 1239 658 secundum
1269 581 1810 658 Thomarptversus
1845 579 1896 643 1,
1941 577 2064 630 300.

503 652 782 715 Doctrina
812 655 1235 728 apostolorum,
1267 669 1473 728 versus
1503 652 1629 706 200.

495 728 819 788 Clementis
841 726 928 796 (θ’),
952 743 1158 781 versus
1187 728 1240 791 2,
1274 726 1398 779 600.

497 801 706 874 Ignatii
735 806 792 856 et
822 797 1154 870 Polycarpi.

497 897 576 947 Ex
605 891 698 946 his
730 905 876 960 nego
903 887 1023 942 ullo
1048 885 1222 940 modo
1254 883 1490 956 probari
1519 898 1690 954 posse
1713 878 1996 952 epistolas
2018 878 2077 934 S.

422 980 634 1055 Ignatii
677 977 928 1034 Eusebio
979 975 1134 1030 visas
1179 973 1253 1029 ab
1293 979 1532 1029 auctore
1555 971 1952 1028 Stichometriae
1969 984 2076 1039 pro

423 1069 818 1144 supposititiis
843 1066 1077 1122 habitas
1099 1063 1542 1120 fuisse.l\'udum
1565 1063 1724 1118 enim
1748 1060 1844 1116 hic
1868 1059 2077 1132 lgnatii

425 1176 648 1215 nomen
667 1158 1132 1230 ponitur,neque
1160 1153 1249 1208 vel
1271 1153 1342 1209 de
1364 1150 1746 1224 epistolis,vel
1769 1149 1842 1204 de
1859 1164 2078 1219 suppo-

429 1249 647 1304 sitione
681 1247 1007 1318 quidquam
1029 1243 1462 1300 afﬁrmatur.Ut
1491 1247 1690 1297 autem
1712 1239 1772 1294 id
1801 1237 1962 1310 quod
1979 1253 2076 1292 vo-

425 1337 561 1392 lunt
589 1336 845 1408 probant
875 1333 1466 1401 adversarii,necesse
1487 1334 1652 1385 estut
1682 1329 1743 1383 in
1773 1328 1932 1383 hunc
1950 1341 2080 1382 mo-

430 1426 573 1482 dum
601 1425 908 1496 disputent
939 1439 962 1500 ε.
985 1421 1281 1492 Quidquid
1299 1419 1372 1476 ab
1395 1425 1632 1475 auctore
1676 1416 2082 1473 Stichometria?

428 1515 503 1571 ad
533 1513 872 1586 apocrypha
893 1511 1165 1578 refertur,
1191 1508 1252 1564 id
1282 1509 1468 1582 ipsius
1498 1507 1796 1564 sententia
1819 1511 1907 1560 est
1936 1520 2079 1576 sup-

431 1603 783 1676 posititium.
819 1600 1096 1673 Epistolas
1130 1599 1341 1672 Ignatii
1399 1597 1472 1653 ab
1502 1601 1744 1653 auctore
1783 1595 2079 1651 Stichome-

433 1695 560 1750 tria.”
616 1691 691 1747 ad
751 1689 1091 1762 apocrypha
1155 1687 1517 1743 referuntur.
1577 1684 1853 1756 Epistolas
1902 1683 2082 1756 igitur

434 1780 643 1853 Ignatii
677 1785 816 1836 sunt
837 1795 906 1834 ex
921 1777 1212 1834 sententia
1239 1776 1495 1831 auctoris
1515 1775 1918 1830 Stichometriae
1939 1788 2076 1844 sup-

434 1871 734 1944 posititiae.
761 1870 946 1940 Hujus
977 1865 1304 1940 syllogismi
1339 1863 1706 1920 Hammondo
1723 1867 1926 1918 nostro
1949 1877 2075 1917 ma-

425 1961 624 2034 jorem
646 1958 1114 2032 propositionem
1137 1971 1372 2027 negare,
1398 1954 1632 2011 Usserio
1661 1953 1734 2008 de
1758 1951 1973 2007 minori
1996 1951 2085 2004 vi-

435 2068 569 2107 sum
592 2055 684 2106 est
702 2050 1086 2121 distinguere.
1115 2048 1230 2119 Ego
1252 2050 1524 2101 neutram
1548 2042 1670 2099 ulla
1686 2043 1912 2098 ratione
1943 2057 2082 2112 pro-

437 2140 564 2196 bari
587 2155 761 2211 posse
783 2136 1163 2204 contendo,et
1176 2140 1486 2205 utramque
1503 2133 1727 2204 pariter
1746 2130 2080 2202 negandam

435 2246 670 2294 censeo,
691 2233 754 2283 ut
783 2243 858 2282 ne
889 2227 980 2281 vel
1008 2223 1220 2281 umbra
1247 2222 1579 2295 argumenti
1610 2221 2004 2292 relinquatur.

501 2318 698 2373 Primo
723 2317 880 2372 enim
905 2313 1233 2370 rectissime
1281 2309 1687 2366 Hammondus
1718 2314 1921 2365 noster
1947 2309 2074 2364 haac

433 2406 721 2463 Salmasio
744 2405 1010 2477 reposuit
1039 2419 1053 2457 :
1077 2425 1104 2453 ‹‹
1129 2403 1255 2457 Non
1273 2401 1355 2456 ita
1381 2400 1543 2456 vocis
1564 2396 2070 2474 istius,&n6xpucpa,

429 2495 785 2568 signiﬁcatio
806 2491 1156 2564 accipienda
1201 2495 1310 2555 est,
1342 2495 1408 2544 ut
1431 2488 1629 2544 statim
1669 2488 1936 2559 spurium
1970 2492 2072 2542 aut

425 2579 587 2653 κίϐδη
596 2582 696 2639 λον
711 2589 815 2640 aut
832 2577 1268 2655 ψευδεπίγραφον
1279 2579 1588 2650 ,sequioris
1601 2577 1704 2632 avi
1720 2577 2068 2649 figmentum

427 2677 524 2740 sit,
553 2673 844 2746 quidquid
866 2671 1056 2728 ubivis
1078 2670 1235 2725 inter
1251 2668 1588 2739 apocrypha
1615 2667 1940 2738 repositum
1965 2667 2064 2720 in-

420 2765 711 2821 veniatur.
741 2783 770 2811 »
811 2761 968 2817 Nihil
987 2760 1100 2814 hoc
1129 2759 1304 2814 eﬂato
1323 2757 1514 2812 verius
1537 2762 1643 2811 est.
1679 2757 1916 2812 Fatetur
1929 2755 2063 2810 Dal-

417 2863 590 2922 Iasus,
618 2869 738 2908 non
761 2867 892 2906 esse
934 2865 1063 2904 eam
1082 2849 1260 2920 hujus
1279 2845 1540 2902 nominis
1562 2862 1634 2902 ex
1649 2845 1830 2917 etymi
1857 2844 1948 2900 sui
1975 2861 2065 2899 ra-

419 2943 584 2999 tione
606 2943 720 2996 vim
748 2959 761 3007 ;
785 2939 911 2996 vult
930 2945 1130 2994 tamen
1152 2959 1180 2987 ε(
1214 2953 1286 2992 ex
1304 2952 1417 2992 usu
1441 2933 1934 3002 ecclesiastico,ut
1961 2933 2062 3004 qui

421 3032 574 3088 liber
595 3029 966 3103 apocryphus
984 3027 1202 3082 dicitur
1222 3025 1274 3080 is
1292 3024 1416 3079 fere
1437 3023 1638 3094 aliquo
1662 3023 1912 3078 istorum
1935 3022 2062 3076 viti-

419 3137 589 3178 orum
612 3119 1031 3182 laboret.Fere,
1059 3138 1086 3166 ››
1119 3113 1334 3185 inquit,
1367 3113 1480 3168 hoc
1502 3118 1591 3167 est
1611 3111 1948 3182 aliquando,
1975 3111 2064 3167 vel

417 3210 792 3282 plerumque,
825 3205 983 3276 quod
1015 3220 1123 3259 nec
1155 3201 1523 3258 Hammondo
1552 3200 1924 3269 contradicit,
1951 3217 2062 3256 nec

420 3298 747 3370 quidquam
759 3291 1108 3366 probat.Afﬁ
1117 3296 1268 3347 rmat
1287 3291 1623 3362 apocrypha
1635 3291 1853 3362 opponi
1865 3309 1886 3336 ε
1907 3289 2064 3361 apud

417 3393 646 3442 veteres
663 3385 982 3455 scriptores
1005 3381 1172 3436 libris
1195 3386 1252 3436 et
1281 3379 1496 3434 divinis
1519 3385 1578 3434 et
1621 3379 2060 3446 ecclesiasticis,

418 3477 530 3531 hoc
551 3471 942 3540 est,omnibus
958 3469 1127 3524 libris
1147 3467 1304 3540 apud
1326 3467 1650 3523 Ecclesiam
1667 3467 1824 3522 notis
1845 3473 1903 3522 et
1915 3483 2060 3538 pro-

415 3561 792 3634 batis,»apud
811 3557 1378 3630 aliquos,scilicet,et
1399 3557 1719 3628 aliquando
1745 3557 2061 3626 (neminem

415 3653 572 3709 enim
587 3651 859 3708 nominat
869 3645 1519 3720 prmterTertullianum
1531 3651 1706 3718 atque
1719 3645 2058 3720 Gelasium),

415 3741 576 3813 quod
603 3741 853 3797 omnino
878 3737 1029 3793 nihil
1051 3735 1280 3808 probat.
1314 3735 1609 3800 Quaeritur
1637 3752 1711 3791 an
1735 3752 1970 3809 semper
1988 3754 2057 3793 ex

413 3847 526 3886 usu
557 3828 959 3886 ecclesiastico
991 3827 1074 3882 ita
1096 3831 1386 3892 sumatur,
1418 3828 1484 3879 ut
1504 3830 1842 3896 opponatur
1859 3828 2053 3882 omni-

408 3919 519 3975 bus
541 3919 710 3976 libris
727 3918 802 3974 ab
823 3917 1083 3973 Ecclesia
1105 3930 1344 3986 quoquo
1362 3913 1538 3969 modo
1570 3915 1825 3986 receptis
1843 3915 1871 3970 ?
1891 3915 2055 3980 Quae-

406 4008 560 4064 ritur
576 4025 652 4064 an
685 4007 918 4078 quoties
975 4003 1217 4074 aliquod
1259 4003 1544 4074 scriptum
1591 4002 1808 4059 dicitur
1829 4005 2052 4061 Veteris

404 4098 496 4154 vel
513 4097 652 4153 Novi
666 4093 1026 4153 Testamenti
1041 4091 1535 4166 apocryphum,id
1557 4093 1754 4148 statim
1773 4095 2050 4149 omnibus

407 4185 831 4242 ecclesiasticis
845 4185 1266 4255 opponatur,et
1284 4197 1319 4234 a
1345 4184 1468 4235 tota
1497 4179 1758 4236 Ecclesia
1787 4198 1894 4252 pro
1911 4199 2050 4254 spu-

406 4275 496 4330 rio
527 4279 585 4328 et
610 4273 891 4329 haeretico
922 4270 1232 4342 rejiciatur
1258 4269 1286 4324 ‘l
1306 4271 1526 4324 Auctor
1552 4269 1942 4326 Stichometriz
1967 4272 2051 4327 ita

404 4361 708 4432 loquitur:
737 4383 763 4410 ι‹
787 4361 887 4415 Ha;
919 4368 1056 4414 sunt
1075 4358 1286 4412 divinas
1345 4357 1682 4428 Scripturae,
1715 4376 1847 4430 quas
1897 4361 2047 4415 reci-

410 4451 658 4522 piuntur
685 4449 759 4504 ab
796 4447 1053 4504 Ecclesia
1099 4453 1157 4502 et
1185 4446 1626 4502 canonizantur.
1659 4448 1729 4502 Et
1749 4465 1879 4518 quas
1911 4455 2051 4504 sunt

406 4539 764 4611 apocrypha,
801 4536 1023 4592 Veteris
1053 4534 1430 4591 Testamenti.
1461 4536 1532 4589 Et
1577 4551 1708 4606 qua:
1741 4537 1878 4592 Novi
1910 4542 2051 4592 sunt

1498 374 1566 438 Β.
1611 370 2008 436 IGNATIUS.
2054 401 2116 414 ο·-
2171 365 2784 430 PROLEGOMENA.

3727 369 3854 431 108

2103 505 2157 572 Α
2190 501 2416 558 tionem
2435 499 2714 557 Ecclesiae
2729 500 3131 572 pertinentem
3144 500 3458 572 epistolam
3475 504 3819 575 composuit
3835 547 3851 573 ,

2187 608 2318 664 quas
2348 591 2505 646 inter
2525 590 2894 662 apocryphas
2915 591 3252 661 Scripturas
3271 589 3502 664 legitur.
3515 592 3782 649 »Barnab
3797 611 3850 650 ω

2185 681 2345 736 enim
2368 679 2679 753 epistolam
2703 680 2885 736 fuisse
2901 679 3114 747 tradit;
3139 697 3262 736 non
3308 681 3421 752 ipsi
3442 683 3812 754 suppositam
3827 726 3844 754 ,

2185 770 2560 843 autspuriam
2580 769 2683 835 ;ad
2705 769 3158 825 wdiﬁcationem
3181 769 3460 826 Ecclesiaa
3473 771 3843 842 pertinuisse

2185 859 2400 915 asserit
2424 877 2440 927 ;
2462 875 2586 915 non
2608 860 2806 929 itaque
2829 859 3172 914 hmreticam
3208 860 3436 932 putavit
3461 876 3475 926 ;
3499 859 3714 916 lectam
3751 867 3847 918 ta-

2186 965 2326 1004 men
2347 949 2506 1004 inter
2521 949 2890 1020 apocryphas
2921 949 3247 1020 scripturas
3276 948 3468 1018 docet,
3500 966 3610 1005 nec
3632 950 3704 1006 ab
3731 953 3848 1007 Ec-

2187 1038 2370 1094 clesia
2391 1037 2763 1110 repudiatam
2815 1038 3028 1094 innuit.
3060 1039 3222 1094 Idem
3271 1038 3331 1092 in
3383 1038 3637 1110 epistola
3687 1040 3844 1096 HO:

2190 1127 2468 1200 «Exigitis
2486 1126 2646 1182 enim
2669 1132 2734 1182 ut
2753 1126 2972 1182 librum
2993 1127 3265 1182 Chaldaeo
3285 1143 3561 1184 sermone
3583 1130 3850 1183 conscri-

2186 1224 2354 1290 ptum
2379 1217 2452 1272 ad
2470 1217 2740 1272 Latinum
2763 1215 2982 1288 stylum
3002 1217 3481 1283 trabam,librum
3513 1220 3719 1290 utique
3741 1223 3854 1277 Τοο

2189 1306 2502 1377 ὺὶω,(ῃιθω
2528 1305 2755 1361 Hebraai
2773 1306 2845 1361 de
2870 1305 3134 1379 catalogo
3157 1306 3488 1364 divinarum
3507 1309 3851 1381 Scriptura-

2187 1412 2322 1450 rum
2343 1400 2611 1451 secantes
2643 1395 2734 1450 bis
2758 1411 2889 1466 quaa
2907 1394 3306 1468 hagiographa
3323 1397 3460 1467 (lege
3481 1398 3850 1469 apocrypha)

2188 1487 2545 1550 memorant,
2578 1484 3014 1555 manciparunt.
3072 1505 3102 1534 »
3133 1485 3625 1542 Emendationem
3685 1487 3849 1543 hanc

2187 1592 2322 1630 cum
2345 1575 2534 1631 multa
2563 1575 2702 1645 alia,
2734 1580 2862 1631 tum
2893 1575 3070 1631 verba
3093 1576 3409 1646 sequentia
3451 1576 3594 1632 satis
3617 1577 3846 1632 conﬁr-

2189 1669 2357 1720 mant
2378 1682 2392 1721 :
2415 1686 2444 1716 «
2469 1669 2738 1736 Arguunt
2757 1664 2917 1720 enim
2968 1681 3078 1720 nos
3123 1665 3504 1721 Hebraeorum
3528 1665 3745 1734 studia,
3781 1672 3850 1722 et

2189 1754 2486 1825 imputant
2508 1753 2680 1808 nobis
2707 1758 2913 1809 contra
2934 1769 3108 1808 suum
3129 1769 3419 1810 canonem
3443 1755 3665 1811 Latinis
3676 1755 3846 1811 auri-

2188 1843 2297 1900 bus
2315 1844 2429 1900 ista
2453 1845 2876 1900 transferrem
2901 1859 3090 1900 rursus
3119 1845 3354 1915 epistola
3375 1846 3470 1900 111
3499 1862 3513 1900 :
3538 1845 3709 1918 Apud
3732 1847 3853 1902 lle-

2195 1932 2385 1988 braeos
2421 1933 2572 1989 liber
2615 1933 2816 1988 Judith
2865 1933 3022 1988 inter
3055 1933 3452 2006 hagiographa
3479 1935 3618 2006 (lege
3638 1937 3851 1990 iterum

2191 2023 2552 2094 apocrypha)
2582 2021 2812 2096 legitur,
2845 2023 3018 2094 cujus
3039 2025 3361 2080 auctoritas
3382 2024 3457 2079 ad
3507 2022 3854 2080 roboranda

2190 2109 2452 2182 illa,quaa
2476 2112 2537 2167 in
2561 2113 3002 2167 contentionem
3018 2112 3266 2167 veniunt
3283 2113 3484 2169 minus
3499 2115 3718 2172 idonea
3739 2119 3852 2189 ju-

2188 2199 2439 2256 dicatur.
2463 2201 2737 2257 Chaldaao
2764 2206 2959 2258 tamen
2989 2218 3265 2258 sermone
3288 2205 3661 2275 conscriptus
3682 2207 3857 2265 inter

2184 2283 2465 2342 historias
2493 2293 2888 2358 computatur.
2901 2309 2927 2336 ››
2957 2288 3146 2353 Quare
3171 2305 3240 2343 ex
3261 2305 3400 2345 voce
3423 2291 3581 2346 nuda
3599 2309 3856 2368 apocry-

2175 2375 2472 2445 pha,nihil
2495 2376 2655 2432 aliud
2673 2383 2832 2432 recte
2851 2377 3232 2446 infertur,ubi
3246 2378 3318 2434 de
3337 2378 3506 2435 libris
3528 2385 3848 2443 canonicis

2180 2466 2392 2539 agitur,
2426 2483 2606 2539 quam
2663 2469 2951 2540 scriptum
3026 2469 3270 2540 aliquod
3320 2487 3450 2526 esse
3507 2489 3544 2528 a
3599 2489 3846 2534 canone

2179 2555 2233 2610 S.
2270 2556 2583 2628 Scriptura
2617 2557 3060 2614 removendum.
3112 2559 3291 2614 Extra
3320 2559 3501 2632 igitur
3530 2579 3841 2622 canonem

2177 2645 2315 2700 Novi
2347 2648 2707 2702 Testamenti
2747 2647 3078 2704 certissime
3103 2649 3344 2719 ponitur
3377 2650 3639 2722 Ignatius
3675 2670 3688 2720 ;
3726 2671 3844 2711 ne-

2177 2750 2290 2803 que
2318 2735 2646 2806 quidquam
2677 2736 2842 2792 aliud
2896 2752 2966 2792 ex
2994 2737 3046 2791 vi
3079 2737 3389 2794 verborum
3418 2740 3833 2802 Stichometria:

2173 2838 2280 2892 per
2309 2825 2709 2880 necessariam
2733 2827 3221 2897 consequentiam
3265 2827 3456 2900 colligi
3489 2835 3704 2901 potest.

2244 2911 2434 2975 Quare
2466 2914 2624 2984 quod
2655 2930 2726 2969 ex
2757 2913 2972 2970 Gelasii
3030 2914 3268 2971 decreto
3298 2917 3509 2990 arripit
3537 2919 3832 2990 Dallaeus,

2173 2999 2350 3072 plane
2373 3007 2463 3058 est
2488 2999 2912 3075 ἀπροσδίονυσον
2929 3003 3059 3060 .llle
3085 3005 3246 3060 enim
3275 3007 3588 3078 utriusque
3607 3010 3833 3066 Testa-

2175 3092 2357 3146 menti
2381 3108 2674 3148 canonem
2701 3092 2900 3162 tradit,
2949 3093 3130 3150 nullis
3187 3096 3432 3150 omnino
3462 3099 3836 3169 apocryphis

2175 3179 2392 3236 additis
2426 3181 2585 3250 ;imo
2617 3183 2842 3238 Veteris
2870 3182 3230 3240 Testamenti
3262 3186 3618 3257 apocryphis
3665 3204 3838 3244 non-

2176 3269 2360 3326 nullis
2384 3271 2445 3326 in
2475 3288 2766 3327 canonem
2823 3273 3098 3344 receptis,
3131 3272 3261 3328 aliis
3299 3290 3432 3330 cum
3465 3278 3842 3348 apocryphis

2174 3361 2311 3414 Novi
2343 3361 2404 3414 in
2427 3360 2700 3416 ultimum
2734 3367 2910 3433 caput
2940 3363 3199 3434 rejectis,
3234 3366 3292 3417 et
3335 3363 3494 3419 inter
3539 3365 3839 3424 haeretica

2171 3449 2390 3521 scripta
2420 3450 2646 3521 positis.
2679 3450 2842 3507 Unde
2873 3449 2989 3506 duo
3040 3451 3196 3506 facta
3245 3458 3406 3517 sunt,
3438 3454 3722 3524 primum,
3754 3463 3840 3513 ut

2169 3539 2510 3610 apocrypha
2539 3539 2803 3594 melioris
2859 3544 3014 3594 notaa
3043 3539 3118 3594 ad
3165 3541 3343 3596 Vetus
3373 3544 3834 3603 Testamentum

2167 3627 2547 3698 pertinentia,
2582 3629 2708 3683 sine
2741 3628 2863 3683 ulla
2908 3628 3310 3698 distinctione,
3343 3648 3448 3702 pro
3507 3635 3833 3694 canonicis

2165 3715 2531 3773 haberentur
2559 3719 2710 3788 (quae
2740 3717 2902 3772 labes
2933 3717 3126 3774 adhuc
3155 3720 3370 3775 canoni
3418 3721 3682 3777 Romano
3705 3725 3833 3780 ad-

2164 3806 2462 3878 haerescit)
2493 3823 2506 3873 ;
2541 3807 2894 3871 secundum,
2917 3813 2982 3862 ut
3012 3807 3242 3878 reliqua
3268 3810 3494 3865 Veteris
3524 3817 3583 3866 et
3601 3813 3825 3874 omnia

2160 3897 2303 3951 Novi
2323 3896 2682 3952 Testamenti
2705 3897 3044 3968 apocrypha
3065 3913 3198 3952 cum
3223 3897 3458 3969 scriptis
3489 3899 3826 3973 hmreticis,

2163 3986 2388 4042 fictitiis
2427 3991 2603 4056 atque
2653 3984 2948 4040 damnatis
3004 3991 3211 4041 contra
3253 3985 3532 4042 Veterum
3565 3995 3827 4050 Patrum

2161 4075 2520 4132 sententiam
2537 4073 3067 4130 confunderentur.
3087 4075 3470 4146 Iniquissime
3489 4077 3666 4150 igitur
3697 4097 3780 4151 po
3800 4115 3826 4126 -

2162 4166 2436 4232 stulatur,
2497 4169 2562 4219 ut
2616 4181 2686 4219 ex
2740 4165 2852 4219 hoc
2908 4163 3144 4219 decreto
3180 4165 3288 4220 sub
3319 4166 3558 4222 nomine
3589 4167 3830 4228 Gelasii

2160 4253 2318 4308 edito
2342 4250 2785 4308 Stichometriam
2808 4251 3270 4322 interpretemur
3293 4269 3306 4307 :
3333 4269 3468 4308 cum
3490 4254 3551 4308 in
3576 4255 3789 4313 Sticho
3807 4291 3828 4303 ο

2158 4341 2538 4408 metria,Nom‘
2571 4341 2900 4394 Testamenti
2929 4341 3245 4411 apocrypha
3273 4339 3567 4408 dicantur,
3609 4343 3664 4397 in
3701 4344 3786 4402 de
3809 4381 3824 4388 -

2157 4435 2318 4485 creto
2350 4433 2580 4484 tantum
2603 4429 2946 4500 apocrypha,
2979 4429 3107 4484 sine
3139 4429 3264 4485 ulla
3293 4430 3668 4487 restrictione
3704 4451 3718 4500 ;
3745 4435 3828 4495 in

2157 4517 2259 4573 illa
2288 4522 2422 4589 post
2442 4515 2762 4587 scriptores
2791 4515 3134 4583 canonicos,
3172 4516 3234 4570 in
3264 4516 3377 4572 hoc
3433 4523 3568 4588 post
3593 4535 3826 4580 omnes

404 4626 908 4700 apocrypha.»Hic
935 4623 1102 4680 nulla
1122 4623 1344 4679 mentio
1375 4604 1662 4679 librorum
1690 4623 2052 4681 ecclesiasti-
2087 4613 2127 4676 D
2161 4605 2488 4700 cath?li°°5_
2509 4621 2522 4672 ἰ
2547 4605 2609 4659 in
2631 4604 2736 4700 illa
2765 4604 3090 4672 οθιηοιιίοίεν
3122 4604 3186 4660 in
3203 4605 3314 4660 hoc
3345 4606 3620 4662 omnibus
3642 4611 3822 4666 Scri-

403 4723 780 4789 corum,puta
794 4715 1094 4787 Cypriani,
1129 4714 1347 4778 Basilii,
1380 4713 1796 4786 Chrysostomi,
1829 4731 1864 4770 a
1894 4732 2042 4786 quo-

398 4822 529 4860 rum
556 4805 854 4861 consortio
885 4803 1146 4876 Ignatius
1160 4810 1219 4858 et
1235 4803 1591 4874 Polycarpus
1608 4801 2039 4875 ablegarentur;

401 4895 504 4950 sed
534 4895 761 4950 Veteris
785 4899 1014 4948 tantum
1039 4897 1097 4946 et
1152 4891 1292 4946 Novi
1348 4891 1706 4946 Testamenti
1738 4897 1859 4947 uta
1882 4892 2040 4948 Scri-

391 4989 580 5054 pturae
599 4998 826 5038 canone
845 4981 1258 5052 rejicerentur.
1293 4981 1362 5035 Ut
1382 4979 1436 5033 S.
1464 4980 1856 5052 Hieronymus
1882 4982 2033 5052 epis~

387 5070 511 5126 tola
532 5074 632 5125 106
664 5088 676 5124 :
701 5093 728 5120 «
757 5071 858 5125 Hic
876 5069 1154 5143 prologus
1177 5069 1812 5140 Scripturarum,quasi
1837 5070 2036 5143 galea-

384 5163 506 5214 tum
533 5159 889 5230 principium
939 5158 1218 5214 omnibus
1247 5157 1443 5224 libris,
1501 5173 1648 5228 quos
1678 5157 1750 5214 de
1792 5159 2032 5216 Hebraeo

381 5249 664 5304 vertimus
692 5249 754 5304 in
789 5249 1080 5310 Latinum.
1113 5246 1426 5302 convenire
1484 5252 1680 5318 potest
1722 5265 1736 5302 :
1787 5255 1852 5304 ut
1881 5251 2032 5308 scire

378 5336 683 5392 valeamus
715 5336 1008 5408 quidquid
1039 5340 1206 5391 extra
1224 5335 1333 5390 hos
1365 5340 1474 5403 est,
1507 5335 1666 5391 inter
1693 5340 2032 5410 apocrypha

379 5441 507 5480 esse
541 5426 1056 5498 ponendum.»Qui
1080 5423 1258 5480 etiam
1282 5423 1490 5480 eodem
1515 5425 1689 5480 modo
1703 5425 1867 5498 loqui
1890 5445 2031 5484 cen-

378 5513 599 5568 sendus
631 5515 693 5568 in
724 5513 999 5586 Catologo
1028 5529 1091 5568 :«
1116 5510 1414 5567 Barnabas
1460 5528 1643 5568 unam
1674 5513 1748 5569 ad
1770 5515 2026 5573 mdiﬁca~

449 5626 516 5698 (‘)
543 5629 622 5684 De
646 5627 1438 5702 significationelitterarum
1461 5622 1532 5702 λϐ
1555 5646 1688 5701 qum
1715 5630 1777 5702 in
1823 5631 2025 5690 Graaco

375 5701 540 5754 textu
564 5699 817 5768 exstant,
851 5699 981 5756 vide
1005 5699 1161 5754 infra
1189 5699 1298 5756 col.
1327 5703 1448 5758 109.
1473 5701 1532 5756 C.
1567 5699 1626 5756 et
1657 5701 1770 5760 col.
1806 5706 1926 5774 129,
1961 5707 2022 5760 Β.

2151 4694 2419 4768 ptoribus
2437 4693 2508 4749 ab
2541 4692 2804 4748 Ecclesia
2832 4693 3099 4765 probatis
3123 4699 3517 4766 opponantur.

2220 4783 2385 4850 Quod
2433 4787 2632 4839 autem
2660 4799 2730 4838 ex
2760 4782 2920 4838 nudo
2952 4782 3124 4838 titulo
3171 4784 3391 4839 frustra
3419 4784 3670 4856 probare
3698 4805 3823 4846 co-

2151 4881 2325 4931 natus
2347 4879 2437 4929 est
2468 4871 2808 4939 Salmasius,
2841 4871 2900 4926 id
2931 4888 3004 4927 ex
3029 4878 3243 4928 natura
3267 4873 3552 4930 librorum
3577 4876 3680 4946 qui
3715 4881 3820 4936 si-

2147 4965 2272 5021 mul
2298 4980 2432 5020 cum
2493 4962 2718 5035 Ignatio
2776 4962 2934 5016 inter
2989 4964 3356 5034 apocryphas
3401 4973 3824 5028 numerantur

2145 5060 2428 5126 praestare
2458 5051 2644 5107 voluit
2676 5049 2952 5106 Dallaaus.
2997 5051 3085 5105 Ita
3115 5051 3275 5106 enim
3327 5051 3559 5108 videtur
3587 5053 3826 5127 dispu-

2143 5150 2268 5199 tare
2289 5160 2302 5197 :
2325 5143 2542 5198 Omnes
2565 5141 2700 5196 libri
2723 5140 2822 5212 qui
2855 5139 2928 5195 ab
2949 5145 3188 5196 auctore
3209 5139 3617 5199 Stichometriaz
3636 5144 3827 5208 inter

2142 5231 2522 5304 apocryphos
2552 5234 2964 5298 numerantur,
2996 5229 3068 5284 ab
3092 5246 3162 5285 eo
3188 5235 3474 5302 tanquam
3525 5231 3820 5297 haaretici

2141 5327 2244 5377 aut
2275 5320 2394 5376 ﬁcti
2417 5337 2452 5375 a
2475 5318 2716 5392 publica
2745 5318 3024 5375 Ecclesia
3053 5319 3184 5374 luce
3213 5327 3594 5377 removentur
3617 5339 3631 5378 :
3652 5340 3820 5401 ergo

2141 5417 2200 5466 et
2247 5410 2512 5482 epistola)
2541 5409 2776 5482 lgnatii.
2811 5408 2923 5464 Sed
2953 5411 3284 5481 respondeo
3314 5410 3530 5483 primo,
3563 5413 3820 5479 nullam

2139 5516 2269 5556 esse
2319 5499 2736 5556 necessitatem
2796 5498 3256 5570 consequentia.
3317 5500 3444 5554 Non
3475 5500 3636 5556 enim
3665 5502 3773 5562 lev

2136 5636 2284 5690 Nota
2314 5633 2526 5702 obiter,
2550 5647 2833 5688 numeros
2854 5649 3128 5690 versuum
3155 5633 3216 5690 in
3247 5635 3638 5692 Anastasiana
3655 5655 3812 5696 ver-

2136 5705 2302 5762 sione
2319 5721 2441 5761 non
2457 5720 2696 5776 semper
2715 5705 2912 5761 Graeco
2928 5706 3111 5762 text-ui
3125 5709 3583 5764 consonare.En.
3607 5709 3808 5774 Pun.
