3972 6306
137 382 240 446 109

880 380 938 441 J.
984 377 1409 440 PEARSONII
1453 374 1825 438 VINOICIE
1868 375 2348 440 IGNATIANIE.
2397 413 2475 427 —
2515 379 2717 457 ΡᾼΗΞ
2763 385 2812 446 Ι.

3447 393 3564 455 110

129 535 352 592 semper
374 515 716 572 discrimen
746 513 1020 570 habitum
1047 519 1137 568 est
1157 513 1313 568 inter
1337 529 1436 568 eos
1469 511 1678 576 libros,
1700 528 1784 581 qu

1919 507 2159 585 αρτίσας,
2193 513 2283 565 καὶ
2313 513 2381 567 τὰ
2412 513 2556 582 ἑξῆς.
2590 539 2618 567 ‹‹
2643 518 2772 574 Non
2805 523 3037 576 tantum
3069 523 3230 579 novit
3257 525 3563 600 (lrenaeus)

127 608 442 681 apocryphi
469 606 932 661 dicebantur.Et
951 604 1219 676 quamvis
1243 626 1270 653 ‹‹
1297 618 1416 657 una
1439 600 1790 670 eademque,

129 716 234 754 uno
258 697 605 766 eodemque
629 695 905 761 nomine,
937 694 1055 748 sive
1079 691 1370 764 elogio,de
1387 689 1663 745 omnibus
1679 688 1798 743 lata

133 789 194 843 sit
212 786 744 854 sententia,»nihil
769 791 967 839 tamen
985 799 1172 837 unum
1195 786 1371 852 atque
1397 779 1555 833 idem
1578 777 1648 832 de
1674 794 1796 832 om-

135 877 296 931 nibus
330 874 778 941 asseritur,nisi
813 873 970 944 quod
1001 887 1208 927 omnes
1241 889 1273 926 a
1313 886 1478 924 sacro
1533 883 1793 923 canones

133 969 540 1020 removentur.
577 962 732 1018 Fieri
765 963 963 1032 itaque
1022 961 1231 1032 potuit.
1267 965 1332 1014 ut
1361 975 1516 1014 unus
1573 957 1794 1027 aliquis

134 1057 380 1128 reliquis
416 1054 642 1110 melior
672 1054 869 1119 fuerit,
906 1052 1172 1124 quamvis
1201 1052 1356 1104 inter
1411 1045 1797 1108 θεοπνεύστους

133 1152 487 1201 numeratus
519 1161 642 1198 non
676 1143 772 1197 sit.
807 1141 1156 1212 Hespoudeo
1207 1138 1493 1202 secundo,
1553 1135 1790 1207 probari

133 1237 292 1290 nullo
330 1234 519 1289 modo
550 1249 725 1304 posse
759 1237 1060 1287 auctorem
1092 1229 1491 1285 Stichometriaz
1531 1227 1794 1297 reliquos

134 1342 337 1380 omnes
379 1340 495 1396 pro
530 1322 830 1376 haereticis
855 1325 955 1375 aut
987 1319 1136 1374 ﬁctis
1169 1318 1470 1383 habuisse,
1504 1320 1562 1371 et
1619 1332 1652 1370 a
1682 1332 1791 1387 pu-

132 1416 278 1470 blica
299 1413 598 1468 Ecclesiae
619 1411 750 1466 luce
779 1425 1080 1465 removere
1108 1407 1384 1462 voluisse.
1418 1408 1562 1461 Nam
1596 1405 1791 1476 primo

131 1506 496 1576 Nicephorus,
543 1502 760 1572 inquit,
821 1500 1111 1570 epistolam
1143 1499 1435 1567 Polycarpi
1487 1496 1633 1550 inter
1662 1512 1792 1565 apo-

131 1597 334 1665 crypha
368 1593 591 1648 nullius
621 1591 775 1661 apud
801 1607 858 1646 se
879 1590 1054 1660 pretii
1081 1594 1275 1643 censet.
1329 1587 1489 1640 Inter
1546 1602 1789 1656 apocry-

131 1687 238 1756 pha
271 1684 530 1756 quidem
563 1679 969 1747 numerat,sed
1001 1679 1169 1749 cujus
1199 1675 1373 1749 pretii
1397 1674 1553 1746 apud
1580 1691 1640 1729 se
1672 1673 1791 1728 fue-

131 1774 401 1838 rit,nullo
439 1772 616 1827 modo
643 1769 964 1824 indicat.At
988 1784 1162 1823 nemo
1186 1782 1450 1836 unquam
1479 1763 1787 1835 Polycarpi

135 1863 454 1936 epistolam
483 1866 588 1916 aut
605 1877 710 1931 pro
734 1857 1014 1914 haeretica
1043 1861 1144 1911 aut
1164 1873 1269 1927 pro
1320 1856 1458 1909 ficta
1510 1852 1784 1908 habuisse
1820 1885 1868 1949 Β

133 1950 643 2025 deprehenditur;
666 1948 1033 2019 Nicephorus
1058 1945 1256 2015 itaque
1275 1943 1482 1998 Dallaai
1509 1942 1638 1996 sine
1667 1941 1785 1996 ullo

134 2043 530 2097 fundamento
559 2056 666 2110 pro
700 2038 802 2092 tali
835 2035 1110 2091 habuisse
1143 2034 1391 2098 dicitur;
1427 2037 1484 2085 et
1534 2030 1788 2101 iniquis-

135 2136 276 2188 sime
311 2136 730 2198 accusatur,ac
761 2129 807 2183 si
841 2127 1092 2182 voluerit
1125 2141 1256 2180 eam
1289 2123 1620 2195 epistolam,
1656 2139 1787 2192 quas

136 2231 246 2277 tam
281 2222 389 2276 diu
414 2220 480 2274 in
511 2221 667 2273 Asiae
696 2222 987 2272 conventu
1043 2215 1195 2270 lecta
1222 2213 1436 2281 fuerat,
1471 2229 1504 2266 a
1550 2210 1790 2281 publica

135 2312 404 2366 omnium
437 2307 842 2363 Ecclesiarum
865 2306 994 2359 luce
1024 2318 1347 2358 removere.
1383 2300 1672 2366 Secundo,
1698 2306 1787 2351 Δι-

133 2405 271 2483 Ξιχὴ
307 2403 661 2472 ἀποστόλων,
715 2419 992 2459 versuum
1060 2404 1184 2468 200,
1245 2400 1403 2454 inter
1450 2397 1790 2469 apocrypha

133 2503 508 2554 numeratur.
536 2499 624 2549 An
661 2494 841 2565 igitur
871 2508 1000 2547 eam
1024 2495 1305 2560 tanquam
1336 2487 1609 2560 pessimae
1633 2491 1787 2540 notas

134 2585 526 2659 scriptum,ab
560 2583 822 2638 Ecclesia
845 2581 1079 2652 penitus
1103 2577 1526 2633 eliminandam
1559 2574 1791 2630 censuit

133 2678 532 2733 Stirhometriw
563 2679 770 2727 auctor
796 2671 823 2724 ‘l
845 2669 1154 2735 Quodnam
1176 2667 1356 2737 hujus
1388 2681 1652 2720 censuras
1684 2663 1784 2717 in-

133 2769 521 2835 dicium,qua‘3
543 2763 692 2817 ratio
711 2759 1029 2831 excogitari
1048 2756 1285 2828 potest?
1314 2755 1398 2809 Ab
1422 2754 1543 2808 illis
1567 2769 1696 2823 quas
1715 2751 1786 2806 ab

136 2855 432 2912 haereticis
466 2853 721 2907 conficta
750 2852 1153 2917 sunt,separat
1174 2846 1285 2900 hoc
1308 2860 1455 2914 op..s
1477 2841 1785 2896 Eusebius.

135 2950 379 3018 Magnus
410 2940 774 2996 Athanasius
797 2939 857 2992 in
892 2935 1141 3008 epistola
1171 2933 1491 3004 ἑορταστικῇ
1515 2935 1792 2986 numerat

133 3038 285 3091 inter
317 3051 424 3089 eos
456 3031 821 3099 1ibros,quos
851 3027 947 3080 SS.
979 3027 1183 3079 Patres
1213 3021 1450 3094 prmlegi
1479 3020 1792 3075 voluerunt

133 3120 605 3186 catechumenis,
636 3124 702 3173 ut
730 3115 871 3171 inde
890 3115 1125 3186 pietatis
1157 3113 1448 3167 rationem
1472 3125 1789 3182 cognosce-

130 3221 275 3269 rent.

190 3330 416 3391 Tertio,
450 3341 727 3397 quasnam
758 3323 978 3378 fuerint
1010 3321 1110 3376 illa
1139 3319 1534 3379 Clementina,
1568 3334 1698 3388 qum
1724 3317 1786 3371 in

133 3423 229 3476 hoc
261 3417 544 3474 Indiculo
575 3417 1133 3478 memorantur,nou
1165 3410 1336 3465 docet
1367 3408 1621 3463 Dallaaus
1650 3425 1662 3461 :
1701 3425 1793 3461 vo-

134 3518 214 3565 cat
253 3507 509 3580 quidem
540 3505 736 3558 Libros
766 3503 1056 3559 Clementis
1083 3502 1169 3554 32.
1206 3498 1315 3554 Sed
1355 3499 1598 3569 quinam
1656 3496 1786 3552 fue-

137 3601 242 3653 rint
264 3597 409 3652 libri
435 3597 506 3648 32
526 3594 624 3664 qui
641 3590 1177 3660 Clementi,praater
1199 3605 1298 3642 eos
1321 3587 1421 3656 qui
1443 3587 1505 3640 in
1524 3584 1790 3640 lndiculo

142 3685 409 3754 superius
464 3685 892 3739 memorantur,
917 3676 1155 3732 attribui
1192 3675 1472 3737 solerent,
1534 3671 1790 3727 nefando

142 3776 458 3844 quisquam
495 3769 687 3824 adhuc
733 3766 975 3822 audivit.
1026 3763 1176 3830 Quid
1235 3763 1415 3834 igitur
1437 3762 1484 3815 si
1512 3778 1618 3832 pro
1649 3763 1695 3815 Α
1747 3765 1790 3813 Β

139 3861 403 3932 legamus
473 3859 519 3910 A
575 3857 613 3910 Β
643 3858 706 3924 (Λ
741 3856 898 3910 enim
939 3858 996 3907 et
1027 3859 1070 3905 A
1102 3867 1256 3922 saepe
1287 3851 1350 3904 in
1376 3867 1517 3904 mss.
1539 3850 1788 3904 confun-

144 3950 470 4015 duntur),et
500 3946 644 4000 duas
674 3943 994 4001 Clementis
1027 3941 1305 4012 epistolas
1336 3939 1734 4011 intelligamus
1763 3939 1790 3994 ?

143 4049 270 4094 tunc
305 4041 476 4093 enim
511 4041 570 4089 et
599 4050 800 4088 versus
822 4034 986 4100 2,600
1015 4031 1135 4084 illis
1166 4029 1309 4084 satis
1339 4028 1490 4083 bene
1531 4028 1789 4098 quadra-

143 4129 274 4183 tiunt
309 4131 322 4194 ἱ
333 4141 480 4180 nam
513 4128 826 4192 utramque
859 4119 1036 4175 simul
1068 4123 1364 4190 sumptam
1397 4133 1531 4172 cum
1555 4116 1784 4188 jamin-

143 4226 303 4291 tegrm
343 4221 572 4281 essent,
605 4229 867 4283 mquasse
905 4209 1275 4282 Evangelium
1315 4207 1642 4262 secundum
1677 4207 1787 4261 Lu-

143 4315 386 4370 cam.cui
423 4311 678 4367 totidem
708 4309 882 4380 plane
913 4323 1119 4362 versus
1165 4305 1562 4371 ascribuntur,
1597 4304 1786 4374 quivis

141 4403 464 4474 crncedet),
502 4406 561 4455 et
589 4399 910 4472 genuinum
933 4395 1256 4451 Clementis
1285 4410 1432 4464 opus
1463 4394 1785 4465 lgnatianis

144 4497 487 4563 adjunctum
522 4488 894 4552 habebimus,
920 4485 1078 4556 quod
1109 4501 1179 4540 ea
1220 4484 1442 4555 pariter
1471 4499 1504 4536 a
1569 4499 1784 4554 suppo-

142 4586 367 4640 sitionis
390 4573 1360 4644 crimineliberabit.Quinto,quod
1385 4575 1628 4628 Hermas
1651 4589 1784 4628 cum

141 4673 455 4745 lgnatianis
518 4671 880 4732 nominetur,
905 4665 1108 4737 negari
1157 4681 1276 4719 non
1330 4680 1502 4735 posse
1563 4664 1782 4727 volunt,

144 4767 273 4833 quin
307 4761 658 4831 Nicephorus
679 4757 865 4812 eadem
896 4753 1151 4810 habuerit
1175 4771 1282 4825 pro
1311 4754 1490 4822 falsis,
1537 4754 1780 4824 adeoque

140 4857 261 4919 ﬁctis
282 4861 338 4909 et
370 4849 606 4922 spuriis.
643 4847 762 4902 Imo
794 4862 928 4900 vero
987 4844 1098 4900 hoc
1157 4843 1358 4914 negari
1417 4841 1594 4913 idque
1643 4843 1781 4914 jure

142 4947 353 5015 optimo
385 4937 664 5013 potest,si
695 4934 1236 4992 vetustissimorum
1265 4932 1780 4988 doctissimorum~

144 5050 238 5104 que
265 5036 330 5088 in
365 5029 635 5087 Ecclesia
665 5026 1018 5097 scriptorum
1069 5022 1376 5078 sententias
1421 5021 1784 5077 animadver-

142 5127 347 5186 tantur,
382 5136 538 5192 quos
556 5121 826 5172 secutum
850 5113 1030 5169 fuisse
1049 5117 1350 5167 auctorem
1373 5111 1783 5168 Stichometriae

145 5229 234 5281 par
261 5218 355 5267 est
384 5208 655 5265 credere.

198 5330 335 5394 Quae
365 5325 550 5382 fuerit
577 5323 634 5378 S.
667 5319 881 5376 Iramei
911 5317 982 5372 de
1023 5319 1252 5372 Hermas
1284 5315 1434 5370 libro
1464 5317 1781 5385 sententia,

144 5414 474 5471 abEusebio
508 5413 890 5468 observatum
923 5410 1034 5471 est,
1081 5406 1226 5460 Hist.
1285 5403 1467 5460 eccles.
1525 5403 1564 5458 1.
1623 5422 1675 5474 v,
1731 5423 1780 5461 c.

144 5506 192 5558 Ξῖ
224 5504 302 5562 Οὒ
351 5504 523 5576 μόνον
559 5498 617 5555 δὲ
648 5495 821 5564 οἶδεν,
854 5491 1001 5549 ἀλλὰ
1027 5492 1117 5546 καὶ
1147 5488 1477 5565 ἀποδέχεται
1535 5493 1634 5560 τὴν
1687 5497 1784 5548 τοῦ

142 5596 394 5664 Ποιμένος
467 5591 710 5669 γραφὴν,
776 5584 975 5657 λέγων·
1057 5577 1253 5640 Καλῶς
1347 5579 1438 5633 οὗν
1517 5581 1662 5636 εἶπεν
1748 5585 1782 5652 ἡ

142 5684 304 5763 Γραῖρῇ
389 5686 422 5754 ἡ
540 5679 800 5758 λέγουσιν
897 5675 1119 5746 Πρῶτον
1209 5669 1421 5723 πάντων
1504 5669 1786 5727 πίστευσον

145 5769 212 5825 εστι
245 5755 347 5836 ἐἷς
413 5773 557 5828 ἐστιν
617 5755 650 5825 δ
699 5765 834 5825 Θεὸς
896 5760 924 5814 ὁ
974 5759 1042 5814 τὰ
1091 5755 1261 5814 πάντα
1298 5756 1486 5822 κτίσας
1535 5758 1625 5815 καὶ
1654 5779 1787 5814 κατ-

1815 3248 1858 3313 C

1909 601 2012 656 sed
2061 607 2119 656 et
2170 604 2384 674 recipit
2413 623 2439 654 ι
2495 607 2756 663 Pastoris
2817 631 2845 659 «
2878 612 3255 683 scripturam,
3289 616 3494 673 dicens
3529 639 3559 669 »

1906 690 2028 756 (lib.
2063 708 2137 760 ιν,
2171 710 2221 746 c.
2281 696 2369 758 37,
2431 696 2758 752 secundum
2810 699 3194 772 interpretem
3227 709 3507 777 veterem)
3542 724 3557 762 :

1911 801 1930 827 α
1961 781 2112 835 Bene
2136 798 2273 853 ergo
2293 783 2651 854 Scripturam
2671 787 2850 842 dibit:
2879 790 3075 844 Primo
3097 794 3363 850 omnium
3383 797 3557 852 crede

1906 870 2187 939 quoniam
2210 888 2362 926 unus
2378 878 2466 926 est
2482 875 2632 928 Deus
2646 877 2763 946 .qui
2788 879 2991 933 omnia
3011 882 3393 940 constituitet
3412 902 3559 942 con-

1905 962 2238 1029 summavit,
2273 968 2330 1016 et
2361 962 2499 1018 fecit
2547 981 2616 1019 ex
2652 983 2719 1021 eo
2743 969 2898 1038 quod
2931 987 3050 1025 non
3086 978 3230 1040 erat,
3266 981 3330 1029 ut
3360 982 3558 1033 essent

1905 1051 2126 1117 omnia,
2164 1051 2435 1106 omnium
2469 1062 2742 1125 capax,et
2772 1059 2872 1127 qui
2905 1076 2937 1113 a
2967 1061 3206 1118 nemine
3229 1066 3553 1136 capiatur.»

1905 1139 2042 1202 Quae
2077 1140 2251 1194 verba
2283 1147 2520 1197 exstant
2553 1145 2779 1200 Hermas
2802 1147 2838 1201 l.
2888 1150 2949 1217 ii,
2982 1151 3264 1207 mandato
3294 1157 3339 1221 l,
3375 1157 3551 1212 toties

1907 1233 2031 1284 tum
2063 1245 2097 1284 a
2122 1229 2439 1287 Catholicis
2470 1240 2596 1289 tum
2629 1237 2701 1290 ab
2734 1237 3028 1295 hazreticis
3059 1243 3256 1299 citata.
3282 1245 3551 1303 Clemens

1905 1319 2340 1376 Alexandrinus
2385 1322 2607 1378 Irenaeo
2653 1323 2980 1400 σύγχρονος,
3014 1330 3242 1386 Hermae
3269 1332 3550 1405 frequen-

1904 1409 2040 1477 tius,
2074 1427 2251 1481 quam
2284 1412 2619 1483 cujuspiam
2653 1415 2960 1486 scriptoris
3013 1419 3395 1477 ecclesiastici
3455 1441 3552 1481 au-

1902 1499 2173 1554 ctoritate
2205 1501 2405 1562 utitur,
2445 1517 2699 1573 eumque
2726 1505 2944 1576 saepius
2983 1508 3240 1579 explicat
3286 1517 3342 1565 et
3371 1513 3552 1569 inter-

1902 1594 2186 1658 pretatur.
2236 1590 2603 1646 Sententiam
2636 1591 2765 1662 ejus
2796 1593 2870 1648 de
2898 1594 3050 1651 libro
3076 1597 3204 1668 ipso
3235 1600 3326 1654 vel
3357 1618 3426 1657 ex
3456 1603 3549 1658 his

1898 1677 2043 1733 locis
2101 1679 2376 1752 colligere
2437 1697 2774 1752 possumus.
2836 1690 3129 1756 Στρωματ.
3189 1689 3229 1743 l.
3291 1691 3546 1754 ιεΘείως

1897 1767 2075 1821 τοίνυν
2104 1769 2138 1836 ἡ
2174 1764 2400 1840 δύναμις
2439 1771 2472 1836 ἡ
2501 1773 2581 1841 τῷ
2623 1771 2797 1843 Ἑρμᾷ
2854 1772 2990 1827 κατά
3046 1773 3387 1850 ἀποκάλυψιν
3444 1780 3544 1836 λαμ

1898 1852 2088 1910 λοῦσα·
2121 1857 2202 1911 Τὰ
2227 1856 2496 1930 ὁράματα,
2520 1860 2771 1934 φησῖ,καί
2800 1859 2868 1914 τὰ
2896 1860 3360 1937 ἀποκαλύμματα·
3395 1891 3421 1919 ‹‹
3444 1872 3542 1925 Βί-

1898 1947 2029 2002 viue
2061 1963 2197 2018 ergo
2245 1953 2504 2018 potestas
2531 1947 2632 2003 illa
2653 1966 2782 2019 quae
2804 1952 3031 2006 Hermae
3054 1953 3320 2024 loquitur
3344 1958 3405 2012 in
3454 1977 3540 2014 re-

1897 2036 2246 2103 velatione,»
2270 2039 2576 2107 «Visiones,
2607 2039 2824 2109 inquit,
2856 2048 2908 2095 et
2937 2045 3314 2110 revelationes,
3351 2072 3372 2100 ι
3404 2055 3539 2116 etc.;

1898 2125 1939 2179 l.
1973 2142 2060 2180 v1:
2087 2123 2189 2179 Καὶ
2219 2122 2404 2186 καλῶς
2429 2123 2642 2198 εἴρηται
2673 2131 2752 2198 τῷ
2794 2129 3042 2201 Ποιμένι,
3105 2128 3413 2204 Κατέϐησαν
3449 2137 3537 2192 οὗν

1902 2219 2017 2290 μετ’
2046 2216 2220 2271 αὐτῶν
2279 2219 2383 2289 (ita
2439 2219 2778 2291 legendum)
2827 2221 2903 2283 εἷς
2959 2223 3021 2276 τὸ
3078 2221 3247 2300 ὕδωρ.
3307 2231 3376 2284 Et
3397 2247 3542 2301 pra-

1898 2307 2044 2362 clare
2090 2307 2294 2362 dictum
2351 2313 2430 2362 est
2487 2324 2522 2362 a
2577 2311 2803 2365 Pastore
2833 2327 2901 2364 :«
2962 2313 3361 2373 Descenderunt
3418 2337 3546 2390 ergo

1898 2413 2022 2451 cum
2052 2398 2126 2452 eis
2147 2395 2310 2466 (non,
2343 2413 2550 2465 eorum,
2585 2402 2649 2452 ut
2679 2399 2834 2454 male
2862 2401 3176 2475 interpres)
3209 2408 3268 2461 in
3285 2423 3544 2476 aquam.»

1899 2486 2198 2556 Origenes,
2224 2485 2546 2542 Clementis
2577 2487 2926 2559 discipulus,
2945 2492 3176 2548 Hermae
3206 2496 3544 2552 testimonio

1899 2574 2254 2629 creberrime
2285 2574 2493 2642 utitur,
2528 2580 2584 2629 et
2619 2580 2742 2631 tum
2778 2595 2951 2633 suum
2984 2585 3108 2635 tum
3139 2582 3394 2640 aliorum
3441 2587 3543 2656 ju-

1898 2663 2120 2718 dicium
2152 2663 2222 2718 de
2252 2663 2418 2717 libris
2461 2664 2591 2736 ejus
2651 2683 2807 2735 saepe
2866 2669 3166 2738 exprimit.
3225 2674 3546 2729 Auctorem

1900 2752 2165 2824 agnoscit
2195 2753 2470 2808 Hermam
2499 2752 2685 2822 illum,
2721 2755 2890 2825 cujus
2921 2757 2982 2810 in
3009 2759 3271 2829 Epistola
3300 2762 3373 2816 ad
3432 2765 3546 2818 Ro-

1899 2857 2109 2896 manos
2138 2841 2360 2895 mentio
2390 2842 2478 2908 fit,
2511 2846 2570 2895 et
2599 2858 2746 2912 opus
2779 2842 2972 2913 ipsum
3003 2845 3065 2900 in
3095 2846 3548 2905 Commentariis

1901 2931 1975 2985 ad
2005 2946 2142 2984 eum
2173 2929 2373 2985 locum
2406 2946 2763 3002 magnopere
2796 2931 3208 2991 laudat.«Puto
3241 2942 3548 3007 tamen,in-

1899 3021 2038 3090 quit,
2073 3018 2231 3089 quod
2264 3020 2507 3074 Hermas
2541 3020 2652 3073 iste
2676 3021 2750 3074 sit
2775 3022 3027 3093 scriptor
3055 3023 3242 3079 libelli
3262 3027 3424 3083 illius
3443 3031 3544 3100 qui

1900 3108 2106 3163 Pastor
2138 3107 2490 3179 appellatur.
2521 3109 2659 3173 Qum
2690 3110 2983 3180 scriptura
3012 3113 3178 3168 valde
3207 3115 3352 3170 mihi
3385 3118 3546 3174 utilis

1899 3199 2151 3266 videtur,
2184 3205 2262 3264 et,
2295 3203 2360 3253 ut
2385 3205 2547 3270 puto,
2579 3200 2860 3256 divinitus
2891 3202 3199 3274 inspirata.
3235 3207 3432 3261 Homil.
3483 3209 3545 3264 in

1897 3290 2192 3354 Lucam,35
2220 3305 2232 3342 :
2259 3289 2527 3360 Legimus
2559 3290 2630 3359 (si
2655 3295 2853 3345 tamen
2875 3292 2967 3346 cui
2993 3293 3544 3365 placethujusmodi

1901 3378 2252 3449 scripturam
2285 3377 2824 3450 recipere)justitise
2857 3386 2915 3434 et
2943 3381 3275 3452 iniquitatis
3305 3387 3544 3458 angelos

1897 3483 2077 3536 super
2107 3465 2354 3521 Abrahae
2379 3465 2568 3521 salute
2591 3473 2649 3522 et
2679 3468 2920 3523 interitu
2951 3470 3387 3543 disceptantes;
3413 3475 3545 3530 dum

1895 3560 2162 3625 utrasque
2199 3560 2406 3609 turma)
2433 3572 2538 3610 suo
2571 3572 2705 3610 cum
2739 3557 2936 3612 volunt
2993 3541 3168 3615 coetui
3217 3541 3540 3621 vindicare.

1897 3644 2060 3708 Quod
2091 3644 2139 3697 si
2172 3644 2265 3698 cui
2292 3643 2852 3714 displicet,transeat
2882 3647 2953 3701 ad
2981 3649 3446 3722 volumen,quod
3470 3655 3541 3708 ti-

1897 3733 2020 3788 tulo
2045 3736 2288 3788 Pastoris
2303 3733 2597 3796 scribitur,
2609 3741 2663 3788 et
2684 3736 2939 3791 inveniet
2956 3741 3184 3794 cunctis
3199 3742 3541 3799 hominibus

1897 3821 2046 3877 duos
2067 3822 2272 3877 adesse
2303 3822 2562 3893 angelos.
2589 3826 2749 3878 Tomo
2781 3825 2959 3888 x1v,in
2989 3828 3310 3884 Matthwum
3331 3850 3352 3884 :
3380 3831 3444 3886 Εἰ
3469 3836 3537 3904 τῇ

1897 3911 2007 3983 χρή
2065 3908 2412 3980 τολμήσαντο
2471 3909 2555 3962 ναὶ
2588 3910 2692 3964 ἀπό
2721 3932 2869 3972 τινος
2916 3915 3220 3990 φερομένης
3256 3919 3352 3989 μὲν
3385 3917 3437 3972 ὲν
3469 3924 3536 3992 τῇ

1894 3994 2197 4067 Ἐκκλησία
2227 4003 2464 4072 γραφῆς,
2499 3997 2560 4051 οὐ
2593 4000 2738 4072 παρὰ
2778 4005 2906 4054 πᾶσι
2962 3999 3019 4054 δὲ
3077 4002 3537 4079 ὁμολογουμένης

1895 4087 2031 4140 εἶναι
2066 4085 2231 4151 θείας,
2280 4086 2341 4139 τὸ
2370 4090 2594 4140 τοιοῦτο
2654 4090 3170 4161 παραμυθήσασθαι,
3205 4090 3439 4169 ληφθείη
3474 4090 3536 4147 ἄν

1889 4175 1953 4230 τὸ
1985 4174 2090 4229 ἀπὸ
2118 4178 2214 4228 τοῦ
2240 4175 2525 4246 Ποιμένος.
2559 4178 2697 4232 «Sin
2718 4178 3054 4235 audendum
3077 4181 3154 4235 sit
3172 4182 3329 4236 istud
3351 4183 3538 4237 emol-

1893 4264 2001 4319 lire
2023 4282 2094 4320 ex
2116 4265 2368 4335 quadam
2386 4267 2834 4338 scriptura,quae
2850 4268 2908 4322 in
2924 4270 3185 4325 Ecclesia
3199 4271 3537 4327 circumfer-

1891 4354 2117 4413 tur,sed
2134 4371 2253 4409 non
2271 4353 2342 4408 ab
2357 4355 2628 4410 omnibus
2649 4373 2753 4426 pro
2774 4357 2971 4412 divina
2991 4359 3538 4428 habetur,adhibea-

1894 4447 1990 4496 tur
2021 4442 2164 4497 illud
2224 4458 2293 4496 ex
2352 4443 2501 4497 libro
2560 4447 2827 4499 Pastoris.
2891 4446 3018 4520 Περὶ
3050 4447 3265 4522 ἀρχῶν,
3299 4449 3399 4503 lib.
3434 4468 3486 4504 1v
3517 4469 3530 4506 :

1895 4532 1990 4584 Διά
2020 4534 2180 4584 τοῦτο
2210 4532 2373 4601 ἡμεῖς
2402 4531 2490 4584 καὶ
2522 4532 2583 4585 τὸ
2615 4529 2665 4586 ἐν
2693 4533 2771 4604 τῷ
2828 4533 2935 4587 ἀπό
2974 4555 3132 4589 τινων
3161 4556 3534 4612 καταφρονου-

1816 4615 1863 4679 D
1899 4621 2043 4692 μένῳ
2075 4614 2303 4693 βιϐλίῳ,
2357 4619 2436 4691 τῷ
2493 4622 2742 4692 Ποιμὲνι,
2799 4623 2921 4696 περὶ
2959 4625 3055 4679 τοῦ
3109 4625 3536 4701 προστάσσεσθαι

1891 4709 1985 4763 τὸν
2013 4709 2214 4782 Ἑρμᾶν
2249 4705 2345 4762 δύο
2370 4711 2570 4783 γράψαι
2608 4705 2823 4784 βιϐλία,
2856 4712 2948 4766 καὶ
2985 4715 3118 4786 μετὰ
3148 4720 3317 4770 ταῦτα
3373 4716 3534 4772 αὐτὸν

1891 4793 2246 4872 ἀναγγέλλειν
2277 4801 2394 4859 τοῖς
2426 4792 2812 4870 πρεσϐυτέροις
2865 4805 2962 4867 τῆς
3004 4800 3334 4870 Ἐκκλησία(
3366 4804 3397 4856 ἅ
3438 4825 3533 4875 με·

1896 4883 2131 4957 μάθηκεν
2165 4884 2272 4938 ἀπὸ
2301 4889 2400 4939 τοῦ
2431 4885 2762 4959 Πνεύματος,
2797 4887 2942 4942 οὕτω
2975 4886 3369 4965 διηγούμεθα.α
3392 4895 3535 4947 Pro—

1889 4981 2093 5046 pterea
2124 4992 2232 5029 nos
2289 4975 2433 5030 illud
2497 4976 2556 5030 in
2621 4983 2864 5046 Pastore,
2897 4977 3044 5034 libro
3094 4981 3193 5050 qui
3227 4980 3299 5036 ab
3332 4980 3540 5051 aliqui-

1892 5066 2001 5120 bus
2024 5067 2444 5129 contemnitur,
2470 5065 2540 5120 de
2568 5066 2701 5120 dato
2725 5068 2951 5121 Hermas
2984 5077 3276 5142 prmcepto
3305 5077 3372 5127 ut
3391 5073 3539 5126 duos

1892 5152 2074 5206 libros
2105 5150 2410 5214 scriberet,
2442 5151 2686 5222 ipseque
2720 5158 2922 5222 postea
2975 5157 3310 5213 senioribus
3329 5157 3538 5212 Eccle-

1895 5242 1996 5296 size
2027 5240 2412 5295 annuntiaret
2454 5258 2583 5311 quas
2606 5258 2639 5295 a
2660 5241 2882 5311 Spiritu
2913 5242 3314 5313 didicerat,ita
3345 5246 3541 5300 inter-

1893 5334 2214 5402 pretamur.
2239 5328 2481 5383 Homilia
2511 5331 2562 5393 8,
2590 5331 2650 5383 in
2680 5331 2938 5384 Numeros
2962 5347 2975 5384 :
3002 5333 3167 5395 Quod
3196 5338 3394 5387 autem
3419 5333 3543 5388 dies

1894 5419 2118 5490 peccati
2144 5418 2201 5471 in
2221 5433 2441 5470 annum
2465 5433 2652 5487 paenae
2673 5422 3129 5487 reputetur,non
3144 5421 3411 5475 solumin
3432 5422 3546 5476 hoc

1894 5506 2068 5574 libro,
2099 5506 2156 5559 in
2177 5521 2290 5576 quo
2314 5505 2463 5559 nihil
2487 5506 2731 5560 omnino
2757 5510 2844 5560 est
2865 5507 3024 5576 quod
3057 5507 3312 5564 dubitari
3335 5509 3546 5581 possit,

1898 5595 2250 5661 ostenditur,
2276 5593 2379 5648 sed
2403 5598 2459 5648 et
2488 5594 2552 5649 in
2583 5594 2784 5649 libello
2840 5600 3098 5664 Pastoris,
3133 5598 3180 5654 si
3212 5598 3305 5654 cui
3342 5603 3546 5655 tamen

1898 5685 2191 5756 scriptura
2211 5683 2316 5739 illa
2345 5683 2686 5756 recipienda
2716 5685 3190 5753 videtur,similia
3222 5688 3550 5760 designan-

1900 5779 2015 5832 tur.
2086 5774 2365 5844 Eusebius,
2432 5776 2574 5831 Hist.
2625 5775 2782 5834 eccle.
2840 5775 2880 5833 l.
2939 5792 3024 5849 nx,
3077 5796 3126 5833 c.
3190 5781 3220 5831 3
3255 5776 3446 5831 εἘπιὶ
3493 5775 3552 5832 δὶ
