3972 6306
475 351 584 412 ill

1439 419 1454 431 ,
1542 353 1606 414 S.
1651 347 2053 414 IGNATIUS.
2103 377 2181 394 -—
2221 345 2820 408 PROLEGOMENA.

3769 363 3888 423 113

467 484 496 538 ὁ
539 483 700 545 αὐτὸς
750 483 1094 548 ’Δπόστολος
1145 483 1196 541 ἰν
1253 490 1374 548 ταῖς
1433 483 1523 540 ἐπὶ
1580 481 1728 540 τέλει
1783 481 2116 558 προσρήσεσι
2147 480 2202 548 Α
2228 471 2341 566 ’θὴς
2373 475 2466 566 οὖν
2499 477 2706 532 ἅπασαν
2735 478 2836 548 τῆν
2869 476 3143 566 διαγωγὴν
3181 482 3232 538 ἓν
3266 483 3402 558 οἷ’κῳ
3431 487 3628 552 κακίας
3659 487 3896 566 ἔχειδια

462 580 567 643 τῆς
614 575 750 650 πρὸς
805 575 1115 648 Ῥωμαίους
1175 577 1400 648 μνήμην
1455 575 1752 643 πεποίηται
1816 570 1951 644 μετὰ
2003 573 2113 624 τῶν

464 661 654 720 ἄλλων
682 664 770 718 καὶ
805 664 1001 738 Ἐρμᾶ,
1031 663 1094 718 οὗ
1116 683 1272 740 φασιν
1305 662 1571 737 ὕπάρχειν
1631 663 1694 717 τὸ
1750 663 1848 716 τοῦ
1907 655 2112 730 Ποιμὲ-

460 771 554 812 νος
603 747 840 826 βιϐλίον’
905 750 1077 806 ἰστέον
1127 752 1201 814 ὡς
1260 753 1349 806 καὶ
1402 755 1564 806 τοῦτο
1619 751 1757 823 πρὸς
1811 748 1906 823 μὲν
1946 767 2108 803 τινων

461 839 868 911 ἀντιλάλεκται,
929 838 998 896 δι’
1031 839 1124 905 οὕς
1181 841 1284 896 οὐκ
1338 837 1399 895 ἄν
1432 840 1488 896 ἐν’
1517 837 1996 914 ὁμολογουμένοις
2025 857 2110 891 τιο

465 929 605 999 θείη·
641 931 727 1008 ὑφ’
785 925 978 1005 ἐτέρων
1045 927 1101 984 δὲ
1153 929 1568 1006 ἀναγκαιότατον
1623 931 1706 992 οἷς
1761 925 1998 1000 μάλιστα
2029 923 2113 980 δεῖ

462 1021 864 1094 στοιχειώσεως
922 1019 1287 1095 εἷσαγωγικῆς
1343 1015 1606 1092 κέκριται·
1639 1017 1760 1081 ὃθεν
1791 1014 1901 1086 ἤδη
1934 1015 2024 1070 καὶ
2054 1013 2106 1070 ἐν

457 1107 809 1180 Έκκλησίαις
867 1107 1031 1182 ἴσμαν
1085 1109 1216 1164 αὐτὸ
1275 1105 1796 1182 δεδημοσιευμὲνον,
1860 1106 1948 1160 καὶ
2000 1109 2110 1161 τῶν

455 1196 840 1254 παλαιοτάτων
871 1195 928 1254 δὲ
978 1200 1328 1276 συγγραφέων
1373 1193 1748 1272 κεχρημένους
1774 1196 1926 1260 τινάς
1963 1195 2109 1268 αὖτῷ

453 1285 778 1365 κατείληφα.
813 1289 1139 1355 «Quoniam
1169 1305 1305 1344 vero
1337 1289 1493 1344 idem
1518 1287 1836 1360 Apostolus
1865 1287 1926 1342 in
1959 1286 2108 1342 salu-

457 1379 785 1433 tationibus
815 1378 888 1434 ad
913 1379 1095 1434 ﬁnem
1144 1378 1422 1450 Epistolas
1472 1377 1546 1433 ad
1601 1379 1898 1434 Romanos
1949 1376 2108 1432 inter

457 1467 606 1523 alios
637 1469 1004 1524 mentionem
1038 1469 1178 1524 fecit
1205 1470 1459 1537 Hermm,
1487 1468 1660 1540 cujus
1692 1483 1820 1522 esse
1843 1467 2013 1522 aiunt
2041 1466 2107 1521 li-

457 1556 632 1612 brum
663 1559 910 1613 Pastoris
932 1576 954 1623 ;
975 1558 1284 1614 sciendum
1316 1557 1610 1614 est.etiam
1641 1557 1777 1612 huic
1797 1573 1832 1612 a
1855 1555 2102 1627 quibus-

458 1643 592 1700 dam
615 1646 1210 1718 contradici,propter
1229 1663 1378 1717 quos
1400 1647 1557 1701 inter
1572 1650 1822 1718 receptae
1844 1645 2107 1701 auctori;

451 1733 587 1788 tatis
619 1734 803 1790 libros
823 1735 960 1806 poni
1000 1751 1117 1790 non
1148 1741 1362 1806 potest.
1397 1735 1483 1790 Ab
1516 1734 1651 1790 aliis
1680 1750 1816 1789 vero
1847 1733 2102 1788 maxime

451 1823 822 1879 necessarius
839 1823 1243 1894 judicatur,iis
1264 1823 1580 1896 praesertim
1599 1824 1701 1894 qui
1715 1823 2106 1878 elementaria

450 1912 827 1967 institutione
860 1913 1151 1986 indigent.
1187 1914 1350 1969 Unde
1373 1913 1551 1968 etiam
1575 1913 1634 1968 in
1654 1913 1935 1969 Ecclesiis
1965 1929 2103 1968 eum

453 2001 822 2072 publicatum
847 2003 1292 2074 scimus;etipse
1314 2019 1595 2074 quoscam
1613 2019 1684 2058 ex
1696 2002 2103 2058 vetustissimis

453 2095 1042 2166 scriptoribusipsius
1057 2096 1392 2151 testimonio
1433 2112 1572 2152 usos
1610 2112 1738 2152 esse
1768 2095 2098 2168 deprehen-

452 2181 531 2237 di.
560 2204 590 2233 »

516 2275 574 2326 S.
601 2271 988 2338 Athanasius,
1019 2273 1275 2329 Eusebio
1329 2274 1720 2346 synchronus,
1753 2275 1812 2329 in
1845 2275 2101 2346 epistola

446 2357 795 2432 ἑορταστικῇ,
826 2377 962 2416 cum
993 2361 1180 2418 libros
1205 2363 1262 2419 S.
1297 2363 1613 2436 Scriptura
1653 2364 1970 2420 canonicos
2001 2381 2098 2420 re-

444 2449 953 2519 citasset,monuit
981 2467 1109 2508 esse
1139 2449 1229 2504 καὶ
1253 2449 1410 2525 ’ἐτερα
1469 2445 1664 2525 βιϐλία
1712 2452 1921 2506 τούτων
1953 2446 2092 2523 ἔξω·

441 2538 549 2604 Θεν,
585 2535 647 2592 οὗ
677 2539 1068 2611 κανονιζόμενα
1105 2540 1226 2610 μὲν,
1257 2539 1615 2612 τετυπωμένα
1641 2539 1726 2613 ᾗδὲ
1782 2542 1928 2614 παρᾶ
1983 2547 2090 2598 τῶν

446 2624 698 2700 Πατέρων
758 2627 1212 2702 ἀναγινώσκεσθαι
1276 2631 1394 2690 τοῖς
1449 2626 1570 2702 ἄρτι
1621 2629 2092 2708 προσερχομένοις

441 2714 532 2770 καὶ
593 2713 956 2791 βουλομένοις
985 2721 1351 2794 κατηχεῖσθαι
1397 2721 1489 2776 τὸν
1547 2727 1646 2790 τῆς
1697 2717 1967 2784 εὐσεϐείας
2001 2721 2092 2778 λό-

438 2823 559 2878 γον·
593 2807 772 2884 Σοφία
810 2803 1197 2879 Σολομῶντος,
1247 2814 1340 2864 καῖ
1366 2809 1539 2888 Σοφία
1596 2810 1795 2886 Σιρὰχ,
1843 2812 1930 2865 καὶ
1967 2813 2088 2868 Ἐσ-

436 2893 561 2966 θῆρ,
595 2894 686 2948 καὶ
725 2892 942 2962 Ἰουδὲθ,
979 2895 1070 2951 καὶ
1103 2891 1331 2967 Τοϐίας,
1379 2897 1469 2952 καὶ
1526 2894 1738 2977 Διδαχὴ
1771 2897 2083 2972 καλουμένη

431 2985 538 3036 τῶν
579 2983 1033 3055 ἀποστόλων,καὶ
1065 2985 1093 3038 ὁ
1125 2987 1366 3059 Ποιμήν.
1401 3010 1430 3040 ι(
1455 2989 1647 3044 Etiam
1696 2989 1845 3045 alios
1899 2990 2084 3047 libros

429 3078 595 3129 extra
622 3074 751 3140 hos,
785 3092 905 3130 non
939 3092 1169 3132 canone
1231 3077 1472 3148 quidem
1507 3078 1809 3149 probatos,
1843 3079 1948 3135 sed
1979 3081 2083 3135 Pa-

431 3165 586 3216 trum
643 3164 995 3220 auctoritate
1055 3165 1176 3220 illis
1226 3166 1327 3237 qui
1370 3167 1608 3238 pietatis
1639 3167 2080 3226 elementisim-

427 3249 648 3306 huendi
681 3258 883 3307 essent
937 3253 1294 3324 propositos,
1353 3255 1543 3324 quales
1569 3263 1730 3311 sunt:
1775 3257 2076 3329 Sapientia

427 3339 1089 3412 Solomonis,Sapientia
1105 3342 1803 3411 Sirach,Esther,Judilh,
1837 3347 2066 3418 Tobias,

425 3428 706 3484 Doctrina
733 3429 1225 3501 apostolorum,et
1240 3433 1642 3489 Pastor.»Haac
1663 3435 1905 3505 quidem
1930 3442 2072 3493 tunc

422 3517 696 3572 Ecclesiaa
728 3519 1030 3575 sententia
1059 3537 1074 3588 ;
1101 3519 1245 3590 quid
1266 3527 1463 3576 autem
1502 3521 1573 3577 de
1594 3523 1820 3579 Pastore
1833 3525 2070 3596 judica-

420 3606 589 3674 verit,
623 3606 864 3662 aliunde
894 3612 1074 3678 patet.
1108 3610 1252 3664 Nam
1286 3614 1343 3663 et
1399 3610 1651 3680 epistola
1705 3611 1777 3667 de
1835 3614 2068 3672 Nicaz-na

421 3695 650 3765 synodo
682 3696 877 3750 verbis
901 3697 1126 3752 Hermae
1154 3697 1341 3768 ipsius
1372 3698 1846 3769 utitur,etlib.De
1872 3704 2067 3760 Incar-

417 3784 646 3838 natione
674 3785 841 3840 Verbi
865 3784 1078 3856 probat
1099 3787 1300 3841 omnia
1323 3803 1394 3841 ex
1415 3787 1602 3843 nihilo
1622 3787 1776 3844 facta
1803 3807 1910 3861 per
1938 3793 2066 3848 Ver-

415 3874 600 3929 bum:
655 3875 721 3942 ’ῌ
763 3894 894 3952 φησι
953 3869 1042 3928 διὰ
1093 3875 1188 3946 μὲν
1245 3876 1510 3938 Μωσέωςο
1563 3877 1648 3930 Ἐν
1695 3877 1844 3952 ἀρχῇ
1865 3876 2060 3950 ἐποίη-

414 3983 501 4018 σεν
559 3963 588 4018 ὁ
642 3964 772 4027 Θεὸς
813 3964 907 4018 τὸν
967 3964 1190 4037 οὐρανὸν
1244 3964 1335 4020 καὶ
1391 3967 1490 4035 τήν
1533 3967 1653 4041 γὴν·
1715 3965 1803 4022 διὰ
1860 3966 1917 4024 δὶ
1954 3977 2056 4039 τῆς

407 4051 844 4130 ὠφελιμωτάτης
899 4047 1097 4128 βίϐλου
1139 4058 1236 4108 τοῦ
1298 4052 1584 4124 Ποιμὲνος·
1645 4060 1868 4130 Πρῶτον
1919 4059 2056 4113 πάν-

403 4161 511 4195 των
565 4139 850 4196 πίστευσον
909 4141 994 4196 δτι
1051 4142 1130 4203 εἷς
1189 4141 1330 4196 ἐστιν
1389 4143 1418 4196 ὁ
1475 4144 1604 4205 Θεὸς
1664 4144 1692 4198 ὁ
1749 4145 1816 4199 τὰ
1881 4147 2055 4202 πὰντα

406 4228 590 4288 κτίσας
647 4229 738 4283 καὶ
793 4248 1119 4304 καταρτισας
1175 4229 1265 4284 καὶ
1324 4233 1566 4301 ποιήσας
1650 4229 1710 4286 ἐκ
1789 4237 1887 4288 τοῦ
1973 4235 2050 4308 μή

407 4315 572 4380 ὄντος
619 4318 694 4380 είς
749 4318 814 4374 τὸ
847 4319 997 4374 εἶναι.
1033 4343 1060 4370 ‹‹
1095 4321 1396 4386 Quatenus
1429 4323 1694 4393 loquitur
1721 4340 1828 4395 per
1853 4328 2051 4384 Mosen

403 4407 644 4478 quidem
665 4425 720 4462 :«
741 4410 807 4463 In
823 4409 1116 4481 principio
1138 4409 1278 4465 fecit
1297 4411 1446 4466 Deus
1461 4411 1672 4467 omium
1695 4419 1754 4468 et
1773 4419 2040 4472 terram:-

403 4514 510 4568 per
541 4497 930 4553 utilissimum
960 4503 1158 4554 autem
1181 4501 1426 4556 Pastoris
1455 4500 1674 4556 librum
1697 4519 1747 4556 :«
1781 4505 2047 4563 Primum

2106 3227 2150 3294 Ο
2187 3263 2294 3301 nes
2380 3248 2734 3313 Classianus,

2227 563 2550 638 λελυμένος,
2577 567 2712 622 κατὰ
2731 567 2858 658 10"):
2887 565 2988 640 ἔξω
3011 578 3111 640 τῆς
3141 569 3442 647 οἰκοδομῆς
3472 563 3743 648 λίθουςβί
3774 582 3892 658 οὐχ

2225 655 2524 730 ἀρμόζουσι
2553 654 2623 730 τῇ
2656 653 2926 732 οἰκοδομῇ
2955 663 3052 712 τοῦ
3083 662 3296 736 πὸργου
3325 665 3460 720 κατὰ
3487 666 3578 721 τὸν
3613 653 3884 743 Πυιμένοιξ

2226 769 2252 800 α
2282 750 2427 804 Tota
2467 749 2648 821 igitur
2704 749 2873 822 impii
2927 756 3296 812 conversatio
3347 757 3407 812 in
3457 759 3634 816 domo
3691 764 3888 834 pravi-

2223 838 2359 892 tatis
2392 843 2500 904 est,
2543 855 2675 894 cum
2709 840 3132 898 sitdissolutus
3172 861 3292 900 non
3325 847 3498 903 aliter
3525 866 3704 920 quam
3726 852 3883 924 lapi-

2221 927 2326 983 des
2349 933 2515 982 extra
2545 929 2886 998 aediﬁcium,
2921 932 3022 1001 qui
3065 933 3430 992 aediﬁcandae
3487 940 3634 994 turri
3692 941 3879 1012 plane

2219 1016 2406 1088 inepti
2425 1022 2582 1086 sunt,
2608 1017 2782 1089 juxta
2809 1021 3170 1076 Pastorem.»
3203 1025 3470 1096 Ruﬁnus,
3493 1028 3721 1099 Didymi
3755 1030 3878 1085 dis-

2219 1105 2451 1176 cipulus
2483 1107 2583 1178 qui
2633 1107 2697 1162 in
2727 1107 2989 1164 Ecclesia
3025 1111 3225 1168 Graeca
3251 1113 3578 1186 plurimum
3603 1125 3876 1176 versatus

2219 1201 2327 1262 est,
2367 1197 2744 1266 Expositione
2767 1197 2828 1252 in
2859 1199 3204 1270 Symbolum
3253 1205 3677 1276 apostolorum,
3731 1225 3875 1264 cum

2215 1301 2507 1340 canonem
2559 1286 2613 1340 S.
2669 1287 2984 1359 Scripturae
3045 1291 3208 1361 prius
3257 1292 3622 1363 tradidisset,
3653 1295 3874 1354 addit:

2222 1395 2242 1422 σ
2278 1374 2596 1431 Sciendum
2632 1381 2830 1432 tamen
2864 1384 2953 1434 est
2983 1380 3142 1450 quod
3173 1387 3232 1436 et
3259 1381 3356 1438 alii
3388 1383 3525 1439 libri
3556 1393 3717 1455 sunt,
3766 1403 3878 1458 qui

2213 1480 2333 1519 non
2364 1465 2658 1534 canonici,
2695 1467 2800 1522 sed
2831 1467 3220 1526 ecclesiastici
3254 1487 3288 1525 a
3319 1472 3648 1544 majoribus
3679 1478 3886 1549 appel-

2214 1553 2320 1608 lati
2363 1559 2519 1618 sunt,
2554 1561 2619 1610 ut
2643 1562 2733 1611 est
2764 1557 3068 1628 Sapientia
3097 1559 3455 1631 Salomonis,
3490 1569 3549 1618 et
3601 1563 3720 1621 alia
3779 1567 3879 1622 Sa-

2212 1642 2438 1714 pientia
2469 1660 2600 1714 quas
2630 1645 2847 1700 dicitur
2878 1645 2984 1700 ﬁlii
3017 1647 3240 1703 Sirach.
3301 1651 3584 1720 Ejusdem
3641 1653 3876 1710 ordinis

2213 1737 2302 1786 est
2332 1731 2566 1788 libellus
2597 1734 2791 1790 Tobias
2825 1740 2884 1789 et
2902 1735 3682 1799 Judith,etMachabaaorum
3707 1743 3872 1799 libri.

2211 1822 2274 1875 In
2299 1821 2456 1877 Novo
2483 1839 2620 1878 vero
2642 1825 3020 1880 Testamento
3040 1824 3277 1882 libellus
3301 1828 3402 1899 qui
3435 1828 3654 1886 dicitur
3676 1837 3872 1888 Pasto-

2210 1909 2306 1976 ris,
2330 1909 2449 1964 sive
2469 1910 2785 1976 llermatis,
2809 1911 2910 1981 qui
2935 1911 3268 1983 appellatur
3294 1915 3432 1969 Duas
3451 1915 3576 1978 vim,
3597 1917 3873 1990 veljudi-

2211 1997 2365 2052 cium
2386 1998 2713 2054 secundum
2737 2001 2976 2055 Petrum
2998 2017 3010 2054 :
3036 2017 3166 2071 quas
3187 2003 3386 2057 omnia
3405 2003 3516 2077 legi
3535 2006 3778 2076 quidem
3800 2008 3865 2062 in

2208 2086 2484 2142 Ecclesiis
2515 2089 2846 2155 voluerunt,
2879 2105 3001 2144 non
3032 2095 3232 2145 tamen
3266 2093 3519 2163 proferri
3551 2095 3622 2150 ad
3655 2102 3865 2151 aucto-

2205 2176 2430 2232 ritatem
2465 2195 2536 2233 ex
2564 2179 2658 2234 his
2687 2179 2825 2234 ﬁdei
2856 2181 3348 2237 conﬁrmandam.
3388 2205 3414 2232 υ
3448 2185 3502 2239 S.
3567 2185 3866 2260 Hierony-

2205 2283 2357 2334 mus,
2391 2269 2491 2338 qui
2514 2269 2671 2323 inter
2702 2270 2933 2324 Graacos
2961 2271 3294 2340 consenuit,
3327 2271 3389 2326 in
3419 2273 3695 2347 Catalogo
3727 2277 3864 2332 haec

2202 2353 2422 2412 habet:
2457 2377 2480 2408 α
2518 2358 2774 2412 Herman
2804 2359 2973 2430 cujus
3003 2359 3309 2430 apostolus
3338 2360 3559 2416 Paulus
3605 2363 3680 2418 ad
3739 2369 3862 2421 Ro-

2200 2461 2410 2500 manos
2441 2445 2708 2502 scribens
2755 2447 3052 2514 meminit,
3084 2454 3359 2504 asserunt
3388 2456 3690 2506 auctorem
3723 2469 3862 2512 esse

2199 2531 2334 2587 libri
2393 2533 2494 2602 qui
2553 2533 2889 2606 appellatur
2939 2540 3154 2604 Pastor,
3231 2543 3289 2592 et
3345 2540 3501 2610 apud
3560 2541 3860 2611 quasdam

2201 2623 2436 2679 Grmciaa
2466 2625 2758 2681 Ecclesias
2815 2626 2994 2682 etiam
3053 2628 3288 2700 publice
3337 2629 3568 2703 legitur.
3623 2633 3860 2690 Revera

2195 2713 2362 2769 utilis
2389 2713 2558 2783 liber,
2595 2715 2886 2786 multique
2927 2715 2998 2771 de
3042 2733 3109 2772 eo
3167 2719 3521 2790 scriptorum
3579 2727 3856 2780 veterum

2193 2809 2630 2874 usurpaverunt
2677 2804 3020 2860 testimonia
3083 2823 3096 2874 ;
3176 2806 3278 2862 sed
3364 2809 3519 2880 apud
3605 2810 3856 2868 Latinos

2189 2907 2342 2962 pene
2372 2892 2608 2964 ignotus
2638 2897 2758 2949 est:
2781 2914 2806 2944 υ
2836 2893 2998 2950 Idem
3027 2896 3278 2967 epistola
3300 2899 3420 2963 196,
3447 2899 3564 2954 sive
3593 2900 3853 2975 Prologo

2189 2980 2465 3052 galeato:
2525 2984 2706 3052 Igitur
2761 2983 3064 3055 Sapientia
3130 3001 3254 3055 quae
3337 2987 3503 3057 vulgo
3578 2988 3854 3047 Salomo-

2186 3069 2280 3124 nis
2335 3073 2678 3139 inscribitur,
2736 3079 2790 3127 et
2843 3073 2982 3128 Jesu
3043 3073 3151 3128 ﬁlii
3201 3075 3403 3130 Sirach
3436 3075 3607 3140 liber,
3654 3085 3708 3132 et
3740 3080 3850 3136 Ju-

2186 3158 2313 3214 dith
2344 3167 2396 3214 et
2425 3159 2636 3215 Tobias
2665 3168 2718 3216 et
2747 3163 2956 3217 Pastor
2985 3179 3093 3218 non
3123 3170 3250 3218 sunt
3281 3166 3338 3218 in
3387 3181 3614 3233 canone,
3671 3168 3856 3225 Joan-

2835 3250 3024 3305 sancti
3105 3251 3503 3322 Chrysostomi
3585 3253 3857 3328 discipu-

2182 3335 2298 3404 lus,
2330 3337 2530 3392 collat.
2564 3355 2675 3408 vui,
2710 3339 2888 3410 capit,
2921 3343 2984 3392 17
3019 3357 3032 3394 :
3076 3361 3101 3389 «
3135 3341 3260 3395 Jam
3297 3342 3454 3411 quod
3509 3343 3850 3416 unicuique

2179 3431 2452 3480 nostrum
2489 3425 2604 3481 duo
2643 3428 2983 3483 cohaereant
3007 3429 3199 3501 angeli
3215 3429 3290 3493 ,id
3310 3435 3402 3484 est
3420 3430 3609 3486 bonus
3632 3438 3693 3487 et
3711 3451 3851 3491 ma-

2175 3513 2290 3582 lus,
2325 3515 2626 3587 Scriptura
2655 3521 2926 3571 testatur.
2955 3518 3036 3572 De
3063 3517 3238 3573 bonis
3273 3519 3512 3590 quidem
3545 3521 3845 3599 Salvator,

2177 3609 2319 3666 etc.,
2355 3602 2426 3657 de
2471 3603 2740 3673 utrisque
2788 3619 2928 3658 vero
2980 3603 3132 3660 liber
3177 3606 3424 3661 Pastoris
3479 3607 3849 3678 plenissime

2175 3689 2365 3746 docet.
2403 3694 2470 3746 Et
2491 3690 2684 3746 collat.
2723 3708 2849 3757 xm,
2875 3709 2996 3763 cap.
3045 3695 3111 3748 12
3143 3712 3155 3748 :
3191 3696 3476 3766 Adjacere
3497 3703 3698 3754 autem
3721 3699 3850 3757 ho-

2172 3779 2322 3834 mini
2346 3780 2408 3834 in
2430 3781 2761 3850 quamlibet
2781 3787 3010 3853 partem
3028 3782 3258 3837 arbitrii
3283 3784 3844 3855 libertatem,etiam

2171 3869 2325 3924 liber
2355 3869 2451 3925 ille
2474 3871 2575 3942 qui
2607 3871 2823 3926 dicitur
2848 3875 3086 3928 Pastoris
3103 3873 3476 3944 apertissime
3501 3875 3843 3932 docet.Ma-—

2167 3961 2352 4014 mimus
2368 3961 2427 4013 in
2455 3959 2692 4016 Scholiis
2723 3961 2796 4015 ad
2821 3961 3066 4031 Dionysii
3098 3960 3304 4018 librum
3339 3964 3411 4018 De
3468 3963 3672 4019 divinis
3733 3982 3855 4022 no-

2164 4046 2426 4114 minibus,
2477 4064 2607 4119 cap.
2656 4049 2727 4104 4:
2787 4043 3211 4124 Τελεσιουργῖαν
3271 4045 3328 4103 δὲ
3374 4045 3622 4126 ἀγγέλων
3673 4047 3842 4128 λέγει

2163 4133 2236 4196 ὡς
2267 4131 2355 4189 ἒπί
2379 4137 2477 4188 τοῦ
2507 4133 2710 4203 Δανιὴλ
2740 4135 2841 4189 καὶ
2875 4138 2973 4190 τοῦ
2999 4135 3242 4213 ἆγγὲλου
3298 4142 3397 4192 τοῦ
3455 4137 3842 4213 ἑρμηνεύσαν-

2158 4243 2251 4284 τος
2310 4221 2478 4294 αὐτῷ,
2537 4222 2628 4276 καὶ
2687 4223 2813 4298 περὶ
2876 4227 2974 4278 τοῦ
3034 4223 3303 4298 Ποιμὲνος
3361 4225 3454 4280 τὸν
3486 4226 3700 4299 Ἑρμᾶν
3735 4247 3836 4284 τι·

2160 4309 2590 4380 λειώσαντος,ὡς
2617 4310 2728 4366 ἐκεῖ
2757 4310 3066 4386 ἀνέγνωμεν
3093 4311 3146 4368 ἐν
3177 4317 3256 4386 τῷ
3290 4315 3538 4388 Ποιμένι.
3567 4339 3594 4366 ‹‹
3625 4318 3830 4377 Porro

2159 4401 2543 4473 perfectionis
2592 4401 2972 4456 efﬁcientiam
3028 4404 3376 4476 angelorum
3418 4410 3690 4474 vocat,ut
3746 4409 3829 4466 de

2158 4490 2400 4546 Dauiele
2434 4495 2493 4544 et
2520 4489 2731 4562 angelo
2761 4490 2869 4561 ipsi
2906 4491 3422 4563 interpretante,et
3451 4493 3523 4548 de
3563 4495 3829 4554 Pastore

400 4603 664 4642 omnium
678 4587 852 4642 crede
872 4604 1060 4644 unum
1083 4605 1213 4644 esse
1227 4589 1541 4660 Deum,qui
1561 4591 1827 4647 condidit
1849 4597 2050 4652 omnia

2210 4595 2434 4634 ermam
2455 4579 2824 4650 perﬁciente,
2857 4585 2923 4634 ut
2951 4580 3031 4635 ibi
3063 4580 3312 4654 legimus
3343 4582 3404 4636 in
3454 4584 3708 4639 Pastore.
3753 4589 3826 4644 Et

396 4681 455 4730 et
483 4675 1020 4748 absolvit,fecitque
1049 4682 1114 4732 ut
1141 4694 1212 4732 ex
1243 4693 1365 4732 non
1395 4684 1527 4734 ente
1551 4687 1766 4737 essent.
1795 4703 1820 4732 ››
1853 4683 2038 4748 Quem

2209 4669 2318 4724 mlo
2345 4674 2470 4738 post
2499 4685 2512 4722 :
2546 4665 2648 4722 Καὶ
2680 4665 2764 4720 ὅτι
2791 4663 2880 4720 διὰ
2909 4671 3019 4722 τῶν
3050 4667 3294 4744 αγγέλων
3344 4670 3399 4724 αἱ
3455 4670 3630 4745 ψυχαὶ
3685 4691 3826 4748 χει-

392 4765 621 4820 Hermas
651 4765 848 4821 locum
879 4771 1035 4826 ante.
1060 4765 1133 4821 ad
1164 4766 1436 4822 eamdem
1467 4783 1589 4823 rem
1622 4768 2036 4829 demonstran-

389 4852 547 4922 dam,
579 4854 940 4926 produxerat
997 4855 1277 4928 Origenes
1307 4862 1468 4912 tomo
1500 4858 1603 4912 lin
1631 4859 1941 4916 Joannem.
1966 4865 2035 4918 Et

385 4960 518 4998 cum
553 4943 832 4999 eumdem
863 4945 1044 4999 etiam
1085 4944 1486 5016 producerent
1513 4947 1738 5014 Ariani,
1770 4950 2033 5007 Athana-

385 5031 506 5086 sius
538 5031 788 5100 epistola
814 5047 921 5102 pro
953 5031 1193 5087 Nicaana
1223 5033 1485 5104 synodo:
1521 5033 1607 5089 ’Ev
1656 5031 1714 5089 δὲ
1769 5039 1848 5107 τῷ
1897 5042 2031 5092 Ποι-

386 5117 504 5190 μέτι
566 5117 863 5194 γέγραπται
919 5115 1159 5192 (ἐπειδὰν
1206 5121 1297 5174 καὶ
1352 5125 1536 5190 τοῦτο,
1593 5122 1776 5200 κφίτοι
1839 5127 1912 5196 μή
1963 5123 2024 5182 ὅν

377 5205 438 5260 ἐκ
490 5211 587 5262 τοῦ
635 5207 880 5276 κανόνος,
952 5208 1331 5284 προφέρουσψ
1413 5233 1434 5261 ι
1501 5215 1720 5286 Πρῶτον
1806 5213 2021 5270 πάντων

2148 4760 2526 4833 ραγωγοῦνται
2559 4755 2614 4809 αἱ
2648 4756 2794 4824 ζωήν
2823 4755 3126 4831 ἀγγελικὴν
3173 4756 3612 4828 ἐπιτηδεύουσαι,
3649 4762 3817 4820 οὕτω

2146 4845 2198 4900 ἐν
2228 4849 2306 4917 τῷ
2333 4847 2559 4917 Ποιμὲνι
2612 4843 2940 4920 ἀνεγνωμεν.
2977 4870 3000 4899 α
3036 4851 3106 4904 Ει
3163 4849 3322 4921 quod
3364 4849 3579 4905 anima:
3611 4851 3816 4913 vitam

2142 4936 2473 5010 angelicam
2503 4935 2885 4992 instituentes
2924 4936 2996 4992 ab
3027 4939 3254 5010 angelis
3283 4937 3816 5012 manuducuntur,

2141 5027 2224 5082 ita
2253 5026 2312 5080 in
2342 5027 2568 5080 Pastore
2596 5025 2869 5097 legimus.

2209 5117 2352 5170 Cum
2383 5115 2510 5169 haac
2529 5113 2708 5169 fuerit
2752 5120 2874 5170 tam
2927 5116 3193 5187 antiqua,
3225 5122 3346 5172 tam
3378 5122 3667 5173 constans
3709 5138 3818 5179 eo-

2133 5221 2265 5261 rum
2301 5202 2402 5274 qui
2434 5203 2494 5257 in
2525 5204 2726 5260 Graeca
2750 5203 3014 5260 Ecclesia
3044 5205 3376 5262 ﬂoruerunt
3396 5205 3468 5262 de
3491 5205 3650 5262 libro
3683 5212 3822 5269 Pa-

373 5295 680 5352 πίστευσον.
717 5319 746 5347 υ
781 5320 809 5347 .‹
841 5297 905 5352 In
934 5298 1158 5354 Pastore
1187 5315 1423 5371 quoque
1455 5302 1739 5372 scriptum
1772 5303 2024 5361 habetur
2133 5296 2266 5350 toris
2297 5291 2634 5358 sententia;
2668 5309 2802 5348 cum
2824 5300 3128 5349 auctorem
3155 5295 3410 5366 prodant
3441 5295 3738 5355 Hermann
3778 5322 3815 5362 a

374 5385 680 5456 (quoniam
713 5393 772 5442 et
793 5387 923 5455 hoc,
955 5387 1227 5458 quamvis
1258 5406 1332 5444 ex
1363 5407 1592 5446 canone
1623 5407 1745 5446 non
1775 5393 2020 5462 sit,alle-

369 5478 535 5546 gunt)
569 5491 582 5528 :
621 5496 648 5525 ››
679 5496 707 5525 ‹‹
741 5476 1008 5530 Primum
1038 5477 1310 5531 omnium
1340 5478 1534 5547 crede,
1568 5502 1596 5530 υ
1631 5485 1745 5535 etc.

2132 5385 2188 5440 S.
2221 5380 2404 5438 Paulo
2435 5380 2834 5450 nominatum,
2879 5399 3014 5438 cum
3044 5383 3262 5439 librum
3294 5384 3489 5456 ipsum
3547 5385 3611 5439 in
3679 5392 3808 5447 ali-

2128 5475 2343 5548 quibus
2364 5471 2633 5529 ecclesiis
2663 5473 2899 5545 publice
2935 5475 3178 5542 lectum,
3218 5475 3294 5532 ad
3340 5477 3808 5543 institutionem

437 5563 588 5627 Quid
619 5563 900 5634 Didymus
923 5564 1248 5620 Athanasio
1295 5567 1664 5637 synchronus
1695 5567 1766 5623 de
1800 5570 2016 5627 Herma
2125 5563 3033 5621 catechumenorumaPatribus
3057 5565 3538 5622 commendatum
3559 5582 3814 5631 memo-

369 5652 915 5725 senserit,quamvis
937 5652 1068 5724 ejus
1098 5654 1300 5709 omnia
1329 5653 1452 5710 fere
1487 5671 1670 5726 opera
1700 5656 2010 5729 perierint,

359 5736 642 5810 colligere
674 5739 814 5797 licet
842 5755 913 5797 ex
941 5739 1268 5800 Catenain
1297 5739 1642 5808 Jobum,ubi
1661 5741 1776 5799 ait:
1803 5741 1866 5798 Ὀ
1884 5743 2006 5802 ἀσε-

2124 5657 2421 5719 rent,cum
2452 5648 2568 5720 ipsi
2599 5655 2704 5704 aut
2735 5666 2969 5706 sacrum
2999 5657 3059 5708 et
3114 5651 3394 5722 divinum,
3456 5659 3558 5709 aut
3615 5670 3805 5720 certe

2119 5736 2510 5797 utilissimum
2534 5731 2756 5792 librum
2787 5737 3198 5812 pronuntient,
3219 5745 3277 5798 et
3304 5741 3438 5798 ideo
3472 5745 3720 5804 tantum
3739 5751 3808 5810 in
