3972 6306
160 433 269 492 113

909 434 968 493 J.
1001 431 1422 496 PEARSONII
1465 434 1539 496 Vl
1553 434 1785 498 NDICL

1913 441 2368 511 GNATIANJE.
2420 486 2490 500 —-
2535 453 2737 515 PARS
2771 458 2820 515 Ι.

3471 463 3585 522 114

156 598 379 638 canone
409 598 534 636 non
568 583 944 652 ponendum,
987 584 1142 655 quod
1175 585 1246 640 de
1280 602 1346 641 eo
1379 586 1562 656 aliqui
1595 587 1821 644 dubita—
1855 573 1904 639 Α
1935 577 2029 630 nis
2061 581 2475 657 Apocalypsin,
2510 603 2656 658 quos
2677 593 2879 644 tamen
2907 592 3173 662 agnoscit
3195 591 3378 647 libros
3405 594 3583 665 aple-

157 679 398 739 runt,an
422 673 716 728 credibile
752 679 846 728 est
865 674 1258 746 Nicephorum
1282 681 1384 732 aut
1407 677 1589 732 alium
1616 695 1824 748 quem-

161 766 238 818 vis
277 764 570 818 Ecclesia:
595 767 813 819 Graeca
840 764 1175 830 alumnum,
1208 767 1480 822 eumdem
1515 774 1580 823 ut
1607 769 1825 824 falsum

163 861 214 908 et
242 854 482 917 fictum,
517 859 584 908 ut
613 854 888 924 pessima:
921 862 1074 910 notas
1097 857 1500 928 apocryphum
1522 858 1824 929 jugulare,

161 951 214 996 et
246 942 321 997 ab
347 943 522 996 omni
575 943 854 997 Ecclesiae
907 944 1038 998 luce
1071 961 1370 999 removere
1428 946 1726 1001 voluisse?
1756 949 1826 1001 Et

159 1039 361 1088 tamen
392 1032 658 1087 Dallaaus
688 1050 795 1103 pro
820 1038 978 1088 certo
1010 1034 1188 1089 habet
1211 1035 1602 1106 Nicephorum
1625 1053 1820 1105 suum,

157 1124 245 1178 his
279 1122 572 1178 omnibus
611 1124 1030 1194 praetermissis
1073 1125 1192 1178 sive
1227 1123 1544 1192 damnatis,
1579 1131 1821 1180 senten-

159 1214 302 1267 tiam
336 1212 696 1267 Tertulliani
729 1217 906 1282 atque
937 1213 1147 1267 Gelasii
1172 1220 1438 1269 sccutum
1471 1231 1622 1270 esse.

227 1302 636 1357 Tertullianus
661 1302 979 1372 aliquando
1003 1303 1680 1375 catholicus,aliquando
1699 1305 1822 1359 haa-

157 1393 408 1459 reticus,
445 1396 504 1445 et
533 1391 652 1447 alia
683 1391 980 1459 catholici,
1013 1390 1126 1446 alia
1175 1393 1434 1447 haeretici
1494 1393 1565 1447 de
1597 1395 1822 1448 Pastore

158 1483 464 1535 sententia
491 1481 873 1536 fuit.Librum
901 1483 977 1535 De
997 1483 1250 1535 oratiorwe
1275 1482 1470 1536 adhuc
1491 1483 1820 1537 catholicus

157 1571 419 1642 scripsit,
459 1571 521 1624 in
554 1587 670 1641 quo
699 1570 838 1625 dum
882 1571 1029 1624 ritus
1080 1571 1369 1640 quosdam
1432 1571 1491 1625 in
1553 1572 1819 1626 oratione

155 1666 507 1730 usurpatos,
543 1666 830 1730 tanquam
861 1661 1163 1715 afl‘ectatos
1198 1666 1254 1714 et
1313 1665 1568 1724 coactos,
1631 1667 1686 1715 et
1718 1678 1818 1716 cu-

159 1750 304 1804 riosi
340 1750 544 1820 potius
579 1766 758 1819 quam
784 1749 1092 1804 rationalis
1112 1749 1292 1804 officii
1325 1750 1820 1820 perstringit,haac

159 1837 574 1892 habetzuldem
593 1837 749 1907 quod
768 1838 1065 1909 assignate
1083 1839 1348 1893 oratione
1367 1839 1665 1893 assidendi
1691 1855 1818 1894 mos

1932 665 2131 736 risque
2157 673 2576 730 ecclesiasticis
2600 679 2956 748 agnitos,qui
2992 682 3362 752 apocryphos
3397 683 3584 752 pessi-

1931 773 2041 811 mae
2074 765 2226 816 notzn
2258 760 2382 817 οὺδὲ
2410 765 2464 818 ὲν
2493 766 2673 827 νόθοις
2705 769 3010 840 ponendos
3042 771 3244 841 voluit,
3273 774 3413 827 Hist.
3436 773 3474 826 l.
3495 790 3579 842 ιιι,

1931 861 1981 898 c.
2015 849 2101 900 25.
2139 851 2206 902 Et
2231 851 2358 921 ipse
2389 855 2784 911 Tertullianus
2818 857 2900 912 ita
2931 858 3162 913 videtur
3193 860 3454 930 seipsum
3490 878 3581 915 ex-

1930 934 2191 1005 plicare;
2225 957 2362 995 nam
2396 944 2592 998 statim
2646 945 2848 1000 addit:
2910 949 2986 1001 At
3016 965 3112 1018 ego
3149 952 3263 1020 ejus
3319 951 3580 1004 Pastoris

1932 1025 2288 1097 «scripturas
2312 1030 2542 1098 haurio,
2578 1035 2675 1104 qui
2702 1052 2820 1089 non
2843 1041 3038 1106 potest
3059 1038 3268 1107 frangi,
3295 1060 3324 1088 »
3358 1040 3467 1094 hoc
3489 1045 3578 1096 est

1928 1129 2061 1168 vere
2083 1119 2544 1176 canonicas.Nec
2564 1139 2683 1177 non
2708 1123 2914 1179 eodem
2940 1124 3110 1180 libro:
3139 1129 3242 1180 «Et
3261 1128 3464 1197 utique
3485 1144 3578 1182 re-

1929 1204 2156 1275 ceptior
2165 1208 2319 1277 apud
2332 1209 2621 1266 Ecclesias
2635 1213 2892 1283 Epistola
2911 1216 3186 1269 Barnasz
3200 1217 3568 1288 apocrypho»

1929 1293 2167 1349 Pastore
2195 1298 2520 1353 maechorum
2554 1317 2566 1366 ;
2603 1301 2856 1371 epistola
2881 1309 3079 1357 autem
3114 1305 3396 1359 Barnabze
3428 1307 3570 1361 Ter-

1926 1381 2170 1437 tulliano
2193 1385 2306 1440 alia
2336 1395 2558 1444 nonest
2579 1406 2755 1460 quam
2786 1391 2885 1446 illa
2908 1393 2962 1446 S.
2986 1393 3150 1447 Pauli
3175 1394 3247 1449 ad
3267 1394 3564 1450 Hebraeos.

1927 1471 2091 1534 Quod
2124 1474 2170 1526 si
2203 1474 2429 1546 aliquid
2487 1478 2642 1532 aliud
2695 1480 3004 1546 intellexit,
3041 1488 3100 1536 et
3140 1500 3246 1553 per
3274 1483 3478 1538 falsam
3512 1488 3572 1538 et

1926 1559 2253 1616 adulteram
2307 1565 2682 1636 scripturam,
2745 1569 2972 1623 Hermze
3023 1569 3242 1625 librum
3285 1576 3568 1642 tanquam

1927 1650 2197 1717 pessimaa
2240 1659 2394 1706 notae
2425 1656 2828 1726 apocryphum
2862 1657 2934 1712 ab
2965 1659 3242 1713 omnibus
3293 1660 3570 1715 Ecclesiis

1925 1737 2106 1792 fuisse
2130 1739 2499 1796 eliminatum
2523 1743 2793 1813 voluerit,
2820 1761 2938 1799 non
2962 1747 3147 1816 magis
3171 1747 3229 1800 id
3251 1765 3453 1803 verum
3482 1753 3571 1803 est

1927 1842 2105 1895 quam
2128 1845 2262 1883 cum
2285 1847 2413 1884 eam
2435 1832 2620 1886 solam
2644 1835 2908 1890 moechos
2956 1853 3154 1891 amare
3186 1839 3268 1892 ait
3293 1856 3305 1892 :
3340 1845 3399 1894 et
3426 1856 3568 1894 con-

160 1933 250 1980 est
274 1927 787 1998 quibusdam,non
815 1927 1076 1998 perpicio
1100 1927 1422 1994 rationem;
1456 1929 1569 1983 nisi
1603 1929 1650 1982 si
1676 1930 1785 1982 Her

1925 1917 2174 1970 trarium
2220 1918 2394 1988 plane
2433 1919 2844 1976 demonstrant
2887 1925 3117 1991 Ireniei,
3158 1926 3479 1982 Clementis
3509 1934 3568 1983 et

153 2032 278 2070 mas
303 2016 432 2080 ille,
462 2017 633 2088 cujus
655 2016 949 2087 scriptura
969 2016 1092 2070 fere
1117 2037 1144 2065 »
1168 2018 1376 2071 Pastor
1398 2017 1805 2083 «inscribitur,

149 2113 454 2160 transacta
468 2106 737 2160 oratione
751 2122 862 2160 non
877 2105 1283 2177 superiectum
1299 2106 1809 2170 asedisset,verum

151 2195 315 2249 aliud
330 2195 477 2265 quid
505 2195 833 2261 fecisset,id
847 2211 1078 2265 quoque
1094 2195 1166 2249 ad
1198 2194 1805 2250 observationemvin-

155 2285 514 2339 dicaremus.
555 2285 765 2354 Utique
793 2301 934 2339 non.
968 2284 1324 2355 Simpliciter
1371 2286 1528 2340 enim
1562 2291 1620 2340 et
1648 2303 1806 2341 nunc

155 2375 414 2443 positum
442 2379 551 2428 est:
579 2375 768 2428 «Cum
790 2373 1215 2436 adorassem,et
1238 2389 1300 2427 as
1323 2375 1608 2429 sedissem
1630 2392 1809 2446 super

149 2463 434 2528 lectum,»
459 2463 532 2517 ad
559 2463 830 2518 ordinem
855 2463 1234 2529 narrationis,
1268 2479 1388 2517 non
1417 2463 1491 2518 ad
1523 2463 1710 2519 instar
1725 2463 1808 2517 di-

154 2552 448 2622 sciplinaa.
462 2552 740 2622 Alioquin
757 2568 1051 2622 nusquam
1071 2552 1181 2606 erit
1193 2551 1561 2607 adorandum
1575 2552 1690 2606 nisi
1705 2553 1805 2607 ubi

147 2642 329 2696 fuerit
353 2642 566 2696 lectus.
592 2643 716 2696 Imo
745 2647 950 2696 contra
970 2642 1330 2712 Scripturam
1348 2641 1575 2708 fecerit,
1601 2642 1648 2696 si
1673 2642 1804 2712 quis

149 2732 206 2785 in
220 2731 512 2786 cathedra
529 2737 631 2785 aut
652 2729 931 2785 subsellio
953 2730 1467 2802 sederet.»Nempe
1491 2731 1638 2785 ritus
1671 2732 1804 2800 qui-

150 2820 283 2874 dam
311 2837 347 2874 a
370 2819 725 2874 Christianis
757 2818 1110 2890 quibusdam
1160 2819 1540 2873 Tertullianei
1566 2820 1672 2873 aevi
1696 2819 1801 2874 ob-

149 2915 441 2973 servatus,
469 2909 667 2964 statim
702 2908 871 2963 ﬁnita
901 2909 1166 2963 oratione
1199 2907 1472 2973 sedendi;
1499 2925 1674 2978 quem
1700 2909 1800 2962 ille

147 3008 438 3069 tanquam
496 2998 994 3068 superstitiosum,
1025 2998 1445 3070 irreligiosum,
1504 3003 1562 3052 et
1591 2997 1799 3069 gentili

147 3090 280 3142 ritui
318 3089 569 3142 afﬁnem
594 3087 994 3158 reprehendit.
1039 3089 1232 3143 Bitum
1279 3093 1475 3143 autem
1507 3088 1701 3158 ipsum
1728 3104 1798 3141 ex

145 3178 269 3232 loco
305 3177 573 3247 quodam
603 3179 847 3232 Pastoris
907 3176 1056 3232 male
1088 3176 1389 3232 intellecto
1423 3182 1617 3232 ortum
1667 3193 1796 3231 esse

144 3274 324 3337 putat.
359 3266 529 3330 Quod
557 3265 713 3321 clare
747 3266 1024 3337 ostendit,
1085 3272 1304 3336 quanto
1354 3271 1482 3320 tum
1509 3266 1571 3319 in
1602 3265 1793 3337 pretio

144 3313 324 3337 r‘"""
368 3313 529 3330 "v"'"
561 3313 711 3321 """"'
751 3313 1024 3337 "'"“""}
1088 3313 1299 3336 ‘1"“""'v
1359 3313 1482 3320 ⁷“’““”
1510 3313 1571 3319 ’⁵⁵
1602 3313 1789 3337 Γ⁹ν⁷⁸⁷

140 3357 288 3411 liber
315 3356 418 3410 ille
455 3357 682 3410 Hermae
716 3355 848 3424 fuit,
882 3362 947 3410 ut
996 3374 1066 3411 ex
1110 3373 1178 3411 eo
1228 3357 1378 3411 ritus
1410 3357 1471 3411 in
1516 3357 1792 3411 Ecclesiae
1827 3313 1869 3378 ϐ

143 3444 524 3514 disciplinam
586 3445 1050 3500 transfundetur.
1103 3447 1233 3516 Ipse
1265 3451 1485 3503 autem.
1519 3450 1582 3499 ut
1621 3445 1791 3516 solet,

143 3541 307 3588 acute
343 3533 738 3602 respondens,
774 3549 893 3588 non
926 3535 1118 3604 rejicit
1161 3533 1294 3588 libri
1355 3534 1790 3603 auctoritatem,

143 3623 234 3676 sed
268 3622 561 3688 admittit,
622 3627 679 3677 et
707 3622 887 3677 verba
941 3622 1068 3694 ejus
1113 3623 1194 3678 ita
1248 3623 1694 3694 interpretatur,
1729 3628 1795 3678 ut

146 3712 412 3767 ostendat
437 3717 666 3765 tantum
685 3712 952 3766 ordinem
980 3713 1338 3767 narrationis
1356 3712 1792 3768 observandum

146 3817 409 3865 esse,nec
428 3799 610 3854 ullam
626 3801 764 3855 inde
787 3801 1117 3871 disciplinas
1133 3802 1424 3856 rationem
1445 3802 1568 3856 erui
1593 3819 1787 3873 posse.

141 3894 214 3947 lta
237 3890 651 3946 Tertullianus
684 3890 875 3944 adhuc
908 3891 1250 3954 catholicus,
1285 3896 1350 3946 ut
1372 3891 1702 3946 observavit
1731 3893 1786 3946 S.

142 3981 393 4034 Hilarius
419 3979 1092 4046 inMatthzeum,canone
1114 3981 1556 4050 5:«Quanquam
1581 3982 1787 4034 etTero

143 4070 420 4123 tullianus
453 4069 594 4122 hinc
623 4069 725 4136 (De
778 4069 1067 4139 oratione)
1098 4069 1369 4124 volumen
1413 4069 1788 4140 aptissimum

143 4158 468 4229 saripserit,
503 4155 608 4211 sed
639 4173 1006 4227 consequens
1047 4173 1214 4212 error
1243 4157 1503 4212 hominis
1535 4158 1789 4212 detraxit

142 4248 367 4318 scriptis
383 4245 801 4316 probabilibus
834 4246 1303 4302 auctoritatem.»
1337 4245 1691 4302 Sedinlibro
1715 4252 1788 4301 De

140 4334 546 4403 pudicitia,ubi
574 4350 757 4404 purus
770 4340 946 4405 putus
960 4336 1314 4390 Montanista
1328 4341 1436 4402 est,
1461 4341 1784 4405 contraque

141 4425 461 4480 catholicos
485 4430 769 4493 tanquam
794 4425 1104 4495 psychicos
1127 4424 1409 4495 disputat,
1435 4429 1492 4479 et
1516 4425 1621 4479 illa
1653 4441 1784 4495 quas

141 4515 251 4584 ipse
284 4516 349 4568 in
385 4512 543 4567 libro
573 4518 646 4567 De
661 4515 990 4582 paenitentia
1024 4519 1160 4568 ante
1185 4514 1486 4582 docuerat,
1520 4514 1782 4581 damnat,

138 4602 296 4657 aliter
329 4600 581 4671 quidem
613 4599 895 4671 loquitur.
929 4601 1030 4656 Sed
1050 4602 1290 4657 cederem
1317 4601 1438 4668 tibi,
1469 4603 1519 4656 si
1538 4601 1785 4670 scriptu-

1923 2004 2188 2076 Origenis
2208 2007 2566 2062 testimonia.
2595 2009 2766 2064 Nullo
2789 2011 2967 2082 igitur
2995 2012 3170 2066 modo
3202 2013 3562 2069 credendum

1919 2097 2006 2146 est
2058 2099 2358 2149 auctorem
2418 2097 2822 2154 Stichomet-ria’
2853 2116 2886 2154 a
2941 2107 3179 2171 recepta
3222 2103 3558 2158 Grmcorum

1916 2182 2156 2236 Patrum
2187 2185 2481 2239 sententia
2510 2186 2846 2252 recessisse,
2882 2193 2940 2241 et
2959 2191 3308 2246 auctoritate
3331 2192 3557 2245 Tertul-

1914 2269 2055 2324 liani
2110 2272 2371 2326 haeretici
2424 2279 2780 2344 permotum,
2839 2278 3064 2332 Hermaa
3124 2281 3409 2334 Pastorem
3448 2297 3552 2351 pro

1917 2361 2188 2429 pessimae
2220 2368 2375 2415 notua
2407 2365 2742 2435 apocrypho
2773 2365 2976 2420 haberi
3009 2367 3281 2424 voluisse.

1984 2458 2072 2512 Ad
2103 2459 2398 2514 Gelasium
2448 2467 2646 2516 autem
2679 2463 2836 2532 quod
2867 2465 3100 2527 attinet,
3133 2484 3266 2521 cum
3300 2468 3554 2523 Dallaaus

1918 2548 2259 2619 «utriusque
2275 2551 2540 2604 censoris
2554 2552 2802 2606 Romani
2822 2554 3555 2627 etConstantinopolitani,

1915 2641 1972 2690 et
2001 2635 2242 2706 quidem
2271 2637 2582 2707 utriusque
2615 2655 2906 2696 summam
2933 2642 2993 2695 in
3010 2643 3270 2698 Ecclesia
3302 2643 3555 2716 dignita-

1915 2730 2032 2780 tem
2047 2742 2152 2780 suo
2170 2727 2386 2780 saculo
2401 2728 2676 2796 gerentis,
2705 2731 3057 2786 concordem
3080 2734 3375 2804 planeque
3398 2736 3553 2805 ejus-

1912 2812 2042 2868 dem
2060 2815 2293 2885 generis
2313 2831 2660 2870 censuram»
2688 2817 2868 2872 fuisse
2887 2820 3279 2886 tradat,suave
3303 2825 3548 2878 omnino

1910 2904 2206 2957 somnium
2222 2905 2473 2968 est.Quis
2488 2905 2642 2959 enim
2654 2907 3552 2966 credatauctoremStichometriae

1909 2993 2138 3048 Graecos
2162 2995 2363 3048 Patres
2411 2994 2468 3049 in
2493 2993 2719 3064 judicio
2772 2995 2842 3050 de
2867 2999 3079 3053 llerma
3101 2999 3451 3067 deseruisse,
3484 3006 3552 3056 ut

1908 3081 2136 3136 Gelasio
2169 3084 2566 3149 consentiret;
2592 3085 3055 3157 eorumdemque
3087 3091 3440 3144 sententiam
3474 3089 3546 3144 de

1906 3171 2130 3243 Ignatio
2161 3173 2586 3244 postposuisse,
2609 3179 2672 3229 ut
2696 3175 2921 3230 Gelasio
2937 3179 3397 3234 contradiceret‘?
3415 3179 3546 3234 Vult

1905 3260 2062 3315 enim
2086 3261 2454 3316 adversarius
2474 3263 2862 3334 Nicephorum
2893 3282 3065 3320 suum
3082 3267 3362 3338 epistolas
3383 3269 3545 3340 lgna-

1901 3349 1962 3402 tii
1991 3355 2271 3420 tanquam
2301 3351 2466 3405 fictas
2493 3351 2650 3405 inter
2669 3355 3004 3426 apocrypha
3021 3372 3544 3428 numerasse,quas

1901 3438 2165 3494 Gelasius
2195 3440 2344 3510 ipse,
2377 3440 2596 3510 scripto
2628 3441 2804 3511 plane
2835 3445 3095 3514 genuino
3153 3446 3262 3517 ipsi
3297 3446 3542 3517 martyri

1898 3529 2193 3598 ascripsit,
2226 3534 2292 3583 ut
2322 3545 2389 3582 ex
2421 3529 2778 3584 testimoniis
2807 3533 3026 3587 nostris
3055 3540 3236 3604 patet.
3261 3537 3385 3590 Imo
3408 3537 3542 3606 quis

1898 3617 2294 3688 Nicephorum
2325 3617 2537 3672 Gelasii
2557 3620 2916 3674 sententiam
2936 3622 2994 3676 in
3014 3623 3248 3679 decreto
3271 3630 3543 3679 secutum

1899 3723 2026 3761 esse
2050 3706 2390 3773 afﬁrmabit,
2423 3707 2522 3776 qui
2548 3706 2692 3761 illud
2716 3708 2909 3779 ipsum
2935 3711 3239 3768 decretum
3262 3714 3490 3768 noverit
3509 3730 3544 3768 a

1896 3797 2136 3850 nemine
2165 3811 2426 3864 unquam
2460 3795 2547 3848 vel
2580 3795 2734 3849 inter
2766 3797 2998 3852 Latinos
3030 3800 3209 3854 fuisse
3267 3803 3534 3874 agnitum

1895 3891 2031 3940 ante
2062 3885 2290 3954 aliquot
2315 3900 2504 3938 annos
2534 3888 2668 3954 post
2701 3886 3006 3956 Nicephori
3041 3890 3338 3944 mortem?
3367 3892 3537 3944 Nice-

1893 3977 2116 4048 phorus
2177 3974 2513 4045 patriarcha
2542 3990 2572 4028 e
2630 3974 2772 4029 vivis
2819 3977 3071 4031 excessit
3121 3979 3276 4034 circa
3305 3997 3532 4036 annum

1891 4065 2103 4120 Christi
2130 4067 2232 4119 828
2258 4083 2270 4119 :
2297 4064 2473 4136 primi
2502 4065 2962 4135 autem,opinor,
2989 4067 3089 4137 qui
3116 4068 3337 4123 decreti
3362 4069 3529 4124 Gela-

1895 4154 2044 4209 siani
2072 4153 2417 4208 meminisse
2436 4152 2982 4224 deprehenduntur,
3009 4162 3148 4210 sunt
3175 4157 3366 4228 Lupus
3390 4158 3528 4211 Fer-

1892 4241 2554 4309 rariensis,Hincmarus
2585 4247 2644 4314 et
2663 4242 2935 4298 Nicolaus
2967 4261 3117 4316 papa
3137 4246 3384 4316 primus,
3416 4247 3529 4301 cir-

1893 4349 1960 4387 ca
1990 4331 2148 4385 idem
2179 4329 2418 4400 quidem
2445 4335 2678 4400 tempus
2709 4347 2950 4393 omnes:
2986 4334 3090 4388 sed
3137 4339 3192 4389 et
3224 4352 3294 4389 ex
3324 4335 3396 4389 iis
3429 4335 3530 4405 qui

1893 4422 2085 4492 primo
2111 4421 2238 4475 loco
2271 4420 2490 4474 decreti
2539 4421 2903 4476 mentionem
2936 4422 3092 4490 fecit,
3145 4431 3278 4496 post
3307 4443 3531 4480 annum

1893 4511 1996 4564 840
2045 4509 2298 4579 scripsit.
2360 4508 2574 4563 Mentio
2634 4510 2878 4579 quidem
2931 4512 3109 4582 hujus
3167 4515 3436 4585 opusculi
3470 4516 3533 4569 in

1894 4600 2156 4655 Chronico
2190 4597 2553 4652 Centulensia
2585 4598 2868 4653 Dacherio
2901 4600 3188 4668 edito,ubi
3213 4603 3368 4659 inter
3385 4604 3534 4658 alios

141 4690 673 4758 :nPastoris,cquzB
706 4689 831 4744 sola
849 4691 1102 4746 mzechos
1121 4696 1301 4757 amat,
1328 4691 1522 4745 divino
1550 4691 1776 4744 lnstru-
1813 4677 1858 4741 Β
1889 4687 2266 4741 bibliothecas
2297 4686 2456 4740 illius
2488 4685 2738 4740 abbatiaa
2764 4687 2947 4743 libros
2981 4689 3194 4762 legitur
3225 4709 3237 4745 :
3275 4714 3302 4741 ‹‹
3323 4691 3534 4747 Gelasii

144 4778 921 4835 menton-eruissetincidizsi
936 4797 1052 4834 non
1067 4779 1138 4834 ab
1153 4781 1316 4834 omni
1331 4780 1580 4835 concilio
1593 4778 1788 4834 Eccle-

142 4873 377 4935 siarum,
413 4869 594 4922 etiam
615 4874 966 4930 vestrarum,
1004 4869 1158 4923 inter
1189 4869 1527 4940 apocrypha
1558 4874 1614 4923 et
1635 4867 1785 4923 falsa

135 4955 804 5026 judicaretur,adultera
825 4963 884 5012 et
906 4957 1049 5027 ipsa,
1081 4961 1137 5012 et
1160 4957 1295 5012 inde
1323 4962 1574 5028 patrona
1596 4958 1780 5012 socio-

137 5066 316 5117 rum,a
347 5064 470 5118 qua
492 5051 552 5101 et
573 5046 722 5101 alias
742 5047 1048 5101 initiaris.»
1081 5047 1146 5101 In
1172 5047 1264 5100 his
1285 5047 1630 5102 Tertulliani
1653 5063 1782 5101 am-

141 5143 280 5209 pulis
305 5142 437 5212 jam
499 5137 932 5194 catholicorum
967 5138 1234 5192 omnium
1283 5138 1469 5191 hostis
1521 5137 1682 5205 facti,
1723 5142 1782 5192 et

141 5230 403 5284 Hennam
426 5246 532 5299 pro
557 5225 832 5282 doctrina
854 5225 1147 5281 catholica
1167 5225 1778 5288 accusantis,fortasse

138 5320 275 5374 nihil
294 5317 460 5374 aliud
482 5315 779 5372 Contineri
805 5313 1136 5386 putandum
1155 5322 1262 5382 est,
1294 5332 1468 5386 quam
1503 5317 1781 5370 Pastorem

139 5410 353 5464 llerma:
387 5424 508 5462 non
541 5405 729 5460 fuisse
764 5420 833 5457 ex
869 5402 1094 5473 judicio
1123 5403 1399 5458 Ecclesiae
1430 5403 1647 5459 librum
1681 5420 1779 5458 ca-

135 5499 424 5560 nonicum,
470 5497 574 5551 sed
603 5493 808 5567 potius
844 5492 1002 5546 inter
1030 5493 1419 5563 apocryphos,
1453 5494 1510 5548 id
1542 5499 1631 5547 est
1659 5510 1780 5548 non

134 5589 437 5644 canonicos
496 5587 929 5647 numeratum;
990 5587 1056 5635 ut
1111 5582 1402 5636 Eusebius
1457 5581 1510 5634 ‘ev
1543 5586 1660 5643 τοῖς
1688 5580 1781 5634 νό-

130 5676 226 5739 θοις
277 5677 475 5750 posuit
503 5678 820 5740 Pastorem,
876 5687 1055 5741 quem
1115 5671 1242 5742 ipse
1303 5671 1681 5726 utilissimum
1712 5671 1779 5726 li-

136 5765 290 5823 brum
321 5763 756 5840 pronuntiavit,
783 5765 845 5816 et
873 5759 1155 5816 Barnabas
1177 5759 1774 5832 Epistolam,etJoan-

1893 4794 2058 4848 papa)
2079 4775 2148 4830 de
2164 4775 2332 4829 libris
2349 4774 2701 4845 recipiendis
2715 4781 2773 4830 et
2786 4793 2904 4831 non
2919 4780 3098 4850 recipi
3110 4781 3276 4835 endis
3288 4782 3530 4852 ,nlib.1u,

1893 4885 1939 4922 c.
1979 4870 2029 4923 3.
2063 4870 2176 4922 Iste
2238 4872 2434 4921 autem
2484 4865 2780 4936 catalogus
2813 4869 3112 4924 confectus
3157 4887 3284 4925 esse
3315 4871 3534 4926 dicitur

1893 4973 2047 5011 anno
2069 4959 2162 5010 831
2181 4955 2456 5016 .triennio
2487 4960 2798 5025 postquam
2833 4957 3196 5028 Nicephorus
3219 4959 3530 5014 defunctus

1891 5052 2002 5101 est.
2044 5049 2123 5101 Ne
2155 5051 2352 5100 autem
2399 5043 2649 5099 duorum
2710 5045 3178 5115 patriarcharum
3235 5065 3531 5106 consensu

1889 5137 2141 5190 nimium
2172 5135 2278 5188 viri
2312 5133 2637 5188 doctissimi
2661 5133 2986 5205 triumphet
3016 5139 3224 5207 oratio,
3250 5140 3530 5211 quemad-

1890 5225 2129 5279 modum
2161 5223 2264 5277 uni
2296 5223 2570 5292 superius
2599 5220 2816 5276 larvam
2841 5223 3226 5295 detraximus,
3260 5229 3340 5282 ita
3362 5235 3420 5283 et
3448 5229 3528 5284 al-

1887 5313 1996 5367 teri
2023 5312 2150 5383 jam
2183 5310 2583 5365 detrahamus.

1959 5411 2268 5464 Decretum
2285 5406 2523 5476 quidem
2551 5412 2708 5462 extat
2727 5409 2831 5463 «de
2847 5408 3008 5466 libris
3030 5413 3331 5468 canonicis
3351 5413 3534 5470 eccle-

1890 5498 2146 5553 eiasticis
2169 5501 2227 5551 et
2247 5495 2621 5566 apocryphis,
2648 5518 2676 5545 »
2708 5500 2865 5567 quod
2897 5517 3110 5573 magna
3139 5502 3396 5557 virorum
3430 5505 3536 5560 hu-

1883 5585 1983 5652 jus
2015 5585 2118 5640 mvi
2140 5584 2450 5638 doctorum
2481 5583 2923 5652 conspiratione
2955 5589 3184 5644 Gelasio
3215 5591 3532 5660 [pontiﬁci

1888 5672 2150 5726 Romano
2183 5669 2484 5724 tribuitur.
2509 5667 2623 5722 Sed
2651 5671 3036 5728 mss.codices
3069 5675 3388 5730 multorum
3424 5695 3530 5732 sas-

1889 5759 2157 5816 culorum
2191 5758 2248 5812 in
2280 5754 2636 5826 assignando
2664 5764 2901 5813 auctore
2933 5761 3254 5830 plurimum
3279 5766 3524 5823 variant.
