3972 6306
180 404 274 465 11⁵1
916 400 976 463 J.
1021 396 1442 463 PEABSONII
1485 395 1822 461 VINDICIA

1937 399 2385 463 GNATIANE.
2430 435 2508 448 --
2562 403 2764 466 PARS
2806 404 2856 464 Ι.

3472 398 3588 457 118

177 539 239 595 ab
250 535 476 594 Asteria
488 536 733 593 recensi
741 542 866 593 tum
877 540 1052 606 atque
1065 533 1406 590 Macedonio
1419 533 1614 591 adhuc
1627 551 1825 607 super—
1851 541 1908 605 A
1941 537 2108 593 cibus
2127 537 2478 610 simpliciter
2490 539 2737 612 legatur:
2760 539 2932 593 «Post
2947 533 3323 609 propheticas
3342 537 3397 588 et
3417 547 3589 588 evan-

176 632 281 686 stiti
301 633 502 687 denuo
522 630 825 688 oblatum.
850 635 908 685 et
938 632 1267 685 Romanum
1290 627 1435 682 illud
1459 644 1569 682 Lxx
1592 628 1825 698 episco-

172 738 365 792 porum
386 720 502 775 sub
516 720 758 776 Gelasio
774 719 1041 775 habitum
1054 718 1237 773 fuisse
1250 716 1569 772 concilium
1580 717 1700 787 ,qui
1720 733 1825 773 nu-

173 812 419 884 perrime
438 810 744 881 divulgato
769 808 933 880 operi
966 807 1320 879 praeclarum
1347 805 1642 861 dederunt
1662 806 1824 861 testi-

171 900 490 954 monium.»
516 900 587 952 Et
612 903 775 953 certe
798 897 883 952 ita
896 897 1209 967 putandum
1231 896 1462 961 esset,si
1495 900 1656 950 certo
1682 911 1823 950 con-

172 995 341 1045 staret
369 1006 406 1044 a
436 988 675 1045 Gelasio
708 994 770 1045 et
800 987 1023 1058 synodo
1060 987 1189 1058 ejus
1218 986 1333 1041 hoc
1361 985 1666 1041 decretum
1697 984 1825 1040 edi-

172 1084 283 1133 tum
314 1078 547 1145 fuisse;
578 1083 640 1133 at
696 1077 810 1132 hoc
865 1092 987 1131 non
1045 1075 1234 1146 magis
1277 1073 1611 1146 posteriori,
1645 1089 1823 1144 quam

170 1167 344 1239 priori
376 1167 629 1222 biennio
661 1165 979 1238 competit;
1011 1180 1151 1220 nam
1174 1178 1333 1226 ecce,
1365 1178 1522 1217 anno
1553 1162 1822 1233 proximo

172 1258 280 1312 sive
311 1257 497 1329 hujus
526 1255 759 1311 biennii
791 1255 1004 1325 primo,
1036 1253 1146 1309 sub
1176 1252 1409 1307 Viatore
1441 1252 1685 1308 consule
1707 1251 1823 1308 alia

164 1346 430 1418 synodus
462 1362 496 1402 a
529 1345 764 1399 Gelasio
798 1346 993 1401 Romae
1019 1344 1374 1414 congregata
1402 1346 1493 1397 est
1517 1340 1822 1412 episcopo-

172 1453 295 1491 rum
327 1451 453 1490 non
484 1451 593 1489 an
646 1432 914 1504 quidem,
956 1430 1059 1487 sed
1098 1448 1183 1487 Lv.
1218 1430 1404 1502 Hujus
1435 1429 1646 1501 synodi
1680 1432 1823 1485 Acta

176 1530 437 1590 exstant;
468 1540 582 1578 nec
604 1523 664 1577 in
688 1522 761 1576 iis
782 1521 971 1577 ullum
998 1521 1247 1592 hujusce
1268 1518 1489 1574 decreti
1512 1518 1822 1590 vestigium

177 1618 419 1685 apparet
489 1614 799 1667 Postremo
858 1609 1065 1666 Gelasii
1115 1624 1274 1664 anno
1323 1606 1585 1679 synodus
1630 1607 1818 1668 nulla.

1935 626 2152 698 gelicas
2191 634 2368 699 atque
2410 628 2763 701 apostolicas
2793 627 3144 697 Scripturas.
3186 623 3365 678 Verba
3407 623 3586 691 igitur

1932 715 2053 782 illa,
2080 717 2185 772 has
2206 733 2434 786 omnes,
2459 723 2530 779 et.
2555 733 2701 788 quas
2723 714 2997 787 superius
3022 712 3527 785 deprompsimus,
3558 734 3577 760 ι

1932 805 2128 875 palam
2152 807 2374 862 inserta
2393 811 2627 873 sunt,ut
2647 806 2893 861 ordinem
2917 820 3051 860 cum
3075 802 3311 858 decreto
3335 800 3583 873 conjun-

1932 900 2156 965 gerent.
2191 896 2355 960 Quod
2415 901 2474 951 et
2530 901 2736 968 postea
2791 911 2999 950 rursus
3028 893 3250 948 factum
3282 896 3407 947 est:
3440 905 3581 945 nam

1931 999 2039 1054 pro
2060 984 2202 1054 illis,
2230 1006 2259 1034 «
2281 984 2633 1057 regulariter
2653 979 3583 1055 suscepimus,substituit.regula-

1931 1074 2079 1128 riter
2131 1076 2402 1147 superius
2478 1075 2975 1130 enumeravimus.
3019 1093 3047 1122 »
3104 1074 3221 1127 Nec
3286 1071 3465 1143 igitur
3521 1068 3583 1125 in

1934 1162 2180 1233 synodo,
2212 1180 2324 1219 nec
2352 1180 2616 1234 unquam
2649 1162 2947 1219 Gelasium
2977 1176 3191 1234 papam
3237 1160 3348 1215 hoc
3375 1158 3578 1214 decre-

1932 1255 2055 1306 tum
2090 1251 2345 1308 edidisse
2376 1252 2692 1309 verisimile
2726 1256 2834 1307 est.

1999 1350 2147 1406 Nam
2170 1352 2361 1422 primo
2384 1356 2591 1408 auctor
2610 1349 2831 1407 decreti
2856 1349 3009 1405 male
3032 1348 3105 1404 de
3126 1347 3376 1404 Eusebio
3398 1344 3584 1402 sensit

1932 1438 2089 1494 unde
2128 1438 2269 1495 illa:
2321 1442 2565 1497 Historia
2618 1439 2835 1495 Eusebii
2888 1437 3172 1508 Pamphili
3222 1435 3579 1507 apocrypha;

1932 1528 2193 1583 ostendit
2222 1534 2419 1586 autem
2445 1534 2503 1585 et
2524 1530 2669 1602 ipse,
2690 1546 2872 1601 quare
2895 1526 3292 1600 apocrypham
3314 1526 3583 1581 nomina-

1929 1619 2030 1689 vit,
2064 1636 2277 1691 nempe
2322 1621 2462 1692 quia
2491 1622 2549 1675 in
2592 1623 2777 1692 primo
2824 1620 3165 1675 narrationis
3195 1632 3311 1673 sua:
3333 1617 3471 1671 libro
3504 1618 3581 1670 te-

175 1709 462 1775 quantum
492 1702 787 1768 novimus,
819 1705 1021 1755 coacta
1048 1704 1170 1761 est;
1202 1702 1269 1753 ut
1300 1712 1333 1753 a
1364 1696 1592 1768 synodo
1622 1696 1822 1767 aliqua

1937 1709 2071 1777 putt,
2105 1708 2165 1762 id
2195 1714 2283 1763 est
2312 1708 2469 1763 mala
2491 1708 2561 1764 de
2585 1714 2799 1765 natura
2819 1705 3035 1764 Christi
3057 1704 3293 1776 scripsit
3319 1720 3332 1758 :
3368 1720 3581 1759 nume-

176 1794 487 1848 Gelasiana
505 1791 734 1847 editum
757 1790 939 1845 fuisse
960 1789 1071 1843 hoc
1094 1788 1397 1843 decretum
1419 1786 1595 1857 plane
1626 1786 1823 1841 incre—

1928 1796 2081 1851 ravit
2109 1797 2307 1868 itaque
2342 1798 2661 1853 Eusebium
2689 1798 2845 1853 inter
2878 1796 3141 1851 Arianos.
3174 1795 3249 1848 At
3275 1809 3446 1848 verus
3469 1793 3581 1848 Ge-

174 1881 350 1937 dibile
382 1882 480 1936 sit.
515 1878 793 1935 Nicolaus
839 1877 1080 1949 quidem
1129 1875 1201 1931 de
1249 1875 1402 1930 Cusa
1434 1875 1500 1929 De
1530 1875 1821 1930 concordia

1955 1885 2115 1941 asius
2136 1886 2310 1941 aliter
2329 1886 2401 1941 de
2423 1886 2675 1941 Eusebio
2698 1885 2884 1941 sensit
2906 1901 2919 1950 ;
2944 1885 3142 1955 ipsum
3165 1882 3226 1936 in
3249 1879 3579 1936 Catholica-

175 1968 466 2033 cathotica,
498 1966 604 2021 lib.
636 1983 695 2033 ιι,
750 1982 800 2021 c.
834 1966 923 2031 11,
955 1966 1079 2020 haec
1136 1980 1209 2019 ex
1246 1962 1493 2020 concilio
1523 1962 1822 2032 Toletano,

174 2064 443 2130 tempore
476 2057 790 2129 Sysevandi
822 2056 979 2129 regis
1009 2055 1327 2122 celebrato,
1361 2070 1491 2126 cap.
1529 2056 1615 2118 17,
1649 2054 1822 2109 citat:

178 2147 595 2219 utpocalypsis
608 2146 824 2201 librum
839 2146 1163 2201 multorum
1176 2146 1562 2201 conciliorum
1577 2144 1826 2201 auctori-

174 2241 349 2305 tas,et
377 2234 667 2307 synodica
692 2236 789 2290 SS.
813 2236 1211 2290 Romanorum
1237 2234 1559 2307 prmsulum
1590 2234 1827 2291 decreta

170 2325 414 2382 Joannis
447 2324 821 2398 evangelista;
853 2340 983 2379 esse
1019 2323 1383 2392 describunt,
1415 2330 1475 2379 et
1500 2324 1659 2380 inter
1687 2323 1829 2378 divi-

173 2432 281 2471 nos
292 2416 483 2471 libros
495 2414 979 2471 constituendum
993 2415 1430 2482 decreverunt,»
1449 2413 1653 2469 etinde
1664 2414 1826 2469 colli-

176 2506 276 2578 git,
298 2504 794 2577 approbationem
812 2502 1119 2573 librorum,
1150 2519 1281 2574 quas
1304 2503 1534 2559 Gelasio
1558 2520 1726 2576 papas
1739 2520 1828 2559 as-

177 2594 454 2662 cribitur,
486 2593 669 2649 fuisse
701 2591 1069 2664 synodicam.
1088 2592 1200 2648 Sed
1230 2593 1343 2647 hoc
1368 2592 1416 2647 si
1443 2593 1683 2648 aliunde
1704 2610 1826 2649 non

176 2688 427 2748 constet,
474 2687 633 2737 certe
680 2682 817 2736 hinc
863 2688 1134 2737 constare
1180 2698 1301 2737 non
1353 2687 1565 2753 potest.
1610 2682 1824 2739 Gelasii

176 2773 339 2827 enim
370 2787 495 2826 non
517 2771 813 2835 meminit.
838 2777 898 2826 et
914 2770 1014 2827 alii
1035 2770 1347 2843 pontiﬁces
1373 2771 1623 2828 Romani
1655 2788 1828 2827 cano-

174 2879 313 2917 nem
338 2860 796 2932 ediderant,quo
816 2861 969 2916 liber
985 2860 1419 2933 Apocalypseos
1437 2861 1823 2932 reciperetur:

176 2957 231 3007 et
250 2951 565 3005 decretum
588 2951 699 3005 hoc
723 2950 884 3005 illius
913 2951 1151 3005 eoncilii
1182 2956 1452 3022 tempore
1472 2955 1704 3007 exstare
1727 2970 1827 3025 po-

180 3040 309 3108 tuit,
345 3039 435 3094 vel
467 3039 574 3095 sub
606 3038 821 3096 Gelasii
853 3039 939 3094 vel
973 3039 1081 3095 sub
1121 3040 1368 3096 alterius
1398 3041 1695 3112 pontificis
1725 3060 1827 3099 no-

172 3131 506 3196 mine,nam
536 3128 858 3184 concilium
887 3128 1035 3185 illud
1065 3118 1427 3186 celebratum
1448 3136 1536 3187 est
1555 3131 1827 3203 pluribus

177 3235 354 3289 quam
390 3220 493 3272 144)
515 3218 688 3273 annis
709 3224 841 3290 post
878 3223 1131 3274 mortem
1154 3218 1390 3288 Gelasii,
1418 3237 1500 3277 sc.
1534 3236 1587 3276 a.
1622 3221 1686 3276 D.
1720 3223 1821 3278 633

1933 1991 2065 2029 rum
2097 1977 2337 2031 Patrum
2370 1992 2619 2031 numero
2650 1974 2885 2047 posuit;
2935 1972 3097 2027 illius
3136 1969 3479 2027 testimonia
3507 1968 3580 2023 ad

1936 2063 2403 2119 conﬁrmandam
2436 2063 2710 2119 Ecclesiae
2741 2063 2812 2119 de
2853 2061 3082 2118 duabus
3112 2059 3340 2115 naturis
3367 2056 3584 2112 Christi

1935 2151 2264 2208 doctrinam
2296 2153 2784 2208 adhibet.Auctor
2812 2151 2990 2224 igitur
3018 2148 3238 2205 decreti
3268 2164 3439 2202 verus
3471 2145 3580 2202 Ge-

1934 2240 2119 2297 lasius
2149 2258 2278 2297 esse
2309 2259 2431 2298 non
2461 2242 2709 2297 videtur.
2738 2243 2938 2313 Neque
2967 2239 3072 2294 illa
3101 2236 3351 2293 Chiﬂetii
3383 2236 3582 2291 conci-

1935 2330 2101 2386 liatio
2132 2331 2501 2387 admittenda
2551 2335 2660 2400 est,
2708 2328 2866 2402 quod
2925 2330 3181 2384 Historia:
3211 2326 3581 2382 ecclesiasticae

1937 2419 2104 2476 libros
2134 2426 2362 2476 tantum
2395 2421 2553 2477 dicat
2598 2421 2659 2476 in
2706 2420 2943 2475 decreto
2989 2433 3102 2472 non
3131 2433 3239 2472 esse
3267 2430 3582 2485 usquequa-

1935 2526 2040 2580 que
2053 2511 2389 2574 renuendos;
2401 2510 2526 2582 ipse
2542 2510 2700 2565 enim
2714 2509 2934 2581 pariter
2946 2524 3008 2562 se
3023 2505 3327 2577 explicat,-
3339 2508 3583 2576 propter

1933 2615 2132 2654 rerum
2152 2604 2351 2654 tamen
2368 2598 2755 2671 Singularium
2774 2597 3245 2666 scientiam,quaa
3269 2592 3343 2649 ad
3365 2592 3583 2647 instru-

1933 2688 2191 2743 ctionem
2240 2689 2562 2759 pertinent,
2592 2712 2612 2741 υ
2652 2686 2898 2753 scilicet,
2932 2682 3267 2739 renuendos
3296 2698 3417 2736 non
3449 2696 3578 2736 esse

1934 2792 2360 2848 usquequaque
2384 2793 2400 2848 ;
2423 2775 2495 2832 ad
2523 2774 3041 2830 conﬁrmationem
3068 2776 3265 2826 autem
3297 2769 3579 2824 doctrinas

1936 2866 2592 2938 catholicas,prmsertim
2619 2866 2690 2921 de
2721 2872 2932 2920 natura
2957 2863 3193 2927 Christi,
3213 2876 3347 2915 cum
3374 2863 3431 2913 et
3452 2858 3579 2929 ipse

1936 2956 2219 3011 erraverit
2240 2957 2300 3011 in
2326 2956 2435 3011 hac
2462 2957 2588 3027 ipsa
2608 2972 2693 3024 re,
2718 2959 2776 3010 et
2795 2953 3095 3025 origenem
3123 2954 3427 3019 tantOpere
3452 2946 3582 3001 lau—

1937 3044 2183 3110 daverit,
2216 3045 2615 3102 adhibendam
2642 3061 2769 3101 esse
2801 3043 3212 3100 auctoritatem
3242 3035 3479 3093 Eusebii
3513 3051 3584 3091 ex

1937 3150 2291 3207 quocunque
2342 3134 2492 3191 libro
2549 3134 2962 3207 depromptam
3020 3144 3329 3202 nunquam
3360 3123 3585 3199 putavit

1936 3229 2142 3279 auctor
2170 3224 2413 3280 decreti.

175 3283 293 3362 non
336 3309 465 3373 582,
496 3311 564 3363 ut
608 3283 790 3363 voluit
835 3308 1235 3364 Cusanus.lllo
1275 3283 1475 3365 autem
1505 3326 1624 3365 aevo
1652 3326 1822 3368 cano-

2003 3322 2299 3379 Praeterea
2319 3324 2380 3378 in
2400 3323 2511 3378 hoc
2532 3321 2769 3378 decreto
2789 3321 2946 3377 hanc
2966 3332 3283 3375 censuram
3304 3313 3578 3387 legimus,

172 3414 307 3453 nem
340 3397 779 3468 Scripturarum
802 3399 909 3454 sub
936 3400 1179 3456 nomine
1203 3401 1417 3457 Gelasii
1448 3419 1615 3475 papa
1647 3402 1822 3459 exsti-

177 3488 315 3542 tisse
349 3503 473 3541 non
532 3492 622 3541 est
673 3488 1017 3546 verisimile.
1050 3490 1317 3547 Nicolaus
1360 3493 1520 3549 enim
1553 3510 1724 3565 papa,
1757 3493 1820 3548 in

177 3576 433 3648 epistola
461 3575 534 3631 ad
563 3577 1043 3651 archiepiscopos
1063 3584 1121 3634 et
1152 3581 1461 3654 episcopos
1482 3599 1588 3654 per
1607 3583 1822 3639 Gallias

179 3668 559 3735 constitutos,
589 3669 836 3725 canonis
864 3670 1197 3726 Innocentii
1239 3677 1471 3728 tantum
1528 3675 1823 3741 meminit,

175 3773 293 3812 non
321 3762 521 3812 autem
553 3757 784 3825 Gelasii,
818 3761 1086 3830 quamvis
1114 3762 1177 3816 in
1203 3762 1411 3818 eadem
1443 3763 1691 3834 epistola
1720 3763 1824 3819 de—

181 3848 323 3903 creti
357 3847 656 3904 Gelasiani
688 3850 1049 3905 meminerit.
1082 3852 1189 3907 Sed
1214 3855 1530 3923 responsuri
1557 3860 1685 3909 sunt
1716 3856 1825 3919 isti,

179 3936 430 4008 inquit,-
454 3938 556 4007 qui
577 3954 697 3993 non
715 3938 787 3993 ad
810 3939 1205 3996 obediendum
1229 3943 1423 4014 potius
1446 3959 1621 4014 quam
1647 3943 1721 3999 ad
1743 3960 1830 3999 re-

179 4026 512 4081 sistendum
530 4032 665 4082 sunt
696 4030 906 4099 parati,
933 4030 1183 4097 aientes,
1217 4031 1374 4102 quod
1398 4032 1553 4087 inter
1573 4049 1829 4088 canones

176 4115 517 4170 inveniatur
536 4116 859 4188 capitulum
883 4118 938 4174 S.
964 4136 1129 4191 papm
1151 4121 1482 4175 Innocentii
1504 4139 1518 4189 ;
1543 4122 1711 4193 cujus
1734 4139 1831 4178 au-

175 4206 451 4259 ctoritate
482 4204 765 4261 doceatur
794 4223 827 4263 a
857 4207 1019 4263 vobis
1049 4215 1367 4281 utrumque
1388 4212 1829 4267 Testamentum

176 4311 302 4350 esse
326 4296 1113 4371 recipiendum,quanquam
1129 4302 1189 4356 in
1206 4301 1351 4374 ipsis
1372 4304 1638 4375 paternis
1659 4320 1831 4359 cano-

173 4385 349 4441 nibus
369 4384 610 4441 nullum
628 4403 833 4442 eorum
853 4405 922 4443 ex
943 4395 1063 4445 toto
1088 4390 1464 4447 contineatur
1482 4394 1828 4449 insertum.»

174 4473 398 4538 Quibus
427 4474 626 4529 verbis
654 4477 740 4531 uti
772 4482 936 4548 patet
978 4480 1190 4535 canoni
1222 4481 1457 4537 concilii
1490 4482 1826 4553 Laodiceni,

174 4571 233 4617 ut
263 4564 427 4635 apud
464 4564 701 4621 Latinos
721 4564 1260 4635 habebatur,libros
1281 4570 1336 4626 S.
1359 4571 1675 4642 Scripturaa
1707 4589 1827 4627 non

174 4651 354 4707 fuisse
385 4652 757 4721 additos,aut
786 4656 1177 4730 Apocalypsin
1223 4659 1379 4714 inter
1418 4676 1516 4715 eos
1548 4677 1829 4717 numera-

174 4744 290 4793 tam
324 4757 449 4795 non
483 4740 666 4797 fuisse
694 4759 707 4796 :
739 4743 820 4799 ita
851 4744 1028 4801 etiam
1077 4746 1316 4802 eosdem
1349 4748 1411 4802 in
1447 4747 1684 4804 decreto
1714 4749 1827 4803 hoc

175 4828 382 4884 Gelasii
402 4845 528 4885 non
551 4830 734 4888 fuisse
748 4840 1088 4890 numeratos
1111 4842 1381 4891 constare
1400 4836 1826 4893 videtur.Certe

171 4917 261 4972 Ivo
285 4920 679 4975 Carnotensis
700 4921 759 4977 in
778 4922 1012 4978 decreto
1037 4924 1307 4980 ordinem
1324 4924 1829 4982 librorumS.Scri-

172 5012 382 5076 pturze,
418 5009 555 5064 sine
586 5010 828 5065 nomine
860 5011 1098 5079 Gelasii,
1132 5014 1347 5081 posuit,
1379 5020 1546 5085 parte
1577 5021 1825 5086 quarta;

172 5099 364 5167 capite
414 5101 507 5167 61,
556 5098 811 5171 aliisque
855 5103 1242 5174 interpositis,
1292 5120 1419 5175 cap.
1466 5107 1553 5172 63,
1588 5104 1825 5161 demum

169 5185 384 5241 Gelasii
417 5186 727 5244 decretum
782 5192 990 5246 recitat
1032 5207 1159 5263 cap.
1193 5193 1281 5260 64,
1316 5199 1375 5247 et
1403 5193 1585 5249 codex
1616 5195 1823 5251 Iuren-

173 5273 269 5339 sis,
305 5292 487 5345 quem
518 5276 710 5331 edidit
738 5277 1066 5347 Chiﬂetius,
1097 5280 1161 5335 in
1192 5281 1516 5337 Hormisdm
1545 5282 1827 5340 decretal-

171 5364 441 5419 ordinem
472 5365 770 5423 librorum
800 5368 1182 5441 S.Scripturm
1213 5371 1515 5441 praemittit
1545 5389 1558 5439 ;
1590 5373 1693 5428 sed
1725 5374 1824 5427 de-

173 5455 314 5508 creti
346 5454 530 5510 verba
557 5455 858 5526 immutat,
888 5464 956 5514 ut
985 5459 1057 5514 ad
1089 5458 1359 5516 ordinem
1407 5462 1705 5533 respiciat.
1740 5464 1825 5518 Ita

174 5543 332 5598 enim
362 5562 436 5600 ex
465 5545 567 5601 illo
594 5545 801 5602 codice
824 5546 1103 5619 legimus:
1127 5552 1259 5604 Post
1284 5550 1390 5605 has
1412 5566 1621 5607 omnes
1643 5574 1668 5600 α
1693 5569 1825 5622 pro-

170 5630 437 5701 pheticas
447 5641 509 5691 et
519 5635 893 5708 evangelicas
906 5641 1083 5708 atque
1096 5637 1446 5709 apostolicus
1460 5655 1641 5712 nquas
1652 5656 1824 5711 supe-

170 5720 293 5779 rius
326 5724 831 5799 deprompsimus,
864 5728 1198 5798 Scripturas.
1231 5728 1376 5784 Cum
1406 5728 1468 5785 in
1498 5727 1630 5787 aliis
1659 5729 1821 5786 codi-

1930 3432 1960 3461 «
1983 3411 2155 3466 Liber
2170 3413 2269 3482 qui
2290 3411 2619 3484 appellatur
2632 3415 2899 3466 Canones
2916 3407 3321 3480 apostolorum
3341 3419 3581 3474 apocry-

1931 3499 2327 3571 phus,»quam
2349 3500 2580 3557 Gelasio
2599 3516 2763 3572 papae
2781 3496 3161 3554 tribuendam
3179 3494 3426 3549 minime
3444 3507 3574 3548 esse

1931 3587 2123 3644 multa
2142 3588 2562 3644 suadent.Nam
2592 3587 2909 3658 Dionysius
2938 3586 3215 3657 Exiguus,
3248 3582 3351 3653 qui
3383 3585 3574 3636 tanto-

1932 3694 2075 3750 pere
2100 3678 2394 3734 Gelasium
2418 3678 2743 3733 admiratus
2768 3681 2876 3744 est,
2898 3680 3033 3747 post
3056 3680 3169 3729 tam
3194 3687 3428 3745 gravem
3453 3670 3585 3741 ejus

1936 3782 2270 3833 censuram,
2305 3782 2612 3837 nunquam
2643 3766 2910 3820 Canones
2967 3759 3585 3834 apostolorum-inter-

1935 3856 2179 3927 pretari,
2214 3861 2273 3909 et
2301 3854 2545 3925 reliquis
2572 3852 2901 3909 canonibus
2930 3850 3236 3923 praefigere
3266 3847 3548 3903 voluisset
3574 3863 3587 3901 :

1936 3961 2243 4015 nunquam
2275 3945 2335 3999 in
2366 3943 2711 4016 praefatione
2743 3940 2942 4013 operis
2969 3939 3081 4003 sui,
3110 3937 3205 3992 his
3224 3936 3418 3992 verbis
3448 3951 3592 3990 usus

1936 4033 2181 4089 fuisset:
2217 4056 2244 4085 ‹‹
2273 4035 2340 4089 In
2371 4032 2663 4106 principio
2691 4033 2890 4102 itaque
2920 4029 3213 4090 Canones,
3249 4024 3349 4095 qui
3382 4023 3590 4078 dicun-

1937 4129 2037 4179 tur
2047 4122 2549 4196 apostolorum,de
2563 4122 2758 4177 Graeco
2774 4112 3435 4184 transtulimus;quibus
3451 4112 3591 4182 quia

1938 4212 2180 4285 plurimi
2194 4228 2550 4268 consensum
2563 4207 2993 4282 nonpraabuere
3006 4203 3239 4262 facilem
3250 4203 3380 4272 ,hoc
3392 4198 3587 4272 ipsum

1939 4308 2194 4358 vestram
2234 4300 2538 4357 noluimus
2569 4300 2841 4373 ignorare
2872 4295 3285 4358 sanctitatem;
3319 4288 3585 4363 quamvis

1937 4397 2145 4463 postea
2164 4390 2436 4462 quasdam
2459 4389 2779 4446 constituta
2796 4385 3142 4459 pontiﬁcum
3167 4398 3236 4437 ex
3255 4379 3399 4452 ipsis
3418 4394 3591 4434 cano-

1941 4482 2117 4537 nibus
2138 4485 2442 4551 assumpta
2462 4495 2589 4534 esse
2612 4477 2939 4532 videantur.
2974 4494 3002 4523 »
3031 4477 3120 4527 An
3151 4476 3269 4526 tam
3302 4468 3421 4523 leni
3454 4484 3591 4523 cen-

1941 4587 2079 4627 sura
2099 4570 2223 4642 ipse
2247 4567 2793 4641 perstrinxisset,an
2817 4560 3228 4620 tantummodo
3250 4581 3277 4611 ‹‹
3300 4557 3586 4631 plurimos

1937 4676 2291 4716 consensum
2313 4674 2432 4713 non
2454 4656 2777 4730 praebuisse
2807 4654 3066 4716 facilem,
3090 4673 3116 4701 ››
3151 4649 3212 4705 id
3244 4652 3351 4715 est,
3384 4645 3585 4715 aliquo

1935 4748 2111 4804 modo
2144 4747 2215 4803 de
2246 4763 2451 4802 eorum
2499 4744 2849 4801 auctoritate
2901 4740 3201 4796 dubitasse
3234 4736 3503 4798 dixisset,
3537 4732 3585 4787 si

1934 4844 2073 4894 ante
2103 4854 2323 4909 paucos
2353 4851 2541 4892 annos
2572 4833 2912 4905 pontiﬁcem
2972 4832 3301 4885 Romanum
3351 4824 3412 4878 in
3440 4838 3551 4877 con
3572 4853 3585 4865 -

1933 4928 2069 4984 cilio
2085 4944 2183 4982 eas
2198 4941 2542 4981 numerasse
2556 4925 2711 4977 inter
2724 4922 2824 4976 illa
2839 4919 3214 4989 scriptaquas
3230 4938 3255 4963 «
3274 4910 3581 4968 catholicis

1930 5016 2169 5072 vitanda
2191 5022 2350 5083 sunt,
2375 5020 2433 5069 et
2452 5031 2581 5085 quae
2607 5011 2951 5068 nullatenus
2981 5004 3193 5077 recipit
3213 4999 3504 5058 catholica
3525 5003 3579 5054 et

1933 5106 2257 5178 apostolica
2282 5108 2547 5160 Romana
2573 5100 2836 5158 Ecclesia
2858 5120 2885 5148 »
2918 5094 3222 5151 novisset?
3250 5095 3337 5149 An
3367 5091 3440 5145 de
3470 5089 3581 5145 hac

1931 5195 2299 5251 dubitatione
2356 5193 2721 5265 Stephanum
2776 5186 3184 5244 Salonitanum
3236 5181 3579 5254 episcopum

1931 5286 2296 5342 monendum
2354 5282 2641 5342 duxisset,
2675 5296 2761 5345 ne,
2814 5274 3059 5340 scilicet,
3090 5273 3187 5326 hoc
3210 5273 3387 5340 ipsum
3421 5269 3581 5336 igno-

1928 5382 2101 5438 raret,
2138 5375 2237 5445 qui
2271 5372 2414 5444 quid
2443 5388 2477 5427 a
2507 5369 2734 5425 Celasio
2758 5367 2818 5421 in
2841 5361 3093 5420 concilio
3121 5354 3577 5445 decretumiuit,

1931 5441 2203 5534 ignorare
2228 5441 2348 5517 non
2368 5459 2562 5532 potuit
2580 5458 2700 5513 ?An
2722 5453 2979 5524 denique
2994 5471 3021 5500 ‹‹
3036 5452 3239 5521 postea
3257 5441 3579 5499 constituta

1928 5551 2133 5621 pontiﬂ
2144 5567 2276 5605 cum
2290 5566 2361 5605 ex
2374 5547 2493 5603 illis
2508 5545 2835 5601 canonibus
2848 5534 3371 5611 assumptanfuisse
3382 5536 3580 5586 notas-

1931 5645 2039 5708 set,
2081 5640 2129 5693 si
2180 5656 2280 5694 eos
2309 5641 2428 5693 tam
2456 5633 2679 5691 recenti
2700 5630 3001 5704 pontificis
3032 5624 3351 5683 constituto
3379 5625 3571 5676 trans-

1928 5729 2078 5785 tixos
2100 5732 2277 5800 atque
2290 5725 2592 5801 jugulatos
2613 5719 3028 5794 cognovisset?
3058 5718 3225 5771 Certe
3257 5708 3571 5783 Dionysius
