3972 6306
390 340 506 400 119

1453 356 1518 416 s.
1564 355 1960 424 IGNATIUS.
2006 397 2086 408 --
2126 367 2750 454 PRULEGOMENA.

3686 383 3810 444 120

390 472 786 530 translatione
819 493 927 533 sua
961 478 1196 537 efﬁcere
1229 501 1536 558 nunquam
1568 493 1878 562 potuisset,
1904 497 2049 552 uthi
2073 507 2121 571 B
2149 475 2345 559 Petro.
2379 507 2646 578 Gelasius,
2678 512 2914 582 epistola
2943 515 3024 570 ad
3049 514 3334 587 episcopos
3368 534 3469 589 per
3495 519 3809 575 Lucaniam

392 576 648 589 “MM”
711 563 780 589 ,λ
841 567 1094 589 πηιμε,
1136 573 1174 589 ,η
1536 579 1546 588 .
1753 588 1756 589 ν
1921 585 1931 589 -
2007 587 2016 589 -

391 576 650 618 canones
709 563 782 620 ab
839 567 1106 624 Ecclesia
1133 573 1400 631 Romana
1429 579 1858 650 reciperentur,
1885 585 1934 639 si
1965 587 2038 640 ab

387 648 518 720 ipso
537 651 766 706 Gelasio
788 653 1048 711 fuissent
1065 663 1408 731 nuperrime
1432 682 1496 720 re
1495 648 1660 738 jecti.
1679 672 1755 724 At
1771 681 2039 745 receptos

388 738 589 792 statim
614 739 799 795 fuisse
834 745 1093 800 ostendit
1117 751 1498 809 Cassiodorus
1529 757 1710 813 Dicin.
1743 738 2035 834 lect.,cap.

386 828 478 893 23,
502 829 604 898 qui
629 828 698 884 de
722 831 1000 904 Dionysio
1023 842 1081 892 et
1101 838 1453 897 collectione
1475 845 1604 916 ejus
1627 847 1708 903 ita
1729 828 1996 920 loquitur
2019 869 2032 906 :

384 936 412 964 ‹‹
431 916 659 972 Petitus
676 935 711 972 a
731 919 1030 990 Stephano
1055 927 1332 999 episcOpo
1358 931 1698 991 Salonitano
1730 916 2038 996 exGraacis

385 1005 824 1076 exemplaribus
855 1026 1117 1068 canones
1136 1017 1570 1077 ecclesiasticos
1594 1025 1858 1082 moribus
1891 1029 2036 1096 suis,

379 1098 447 1146 ut
474 1101 602 1148 erat
631 1095 844 1166 planus
875 1105 934 1152 et
975 1101 1252 1174 disertus,
1284 1123 1499 1181 magna
1527 1111 1876 1184 eloquentiae
1906 1095 2037 1174 luce

379 1183 889 1254 composuit,quos
907 1189 1085 1245 hodie
1105 1209 1216 1248 usu
1237 1195 1630 1256 celeberrimo
1649 1205 1912 1261 Ecclesia
1933 1209 2038 1262 Βο-

377 1286 557 1325 mana
569 1274 1036 1344 complectitur.»
1054 1282 1206 1337 Veru
1218 1301 1272 1338 m
1286 1291 1485 1342 autem
1499 1305 1627 1345 esse
1643 1293 1802 1362 quod
1816 1295 2039 1351 Cassio-

377 1357 558 1414 dorus
585 1364 862 1432 asseruit,
893 1373 1056 1435 patet
1087 1387 1159 1424 ex
1192 1373 1441 1443 epistola
1459 1357 1701 1435 Joannis
1721 1383 1770 1436 ΙΙ
1795 1385 2036 1454 pontiﬁ-

379 1447 464 1502 cis
497 1451 745 1505 Romani
777 1454 952 1523 paulo
987 1465 1123 1512 ante
1174 1461 1250 1514 ad
1279 1465 1598 1522 (Iassarium
1628 1470 2038 1528 Arelatensem

381 1535 606 1605 data,in
631 1557 748 1610 qua
769 1542 1278 1604 Contumeliosum
1309 1554 1634 1626 Regensem
1666 1560 2036 1633 episcopum,

381 1628 733 1684 auctoritate
757 1648 1052 1689 canonum
1077 1654 1149 1691 ex
1173 1638 1526 1700 collectione
1548 1646 1810 1719 Dionysii
1833 1651 2036 1724 Exigui

379 1722 815 1788 excerptorum,
850 1721 922 1776 ab
954 1725 1297 1798 episcopatu
1324 1735 1654 1803 suspendit,
1689 1743 1749 1792 et
1777 1721 2037 1796 canones

374 1805 732 1873 apostolicos
759 1809 833 1862 ad
866 1827 1000 1865 eam
1032 1830 1157 1868 rem
1189 1816 1407 1875 diserte
1438 1821 1822 1883 adhibet.«Ex
1851 1831 2035 1886 Cano-

372 1890 546 1946 nibus
569 1895 976 1964 apostolorum
993 1903 1252 1973 capitulo
1265 1923 1402 1962 xxv:
1424 1911 1767 1985 Episcopus,
1791 1918 2032 1991 presby-

371 1983 482 2045 ter,
514 1986 616 2034 aut
644 1981 934 2040 diaconus
965 1989 1066 2057 qui
1097 1991 1159 2044 in
1197 1981 1590 2054 fornicatione
1633 2009 1736 2056 aut
1769 2005 2030 2076 perjurio

367 2074 572 2139 captus
596 2076 703 2140 est,
736 2072 1084 2145 deponatur,
1107 2097 1227 2136 non
1251 2088 1452 2140 tamen
1470 2093 1892 2150 communione
1915 2097 2030 2167 pri-

366 2164 532 2212 vetur
555 2176 568 2225 ;
602 2159 748 2216 dicit
767 2165 928 2220 enim
955 2166 1258 2239 Scriptura
1281 2190 1294 2228 :
1329 2175 1457 2231 Non
1481 2178 1804 2236 vindicabit
1835 2159 2033 2239 Do-mi-

367 2261 480 2299 nus
511 2246 604 2302 bis
635 2249 792 2328 inid
822 2252 1038 2324 ipsum.
1073 2259 1156 2312 Ex
1188 2265 1520 2320 canonibus
1579 2286 1759 2340 supra
1792 2273 2028 2345 scriptis

367 2335 627 2404 capitulo
649 2355 806 2404 xxix,
825 2343 986 2411 quod
1007 2345 1269 2403 ofﬁcium
1289 2351 1610 2421 pristinum
1632 2335 1896 2416 damnati
1911 2335 2026 2434 pro

367 2423 719 2482 criminibus
735 2444 1020 2501 usurpare
1038 2451 1159 2490 non
1175 2437 1432 2496 debeant
1445 2443 1524 2498 :Si
1543 2446 1677 2516 quis
1691 2449 2023 2522 episcopus,

366 2511 806 2584 presbyter,aut
826 2517 1447 2598 diaconus,depositus
1461 2511 1624 2604 jus-te
1647 2511 1828 2609 super
1847 2511 2025 2595 certis

367 2601 928 2670 criminibus,ausus
949 2610 1130 2666 fuerit
1150 2622 1467 2675 attrectare
1488 2623 1890 2682 ministerium
1913 2629 2026 2684 du-

366 2688 510 2744 dum
541 2691 651 2746 sibi
683 2698 1092 2765 commissum,
1126 2703 1221 2759 hic
1251 2707 1324 2762 ab
1353 2711 1646 2768 Ecclesias
1669 2717 1903 2786 penitus
1925 2719 2024 2774 ab-
2109 2723 2120 2729 ’

366 2777 692 2836 scindatur.
717 2805 747 2834 ››
774 2785 1031 2844 Fuerunt
1053 2790 1234 2864 igitur
1253 2801 1516 2871 tempore
1539 2777 1782 2860 Joannis
1804 2808 1852 2861 II
1874 2825 2021 2878 pon-

359 2868 536 2924 tiﬁcis
559 2878 616 2926 et
659 2873 1014 2948 Cassiodori,
1039 2898 1296 2940 canones
1327 2892 1632 2960 apostolici
1665 2893 1726 2948 in
1756 2897 2022 2953 Romana

361 2958 625 3016 Ecclesia
669 2968 1087 3037 receptissimi,
1145 2975 1306 3042 quod
1359 2958 1488 3032 ﬁeri
1547 2982 1812 3052 potuisse
1841 3002 2016 3041 nemo

361 3049 666 3120 concedet,
701 3053 752 3107 si
781 3054 873 3109 vel
913 3073 948 3111 a
992 3059 1247 3128 Gelasio,
1281 3065 1371 3118 vel
1423 3049 1739 3126 Horinisda
1765 3073 2020 3130 fuissent

355 3141 479 3192 tam
509 3139 744 3210 publice
775 3146 1000 3215 rejecti.

433 3227 626 3283 Mirari
658 3213 997 3288 enimsatis
1027 3252 1149 3292 non
1197 3257 1462 3314 possum,
1495 3263 1612 3317 qua
1635 3251 1868 3307 ratione
1898 3252 2012 3310 du-
2044 3213 2086 3280 ϐ

360 3319 491 3400 ctus
510 3317 765 3374 Dallaeus
790 3321 1051 3392 seipsum
1073 3325 1355 3400 Dionysio
1379 3331 1599 3392 directe
1622 3343 1681 3393 et
1701 3356 1773 3395 ex
1795 3342 2014 3398 diame-

363 3399 453 3458 tro
473 3414 818 3477 opponeret.
843 3409 948 3465 Ille
978 3412 1040 3466 in
1062 3399 1327 3474 Ecclesia
1350 3421 1548 3480 Graeca
1571 3429 1884 3500 enutritus,
1911 3431 2012 3486 ubi

365 3494 620 3550 maxime
639 3496 914 3553 valebant
929 3500 1196 3560 Canones
1215 3511 1613 3579 apostolici,in
1632 3517 1894 3575 Romana
1910 3519 2013 3575 diu

371 3589 658 3654 versatus,
677 3585 778 3640 ubi
805 3592 928 3643 tum
958 3607 1079 3646 non
1101 3603 1272 3650 erant
1289 3598 1436 3655 adeo
1457 3605 1699 3675 recepti,
1723 3606 1786 3662 in
1806 3607 2016 3664 decre-

368 3669 444 3724 tis
466 3673 814 3743 pontiﬁcum
836 3677 1174 3737 evolvendis
1199 3687 1452 3744 multum
1475 3669 1792 3759 desudans.
1808 3697 2013 3753 obser-

367 3760 614 3830 vavit,ex
633 3765 958 3821 canonibus
979 3767 1100 3824 illis
1121 3773 1320 3844 aliqua
1343 3781 1693 3848 pontiﬁcum
1725 3788 2010 3843 constitu-

370 3853 448 3919 ta,
481 3851 881 3909 Romanorum
913 3857 1160 3930 scilicet,
1189 3875 1494 3938 assumpta
1522 3870 1724 3928 fuisse.
1758 3876 2012 3934 Dallaeus

368 3945 609 3996 econtra
633 3963 662 3992 «
687 3943 769 3997 De
793 3946 1328 4023 pseudepigraphis
1354 3963 1564 4027 apost.,
1585 3960 1681 4016 lib.
1706 3979 1787 4032 III,
1813 3982 1935 4036 cap.
1957 3969 2008 4020 3:

367 4029 482 4101 Ego
500 4046 632 4086 vero
650 4036 979 4104 putaverim
996 4053 1118 4092 non
1136 4055 1206 4094 ex
1223 4058 1518 4101 canonum
1536 4050 1883 4108 collectione
1907 4072 2016 4110 sua

365 4117 602 4177 decreta
617 4123 1057 4192 pontiﬁces,sed
1067 4143 1139 4183 ex
1157 4133 1506 4200 pontiﬁcum
1523 4140 1860 4197 constitutis
1876 4160 2015 4200 suos

367 4223 629 4264 canones
649 4213 1045 4283 assumpsisse
1067 4217 1326 4287 primum
1348 4237 1556 4279 eorum
1579 4228 2010 4286 collectorem.»

369 4297 651 4368 Respexit
679 4299 806 4352 sine
837 4301 1016 4356 dubio
1048 4304 1361 4378 Dionysius
1409 4313 1762 4385 Innocentii,
1805 4320 2015 4378 Leonis

370 4390 429 4440 et
453 4384 666 4441 Gelasii
699 4388 995 4460 epistolas,
1022 4393 1240 4462 quibus
1265 4401 1556 4458 nonnulla
1577 4420 1649 4459 ex
1681 4409 1750 4460 50
1775 4411 2016 4466 canoni-

366 4473 478 4528 bus
490 4475 832 4546 apostolicis
843 4489 1348 4550 repraesentantur
1363 4491 1504 4556 ;atsi
1523 4493 1771 4552 Dallaaus
1783 4505 2014 4569 putave-

367 4561 466 4632 rit,
499 4570 601 4620 aut
628 4567 737 4621 hos
767 4570 834 4621 50
865 4583 1144 4638 canones,
1179 4583 1282 4630 aut
1307 4594 1514 4636 eorum
1547 4561 1876 4656 aliquos-ex
1903 4590 2020 4646 illis
2052 4583 2096 4647 D

369 4653 658 4723 epistolis,
690 4663 793 4710 aut
847 4659 1106 4728 cujusvis
1161 4663 1411 4722 Romani
1451 4653 1752 4741 pontiﬁcis
1784 4677 2022 4734 decreto

369 4749 706 4814 assumptos
733 4743 937 4814 fuisse,
968 4748 1118 4821 fugit
1143 4768 1280 4808 eum
1313 4759 1556 4816 omnino
1588 4763 1760 4834 ratio,
1795 4773 1856 4823 et
1887 4769 2022 4824 Dio-

371 4831 540 4902 nysio
575 4833 880 4890 verissima
913 4837 1167 4894 tradenti
1193 4859 1478 4916 perquam
1508 4831 1848 4925 importune
1870 4857 2021 4914 illud

370 4923 666 4993 opposuit,
699 4924 858 4993 quod
887 4933 1088 4996 aperte
1118 4929 1332 4987 falsum
1366 4943 1471 4991 est.

440 5012 734 5066 Praeterea
761 5027 882 5067 non
902 5031 1091 5084 pauca
1111 5025 1268 5088 sunt,
1289 5038 1419 5092 quas
1436 5043 1532 5082 me
1553 5039 1790 5087 movent
1807 5041 1872 5089 ut
1893 5053 2019 5091 cre-

370 5097 505 5152 dam
535 5099 729 5169 ipsum
759 5101 1056 5158 Gelasium
1105 5122 1384 5178 canones,
1419 5117 1518 5184 qui
1569 5118 1850 5176 dicuntur
1877 5141 2012 5196 apo-

370 5188 680 5256 stolorum,
713 5195 771 5244 et
799 5191 1080 5260 admisse,
1115 5202 1173 5250 et
1207 5197 1270 5253 in
1304 5203 1424 5258 suis
1452 5207 1718 5278 epistolis
1751 5211 2018 5270 decreta.

369 5278 529 5334 libus
550 5295 724 5334 usum
749 5279 892 5350 ipsis
911 5281 1480 5349 fuisse.Tricesimus
1502 5297 1659 5354 inter
1675 5301 1808 5357 illos
1826 5321 2016 5362 canon

371 5373 460 5422 est
485 5384 498 5424 :
523 5389 552 5418 ‹‹
576 5367 636 5424 Si
659 5369 792 5438 quis
815 5371 1254 5444 episcopus,aut
1275 5382 1714 5455 presbyter,aut
1731 5390 2015 5450 diaconus

372 5473 480 5528 per
537 5457 820 5528 pecunias
875 5459 1028 5516 hanc
1087 5463 1410 5526 obtinuerit
1457 5474 1826 5550 dignitatem,
1874 5482 2018 5553 deji-

371 5545 564 5602 ciatur
593 5551 652 5600 et
679 5547 805 5616 ipse
836 5553 894 5602 et
922 5550 1225 5610 ordinator
1261 5559 1412 5630 ejus,
1444 5568 1504 5617 et
1527 5545 1566 5619 a
1594 5571 2012 5629 communione

372 5635 568 5692 modis
598 5635 876 5695 omnibus
905 5639 1308 5730 abscindatur,
1339 5650 1495 5708 sicut
1521 5654 1725 5714 Simon
1753 5659 1949 5735 Magus
1979 5680 2014 5722 a

2145 597 2484 663 constitutos,
2518 615 2640 670 cap.
2697 605 2785 666 21,
2847 611 2910 658 ut
2968 607 3028 659 in
3082 613 3272 662 nostro
3324 623 3424 663 ms.
3483 611 3806 680 repetitur:

2147 685 2302 749 Quos
2330 703 2465 742 vero
2487 692 2824 748 constiterit
2850 693 3122 766 indignos
3143 698 3372 753 meritis
3398 715 3628 754 sacram
3650 715 3806 754 mer-

2145 781 2307 830 catos
2338 793 2468 833 esse
2498 781 2692 850 pretio
2714 782 3083 854 dignitatem.
3117 787 3416 842 convictos
3441 794 3676 860 oportet
3703 805 3804 844 ar-

2145 865 2288 931 ceri,
2313 881 2433 920 non
2455 866 2583 923 sine
2606 872 2872 940 periculo
2891 873 3119 930 facinus
3140 876 3258 930 tale
3275 879 3675 948 perpetrantis
3695 880 3807 950 (ita

2143 969 2361 1008 ms.non
2383 961 2985 1032 perpetrantes),quia
3001 963 3241 1020 dantem
3265 965 3486 1038 pariter
3501 967 3808 1039 accipien-

2145 1047 2384 1114 temque
2416 1045 2718 1103 damnatio
2745 1049 3207 1124 Simonis,quam
3231 1072 3401 1111 sacra
3419 1057 3594 1111 lectio
3618 1063 3806 1112 testa-

2145 1135 2261 1194 tur,
2294 1131 2553 1192 involvit.
2588 1139 2892 1207 Respondet
2937 1142 3176 1198 Dallazus
3220 1145 3299 1198 De
3353 1145 3803 1217 pseudapostol.

2147 1219 2184 1274 ι.
2219 1237 2294 1288 m,
2325 1238 2371 1276 e.
2407 1225 2478 1279 4:
2513 1225 2728 1281 Gelasii
2771 1228 2936 1284 locus
2969 1232 3196 1288 nullum
3230 1235 3472 1290 omnino
3505 1253 3805 1292 canonem

2144 1307 2367 1378 laudat,
2408 1328 2601 1384 neque
2632 1319 3024 1387 apostolicum
3067 1338 3262 1393 neque
3307 1325 3802 1383 ecclesiasticum.

2145 1398 2394 1454 Tantum
2423 1402 2662 1459 Simonis
2699 1407 3107 1464 damnationem
3153 1420 3466 1481 memorat,
3501 1431 3674 1485 quam
3707 1431 3804 1472 sa-

2145 1504 2258 1552 cra,
2293 1489 2506 1560 inquit,
2541 1493 2719 1560 lectio,
2750 1498 3004 1553 Actuum
3036 1500 3264 1556 scilicet
3305 1503 3801 1574 apostolicorum,

2146 1581 2214 1630 ut
2233 1583 2437 1634 notum
2457 1586 3129 1647 est,testatur.Canonem
3155 1591 3372 1660 quidem
3396 1609 3517 1648 non
3535 1593 3746 1649 laudat
3769 1617 3798 1643 υ

2147 1665 2432 1734 Gelasius,
2469 1669 2528 1724 id
2577 1678 2685 1740 est,
2723 1690 2844 1730 non
2878 1691 3151 1748 expresse
3182 1679 3346 1749 dicit,
3379 1697 3450 1736 ea
3487 1699 3618 1753 quae
3648 1700 3806 1754 pras-

2145 1753 2291 1825 cipit
2319 1757 2381 1811 in
2403 1757 2601 1830 aliquo
2623 1778 2849 1818 canone
2875 1766 3166 1822 contineri
3192 1785 3204 1822 :
3230 1785 3340 1824 nec
3360 1769 3420 1824 id
3448 1770 3633 1826 voluit
3655 1773 3800 1827 Dio-

2067 1862 2112 1926 Β
2145 1845 2370 1914 nysius,
2402 1863 2536 1902 cum
2567 1849 2808 1906 doceret
2848 1852 3046 1925 aliqua
3093 1858 3444 1928 pontiﬁcum
3469 1861 3804 1917 constituta

2143 1949 2215 1988 ex
2244 1937 2572 1992 canonibus
2599 1941 2700 2009 qui
2733 1941 3015 1998 dicuntur
3044 1947 3451 2016 apostolorum
3483 1949 3663 2004 fuisse
3707 1967 3804 2007 as-

2141 2029 2412 2094 sumpta;
2447 2043 2640 2097 neque
2673 2031 2832 2085 enim
2865 2032 3080 2103 aliquis
3111 2036 3460 2106 pontiﬁcum
3493 2040 3798 2095 Romano-

2141 2127 2273 2168 rum
2305 2120 2442 2170 ante
2473 2117 2737 2189 Dionysii
2759 2126 2992 2176 aatatem
3014 2122 3076 2177 in
3108 2124 3231 2178 suis
3262 2127 3597 2183 constitutis
3619 2145 3802 2184 cano-

2138 2215 2244 2255 nes
2273 2203 2676 2273 apostolorum
2706 2209 3050 2266 nominasse
3076 2212 3560 2286 deprehenditur,
3586 2217 3698 2272 Sed
3733 2219 3803 2274 id

2135 2292 2365 2346 tantum
2399 2309 2508 2348 nos
2564 2311 2696 2350 cum
2759 2297 3039 2370 Dionysio
3099 2302 3389 2373 volumus,
3421 2306 3531 2361 hoc
3569 2307 3800 2363 Gelasii

2137 2380 2526 2437 constitutum
2541 2399 2608 2438 ex
2632 2385 2732 2440 illo
2755 2403 2982 2444 canone
3009 2398 3379 2464 assumptum
3405 2411 3553 2450 esse.
3586 2398 3800 2468 Neque

2135 2468 2360 2522 mentio
2382 2486 2562 2526 sacrae
2585 2472 2856 2532 lectionis
2879 2477 3128 2550 impedit
3143 2483 3462 2551 quominus
3483 2484 3607 2540 haec
3630 2501 3802 2542 asse-

2133 2573 2338 2612 ramus
2362 2576 2376 2626 ;
2400 2559 2475 2615 ad
2503 2562 2682 2618 Actus
2705 2564 2864 2620 enim
2887 2569 3238 2638 apostolicos
3261 2588 3368 2626 nos
3389 2579 3622 2629 tantum
3649 2575 3795 2632 ideo

2133 2646 2335 2716 refert,
2367 2655 2434 2704 ut
2459 2651 2718 2708 sciamus
2747 2671 3021 2724 quaenam
3051 2659 3232 2714 fuerit
3259 2661 3559 2718 damnatio
3592 2663 3794 2720 Simo-

2132 2735 2264 2803 nis;
2298 2739 2457 2807 quod
2496 2746 2694 2796 autem
2741 2743 2843 2800 illa
2894 2745 3196 2804 damnatio
3229 2751 3521 2822 pertineat
3553 2759 3679 2808 tum
3711 2755 3794 2810 ad

2134 2824 2467 2883 Simoniace
2497 2837 2856 2903 promotum,
2893 2839 3018 2890 tum
3050 2837 3125 2892 ad
3154 2848 3624 2910 promoventem,
3654 2860 3794 2898 om-

2131 2913 2274 2968 nino
2300 2915 2375 2970 ad
2395 2916 2566 2972 illum
2589 2922 2979 2991 apostolicum
3001 2942 3292 2982 canonem
3312 2931 3795 3000 pertinet,xaeaz-

2129 3000 2324 3074 ρείσθω
2354 3003 2443 3058 καὶ
2478 3006 2641 3068 αὐτὸς
2663 3008 2753 3062 καὶ
2775 3010 2804 3064 ὁ
2830 3015 3243 3086 χειροτονήσας,
3267 3017 3378 3073 hoc
3401 3025 3508 3087 est,
3535 3041 3564 3070 «
3587 3037 3795 3078 arcea-

2131 3095 2228 3145 tur
2248 3091 2396 3148 dans
2418 3097 2642 3166 pariter
2670 3099 3105 3173 accipiensque,
3141 3112 3201 3160 ut
3241 3106 3484 3176 loquitur
3509 3108 3784 3167 Gelasius.

2129 3175 2314 3234 Canon
2337 3183 2672 3250 apostolicus
2703 3189 2772 3239 22
2800 3194 2918 3244 est:
2953 3190 3010 3245 Si
3041 3192 3176 3261 quis
3205 3175 3460 3250 abscidit
3491 3197 3788 3267 seipsum,

2124 3265 2183 3320 id
2208 3270 2374 3335 est,si
2399 3272 2530 3342 quis
2547 3277 2873 3346 amputavit
2894 3278 3006 3333 sibi
3028 3281 3364 3346 virilia,non
3383 3286 3483 3340 ﬁat
3500 3286 3787 3354 clericus,

2127 3357 2267 3428 quia
2293 3375 2436 3415 suus
2457 3361 2756 3420 homicida
2777 3373 2952 3435 est,et
2972 3369 3073 3424 Dei
3098 3371 3456 3429 conditionis
3475 3375 3790 3444 inimicus,

2126 3453 2252 3515 etc.;
2286 3449 2533 3506 Gelasius
2575 3459 2757 3509 autem
2787 3458 3020 3526 epistola
3050 3461 3260 3530 eadem,
3294 3480 3418 3534 cap.
3455 3465 3557 3518 14:
3592 3466 3674 3520 De
3706 3467 3788 3522 iis

2125 3541 2327 3592 autem
2349 3539 2449 3609 qui
2475 3541 2702 3612 seipsos
2724 3543 3104 3617 abscindunt,
3129 3552 3360 3620 paterni
3383 3569 3642 3609 canones
3664 3557 3793 3610 evi-

2126 3625 2338 3682 denter
2361 3632 2666 3701 sequenda
2684 3643 3014 3704 posuerunt
3029 3655 3043 3704 ;
3058 3656 3311 3709 quorum
3331 3649 3598 3701 tenorem
3618 3648 3799 3704 sufﬁ-

2125 3715 2243 3770 ciat
2261 3717 2550 3774 indidisse
2571 3737 2584 3774 :
2611 3721 2816 3777 dicunt
2837 3725 3019 3790 enim.
3043 3728 3183 3783 talia
3201 3739 3796 3804 perpetrantes,mox

2127 3809 2191 3859 ut
2209 3807 2391 3877 agniti
2410 3807 2694 3878 fuerint,a
2710 3828 2954 3868 munere
2969 3816 3230 3874 clericali
3245 3819 3460 3878 debere
3479 3841 3578 3880 eos
3597 3827 3797 3884 seclu-

2127 3893 2378 3959 di.Quod
2393 3897 2586 3953 modis
2603 3901 2881 3957 omnibus
2897 3905 3195 3962 custodire
3213 3925 3322 3964 nos
3338 3913 3798 3985 convenit,quia

2125 3981 2214 4037 fas
2237 4000 2366 4040 esse
2389 3985 2536 4041 nulli
2557 3990 2916 4060 suppeditat,
2941 4001 3155 4064 praeter
3174 3997 3276 4054 illa
3296 3999 3620 4072 quidquam
3643 3981 3794 4076 quae

2127 4075 2532 4131 memorabilis
2563 4076 2820 4134 decrevit
2847 4081 3040 4138 forma
3068 4101 3334 4146 censere.
3369 4111 3398 4140 »
3441 4093 3798 4164 Respondet

2127 4161 2535 4232 Dallaaus,haac
2549 4165 2852 4224 inNicasno
2867 4187 3095 4229 canone
3107 4177 3585 4252 contineri,quod
3600 4199 3794 4244 nemo

2127 4258 2321 4323 negat,
2354 4258 2413 4308 et
2433 4262 2696 4324 paternos
2740 4275 2993 4330 canones,
3027 4266 3222 4335 potius
3253 4268 3324 4324 ad
3366 4270 3630 4327 Nicaenos
3665 4277 3794 4332 Pa-

2131 4346 2249 4396 tres
2263 4358 2440 4412 quam
2455 4347 2754 4414 apostolos
2771 4350 2978 4405 referri
3001 4352 3215 4410 debere
3229 4359 3318 4410 .At
3334 4375 3443 4414 nos
3459 4359 3530 4416 ad
3545 4372 3799 4433 aposto-

2129 4427 2218 4482 los
2248 4446 2368 4485 non
2409 4432 2744 4503 referimus,
2779 4437 2884 4491 sed
2913 4438 2986 4494 ad
3019 4441 3292 4499 Niceenos
3322 4447 3574 4504 Nicamis
3599 4449 3795 4526 longe

2129 4519 2492 4590 antiquiores
2519 4523 2743 4580 Patres.
2780 4527 2852 4580 Ut
2882 4529 3194 4601 Dionysius
3225 4535 3481 4608 Exiguus
3507 4555 3592 4594 ‘se
3639 4519 3796 4601 idco

2131 4614 2258 4664 tum
2289 4611 2698 4683 cnnciliorum,
2735 4620 2858 4672 tum
2909 4635 3030 4689 eos,
3065 4623 3166 4692 qui
3205 4628 3610 4696 apostolorum
3633 4631 3798 4692 dicti

2133 4703 2271 4752 sunt
2301 4714 2583 4767 canones,
2621 4703 2684 4756 in
2721 4705 2992 4762 Latinum
3023 4725 3360 4770 sermonem
3402 4719 3796 4781 transtulisse

2131 4787 2535 4858 proﬁtetur,ut
2563 4796 2739 4846 sancti
2762 4799 3030 4863 prwsules
3059 4805 3310 4870 paternis
3334 4809 3663 4862 muniantur
3693 4828 3798 4868 re-

2129 4875 2293 4943 gulis.
2319 4877 2387 4929 Et
2403 4878 2690 4935 Caesarius
2711 4888 2846 4951 post
2872 4895 3172 4958 acceptam
3201 4893 3508 4962 epistolam
3531 4897 3796 4962 Joannis

2128 4979 2294 5034 papa:
2319 4965 2512 5034 Il,qua
2537 4983 2794 5026 canones
2815 4976 3121 5043 apostolici
3153 4977 3268 5034 duo
3290 4985 3796 5066 continebantur,

2129 5051 2464 5125 subjungit:
2493 5078 2521 5106 «
2544 5057 2689 5112 Ecce
2724 5063 3208 5122 manifestissime
3237 5077 3490 5140 constat,
3515 5077 3657 5145 quia
3681 5051 3799 5136 se;

2128 5141 2388 5196 cundum
2409 5144 2566 5214 quod
2580 5152 2636 5200 et
2650 5147 2806 5202 tituli
2829 5153 3212 5223 antiquorum
3228 5159 3468 5214 Patrum
3486 5179 3520 5217 a
3533 5141 3586 5217 S.
3601 5165 3626 5218 J
3635 5183 3801 5226 can-

2126 5244 2201 5282 nc
2234 5245 2385 5300 papa
2416 5235 2770 5303 transmissi,
2791 5242 2848 5290 et
2871 5240 2974 5294 318
3001 5244 3412 5316 episcoporum
3450 5259 3792 5333 sententia,

2127 5315 2231 5370 sed
2259 5321 2318 5371 et
2347 5334 2604 5377 canones
2627 5323 2909 5380 Gallicani
2931 5315 3237 5388 continere
3263 5335 3557 5407 videntur,
3592 5365 3619 5392 »
3655 5315 3788 5407 etc:

2197 5405 2488 5464 Praeterea
2519 5415 2578 5464 et
2601 5410 2726 5466 hinc
2758 5419 2816 5468 et
2846 5414 2962 5472 alia
2991 5435 3122 5488 quaa
3155 5421 3330 5480 habet
3361 5405 3649 5499 Gelasius,
3689 5405 3792 5497 ita

2123 5492 2184 5546 in
2215 5493 2464 5551 Nicaanis
2495 5500 2822 5558 canonibus
2843 5506 3316 5579 continentur,ut
3343 5515 3522 5573 iidem
3541 5520 3792 5586 Νὴ)ωηὶ

2121 5596 2380 5639 canones
2424 5594 2748 5658 agnoscant
2776 5592 2982 5650 eadem
3015 5597 3077 5650 in
3104 5600 3403 5671 prioribus
3432 5609 3788 5675 canonibus

2119 5677 2414 5746 praecepta
2441 5674 2648 5747 fuisse,
2680 5696 2830 5752 quos
2881 5684 3102 5743 scimus
3158 5688 3316 5746 inter
3343 5709 3624 5772 canones,
3660 5708 3784 5777 qui
