3972 6306
207 373 290 430 Ιῖδ
863 370 918 431 J.
965 369 1397 433 PEARSONII
1443 371 1775 432 VINDlCl}.

1989 371 2338 432 Ἀ’ΠΑΝᾹΞ.
2387 406 2460 417 ο-
2503 371 2704 433 PARS
2745 371 2795 432 Ῑ.
3441 366 3557 429 126

207 505 439 560 Ecclesias
457 505 632 560 etiam
665 505 907 577 publice
938 506 1051 576 legi
1083 511 1331 561 testatus
1363 511 1471 571 est,
1507 511 1566 560 et
1595 523 1798 562 revera
1828 508 1877 573 Α
1912 523 2042 577 quae
2074 507 2474 563 adversarium
2517 506 2789 566 absolvit.
2821 509 3168 578 argumento
3200 503 3389 558 ceditl
3445 501 3553 568 Qui

207 595 365 650 utilem
418 595 628 649 librum
692 596 1045 666 pronuntiat
1101 597 1509 666 Hieronymus.
1585 600 1804 651 Auctor
1910 597 1993 651 sic
2024 597 2213 652 virum
2241 614 2538 652 summum
2573 597 2792 663 laudat,
2825 594 3120 666 quomodo
3151 593 3491 665 vituperat?

208 685 399 739 decreti.
431 706 456 733 «
480 685 774 756 Opuscula
831 685 1150 740 Clementis
1199 684 1580 739 Alexandrini
1658 702 1801 757 apo-
1983 686 2296 741 Videamus
2327 686 2506 758 igitur
2529 687 2720 757 primo
2751 685 2893 756 quid
2925 685 3163 740 tandem
3197 683 3372 747 sit,oh
3397 683 3555 754 quod

211 774 778 846 cryphaﬂieronymus
804 778 860 828 in
880 774 1488 844 CatalogozFeruntur
1509 774 1801 844 ejusinsi-
1907 775 2059 830 hanc
2089 775 2491 830 defensienem
2527 782 2688 830 tanto
2737 775 3034 846 praaconio
3085 774 3288 839 effert;
3343 789 3555 842 nempe

203 865 307 934 gnta
321 863 624 928 volumina,
647 863 944 934 plenaque
973 863 1324 917 eruditionis
1346 864 1398 917 ei
1418 864 1795 934 eloquentiae,
1905 866 2063 934 quod
2095 863 2234 919 hinc
2266 870 2547 937 appareat
2579 881 2676 919 eos
2707 864 3004 919 immerito
3060 868 3367 918 accusatos
3399 878 3550 928 esse,

203 957 292 1005 tam
312 951 372 1006 de
393 951 705 1022 Scripturis
730 952 1148 1022 divinis,quam
1167 951 1238 1006 de
1259 953 1796 1008 smcularislittcra-
1905 953 2004 1024 qui
2040 954 2340 1026 lgnatiana
2369 954 2746 1020 damnarunt,
2780 959 3098 1022 antequam
3131 951 3336 1022 purior
3367 950 3546 1004 editio

199 1041 703 1096 turminstrumento
726 1041 943 1096 ».Adeo
960 1041 1182 1096 decreti
1205 1043 1795 1114 scopus,etquasipe-
1901 1051 2217 1115 procurata
2248 1049 2353 1099 est.
2388 1046 2460 1098 At
2488 1043 2672 1099 nostri
2708 1061 2808 1099 eos
2839 1059 2961 1098 non
3021 1045 3394 1104 accusarunt,
3447 1040 3548 1109 qui

196 1131 385 1185 culiaris
404 1131 772 1192 tractatio,ab
793 1131 1128 1203 Hieronymi
1149 1132 1415 1187 doctrina
1433 1133 1668 1204 penitus
1690 1133 1794 1188 ab-
1901 1133 2183 1205 epistolas
2195 1133 2447 1189 Eusebio
2471 1134 2716 1188 minime
2736 1136 3382 1200 memoratastanquam
3401 1146 3546 1200 spur

193 1220 1794 1291 horrent.«LiberProverbiorum,quiabheereticiscons-
1899 1222 2017 1277 rias
2049 1224 2406 1294 rejecerunt,
2439 1229 2541 1278 aut
2590 1223 2768 1278 etiam
2827 1221 3084 1291 reliquas
3152 1218 3542 1290 interpolatae

196 1310 390 1380 criptus,
414 1317 467 1365 et
495 1311 551 1365 S.
589 1310 734 1364 Sixti
757 1310 998 1365 nomine
1027 1318 1387 1382 prmnotatus
1411 1317 1517 1378 est,
1551 1329 1792 1383 apocry-
1899 1329 2028 1367 esse
2061 1313 2558 1384 pronuntiabant;
2591 1312 2692 1367 sed
2725 1328 2826 1366 eos
2852 1317 3102 1375 tantum,
3139 1309 3237 1379 qui
3261 1307 3545 1379 epistolas

190 1401 305 1468 phus
324 1424 367 1467 n,
383 1401 571 1470 inquit
590 1400 690 1456 ille
706 1417 885 1471 quem
899 1401 1194 1457 Gelasium
1211 1419 1335 1457 esse
1352 1403 1649 1458 voluntAt
1664 1403 1788 1457 llie-
1897 1402 2031 1458 illas
2053 1420 2184 1473 quae
2209 1403 2578 1474 interpolatm
2599 1406 3083 1472 sunt.antequam
3108 1398 3541 1470 interpolaren-

192 1489 809 1560 ronymuseumlibrum
835 1491 1033 1546 docuit
1054 1509 1174 1546 non
1197 1491 1269 1547 ab
1293 1492 1587 1547 haereticis
1609 1493 1786 1548 fuisse
1897 1495 2012 1558 tur,
2047 1491 2212 1546 fictas
2242 1492 2424 1547 fuisse
2457 1490 2899 1547 contendebant
2932 1508 2945 1554 ;
3005 1495 3106 1544 aut
3154 1487 3542 1558 interpolatas

195 1579 680 1650 conscriptum,sed
703 1596 736 1634 a
759 1579 1108 1652 philosopho
1131 1581 1656 1653 Pythagoro,epist.
1688 1584 1785 1638 66:
1895 1581 2131 1652 penitus
2163 1581 2531 1654 rejiciebant,
2565 1587 2846 1652 tanquam
2881 1579 3030 1634 nihil
3062 1595 3131 1633 ex
3160 1578 3254 1648 {iis
3301 1575 3539 1648 probari

188 1690 201 1712 ι
237 1668 437 1724 Librum
471 1669 621 1724 Sixti
644 1670 1786 1741 Pythagorei,hominisabsqueChristo,
1893 1677 2111 1741 posset.
2145 1672 2308 1735 Quod
2341 1679 2538 1727 autem
2571 1671 2851 1742 epistolas
2909 1669 3114 1741 lgnatii
3167 1685 3374 1723 omnem
3419 1683 3537 1721 eam

186 1763 325 1826 atque
345 1758 908 1819 ethnici,immutato
932 1760 1193 1823 nomine,
1234 1760 1395 1831 Xysti
1429 1762 1708 1832 martyris
1731 1768 1790 1816 et
1893 1764 2298 1826 auctoritatem,
2327 1779 2494 1831 quam
2525 1763 2656 1814 olim
2687 1761 3037 1814 obtinuerant
3065 1759 3234 1828 plane
3273 1759 3535 1823 amisisse,

181 1846 410 1901 Romana:
441 1847 721 1902 Ecclesia:
753 1848 1010 1919 episcopi
1043 1849 1389 1920 pramotavit
1418 1871 1469 1906 ››.
1820 1881 1860 1946 Β
1891 1849 2206 1920 nulliusque
2233 1853 2586 1906 auctoritatis
2620 1849 2798 1904 fuisse
2829 1854 2964 1903 ante
3002 1847 3416 1918 Nicephorum,
3469 1862 3539 1900 ex

230 1935 348 1990 Cum
378 1937 553 2008 igitur
578 1953 688 1992 nec
711 1937 1103 1992 Stichometria
1127 1939 1477 2008 patriarchae
1501 1939 1783 1995 Constan-
1820 1935 1857 1946 ν
1895 1938 2127 1993 Usserio
2149 1939 2361 1994 doceat
2377 1939 2629 1994 Dallzeus
2654 1956 2667 2004 ;
2701 1938 2944 1993 observo
2960 1953 3089 1992 eam
3115 1952 3315 1990 vocem
3333 1950 3541 1989 omnem

184 2024 520 2094 tinopolitano
555 2025 876 2080 tribuenda
901 2026 996 2092 sit,
1029 2043 1138 2081 nec
1171 2028 1483 2083 Decretum
1516 2031 1779 2085 Romano
1889 2043 2009 2081 non
2052 2044 2180 2082 esse
2212 2028 2284 2082 ab
2315 2029 2686 2083 Armachano
2719 2032 3085 2097 usurpatam,
3120 2024 3223 2080 sed
3255 2041 3288 2078 a
3319 2023 3538 2078 Dalla‘o

178 2111 318 2166 tribui
347 2131 508 2184 posse
541 2114 834 2178 videatur,
867 2131 986 2170 non
1021 2122 1109 2170 est
1140 2132 1206 2170 ea
1237 2133 1503 2172 censura:
1527 2119 1778 2174 auctori-
1889 2117 2217 2187 adjectam;
2250 2124 2313 2173 ut
2344 2125 2401 2173 et
2432 2118 2554 2180 illa,
2584 2117 2795 2172 nullius
2825 2117 3198 2182 auctoritatis,
3231 2130 3362 2184 qua:
3395 2113 3532 2168 inde

176 2208 257 2268 tas,
277 2221 434 2273 quam
461 2205 650 2260 voluit
677 2205 958 2262 Dallmus:
987 2223 1240 2276 cumque
1272 2213 1438 2264 tanta
1464 2210 1538 2263 sit
1559 2209 1775 2266 Sticho-
1886 2208 2108 2277 pariter
2137 2207 2393 2263 deducit.
2429 2210 2544 2280 Ego
2583 2207 2758 2263 aliter
2794 2205 3095 2262 Usserium
3135 2204 3400 2274 intelligo
3427 2221 3440 2268 ;
3475 2208 3533 2256 et

173 2298 332 2349 metriae
359 2303 531 2368 atque
557 2299 804 2352 Decreto
833 2297 891 2352 in
917 2299 1269 2370 apocryphis
1290 2300 1643 2356 denotandis
1661 2302 1774 2357 dis-
1885 2295 1984 2364 qui
2037 2296 2121 2351 sic
2170 2297 2656 2368 interpretantur,
2701 2296 2975 2351 fruantur
3018 2294 3104 2348 illi
3151 2293 3528 2347 excusatione

172 2386 444 2454 crepantia,
468 2404 593 2441 non
627 2391 718 2441 est
758 2403 827 2442 ea
883 2403 1148 2444 censura)
1203 2391 1539 2459 concordia,
1594 2409 1767 2462 quam
1883 2401 2061 2456 quam
2093 2387 2360 2458 cupiunt,
2395 2387 2498 2442 sed
2530 2387 2768 2442 interim
2790 2387 2980 2440 sciant
3015 2384 3367 2438 sententiam
3400 2397 3530 2437 eam

169 2473 405 2528 traditvir
424 2477 841 2531 doctissimus:
871 2494 1004 2531 cum
1026 2477 1286 2548 denique
1309 2480 1371 2534 in
1394 2480 1522 2549 ipsa
1551 2481 1769 2536 Sticho-
1879 2490 1995 2543 qua
2027 2477 2294 2532 excusari
2322 2477 2526 2532 volunt
2557 2495 2684 2533 esse
2717 2477 3090 2550 apertissime
3127 2474 3358 2529 falsam.

166 2565 323 2616 metria
344 2563 469 2618 libri
501 2565 595 2619 illi
631 2565 1040 2621 tantummodo
1073 2569 1210 2622 Novi
1269 2570 1600 2624 Testamenti
1638 2587 1769 2638 apo-
1950 2564 2111 2620 Hanc
2151 2571 2352 2621 tamen
2384 2566 2794 2622 defensionem
2827 2566 2898 2621 ab
2941 2564 3173 2620 Usserio
3205 2562 3528 2631 ingeniosis-

161 2651 318 2718 cryphi
342 2653 632 2718 dicantur,
667 2655 812 2709 satis
841 2656 1104 2726 apposite
1125 2656 1546 2723 Hammondus,
1579 2660 1625 2712 si
1649 2659 1766 2730 epi-
1872 2654 2007 2708 sime
2033 2661 2084 2708 et
2113 2655 2186 2709 ad
2215 2673 2433 2711 causam
2465 2674 2632 2728 quam
2665 2659 2781 2726 agit
2810 2655 3212 2725 appositissimc
3245 2651 3522 2706 inventam

159 2739 299 2794 stolas
345 2743 548 2813 lgnatii
605 2744 667 2797 in
725 2743 987 2798 Indiculo
1044 2745 1314 2801 denotari
1381 2748 1759 2816 concedatur,
1871 2743 2065 2814 rejicit
2095 2744 2180 2797 vir
2207 2745 2606 2813 doctissimus,
2641 2744 2799 2817 quod
2829 2762 2939 2799 non
2958 2744 3214 2798 videatur
3241 2743 3372 2796 satis
3401 2756 3518 2793 cer-

156 2828 388 2887 Salmasio
405 2835 637 2890 videtur
656 2836 1067 2906 respondisse:
1093 2859 1120 2885 ‹‹
1144 2837 1301 2892 Nihil
1324 2837 1758 2894 abauctoritate
1871 2837 1946 2885 ια.
1975 2834 2043 2886 Et
2069 2837 2204 2889 satis
2236 2835 2475 2904 quidem
2507 2841 2713 2890 certum
2773 2851 2893 2889 non
2946 2840 3054 2898 est,
3103 2831 3258 2886 ullas
3308 2829 3518 2901 lgnatii

157 2920 374 2988 epistolis
404 2924 569 2979 hisce
589 2941 622 2979 a
644 2924 816 2978 nobis
843 2925 1064 2979 tributa
1093 2943 1164 2980 ex
1195 2943 1262 2980 eo
1296 2925 1622 2983 detractum
1655 2935 1758 2983 aut
1868 2923 2146 2993 epistolas
2176 2925 2573 2980 Stichometriw
2621 2930 2922 2979 auctorem
2975 2923 3130 2976 inter
3179 2917 3515 2991 apocrypha

155 3008 401 3066 minutum
433 3029 588 3078 esse,
623 3015 772 3084 quod
808 3017 883 3068 sic
912 3014 973 3068 in
1008 3015 1480 3086 apocryphorum
1505 3033 1753 3072 numero
1865 3029 2231 3080 numerasse,
2265 3019 2329 3068 ut
2361 3014 2542 3069 voluit
2573 3013 2934 3078 Salmasius;
2966 3011 3154 3066 multo
3176 3011 3375 3064 minus
3406 3024 3514 3061 cer-

149 3101 790 3167 repositininveniantur.
807 3103 899 3158 Sic
917 3104 1294 3175 n,inquam,id
1310 3106 1473 3160 estin
1490 3106 1752 3163 Indiculo
1863 3108 1975 3156 tum
2011 3110 2118 3168 est,
2145 3104 2298 3158 inter
2327 3104 2601 3176 pessimus
2625 3109 2777 3159 notae
2800 3101 3134 3174 apocrypha
3147 3099 3507 3170 reposuisse.

146 3181 408 3256 librerum,
441 3193 543 3263 qui
567 3192 627 3246 in
652 3209 939 3247 canonem
964 3194 1352 3265 recipiuntur,
1384 3201 1443 3249 et
1468 3196 1625 3266 quia
1654 3213 1744 3252 ca-
1786 3243 1830 3266 η
1863 3198 1930 3245 ut
1967 3191 2089 3245 vult
2121 3192 2372 3248 Dallaeus
2398 3211 2410 3260 ;
2441 3193 2545 3247 sed
2577 3193 2623 3248 si
2657 3193 2790 3262 quis
2829 3193 2955 3246 haec
3012 3190 3319 3251 concedat,
3367 3187 3510 3241 satis

448 3243 543 3263 τ--
657 3243 939 3247 νην-η-
965 3243 1352 3265 ---τω-ην,
1390 3243 1442 3249 ν-
1471 3243 1567 3266 -ι--
1592 3243 1625 3251 ..
1657 3243 1722 3252 -.-
1878 3243 1926 3245 η
2121 3243 2149 3246 -
2173 3243 2367 3248 η--ήηη
2399 3243 2410 3260 ,
2442 3243 2545 3247 --π
2577 3243 2623 3248 η-
2665 3243 2785 3262 1—“
2830 3243 2949 3246 ----
3024 3243 3068 3244 η
3248 3243 3319 3251 ρ.

146 3288 267 3330 none
295 3288 694 3336 removentur.
719 3282 883 3347 Quod
907 3283 1065 3338 enim
1088 3286 1165 3338 sic
1186 3283 1247 3338 in
1278 3285 1750 3355 apocryphorum
1783 3243 1832 3309 Ο
1863 3280 2129 3351 profecto
2162 3287 2388 3337 certum
2422 3287 2530 3348 est,
2563 3299 2662 3337 cas
2693 3287 2935 3353 propter
2981 3280 3229 3336 aliarum
3289 3292 3509 3348 suppo-

145 3371 698 3441 numeroreponitur,
721 3373 1023 3427 canonicis
1055 3372 1225 3427 libris
1255 3372 1398 3428 solis
1413 3375 1751 3445 opponitur.
1862 3369 2105 3424 sitiones
2143 3375 2200 3424 ct
2230 3370 2492 3442 ipsarum
2533 3371 3044 3442 interpolationes,
3080 3373 3304 3423 tantam
3349 3366 3510 3436 igno-

147 3451 193 3504 L't
220 3454 260 3508 S.
296 3459 658 3530 Augustinus
719 3484 738 3509 ι
775 3462 851 3515 De
898 3461 1138 3516 Civitate
1185 3462 1309 3528 Dei,
1346 3462 1382 3517 l.
1413 3480 1506 3530 xv,
1541 3481 1587 3518 c.
1643 3465 1752 3518 23:
1859 3459 2106 3514 miniam
2137 3476 2342 3531 passas
2375 3477 2521 3515 esse.
2557 3462 2799 3516 Constat
2830 3461 2988 3514 enim
3021 3457 3299 3530 epistolas
3328 3459 3504 3510 Euse-

147 3540 288 3599 llulta
315 3547 417 3601 sub
450 3548 804 3604 nominibus
837 3555 895 3604 et
941 3549 1190 3605 aliorum
1232 3551 1658 3622 prophetarum
1699 3558 1756 3607 et
1860 3547 1956 3602 bio
1989 3549 2139 3604 visas
2170 3567 2276 3621 per
2304 3550 2491 3606 multa
2524 3551 2742 3606 saecula
2769 3565 3003 3605 summa
3032 3547 3380 3603 auctoritate
3410 3545 3508 3600 llo-

145 3635 432 3690 recentiora
464 3638 576 3692 sub
609 3638 956 3692 nominibus
987 3645 1397 3709 apostotorum
1446 3639 1519 3694 ab
1568 3641 1753 3696 hazre-
1864 3639 2053 3693 ruisse
2085 3655 2096 3692 :
2133 3645 2364 3694 constat
2393 3646 2526 3694 ante
2561 3656 2784 3694 nonum
2827 3638 3112 3693 sazculum
3165 3635 3400 3691 easdem
3454 3639 3511 3688 et

142 3719 243 3775 ticis
272 3727 668 3795 proferuntur,
705 3745 836 3798 quae
867 3729 1070 3783 omnia
1103 3728 1209 3783 sub
1243 3730 1586 3785 nominibus
1613 3748 1755 3801 apo-
1861 3728 2418 3798 interpolationibus
2448 3728 2712 3792 foedatas,
2747 3733 2804 3783 et
2843 3726 3274 3800 adjectionibus
3305 3729 3506 3780 auctas

142 3811 453 3881 tryphorum
487 3817 560 3872 ab
595 3817 946 3872 auctoritate
1014 3819 1433 3873 canonicorum
1486 3818 1753 3892 diligenti
1859 3815 2085 3882 fuisse;
2121 3823 2352 3871 constat
2406 3817 2553 3871 alios
2580 3817 2764 3870 libros
2821 3818 3012 3887 primo
3062 3816 3322 3885 integros
3365 3813 3503 3867 dein

142 3904 535 3960 examinatione
564 3912 796 3961 remata
826 3911 984 3961 sunt.
1008 3909 1209 3962 Nomen
1242 3909 1416 3977 igitur
1431 3910 1752 3981 apocryphi
1860 3911 2168 3977 corruptos
2199 3907 2354 3960 inter
2383 3907 2720 3977 apocrypha
2751 3905 2917 3976 rejici
2951 3904 3155 3958 solitos
3191 3920 3202 3956 :
3255 3902 3302 3955 si
3331 3902 3507 3972 igitur

144 3993 315 4046 tantum
369 3993 438 4048 ab
498 3995 858 4050 auctoritate
917 3996 1338 4051 canonicorum
1366 4020 1394 4046 »
1467 3999 1751 4069 scriptum
1859 3995 1948 4049 has
1968 3995 2230 4066 epistolas
2254 4012 2410 4050 nono
2443 3995 2544 4049 illo
2567 3993 2784 4049 sarculo
2803 3999 3086 4062 tanquam
3109 3989 3386 4046 omnibus
3409 3991 3510 4045 Ca-

142 4074 342 4148 λίίειυοά
371 4082 734 4137 removebat.
1861 4083 2098 4138 tholicis
2127 4084 2379 4140 vitanda:
2411 4089 2904 4156 proponerentur,
2939 4099 3068 4153 quin
3117 4081 3404 4135 hactenus
3432 4079 3505 4134 ab

197 4190 216 4213 τ(
245 4169 342 4224 sed
361 4172 548 4227 muuo
567 4171 786 4227 melius
805 4175 1754 4247 acmodestius,atquesapientius
1860 4172 2140 4228 omnibue
2175 4178 2296 4228 tum
2327 4173 2632 4228 catholicis
2662 4179 2789 4227 tum
2820 4171 3116 4226 haareticis
3148 4169 3380 4225 fuerant
3413 4185 3506 4223 re-

140 4257 358 4324 optimus
379 4278 444 4317 ac
479 4261 868 4317 doctissimus
897 4264 1167 4320 Usserius
1209 4267 1514 4338 Ignatiana
1544 4284 1649 4322 sua
1679 4286 1708 4324 a

1939 4269 2064 4333 ptis,
2098 4263 2156 4317 id
2188 4262 2262 4317 ob
2319 4263 2497 4318 aliam
2547 4279 2809 4328 causam,
2857 4277 3035 4332 quam
3095 4260 3171 4316 ob
3227 4260 3507 4331 adjectio-

139 4339 223 4399 hoc
243 4349 545 4421 Nicephori
582 4350 702 4405 telo
729 4351 1069 4420 defendit»,
1105 4341 1297 4425 inquit
1327 4356 1597 4412 Dallaous.
1626 4359 1750 4412 Non
1858 4371 1966 4409 nes
1996 4354 2482 4424 corruptelasque
2541 4353 2671 4408 fieri
2724 4369 2845 4408 non
2889 4352 3150 4424 potuisse
3199 4351 3332 4421 quis
3379 4366 3499 4406 non

138 4433 258 4489 male
277 4437 614 4495 defendisse
641 4440 1010 4496 ostendimus
1026 4443 1490 4512 Hammondum;
1516 4445 1751 4502 simulto
1855 4443 2060 4498 videt?

139 4525 292 4580 melius
320 4529 616 4598 Usserius,
653 4535 809 4584 certe
832 4532 1052 4601 optime
1076 4531 1362 4588 defendit.
1391 4537 1608 4606 Nempe
1631 4539 1747 4591 Ar-
1929 4535 2062 4589 Haec
2085 4538 2304 4601 tamen,
2329 4538 2642 4604 postquam
2678 4538 2980 4604 tantopere
3005 4531 3360 4594 laudaverat.
3394 4548 3500 4586 ne-

137 4614 416 4672 machanus
435 4618 647 4674 docuit
668 4635 787 4674 non
810 4619 1025 4674 mirum
1049 4623 1255 4691 esse,si
1288 4623 1554 4694 epistolas
1577 4625 1747 4696 Igna-
1779 4612 1824 4674 Ι)
1856 4628 1954 4696 gat
1982 4622 2261 4690 Dallmus,
2296 4623 2510 4694 primo,
2545 4623 2681 4692 quia
2721 4622 2907 4678 nullus
2958 4629 3034 4677 est
3081 4639 3266 4676 eorum
3321 4623 3497 4675 libro-

135 4700 202 4764 tii,
239 4705 557 4776 adjcctione
621 4708 978 4778 spuriarum,
1023 4715 1083 4764 et
1128 4711 1684 4781 interpolationibus
1716 4731 1750 4770 a
1856 4728 2004 4780 rum,
2046 4728 2180 4781 quos
2209 4713 2434 4766 damnat
2461 4711 2847 4781 Nicephorus,
2898 4711 2964 4766 de
3019 4728 3127 4780 quo
3175 4710 3396 4781 aliquid
3422 4712 3498 4764 si-

132 4789 339 4855 pristina
354 4796 899 4852 formaimmutataa
923 4799 984 4852 in
1007 4800 1480 4870 apocrypborum
1499 4819 1746 4858 numero
1854 4802 1984 4855 mile
2009 4801 2121 4856 dici
2144 4802 2342 4870 possit.
2378 4800 2434 4854 Si
2467 4801 2578 4854 hoc
2608 4817 2809 4854 verum
2861 4805 3037 4864 esset,
3094 4799 3244 4853 nihil
3296 4805 3499 4854 tamen

129 4890 518 4947 reponerentur
545 4903 558 4937 :
598 4885 1102 4954 quemadmodum
1137 4889 1396 4943 Esthera:
1425 4889 1749 4957 liber,licet
1857 4891 2140 4959 efficeret,
2173 4890 2312 4962 quia
2339 4906 2459 4944 non
2492 4895 2580 4943 est
2609 4889 2815 4944 eadem
2847 4888 3112 4943 omnium
3143 4888 3503 4958 apocrypho-

132 4964 184 5018 ab
208 4969 449 5028 Hebraeis
484 4980 786 5044 receptus,
819 4980 1017 5029 tamen
1048 4983 1291 5048 propter
1319 4978 1745 5047 additamenta,
1854 4996 1985 5033 tum
2021 4979 2190 5045 ratio,
2227 4984 2290 5033 ut
2319 4984 2454 5033 ante
2487 4977 2885 5033 ostendimus:
2911 4976 3013 5031 sed
3037 4981 3125 5032 est
3153 4982 3352 5048 aperte
3388 4975 3494 5029 fal-

133 5069 156 5105 a
180 5057 426 5117 Melitone
459 5062 769 5129 Sardensi,
801 5070 861 5117 et
889 5065 1168 5136 Oregorto
1202 5067 1563 5124 Nazianzeno
1591 5069 1749 5124 inter
1856 5085 2008 5124 sum.
2040 5070 2186 5122 Ecce
2219 5067 2378 5122 enim
2409 5067 2470 5121 in
2501 5066 2892 5122 Stichometria
2931 5065 3182 5138 legimus
3237 5060 3497 5136 Περίοδος

134 5159 294 5202 sacros
321 5151 505 5205 libros
565 5152 909 5208 nominatus
952 5170 1075 5208 non
1126 5161 1232 5217 est,
1293 5155 1366 5210 ab
1424 5158 1702 5212 Athanasi

1929 5178 2081 5230 τρου,
2137 5156 2330 5234 στίχου
2365 5157 2473 5229 βψκ
2507 5159 2863 5213 Itinerarium
2894 5160 3066 5223 Petri,
3096 5173 3278 5212 versus
3307 5157 3493 5220 2,700.

130 5235 271 5292 etiam
301 5242 454 5295 inter
485 5242 711 5296 nothos
733 5241 1082 5297 nominatim
1115 5244 1400 5314 abjectus.
1431 5248 1742 5302 l’erumta-
1854 5250 1972 5302 Hoc
1998 5246 2371 5301 ltinerarium
2395 5262 2428 5300 a
2446 5245 2747 5302 Clemente
2769 5249 3033 5302 Romano
3055 5247 3336 5317 scriptum
3363 5245 3499 5298 fuis-

128 5335 235 5378 men
255 5329 296 5380 si
322 5330 608 5385 Daharum
629 5329 782 5384 bene
813 5332 969 5398 novi,
991 5349 1108 5386 non
1132 5340 1223 5388 est
1250 5333 1421 5403 nihil,
1455 5335 1612 5405 quod
1633 5338 1740 5390 Ar-
1852 5355 1912 5391 se
1946 5335 2265 5391 credebant
2289 5340 2535 5401 veteres,
2568 5335 2725 5388 unde
2748 5335 3005 5404 primum
3037 5336 3190 5390 inter
3221 5329 3498 5406 ἀντιλεγό-

126 5416 354 5472 machani
388 5419 810 5474 defensionem
835 5425 1143 5491 tantopere
1168 5422 1397 5493 probat.
1429 5425 1555 5478 Non
1581 5424 1738 5480 enim
1855 5445 1982 5498 μενα
2015 5424 2274 5497 positum
2306 5428 2416 5484 est,
2450 5422 2586 5476 dein
2617 5423 2774 5476 inter
2802 5425 3158 5495 apocrypha.
3184 5423 3494 5478 Rationem

126 5499 222 5555 sine
249 5506 372 5561 dolo
410 5509 640 5571 laudat,
675 5523 851 5578 quam
885 5509 1013 5563 sine
1045 5511 1275 5566 ratione
1321 5513 1536 5584 rejicit.
1591 5514 1743 5570 Lau-
1849 5515 1961 5586 ipsi
1995 5513 2400 5577 reddiderunt,
2435 5510 2592 5580 quod
2626 5511 2753 5583 ejus
2786 5511 2919 5565 libri
2954 5513 3223 5567 doctrina
3271 5511 3344 5565 ab
3389 5511 3494 5566 illa

124 5586 216 5657 dat,
242 5603 300 5649 ut
329 5614 467 5652 suos
501 5602 784 5652 excuset:
819 5596 1037 5668 rejicit,
1069 5605 1136 5653 ut
1165 5608 1580 5671 argumentum
1619 5603 1734 5658 vim
1851 5620 1982 5675 quae
2013 5620 2047 5658 a
2077 5602 2378 5657 Clemente
2410 5599 2626 5656 tradita
2655 5606 2762 5670 est,
2797 5600 3050 5657 multum
3081 5599 3318 5656 tandem
3369 5601 3498 5656 dis.

122 5693 257 5738 suam
285 5687 558 5744 retineat.
589 5687 639 5742 0
669 5685 1021 5758 praeclaram
1053 5683 1272 5749 Usserii
1301 5689 1737 5766 defensionem,
1848 5692 2146 5766 crepabat.
2178 5694 2304 5749 Non
2323 5689 2479 5764 quod
2509 5689 2871 5748 Clementem
2897 5708 3034 5752 eum
3064 5689 3284 5748 librum
3314 5689 3498 5748 mini-
