3972 6306
371 397 484 456 127

1429 391 1493 451 8.
1540 387 1924 449 IGNATIUS.
1975 416 2049 425 —
2090 374 2686 440 PROLEGOMENA.

3660 361 3775 423 128

369 545 464 582 me
495 527 802 599 scripsisse
835 526 1163 593 crederent,
1189 524 1291 580 sed
1323 523 1480 595 quod
1497 522 1568 578 ab
1601 519 1896 575 haereticis
1925 516 2012 571 in-

2215 509 2272 564 :6)
2305 503 2546 583 βιϐλίοις
2579 498 3152 581 προσπεφωνημέναι),
3178 496 3777 570 quostamenpariter

371 617 729 688 terpolatum
760 616 1026 687 adeoque
1059 619 1401 685 corruptum
1432 617 1730 682 putarent.
1769 614 1850 663 lta
1877 607 2012 678 Epi-

372 708 626 778 phamus
661 706 728 760 de
762 706 1090 760 Ebionmis:
1125 704 1368 775 Χρῶνται
1419 697 1475 753 δὲ
1522 699 1610 753 καὶ
1663 695 1859 755 ἄλλαις
1906 715 2014 749 τισι

375 793 618 869 βίϐλοις,
652 792 812 864 δῆθεν
867 799 985 856 ταῖς
1047 789 1326 867 “apiriam:
1383 788 1753 860 καλουμέναις
1814 783 2016 858 Πέτρον

370 887 489 942 ταῖς
531 880 619 936 ’διᾶ
670 879 987 954 Κλήμεντος
1029 878 1366 956 γραφείσαις,
1418 877 1756 937 νοθεύσαντες
1805 872 1901 945 μὲν
1949 869 2017 925 τά

371 969 422 1025 ἐν
458 971 665 1040 αὐταῖς,
699 968 857 1043 ὀλίγα
888 967 944 1023 δὲ
1005 968 1236 1038 ἀλτ,0.νὰ
1287 967 1555 1027 ἐάσαντες.
1617 967 1757 1021 Sunt
1815 971 1866 1018 et
1916 962 2018 1016 alii

374 1063 504 1117 libri
538 1063 732 1131 quibus
763 1069 1020 1127 utuntur,
1059 1068 1111 1115 ut
1162 1061 1452 1115 Circuitus
1499 1057 1654 1112 Petri
1687 1074 1720 1110 a
1751 1055 2018 1112 Clemente

370 1153 583 1221 scripti,
620 1167 726 1220 quo
781 1153 840 1204 in
895 1152 1056 1217 libro,
1109 1153 1306 1219 paucis
1370 1151 1510 1203 reris
1566 1145 1776 1200 relictis
1823 1149 2020 1198 caetera

373 1248 794 1310 supposuemnt.
846 1240 1010 1305 Quod
1059 1241 1237 1312 igitur
1289 1238 1594 1298 asseritur.
1649 1235 1863 1290 nullum
1913 1248 2021 1286 esse

375 1346 558 1384 eorum
591 1330 884 1393 librorum,
917 1346 1052 1399 quos
1081 1330 1307 1383 damnat
1342 1324 1768 1382 Stichometrias
1793 1327 2018 1387 auctor,

375 1420 440 1473 de
469 1436 576 1488 quo
605 1419 824 1489 aliquid
853 1419 1034 1474 simile
1065 1419 1177 1473 dici
1209 1425 1436 1488 posset;
1494 1431 1614 1470 non
1662 1418 1750 1468 est
1792 1411 2020 1466 veritati

377 1516 864 1565 consentaneum.

447 1601 715 1654 Secundo
748 1600 1156 1654 defensionem
1189 1601 1407 1655 Usserii
1429 1599 1638 1671 rejicit,
1673 1595 1830 1668 quod
1855 1596 2024 1665 putet

377 1689 794 1759 Nicephorum,
819 1690 866 1743 si
898 1689 1221 1761 Ignatiana,
1242 1707 1360 1744 non
1392 1707 1498 1760 per
1538 1705 1599 1743 se
1628 1685 1885 1758 proprie,
1919 1680 2024 1737 sed

377 1783 610 1832 tantum
645 1778 716 1832 ob
748 1778 1018 1834 addititia
1047 1785 1104 1834 et
1150 1778 1505 1849 interpolota
1551 1778 1913 1840 damnasset,
1963 1771 2022 1826 id

378 1867 574 1937 ipsum
609 1868 832 1935 testari,
866 1885 1160 1940 suumque
1192 1868 1263 1923 de
1296 1868 1444 1922 libro
1478 1867 1617 1922 olim
1650 1864 1896 1937 probato
1921 1862 2021 1952 ju—
2055 1889 2098 1952 Β

377 1956 597 2010 dicium
630 1955 944 2028 diligenter
974 1974 1222 2029 purgare
1255 1957 1552 2023 voluisse;
1587 1955 1744 2010 idem
1768 1953 1928 2009 enim
1961 1950 2024 2004 in

377 2047 912 2102 Constitutionibus
939 2047 1278 2118 apostolicis
1307 2047 1574 2102 fecerunt
1603 2043 1863 2099 Trullani
1915 2042 2025 2094 l’a-

381 2143 520 2190 tres.
555 2136 747 2190 Mirari
780 2136 924 2190 satis
954 2153 1074 2190 non
1104 2153 1345 2206 possum
1379 2137 1530 2191 hanc
1569 2134 1675 2187 viri
1701 2127 2025 2187 doctissimi

382 2219 823 2292 iniquissimam
857 2224 1336 2295 postulationem,
1369 2229 1452 2290 ut,
1513 2223 1761 2287 scilicet,
1811 2217 2030 2274 Sticho-

383 2314 592 2366 τηρεῖ-ἱείς
625 2319 831 2368 auctor
853 2330 1089 2368 causam
1115 2314 1492 2384 exprimeret,
1517 2329 1698 2383 seque
1717 2311 2032 2382 diligenter

391 2407 686 2471 purgaret,
721 2403 768 2455 si
802 2402 874 2457 ob
907 2419 1034 2457 eam
1069 2419 1308 2457 causam
1343 2402 1646 2473 lgnatiana
1694 2401 1849 2455 inter
1899 2415 2035 2470 apo-

391 2491 612 2561 crypha
642 2492 949 2560 relegaret,
985 2509 1161 2562 quam
1194 2492 1378 2546 voluit
1425 2491 1714 2547 Usserius.
1765 2490 1820 2543 Si
1871 2490 2033 2543 enim

392 2586 510 2634 tam
538 2580 736 2635 nobile
769 2582 1139 2652 scriptum,et
1160 2582 1231 2636 ab
1262 2581 1539 2654 omnibus
1566 2586 1870 2651 receptum
1893 2596 2032 2634 con-

388 2669 670 2724 demnare
703 2671 903 2735 voluit,
943 2688 1046 2725 cur
1071 2671 1221 2726 hanc
1251 2688 1371 2726 non
1404 2671 1621 2738 minus,
1651 2686 1827 2740 quam
1853 2669 2032 2724 aliam

387 2777 826 2830 quamcumque
857 2778 1117 2826 causam,
1150 2777 1327 2831 quam
1351 2760 1627 2814 habuisse
1655 2759 2035 2820 videatur,re-

391 2850 564 2904 licere
584 2849 813 2919 potuit?
831 2850 1241 2905 Certissimum
1265 2854 1372 2914 est,
1404 2847 1905 2920 Ignatiiepistolas
1930 2863 2035 2917 per

387 2936 611 3007 aliquot
645 2937 860 2992 saacula
890 2944 1024 2992 ante
1057 2954 1301 3001 nonum,
1337 2953 1452 3006 quo
1484 2936 1791 3005 scripsisse
1823 2951 2034 2990 censor

391 3025 486 3078 ille
509 3026 874 3096 perhibetur,
910 3033 1032 3082 tum
1066 3027 1138 3081 ab
1187 3025 1464 3080 omnibus
1520 3024 1854 3090 Catholicis,
1907 3030 2033 3079 tum

389 3115 565 3169 etiam
590 3116 882 3171 haereticis
901 3117 1336 3187 receptissimas
1358 3113 1627 3182 fuisse,et
1643 3115 1798 3169 inter
1814 3115 2034 3184 scripta

389 3205 678 3260 catholica
710 3206 900 3276 primo
933 3206 1061 3260 loco
1087 3210 1450 3260 numeratas.
1475 3201 1531 3255 Si
1565 3203 1742 3274 igitur
1765 3203 1869 3257 has
1887 3219 2027 3258 con-

388 3294 691 3363 demnare,
725 3296 1022 3365 simulque
1049 3298 1287 3350 debitam
1316 3296 1622 3367 majoribus
1669 3295 2030 3348 reverentiam

390 3390 690 3453 prmstare,
724 3389 780 3438 et
811 3385 1072 3454 seipsum
1106 3385 1405 3454 diligenter
1449 3402 1692 3456 purgare
1741 3384 2034 3448 voluisset,

392 3488 458 3525 eo
495 3473 677 3543 magis
719 3474 806 3527 sui
833 3474 1047 3543 judicii
1078 3491 1317 3529 causam
1350 3475 1595 3530 reddere
1629 3473 1960 3536 tenebatur,
1988 3469 2036 3524 si

393 3567 456 3614 ut
478 3579 720 3631 prorsus
744 3563 1148 3633 supposititias
1167 3569 1226 3618 et
1248 3565 1413 3620 ﬁctas
1435 3564 1803 3636 abjiciendas
1822 3563 2034 3634 potius,

394 3667 572 3720 quam
603 3652 988 3722 interpolatas
1019 3658 1078 3706 et
1099 3660 1299 3708 auctas
1321 3653 1998 3725 respuendasjudicaret
2022 3669 2034 3719 ;

395 3739 781 3809 interpolatas
813 3741 970 3794 enim
1005 3747 1062 3796 et
1093 3741 1320 3812 spurias
1351 3743 1522 3814 pauci
1554 3748 1695 3797 tunc
1725 3758 1792 3796 ac
1812 3739 2038 3794 moder-

396 3827 477 3891 ni,
513 3845 612 3882 eas
642 3835 840 3883 autem
872 3846 1016 3900 quas
1047 3831 1334 3902 genuinas
1366 3837 1666 3902 putamus,
1700 3836 1758 3884 et
1794 3828 2038 3901 plurimi

343 3945 350 3953 ι
395 3922 456 3970 et
486 3919 864 3972 vetustissimi
899 3921 1384 3990 receperant.Sed
1404 3937 1607 3975 revera
1637 3927 1701 3974 ut
1722 3920 2040 3990 quisquam

393 4007 490 4076 qui
526 4007 854 4062 indiculum
891 4014 1116 4062 tantum
1152 4009 1270 4064 sive
1303 4008 1696 4081 ἀπαρίθμησιν,
1745 4015 1810 4063 ιιι
1857 4007 2041 4062 Grmci

396 4095 741 4165 loquuntur,
775 4098 1027 4152 confecit
1056 4097 1344 4152 librorum
1375 4098 1798 4153 canonicorum
1822 4103 1881 4150 et
1909 4113 2041 4166 apo-

399 4185 778 4254 cryphorum,
822 4185 890 4240 de
925 4191 1136 4240 natura
1167 4185 1453 4240 librorum
1486 4203 1636 4256 quos
1667 4191 1894 4240 tantum
1928 4200 2041 4238 nu-

400 4280 606 4335 merat.
643 4274 989 4344 disputaret,
1022 4281 1124 4330 aut
1152 4275 1224 4329 de
1255 4276 1456 4346 aliquo
1488 4275 1770 4346 peculiari
1799 4275 2040 4344 scripto,

399 4379 504 4417 cur
535 4380 600 4416 eo
635 4363 760 4417 loco
797 4365 1434 4434 poneretur,rationem
1457 4363 2044 4429 redderet,hactenus

403 4452 575 4523 plane
605 4452 936 4507 inauditum
971 4461 1077 4508 est.
1117 4453 1324 4524 Dispar
1353 4454 1530 4524 igitur
1556 4454 1729 4524 plane
1761 4453 1909 4508 ratio
1955 4458 2044 4507 est

395 4541 640 4597 canonis
681 4542 989 4611 Trulliani,
1025 4549 1083 4596 et
1113 4542 1384 4608 Indiculi,
1439 4543 1558 4597 sive
1615 4542 2037 4598 Stichometriae.

2123 598 2498 672 recipiendos
2529 595 2774 650 minime
2807 591 3110 662 putabant.
3148 591 3394 644 Necesse
3417 587 3614 657 itaque
3647 590 3777 640 erat

2123 698 2189 748 ut
2207 691 2600 746 admonerent
2616 682 3066 741 constitutiones
3090 679 3219 733 illas
3242 695 3370 733 esse
3393 675 3774 748 rejiciendas;

2126 782 2298 837 aliter
2322 778 2527 834 eadem
2553 791 2732 847 opera
2753 789 2885 828 cum
2913 769 3240 826 canonibus
3267 765 3608 838 apostolicis
3631 782 3780 820 con-

2126 872 2372 926 firmatas
2395 868 2665 922 fuissent.
2697 867 2766 917 At
2780 859 3235 917 constitutiones
3252 873 3352 912 eas
3367 861 3431 910 ut
3452 855 3642 926 primo
3671 855 3778 908 ﬁc-

2126 967 2214 1016 tas
2246 965 2301 1014 et
2333 954 2742 1028 supposititias
2789 951 3039 1021 rejicere
3085 964 3205 1003 non
3257 949 3597 1017 potuerunt,
3658 943 3780 998 nisi

2129 1047 2304 1105 simul
2337 1061 2593 1101 canones
2627 1042 2941 1113 rejicerent
2973 1037 3097 1109 (qui
3133 1052 3334 1092 earum
3369 1039 3485 1089 tam
3532 1032 3782 1087 honori-

2129 1138 2302 1192 licam
2317 1133 2681 1190 mentionem
2697 1131 2968 1186 fecerant
2983 1143 3150 1198 ,quos
3164 1124 3427 1180 stabilire
3445 1123 3778 1178 voluerant.

2129 1229 2200 1282 Ut
2227 1227 2402 1298 igitur
2440 1239 2698 1278 canones
2729 1220 3078 1283 retinerent,
3113 1221 3172 1270 et
3201 1213 3654 1270 constitutiones
3682 1229 3781 1266 re-

2129 1316 2469 1388 probarent,
2506 1311 2672 1382 quasi
2705 1309 2777 1364 ab
2808 1306 3088 1379 apostolis
3128 1305 3320 1376 primo
3350 1303 3597 1358 dictatas
3655 1306 3716 1354 et
3745 1315 3784 1355 a

2129 1406 2430 1460 Clemente
2465 1401 2712 1472 scriptas
2737 1398 2823 1469 (ut
2845 1413 3103 1452 canones
3127 1392 3544 1461 affirmabant),
3576 1389 3679 1445 sed
3704 1389 3782 1444 ab

2129 1493 2424 1548 haereticis
2458 1497 2663 1564 postea
2695 1492 3000 1557 corruptas
3033 1502 3130 1540 eas
3162 1484 3543 1538 damnarunt.
3613 1481 3785 1533 llaec-

2132 1601 2247 1654 que
2281 1583 2481 1637 omnia
2511 1596 2647 1634 vera
2679 1595 2806 1633 esse
2840 1575 3097 1630 ostendit
3150 1574 3340 1644 ipsum
3381 1569 3786 1626 damnationis

2133 1672 2506 1743 prooemium.
2544 1664 2767 1734 Ἐπειδή
2802 1661 2844 1718 δ’
2876 1663 2927 1718 ἐν
2958 1662 3170 1721 τούτοις
3199 1665 3314 1722 τοῖς
3362 1657 3580 1712 κακόσιν
3633 1655 3784 1710 ἐντέ-

2129 1760 2324 1816 ταλται
2360 1755 2612 1833 δέχεσθαι
2652 1757 2798 1828 ἡμᾶς
2853 1756 2958 1806 τῶν
3013 1749 3188 1804 αὐτῶν
3235 1749 3404 1823 ἁγίων
3455 1742 3786 1800 ἀποστόλων

2133 1849 2220 1906 διὰ
2249 1847 2568 1921 Κλήμεντος
2601 1843 2884 1916 διατάξεις.
2938 1869 2956 1892 αι
2995 1844 3284 1908 Quoniam
3336 1846 3535 1896 autem
3581 1839 3640 1893 in
3685 1839 3784 1892 his

2132 1939 2459 1997 canonibus
2517 1942 2876 2010 praeceptum
2922 1933 3093 1988 nobis
3141 1938 3251 1993 est,
3309 1936 3375 1985 ut
3433 1927 3784 1984 earumdem

2135 2035 2472 2085 sanctorum
2507 2025 2905 2096 apostolorum
2938 2038 3043 2093 per
3074 2021 3437 2075 Clementem
3487 2017 3790 2072 constitu-

2065 2109 2079 2124 ”
2137 2120 2330 2173 tiones
2363 2116 2800 2187 susciperemus
2833 2135 2883 2178 ››,
2917 2117 3026 2167 etc.
3063 2113 3186 2165 Non
3220 2110 3394 2181 igitur
3425 2113 3549 2163 erat
3580 2123 3686 2161 cur
3712 2105 3792 2160 ab

2140 2208 2412 2280 exemplo
2444 2205 2690 2260 canonis
2721 2202 2954 2258 concilii
2997 2199 3280 2266 Trullani,
3328 2216 3460 2253 cum
3522 2195 3795 2251 indiculo

2140 2313 2450 2370 perperam
2485 2295 2702 2361 collati,
2739 2290 3146 2346 defensionem
3183 2289 3422 2355 Usserii,
3479 2293 3797 2356 tantopere

2143 2405 2176 2442 a
2207 2405 2267 2441 se
2300 2386 2619 2450 laudatam,
2652 2383 2930 2453 rejiceret
2961 2379 3235 2435 Dallaaus.

2215 2495 2325 2551 Sed
2351 2493 2642 2565 quidquid
2673 2492 2768 2558 sit,
2801 2508 2911 2546 nec
2942 2488 3200 2545 auctoris
3237 2487 3658 2551 Stichometriw,
3684 2502 3809 2540 nec

2144 2584 2487 2655 interpretis
2517 2581 2814 2636 Anastasii
2859 2578 3197 2634 testimonia
3227 2576 3636 2632 auctoritatem
3665 2575 3809 2646 epi-

2144 2675 2428 2729 stolarum
2462 2671 2754 2743 S.Ignatii
2805 2669 2894 2723 vel
2945 2667 3242 2723 tantillum
3290 2667 3585 2720 minuunt.
3635 2665 3806 2735 Nego

2145 2765 2304 2820 enim
2339 2763 2500 2817 illius
2531 2760 2812 2831 epistolas
2844 2759 2906 2813 in
2929 2758 3039 2812 hoc
3069 2757 3336 2811 Indiculo
3361 2755 3450 2810 vel
3472 2755 3804 2824 nominari,

2144 2855 2229 2910 vel
2260 2853 2449 2918 innui,
2473 2851 2560 2906 vel
2589 2850 2798 2920 quovis
2820 2849 2994 2904 modo
3017 2846 3546 2918 contineri.1gnatii
3570 2861 3805 2900 nomen

2143 2944 2340 3011 audio,
2373 2941 2653 3013 epistolas
2693 2957 2811 2994 non
2844 2938 2973 3010 lego
3001 2955 3011 2991 :
3047 2936 3213 2991 video
3247 2937 3305 2990 in
3351 2936 3565 2991 Greecis
3613 2935 3808 3007 ἰγνα-

2140 3033 2283 3101 τίοι),
2317 3032 2378 3085 in
2414 3029 2632 3084 Latinis
2660 3029 2889 3096 Ignatii,
2922 3042 3115 3096 neque
3139 3024 3392 3095 amplius
3424 3024 3755 3095 quidquam
3779 3039 3798 3076 :

2144 3121 2347 3176 volunt
2368 3117 2688 3174 Salmasius
2709 3123 2768 3171 et
2799 3115 3052 3170 Dallaius
3074 3114 3279 3186 Ignatii
3310 3115 3512 3168 omnia
3543 3112 3802 3184 intelligi

2144 3215 2378 3271 debere.
2412 3213 2476 3266 Id
2501 3229 2636 3265 vero
2668 3210 2813 3264 mihi
2847 3225 2974 3264 esse
3006 3207 3237 3262 videtur
3267 3206 3337 3260 ab
3370 3205 3531 3260 omni
3563 3203 3806 3256 ratione

2144 3302 2596 3358 alienissimum.
2647 3299 2873 3354 Recitat
2921 3302 3128 3352 auctor
3170 3295 3351 3349 libros
3403 3293 3543 3347 Novi
3591 3293 3808 3346 Testa-

2142 3393 2325 3449 menti
2359 3390 2699 3452 canonicos,
2731 3387 2943 3442 dubios
2975 3393 3033 3440 et
3065 3385 3471 3456 apocryphos:
3519 3379 3812 3452 epistolas

2143 3500 2177 3537 a
2206 3483 2262 3536 S.
2297 3480 2545 3551 Ignatio,
2579 3478 2839 3531 instante
2903 3473 3211 3545 martyrio,
3269 3472 3539 3542 scriptas,
3589 3468 3677 3522 vel
3726 3467 3815 3523 ad

2147 3570 2497 3640 martyrium
2529 3565 2837 3620 festinanti
2867 3563 3225 3634 suppositas,
3251 3578 3360 3615 nec
3384 3560 3538 3614 inter
3560 3557 3817 3612 canoni-

2145 3678 2264 3726 cas,
2296 3675 2405 3714 nec
2437 3656 2668 3718 dubias,
2701 3671 2810 3709 nec
2840 3651 3206 3724 apocryphas
3238 3651 3562 3721 scripturas
3591 3663 3811 3702 nume-

2144 3750 2261 3804 rari
2295 3753 2452 3802 recte
2496 3744 2760 3816 potuisse
2816 3741 3130 3796 contendo.
3180 3739 3406 3794 Scimus
3438 3755 3472 3792 ιι
3519 3736 3807 3807 qualibus

2144 3840 2284 3894 viris
2306 3836 2569 3908 profecta
2593 3839 2728 3889 sunt
2752 3834 3129 3904 scripta,qum
3154 3831 3210 3884 in
3237 3846 3468 3884 sacrum
3501 3844 3804 3883 canonem

2144 3927 2525 3998 recipiantur,
2558 3923 2802 3989 scilicet,
2847 3921 2934 3976 vel
2965 3920 3036 3974 ab
3069 3919 3371 3990 apostolis,
3408 3919 3459 3972 S.
3496 3917 3800 3986 Matthaao,

2147 4019 2202 4073 S.
2232 4018 2480 4077 Joanne,
2511 4014 2565 4068 S.
2599 4011 2802 4077 Paulo,
2836 4011 2890 4065 S.
2924 4011 3120 4075 Petro,
3155 4015 3215 4062 et
3243 4008 3492 4062 fortasse
3542 4007 3597 4060 S.
3629 4007 3805 4060 Jaco-

2149 4105 2220 4158 bo
2253 4108 2428 4172 atque
2460 4101 2516 4155 S.
2549 4099 2716 4162 Juda,
2771 4096 2861 4151 vel
2913 4095 2984 4150 ab
3036 4094 3439 4166 apostolorum
3489 4091 3808 4162 discipulis

2148 4199 2324 4263 atque
2358 4187 2697 4251 comitibus,
2727 4186 2936 4241 eodem
2981 4186 3192 4256 spiritu
3243 4183 3482 4244 afﬂatis.
3516 4184 3567 4236 S.
3603 4184 3807 4237 Marco

2148 4286 2323 4350 atque
2352 4281 2407 4335 S.
2435 4279 2604 4332 Luca.
2632 4277 2710 4330 De
2743 4275 2814 4328 iis
2837 4292 2966 4344 quae
2991 4273 3098 4329 sub
3123 4272 3364 4328 nomine
3391 4271 3809 4344 apostolorum

2150 4371 2370 4440 scripta
2400 4373 2559 4434 sunt,
2593 4364 2910 4435 aliquando
2943 4364 3312 4426 dubitabant,
3349 4371 3406 4418 et
3436 4380 3593 4417 nunc
3620 4363 3814 4416 hausi-

2149 4465 2366 4522 tanter,
2399 4473 2557 4511 nunc
2589 4461 2788 4526 aperte
2822 4460 2880 4508 et
2909 4453 3263 4524 simpliciter
3296 4453 3662 4524 rejiciebant.
3716 4453 3812 4509 De

2150 4549 2220 4603 iis
2251 4564 2382 4618 quae
2405 4563 2438 4600 a
2464 4543 2774 4615 discipulis
2797 4549 2899 4597 aut
2926 4541 3240 4597 comitibus
3259 4542 3810 4612 apostolorum.qui

400 4632 486 4694 Ut,
522 4630 569 4684 si
603 4632 803 4684 Patres
836 4631 998 4686 illitis
1023 4631 1258 4686 concilii
1318 4647 1566 4702 purgare
1614 4649 1675 4685 se
1724 4631 2038 4696 voluerint,
2076 4613 2116 4676 D
2148 4613 2291 4691 vivis
2317 4613 2907 4706 apostolis—defuncti
2962 4638 3118 4698 sum,
3166 4631 3325 4686 edita
3373 4632 3551 4686 fuisse
3602 4630 3808 4701 primo

396 4719 552 4773 idem
585 4719 762 4774 etiam
795 4720 866 4774 ab
897 4726 1135 4775 auctore
1162 4721 1339 4790 hujus
1356 4719 1606 4775 Indiculi
1635 4720 1804 4774 nobis
1835 4737 2036 4791 exspe-

396 4808 675 4863 ctandum
707 4825 827 4862 non
855 4811 948 4863 sit.
985 4809 1095 4864 Sed
1127 4826 1236 4864 nec
1269 4809 1416 4864 illud
1446 4826 1648 4864 verum
1671 4809 1931 4880 estquod
1949 4825 2035 4863 as-

397 4897 542 4951 serit
571 4897 1076 4964 Dallzeus,l’atres
1133 4898 1462 4964 Trullanos,
1518 4899 1649 4953 ideo
1698 4899 2036 4968 rejectionis

393 4987 898 5041 Cnnstitutionum
929 4987 1221 5042 rationem
1252 4986 1601 5054 reddidisse,
1633 4992 1698 5040 ut
1737 4987 2034 5057 judicium

393 5091 564 5129 suum
597 5076 1117 5146 purgarent,aliter
1145 5077 1303 5131 enim
1337 5077 1580 5131 omnino
1608 5093 1670 5132 se
1692 5093 1786 5131 res
1809 5077 2034 5144 habuit,

393 5164 551 5233 quod
584 5165 857 5232 ignorare
887 5165 1142 5220 Dallmus
1174 5182 1291 5220 non
1327 5167 1536 5236 potuit.
1588 5167 1829 5237 Recepit
1887 5166 2037 5220 illud

395 5251 708 5306 concilium
733 5254 799 5305 85
823 5270 1082 5308 canones
1106 5254 1766 5324 apostolicos.tanquam
1789 5255 1859 5308 ab
1892 5255 2038 5326 ipsis

395 5342 680 5411 apostolis
713 5341 999 5398 dictatos:
1031 5343 1304 5398 videbant
1335 5343 1394 5397 in
1432 5343 1645 5398 ultimo
1705 5360 1908 5398 eorum
1941 5361 2034 5398 ca-

397 5447 621 5487 nonum
644 5439 773 5488 octo
806 5433 991 5487 libros
1013 5433 1509 5488 Constitutionum
1544 5433 1880 5487 confirmari
1915 5433 2040 5502 (nu-

401 5529 707 5576 merantur
728 5524 887 5576 enim
919 5523 1074 5576 inter
1106 5515 1297 5593 βιϐλία
1324 5515 1590 5591 σεϐάσμιοι
1621 5522 1710 5573 καὶ
1742 5519 1891 5594 ἆγια,
1943 5521 2042 5576 ad-

398 5610 619 5665 duntur
650 5611 882 5681 scriptis
941 5610 1305 5681 apostolicis,
1363 5610 1497 5664 Novi
1552 5610 1933 5678 Testamenti,
1987 5611 2040 5664 αἱ

401 5696 655 5777 δικταγαὶ
689 5698 815 5772 ὑμῖν
844 5703 961 5761 τοῖς
995 5697 1310 5760 ἐπισκόποις
1343 5694 1408 5752 δι’
1440 5697 1579 5770 ἐμοῦ
1609 5694 1932 5770 Κλήμεντος
1987 5696 2042 5754 ἐν

2147 4725 2530 4797 putabantur,
2563 4721 2911 4777 dubitabant
2933 4737 3008 4775 an
3031 4721 3103 4776 ab
3131 4721 3336 4774 eodem
3363 4721 3573 4791 spiritu
3597 4719 3807 4790 profe~

2147 4823 2240 4871 cta
2270 4815 2330 4868 in
2359 4812 2632 4868 eumdem
2660 4827 2949 4866 canonem
2981 4827 3112 4864 cum
3148 4810 3260 4864 illis
3293 4811 3347 4865 S.
3402 4811 3569 4864 Luca:
3615 4813 3807 4878 atque

2147 4905 2200 4959 S.
2236 4903 2412 4957 Marci
2443 4901 2626 4971 recipi
2651 4900 2952 4965 deberent,
2981 4905 3045 4952 ut
3076 4898 3145 4954 de
3178 4899 3503 4965 Clemente,
3529 4896 3818 4954 Barnaba

2148 5000 2207 5049 et
2229 4995 2442 5048 Herma
2459 4991 2651 5061 primo
2681 4989 2997 5060 quaesitum
3025 4994 3128 5044 est.
3155 4990 3368 5043 Postea
3394 4988 3573 5043 etiam
3597 4987 3823 5057 aliqua.

2150 5081 2502 5138 dicebantur
2521 5079 2595 5134 ab
2619 5079 2764 5149 ipsis
2785 5078 3068 5148 apostolis
3090 5078 3328 5143 dictata,
3355 5083 3412 5131 et
3437 5093 3470 5131 a
3490 5077 3820 5147 discipulis

2149 5172 2272 5226 suis
2294 5187 2365 5224 ex
2397 5167 2800 5239 apostolorum
2834 5173 3128 5238 praecepto
3159 5167 3397 5237 scripta.
3431 5172 3490 5220 et
3537 5172 3668 5236 post
3700 5183 3824 5221 eo—

2150 5277 2280 5315 rum
2315 5262 2566 5313 mortem
2597 5257 2746 5311 forte
2781 5255 3095 5328 divulgata,
3139 5256 3210 5310 de
3233 5256 3447 5325 quibus
3477 5271 3717 5310 rursum
3741 5255 3827 5315 in

2148 5348 2412 5404 Ecclesia
2443 5346 2776 5402 dubitatum
2810 5351 2930 5412 est;
2968 5351 3024 5400 et
3056 5363 3127 5399 ex
3160 5345 3280 5400 illis
3311 5348 3418 5398 τῶν
3445 5341 3822 5416 ἀντιλεγομέ-

2149 5458 2251 5490 νων
2284 5442 2341 5491 et
2371 5437 2476 5487 τῶν
2512 5431 2840 5508 ἀποκρύφων
2892 5434 3142 5488 lndiculi
3193 5433 3443 5488 confecti
3499 5439 3655 5488 sunt.
3702 5433 3831 5493 Illa.

2152 5527 2328 5597 igitur
2357 5525 2596 5593 scripta.
2632 5540 2763 5592 quas
2809 5539 2944 5577 cum
2997 5523 3188 5592 primo
3238 5522 3624 5593 apparebant,
3670 5527 3822 5579 tan—

2153 5629 2328 5686 quam
2353 5614 2408 5668 S.
2441 5613 2759 5682 Scriptura:
2781 5617 2979 5682 partes
3001 5611 3468 5681 accipiebantur.
3497 5611 3570 5665 ab
3589 5610 3834 5682 aliqui—

2151 5702 2263 5761 bus
2294 5706 2501 5774 postea
2546 5705 2778 5773 negata,
2833 5700 2991 5758 inter
3026 5697 3417 5776 ἀντιλεγόμενα
3469 5701 3816 5777 ὴωεθινιωι,
