3972 6306
183 355 292 419 129

921 357 978 418 J.
1023 357 1172 416 PEA
1191 354 1442 417 BSONIl
1493 355 1815 435 vmnlcu

1938 354 2382 417 GNATIANJE.
2429 391 2508 401 —
2549 358 2751 420 PARS
2795 358 2840 420 ῐ.

3490 364 3607 424 130

181 507 305 562 quae
336 488 408 545 ab
443 487 719 544 omnibus
750 505 786 544 a
837 504 1061 545 canone
1115 491 1355 562 rejecta,
1392 492 1454 546 in
1486 491 1836 563 apocryphis
1869 496 1920 563 Α
1952 486 2050 541 tici
2110 491 2210 542 aut
2264 488 2418 542 male
2447 488 2640 544 feriati
2671 491 2965 560 homines,
2995 493 3177 548 sacris
3209 495 3461 551 oraculis
3493 497 3600 552 mi-

180 580 664 636 numerabantur.
698 579 805 635 Illa
836 596 1130 651 vero,quse
1163 581 1238 636 ad
1270 582 1484 636 divinae
1517 582 1837 652 Scripturze

185 688 472 727 canonem
506 687 816 742 nunquam
847 671 1209 742 aspirabant,
1241 689 1372 742 quas
1395 673 1837 744 quamprimum

182 763 392 833 scripta
430 761 818 833 sunt,diuque
856 767 1083 833 postea,
1118 779 1238 817 non
1290 769 1356 818 ut
1387 765 1696 830 canonica,
1731 761 1830 818 sed

185 853 473 907 catholica
506 857 736 906 tantum
763 852 1428 924 recipiebantur,neque
1452 854 1608 907 inter
1632 850 1840 906 ἀντιλε-

182 940 400 1016 γόμενα,
438 958 632 1012 neque
664 941 824 995 inter
852 943 1191 1013 apocrypha
1249 942 1551 997 numerari
1601 942 1838 997 saeculis

182 1032 564 1103 sequentibus
596 1033 1092 1103 potuerunt.Cum
1115 1032 1297 1104 igitur
1319 1033 1840 1104 epistolm.S.lgna-

181 1124 241 1178 tii
275 1130 407 1194 post
429 1123 698 1176 omnium
724 1121 1129 1193 apostolorum
1155 1128 1504 1192 mortem,ex
1524 1123 1836 1178 occasione

182 1220 409 1268 tantum
437 1213 731 1284 martyrii,
792 1218 850 1266 et
881 1213 940 1267 in
982 1213 1195 1267 itinere
1228 1213 1422 1268 subito
1461 1213 1661 1267 effusa)
1697 1213 1836 1283 sint,

182 1302 762 1357 eumaChristianis
786 1319 891 1372 pro
947 1302 1180 1373 scriptis
1239 1303 1429 1357 sancti
1489 1302 1598 1356 viri
1660 1307 1837 1373 atque

185 1393 461 1462 martyris
494 1385 910 1446 tantummodo
941 1397 1335 1464 acceptaa,nec
1367 1408 1656 1463 unquam,
1680 1392 1839 1462 quod

185 1485 422 1550 scimus,
453 1484 513 1538 in
545 1483 810 1539 Ecclesia
835 1484 1003 1538 lectae
1027 1484 1374 1550 sint,nescio
1400 1484 1696 1555 quomodo
1719 1485 1838 1540 cui-

187 1590 360 1644 quam
394 1573 459 1626 in
488 1579 752 1628 mentem
776 1573 975 1628 venire
1005 1575 1287 1644 potuerit,
1312 1579 1376 1628 ut
1406 1590 1503 1629 eas
1537 1574 1597 1628 in
1628 1590 1835 1629 nume-

182 1680 242 1716 ro
288 1663 772 1734 apocryphorum
804 1663 942 1716 Novi
974 1663 1335 1718 Testamenti
1371 1667 1734 1717 numeraret.

248 1753 404 1815 Quid
437 1751 901 1823 igitur,inquies,
925 1752 1063 1808 facit
1103 1753 1165 1807 in
1198 1752 1462 1808 lndiculo
1489 1753 1696 1825 Ignatii
1730 1770 1836 1807 no-

182 1858 316 1895 men
348 1840 376 1894 ?
432 1841 645 1896 Facilis
705 1847 766 1895 et
814 1842 1087 1912 expedita
1127 1843 1456 1913 responsio.
1491 1845 1616 1897 Non
1639 1843 1699 1897 in
1728 1843 1839 1898 hoc
1875 1867 1917 1931 Β

182 1931 550 1994 tantum,sed
583 1938 640 1985 et
663 1932 721 1985 in
743 1931 858 1986 alio
882 1931 1147 1986 ludiculo
1172 1948 1391 1987 nomen
1413 1933 1620 2004 lguatii
1646 1950 1840 2004 reper-

185 2021 344 2085 itur;
380 2025 441 2074 et
482 2036 624 2074 sane
683 2022 833 2075 ratio
885 2021 1112 2088 suadet,
1146 2020 1219 2074 ob
1274 2021 1544 2076 eamdem
1599 2039 1838 2077 causam

187 2108 466 2163 eumdem
509 2110 571 2163 in
621 2115 874 2181 utroque
902 2110 1220 2166 nominari.
1258 2110 1563 2166 Indiculus
1594 2111 1690 2166 ille
1722 2129 1834 2166 ms.

187 2207 370 2254 exstat
403 2199 566 2253 inter
592 2199 774 2255 libros
798 2201 1185 2256 Baroccianos
1233 2201 1295 2255 in
1329 2200 1693 2257 Bibliotheca
1724 2219 1835 2273 pu-

190 2290 333 2344 blica
364 2290 598 2355 Oxonii,
633 2290 704 2344 de
737 2307 854 2360 quo
901 2290 1131 2345 monuit
1184 2291 1477 2359 Usserius,
1536 2308 1833 2363 quemque

189 2396 292 2433 nos
320 2379 603 2434 vidimus.
637 2380 703 2433 In
735 2379 839 2434 illo
869 2380 1026 2434 inter
1046 2378 1302 2450 plurima
1361 2381 1699 2450 apocrypha
1728 2398 1834 2436 nu-

186 2474 495 2524 merantur
515 2462 746 2540 Διδαχαί
776 2471 884 2522 τῶν
916 2465 1259 2540 ἀποστόλων,
1319 2464 1648 2522 Δίδασκαλία
1678 2468 1830 2539 Κλή-

185 2574 396 2630 μεντος,
436 2557 696 2634 Ἰγνανῖου
728 2555 1080 2613 Διδασκαλίαι.
1150 2561 1224 2615 Ut
1265 2565 1464 2615 autem
1521 2560 1685 2615 aliud
1743 2565 1834 2614 est

179 2646 521 2704 Αιδασκαλία
554 2649 644 2704 vel
676 2647 888 2726 Διδαχή
923 2649 1436 2716 Clementis,aliud
1462 2650 1830 2720 epistola,ita

177 2746 228 2792 et
260 2739 498 2812 lgnatii.
537 2739 646 2794 Sed
672 2739 881 2794 eodem
902 2739 1078 2794 modo
1103 2739 1493 2810 supplendam
1517 2746 1574 2794 et
1605 2740 1825 2795 intelli-

173 2831 425 2900 gendam
468 2829 916 2885 Stichometriam
948 2834 1213 2884 nostram
1263 2846 1477 2885 censeo
1513 2847 1525 2884 :
1579 2830 1824 2898 scilicet,

170 2916 382 2992 ἁιδαχή
450 2917 796 2985 ἀποστόλων,
851 2916 1168 2990 Κλήμεντος
1228 2914 1502 2991 (διδαχὴ),
1561 2919 1826 2993 Ἰγνατίου

171 3007 423 3088 (διδαχή,
459 3017 524 3065 ut
557 3011 657 3066 illa
675 3027 787 3065 vox
817 3005 1042 3083 διδαχή,
1077 3011 1244 3081 quasi
1275 3009 1381 3063 ἀπὸ
1402 3013 1588 3063 κοινοῦ
1620 3011 1822 3066 subin-

172 3100 658 3172 telligatur,quod
691 3100 1080 3171 scriptoribus
1110 3101 1390 3155 omnibus
1427 3117 1712 3171 perquam
1736 3101 1825 3156 fa-

175 3191 430 3245 milliare
467 3195 574 3244 est.
607 3194 797 3261 Atque
823 3191 904 3245 ita
926 3190 1072 3245 illud
1103 3184 1172 3244 λϐ
1205 3191 1492 3246 Clementi
1523 3190 1824 3262 adjectum

175 3236 430 3245 _..--...--
469 3236 574 3244 ν--.
607 3236 796 3261 --.τη
824 3236 904 3245 -.κ
926 3236 1072 3245 -.-η
1103 3236 1168 3244 ..ν
1210 3236 1492 3246 ..-.....-...-
1524 3236 1824 3262 “de”-..

173 3281 227 3333 in
252 3279 502 3346 Graecis,
526 3285 585 3333 et
635 3279 708 3334 ab
756 3280 1068 3335 Anastasio
1128 3281 1615 3350 prmtermissum,
1674 3279 1825 3334 nihil
1855 3236 1895 3302 Ο

174 3371 332 3425 aliud
363 3371 755 3441 fuerit,quam
779 3371 1138 3426 abbreviatio
1162 3370 1360 3440 aliqua
1377 3370 1535 3424 vocis
1567 3364 1768 3441 διδαχή
1795 3385 1828 3423 a

172 3459 416 3515 librario
453 3461 698 3515 minime
732 3459 1036 3515 intellecta
1067 3465 1124 3514 et
1155 3459 1309 3514 male
1329 3458 1692 3529 depicta,aut
1715 3475 1824 3513 nu-

171 3567 368 3604 merus
400 3550 963 3620 capitulorum,qua3
982 3550 1042 3604 in
1064 3549 1169 3604 illa
1202 3548 1529 3604 Didascalia
1554 3547 1822 3602 contine-

167 3639 404 3694 bantur.
443 3640 516 3693 Ut
561 3640 925 3710 Coptitarum
975 3638 1323 3706 Didascalia,
1380 3655 1558 3708 quam
1608 3637 1823 3692 factam

165 3729 408 3784 tradunt
437 3745 473 3783 a
503 3727 818 3783 duodecim
848 3728 1151 3799 apostolis,
1184 3743 1316 3782 cum
1349 3728 1400 3780 S.
1439 3726 1620 3781 Paulo
1655 3732 1712 3781 et
1735 3727 1825 3780 Ja-

164 3819 305 3873 cobo
341 3817 892 3888 Hierosolymorum
934 3817 1233 3889 episcopo,
1267 3816 1607 3871 continebat
1628 3817 1694 3870 38
1725 3830 1823 3869 ca-

162 3908 370 3978 pitula,
421 3913 482 3962 et
533 3907 947 3962 abbreviatura
1003 3905 1256 3961 solemni
1306 3905 1614 3961 dicebatur
1654 3906 1819 3972 Dask,

163 3996 679 4068 quemadmodum
713 4013 782 4051 ex
806 4013 914 4051 ms.
942 3995 1140 4051 codice
1170 3995 1525 4050 Barocciano
1567 3999 1819 4050 constat.

164 4089 303 4142 Cum
339 4087 510 4142 enim
571 4087 630 4140 in
691 4086 875 4140 altero
925 4085 1190 4140 lndiculo
1244 4082 1507 4158 Ἰγνατίου
1565 4079 1820 4137 ὁιδασκπι-

162 4171 282 4228 ὶίιι
318 4176 396 4231 ad
420 4175 764 4246 apocrypha
793 4175 1095 4229 videamus
1125 4173 1625 4246 relegatam,quid
1657 4171 1818 4228 aliud

163 4273 246 4320 est
270 4264 441 4336 quod
476 4267 539 4319 in
573 4271 772 4318 nostro
795 4265 870 4320 ad
891 4281 1112 4319 nomen
1165 4262 1426 4338 Ἰγνατίου
1478 4262 1816 4318 subintelli-

159 4362 329 4425 gatnr
362 4355 764 4426 (subintelligi
815 4354 975 4409 enim
1024 4353 1252 4423 aliquid
1296 4353 1540 4409 omnino
1598 4351 1816 4429 debet),

158 4460 334 4512 quam
359 4438 573 4516 διδαχή
604 4461 617 4509 ;
647 4449 706 4498 et
735 4460 869 4499 cum
902 4439 1221 4495 ὃιδασκακία
1254 4439 1571 4512 Κλήμεντος
1621 4442 1682 4496 in
1713 4442 1817 4496 illo

157 4533 640 4590 alteroindiculo
671 4532 966 4604 praecedat
997 4547 1126 4587 eam
1148 4531 1490 4601 Ignatii,cur
1520 4532 1615 4586 hic
1639 4532 1817 4586 etiam

1947 575 2111 629 nime
2139 578 2424 644 contenti,
2457 578 2608 633 tales
2631 575 2861 652 διδαχάς
2913 587 2971 634 et
3029 577 3382 643 διδασκαλίας
3442 603 3598 642 com-

1945 665 2131 718 menti
2169 671 2326 719 sunt.
2365 668 2502 730 Quae
2531 667 2680 722 nulli
2713 674 2873 723 certo
2906 672 3228 741 apostolico
3263 674 3385 728 viro
3419 677 3597 730 ascri-

1946 752 2217 821 bebatur,
2241 753 2396 809 dicta
2430 762 2520 810 est
2550 751 2754 833 διδαχή
2782 758 2869 812 vel
2902 755 3226 814 διδασκαλία
3249 761 3594 832 ἀποστόλων,

1947 859 2076 912 quae
2092 843 2163 896 ab
2183 843 2379 914 aliquo
2402 847 2805 916 apostolorum
2820 847 3110 919 discipulo
3127 852 3345 922 scripta
3362 855 3599 924 putaba-

1945 932 2200 1003 tur,ejus
2233 949 2452 987 nomen
2482 951 2602 1004 pra:
2627 952 2689 990 se
2711 935 2956 1006 ferebat,
2990 935 3417 1007 υἰιόιδασκαλία
3451 943 3598 1013 Κλή-

1953 1021 2277 1089 μεντος,νοι
2309 1018 2398 1073 διά
2431 1020 2775 1094 Κλήμεντος,
2828 1043 2958 1096 qum
2991 1029 3256 1084 omnium
3289 1031 3466 1104 hujus
3497 1049 3588 1105 ge-

1946 1109 2107 1162 neris
2129 1111 2544 1181 antiquissima
2575 1112 2917 1170 videtur.Ad
2936 1117 3112 1188 hujus
3130 1125 3326 1174 autem
3349 1121 3597 1177 formam

1946 1197 2158 1251 efﬁctas
2186 1203 2324 1252 sunt
2345 1205 2402 1252 et
2433 1199 2564 1254 alite
2589 1201 2926 1272 complures
2951 1204 3196 1260 diversis
3239 1208 3470 1262 saculis
3493 1227 3588 1264 ex-

1951 1287 2218 1358 cogitatzn
2241 1293 2419 1358 atque
2479 1288 2793 1360 evulgataa;
2825 1297 2890 1346 ut
2948 1289 3269 1347 διδασκαλία
3311 1297 3593 1370 Ἰγνατίου,

1952 1385 2023 1439 de
2058 1400 2174 1454 qua
2206 1384 2484 1455 dlximus,
2508 1392 2568 1441 et
2597 1382 2921 1442 διδασκαλία
2952 1387 3040 1444 διὰ
3072 1391 3419 1466 Ἱππολύτου,
3443 1415 3595 1454 non-

1947 1473 2089 1528 dum
2117 1489 2151 1528 a
2181 1475 2460 1545 quopiam
2485 1475 2810 1541 observata,
2832 1496 3010 1550 quam
3043 1482 3102 1536 in
3133 1484 3332 1540 codice
3364 1503 3472 1541 ms.
3510 1489 3594 1542 bi-

1947 1560 2257 1616 bliothecas
2290 1562 2640 1618 Oxoniensis
2671 1565 2852 1622 latere
2887 1573 3190 1627 testamur.
3217 1574 3413 1644 Neque
3438 1577 3594 1631 enim

1945 1649 2214 1719 deerant,
2276 1653 2375 1720 qui
2426 1653 2803 1726 Hippolytum
2863 1658 3005 1728 ipsis
3061 1666 3266 1716 notum
3313 1665 3593 1734 apostolis

1946 1739 2356 1810 praadicarent.
2392 1741 2544 1804 Quin
2577 1744 2828 1798 ettalem
2861 1740 3094 1823 διδαχὴν
3130 1750 3306 1804 etiam
3331 1752 3384 1807 S.
3420 1753 3594 1825 Poly-

1949 1844 2125 1898 carpo
2158 1829 2502 1885 attributam
2551 1831 2730 1887 fuisse
2790 1850 2909 1889 non
2965 1836 3189 1894 dubito.
3223 1841 3386 1895 Tales
3427 1849 3596 1898 erant

1951 1917 2280 1987 antiquitus
2307 1919 2786 1991 evulgatee,quasi
2816 1923 2888 1977 ab
2913 1927 3194 1995 apostolis
3216 1929 3489 1986 derivatae
3523 1929 3598 1985 8v.-

1952 2002 2116 2078 δαχαί
2149 2013 2324 2078 atque
2359 2004 2644 2077 διατάξεις.
2679 2013 2916 2078 Nam,ut
2944 2020 3102 2070 recte
3135 2018 3188 2073 S.
3245 2020 3591 2091 Chrysosto-

1948 2111 2105 2163 mus,
2135 2098 2241 2148 τῶν
2275 2095 2606 2172 πραγμάτων
2637 2099 2706 2152 τὰ
2736 2100 2827 2171 μὲν
2870 2097 3220 2166 διδασκαλίας
3278 2103 3468 2175 δεῖται,
3526 2111 3592 2164 τά

1955 2179 2013 2236 δὲ
2043 2182 2330 2261 ἐπιταγῆς,
2362 2189 2494 2244 aliae
2523 2206 2606 2244 res
2652 2191 2937 2261 docentur,
2972 2194 3100 2251 alim
3123 2199 3479 2256 mandantur.
3510 2203 3592 2256 Ex

1955 2274 2068 2328 illis
2100 2275 2458 2346 didascaliaa,
2493 2295 2562 2333 ex
2595 2280 2686 2334 his
2737 2282 3191 2341 constitutiones
3245 2288 3595 2358 prodierunt

1945 2364 2063 2419 sive
2096 2360 2356 2433 διατάξεις
2388 2373 2453 2421 ut
2485 2368 2539 2422 S.
2575 2370 2812 2440 Paulus,
2847 2373 2870 2426 Ι
2901 2375 3028 2427 Cor.
3086 2393 3183 2444 νη,
3219 2380 3282 2431 17
3327 2395 3340 2434 :
3401 2379 3591 2442 Οὕτως

1945 2450 1996 2505 ἐν
2060 2458 2180 2510 ταῖς
2223 2453 2578 2525 Ἐκκλησίαις
2630 2458 2825 2521 πάσαις
2899 2458 3281 2537 διατάσσομαι,
3369 2477 3428 2525 et
3507 2489 3586 2543 ιι,

1943 2545 2045 2598 34ζ
2082 2543 2163 2598 Τὰ
2196 2541 2252 2598 δὲ
2283 2543 2471 2614 λοιπὰ,
2499 2546 2572 2608 ὡς
2604 2543 2662 2600 ἄν
2693 2545 2858 2617 ἔλθω,
2894 2548 3234 2626 διατάξομαι.

2013 2653 2083 2706 Ut
2139 2652 2317 2724 hujus
2364 2653 2792 2712 observationis
2847 2665 3063 2716 nostra)
3096 2665 3308 2720 veritas
3339 2667 3588 2725 ulterius

1938 2741 2365 2804 innotescat,ex
2395 2743 2489 2798 his
2519 2745 2764 2801 diversis
2789 2747 3126 2805 didascaliis
3152 2763 3326 2824 atque
3356 2760 3574 2813 consti-

1939 2832 2287 2896 tutionibus,
2321 2832 2505 2888 libros
2538 2840 2668 2889 octo
2701 2837 3200 2896 Constitutionum
3225 2846 3575 2915 apostolica-

1934 2939 2089 2990 rum,
2123 2940 2270 2993 quos
2299 2939 2458 2978 nunc
2482 2925 3096 2992 habemus,confectos
3126 2938 3302 3004 atque
3337 2953 3574 2992 consar-

1933 3012 2144 3067 citatos
2191 3013 2394 3081 fuisse,
2453 3031 2718 3070 asserere
2768 3033 2886 3072 non
2943 3019 3168 3076 dubito.
3211 3025 3368 3080 Duos
3399 3027 3577 3098 hujus

1933 3102 2130 3173 operis
2163 3103 2364 3158 titulos
2393 3104 2640 3175 reperiri
2670 3105 2932 3162 fatentur
2960 3109 3066 3163 viri
3099 3110 3276 3180 docti,
3321 3133 3574 3185 quorum

1936 3207 2091 3246 unus
2119 3189 2397 3268 Διαταγαί,
2433 3192 2582 3247 alter
2615 3192 2895 3262 Καθολική
2948 3192 3287 3256 διδασκαλία.
3345 3206 3577 3262 Utrius-

1937 3297 2050 3351 que
2081 3297 2235 3351 saape
2263 3281 2323 3334 in
2357 3281 2499 3353 ipsis
2523 3281 2690 3337 libris
2713 3286 2934 3340 mentio
2959 3287 3110 3355 ﬁt,et
3137 3296 3301 3346 vetus
3333 3296 3579 3367 Epipha-

1936 3370 2021 3423 nii
2047 3370 2455 3424 testimonium
2488 3371 2700 3426 haresi
2729 3375 2797 3427 80
2845 3376 3244 3449 suffragatur:
3306 3382 3402 3436 Καὶ
3451 3383 3577 3457 περὶ

1940 3456 2035 3530 μὲν
2067 3455 2156 3509 οὗν
2190 3461 2288 3511 τοῖ’)
2337 3458 2546 3532 γενείου
2583 3457 2636 3512 ἐν
2668 3466 2786 3523 ταῖς
2813 3463 3087 3534 Διατάξεσι
3118 3471 3223 3521 τῶν
3253 3455 3579 3526 ἀποστόλων

1935 3545 2123 3624 φάσκει
2150 3546 2177 3599 ὁ
2211 3551 2352 3609 θεῖος
2395 3545 2563 3622 λόγος
2593 3548 2682 3601 καὶ
2713 3551 2747 3612 ἡ
2785 3547 3128 3608 διδασκαλία.
3175 3559 3239 3613 Et
3290 3562 3356 3615 de
3411 3563 3579 3617 barba

1935 3637 2157 3706 quidem
2189 3638 2246 3690 in
2275 3638 2768 3693 Constitutionibus
2792 3643 3164 3710 apostolorum
3196 3647 3442 3718 loquitur
3496 3651 3581 3705 di—

1933 3728 2090 3780 vinus
2119 3742 2292 3780 sermo
2333 3732 2382 3780 et
2405 3729 2674 3780 doctrina.
2709 3729 2795 3782 Ita
2825 3730 2945 3796 ille,
2979 3733 3156 3789 verba
3200 3737 3388 3793 citans
3447 3757 3578 3810 qua)

1933 3831 2090 3870 nunc
2120 3814 2500 3885 reperiuntur
2530 3814 2631 3868 lib.
2659 3833 2696 3881 ι,
2732 3833 2858 3888 cap.
2895 3822 2946 3886 3,
2989 3823 3158 3892 cujus
3210 3825 3345 3880 libri
3405 3829 3574 3884 initio

1933 3904 2156 3959 dictum
2187 3908 2274 3957 est
2305 3919 2318 3956 :
2354 3900 2645 3955 ’.λεγούσατε
2685 3899 3004 3959 διδασκαλία
3034 3908 3202 3982 ἱεράν.
3239 3914 3346 3969 11Ιᾶ
3373 3923 3570 3972 autem

1927 3989 2197 4059 καθολική
2232 3987 2552 4044 διδασκαλία
2591 3993 2855 4048 omnium
2883 3995 3368 4056 disdascaliarum
3399 4006 3572 4058 colle-

1931 4083 2189 4136 ctionem
2221 4080 2505 4134 denotare
2535 4080 2885 4137 videturlla)
2911 4091 3108 4140 autem
3129 4088 3466 4146 didascalize
3489 4093 3575 4146 di-

1928 4171 2114 4226 versis
2146 4168 2530 4240 temporibus,
2555 4175 2613 4224 et
2644 4169 2890 4226 diversis
2922 4173 3099 4230 etiam
3132 4177 3407 4235 Ecclesiae
3440 4197 3570 4252 par-

1932 4260 2108 4323 tibus,
2136 4258 2238 4312 ubi
2270 4257 2563 4312 distinctas
2623 4264 2791 4312 erant
2830 4261 3177 4320 traditiones
3210 4270 3571 4339 apostolica),

1929 4346 2563 4420 scriptae,occasionem
2595 4347 2886 4404 dederunt
2907 4355 3369 4412 consarcinatori
3387 4361 3575 4416 multa

1929 4436 2282 4494 immutandi
2314 4434 2855 4508 interpolandique,
2880 4445 2945 4494 ut
2983 4445 3182 4499 omnia
3214 4446 3398 4518 ipsius
3451 4468 3570 4505 ωνο

1928 4527 2141 4582 melius
2165 4525 2526 4597 quadrarent
2550 4541 2562 4578 :
2583 4528 3085 4595 quemadmodum
3107 4543 3352 4606 apparet
3371 4541 3574 4608 praeci-

157 4623 486 4694 Κλήμεντος
519 4618 725 4694 διδαχή
764 4639 881 4677 non
909 4628 1064 4678 recte
1097 4621 1820 4693 intelligatur,praesertim
1853 4621 1896 4685 ι]
1930 4633 2044 4688 pue
2076 4632 2144 4670 ex
2175 4615 2267 4684 iis,
2303 4631 2432 4684 quae
2465 4613 2827 4684 Epiphanius
2859 4619 3077 4689 citavit,
3102 4639 3135 4677 a
3165 4626 3382 4681 nostris
3415 4644 3564 4682 non-

157 4732 285 4769 cum
324 4713 633 4786 praacedat
666 4714 725 4768 in
756 4714 886 4779 hoc,
920 4719 987 4768 ut
1019 4713 1079 4768 in
1110 4712 1320 4779 altero,
1345 4708 1553 4785 Διδαχὴ
1587 4711 1815 4765 ἀποστό-

156 4800 280 4860 λων.
319 4807 512 4861 Tanta
545 4809 636 4857 est
661 4805 719 4856 in
743 4807 993 4873 utroque
1023 4800 1291 4857 Indiculo
1315 4801 1388 4855 ad
1419 4801 1572 4856 hanc
1629 4801 1814 4856 inter-

156 4896 562 4964 pretationem
593 4892 992 4947 roborandam
1026 4890 1406 4962 conspiratio.

220 4985 378 5048 Quin
410 4989 588 5038 etres
621 4982 748 5052 ipsa
778 4980 937 5036 idem
986 4981 1230 5034 omnino
1261 4979 1432 5034 docet
1485 4979 1810 5034 Observan-

155 5071 293 5128 dum
320 5074 485 5127 enim
517 5076 628 5135 est,
663 5070 865 5141 plures
897 5068 1037 5124 olim
1060 5069 1357 5124 exstitisse
1391 5064 1643 5140 διδαχάς,
1695 5069 1813 5124 sive

153 5155 544 5230 διδασκαλίῃ,
578 5161 748 5230 quasi
781 5158 854 5215 ab
887 5159 1168 5230 apostolis
1200 5157 1588 5230 profectas,et
1619 5158 1708 5212 vel
1739 5159 1811 5214 ab

153 5251 294 5321 ipsis
329 5251 610 5322 scriptas,
644 5249 731 5304 vel
762 5254 923 5304 certe
971 5248 1110 5303 viris
1167 5248 1510 5319 apostolicis
1540 5247 1809 5316 dictatas,

152 5348 202 5394 et
224 5342 298 5396 ab
321 5343 446 5396 illis
478 5340 589 5396 sub
613 5337 1020 5411 apostolorum
1053 5337 1295 5392 nomine
1323 5340 1589 5392 exaratas
1621 5342 1678 5391 et
1706 5339 1812 5391 Ec-

148 5429 334 5485 clesia:
368 5428 1004 5487 commendatas.Cum
1027 5427 1186 5482 enim
1217 5442 1386 5481 voces
1410 5420 1611 5500 διδαχή
1639 5432 1696 5480 et
1725 5422 1810 5478 δι-

155 5514 418 5574 Ξασκαλίει
474 5517 972 5592 frequentissime
1030 5517 1090 5570 in
1122 5517 1274 5570 Novo
1306 5517 1680 5570 Testamento
1711 5533 1810 5572 oc-

155 5620 473 5681 currerent,
531 5618 597 5665 ut
652 5603 862 5680 διδαχὴ
914 5602 1140 5676 Κυρίου,
1199 5599 1400 5678 διδαχὴ
1458 5600 1806 5671 ἀποστόλων,

151 5690 461 5754 ἰιΞιιτ-ωλῐχ
491 5701 590 5753 τοῦ
630 5701 927 5767 Σωτῆρος,
959 5688 1284 5746 διδασκαλία
1315 5689 1558 5761 Παύλου,
1585 5749 1588 5752 ,
1621 5693 1807 5749 haere-

1920 4733 2229 4787 nunquam
2263 4714 2758 4786 discrepantia.Ut
2790 4718 2850 4772 in
2886 4723 3283 4781 vetustissima
3327 4729 3568 4792 diataxi,

1921 4824 2050 4878 quas
2075 4804 2388 4877 Epiphanii
2413 4821 2532 4858 aevo
2553 4805 2875 4871 exstitit,de
2894 4809 3244 4868 celebrando
3265 4817 3568 4884 Paschate,

1922 4896 2315 4952 constitutum
2346 4893 2493 4948 fuit:
2529 4891 2711 4963 Ὑμεῖς
2747 4895 2822 4963 μή
2856 4897 3138 4970 ψηφίζετε,
3188 4900 3335 4956 ἀλλά
3365 4909 3571 4959 ποιεῖτε

1922 4985 2046 5038 ὅταν
2099 4983 2151 5037 οἰ
2209 4978 2435 5056 ἀδελφοὶ
2499 4980 2652 5051 ὑμῶν
2688 4982 2738 5035 οἱ
2771 4981 2830 5037 ἐκ
2859 4995 3186 5060 περιτομῆς,
3233 4992 3349 5061 μετ’
3391 4989 3565 5048 οὒτῶν

1922 5074 2034 5145 ἅμα
2063 5076 2299 5126 ππιεῖτε.
2341 5071 2445 5125 Vos
2474 5070 2698 5126 calculis
2729 5072 2880 5128 haud
2939 5077 3182 5147 utimini,
3215 5081 3308 5136 sed
3337 5098 3396 5136 eo
3429 5089 3566 5138 tem-

1912 5181 2057 5234 pora
2087 5163 2351 5218 celebrate
2379 5175 2484 5229 quo
2514 5163 2718 5226 fratres
2739 5166 2905 5218 vestri
2934 5169 3031 5234 qui
3061 5185 3128 5222 ea:
3156 5172 3564 5230 circumcisione

1909 5253 2240 5325 prodierunt
2276 5266 2288 5302 :
2317 5265 2438 5302 cum
2469 5250 2533 5302 iis
2567 5251 2731 5303 simul
2760 5254 2970 5308 Pascha
3013 5262 3285 5327 peragite.
3321 5261 3564 5318 Videtur

1916 5343 2093 5413 igitur
2122 5341 2248 5393 haec
2278 5335 2528 5392 diataxis
2557 5337 3061 5411 facta,antequam
3093 5346 3235 5401 urbs
3288 5348 3562 5405 Hieroso-

1917 5431 2204 5503 lymitana
2241 5426 2313 5481 ab
2343 5424 2599 5479 Adriano
2633 5433 3155 5488 everteretur.Post
3184 5435 3335 5491 hanc
3365 5444 3564 5496 autem

1916 5518 2203 5584 diataxin,
2229 5514 2450 5586 prodiit
2479 5513 2618 5569 alibi
2651 5533 2842 5574 canon
2882 5520 2989 5574 sub
3021 5526 3424 5593 apostolorum
3456 5546 3566 5586 no-

1919 5610 2081 5666 mine
2108 5606 2207 5677 qui
2227 5620 2384 5658 nunc
2419 5604 2712 5675 septimus
2733 5606 2984 5664 habetur
3012 5627 3024 5664 :
3051 5608 3120 5666 El’
3145 5633 3224 5675 τις
3246 5611 3562 5680 ἐπίσκοπος,

1917 5697 1951 5767 ἢ
1985 5688 2371 5770 πρεσϐὗτερος,
2403 5691 2438 5761 ἢ
2471 5689 2720 5758 διάκονος
2753 5696 2849 5766 τήν
2882 5697 3036 5772 ἁγίαν
3068 5707 3164 5756 τοῦ
3198 5704 3386 5777 Πάσχα
3416 5708 3560 5777 ἡμὲ-
