3972 6306
420 354 531 416 l3l

1478 343 1538 405 S.
1588 341 1985 405 IGNATIUS.
2033 373 2111 385 —
2152 341 2780 405 PROLEGOMENA.

3714 341 3834 403 132

419 506 515 562 ραν
548 485 653 558 πρὸ
680 489 782 552 τῆς
850 480 1069 556 augurii;
1118 477 1407 552 ἰσημερίας
1442 473 1577 549 μετᾶ
1628 470 1908 532 Ἰουδαίων
1939 472 2042 529 ἐπι-

2209 492 2286 532 as.
2312 475 2513 532 codice
2540 476 2881 546 Oxoniensi,
2908 492 3024 548 quo
3047 478 3552 548 repraesentantur
3573 478 3697 530 tum
3725 480 3821 528 Δι·

419 574 650 643 τελέσει,
682 571 1041 646 καθαιρείσθω
1069 572 1130 627 Si
1158 569 1283 641 quis
1299 568 1604 639 episcopus,
1640 572 1737 620 aut
1754 565 2065 636 presbyter,

419 674 518 722 aut
550 667 815 721 diaconus
847 669 1097 719 sanctum
1124 659 1345 715 Pascha:
1373 658 1519 712 diem
1565 662 1694 710 ante
1715 656 1856 710 veris
1886 656 2067 724 aequi-

418 760 660 813 noctium
717 771 836 809 cum
868 754 1074 808 Judwis
1099 752 1294 819 egerit,
1326 765 1361 803 a
1402 748 1583 817 gradu
1620 761 1716 801 suo
1746 745 2062 815 dejiciatur.

417 850 551 904 Hasc
582 863 716 903 cum
738 851 941 917 postea
961 859 995 898 a
1011 840 1262 897 concilio
1282 838 1519 893 Nicaano
1542 836 2064 906 conﬁrmarentur,

414 936 908 994 constitutionum
927 947 1130 987 earum
1156 946 1302 1000 quas
1330 944 1487 982 nunc
1503 926 1791 981 habemus
1822 940 2060 979 consar-

414 1031 646 1084 cinator
697 1032 956 1081 veterem
1016 1021 1280 1076 diataxin
1338 1016 1691 1081 immutavit,
1744 1020 1803 1070 et
1853 1013 1928 1070 ad
1956 1029 2062 1069 sua

415 1127 687 1189 tempora
715 1108 1381 1179 accommodavit,lib,v,
1416 1124 1465 1162 c.
1494 1109 1556 1161 16
1586 1122 1598 1160 :
1658 1108 1748 1157 Δεῖ
1777 1100 1867 1157 οὖν
1897 1101 2058 1175 ὗμᾶς,

412 1204 666 1283 ἀδελφοὶ,
694 1203 820 1263 τοὺς
852 1202 932 1273 τῷ
960 1203 1057 1254 τοῦ
1100 1200 1338 1272 Χριστοό
1365 1193 1536 1267 τιμίῳ
1596 1190 2059 1267 ἐξηγορασμένους

412 1295 623 1367 αἳματι,
656 1293 752 1355 τὰς
783 1290 992 1365 ἡμέρας
1031 1292 1129 1344 τοῦ
1172 1288 1362 1361 Πάσχα
1391 1278 1630 1354 ἀκριϐῶς
1680 1285 1929 1343 ποεῖσοαι
1963 1301 2060 1350 με·-

408 1389 477 1439 τὰ
505 1385 678 1453 πέσης
711 1380 1028 1453 ἐπιμελείας
1059 1378 1193 1450 μετᾶ
1220 1375 1430 1450 τροπήν
1464 1372 1811 1446 ἷσημερινήν.
1874 1376 2059 1440 Opor-

411 1484 485 1531 tet
544 1476 724 1545 igitur
773 1488 888 1539 vos,
919 1475 1144 1540 fratres,
1176 1473 1368 1537 utpote
1417 1463 1661 1536 pretioso
1692 1462 1898 1518 Christi
1925 1477 2058 1516 san-

411 1567 577 1635 guine
635 1564 962 1632 redemptos,
1020 1559 1132 1613 dies
1187 1562 1403 1611 Pascha
1448 1558 1699 1609 accurate
1729 1556 1779 1606 et
1805 1553 1951 1606 omni
1979 1550 2058 1603 di-

412 1655 646 1724 ligentia
685 1658 811 1723 post
867 1650 1257 1720 xquinoctium
1302 1644 1591 1700 celebrare.
1625 1641 1846 1707 Quibus
1878 1640 2055 1695 etiam

414 1750 501 1800 tot
531 1743 808 1799 adversus
839 1739 1071 1796 Judaeos
1094 1736 1295 1792 addita
1324 1739 1484 1799 sunt,
1516 1738 1583 1788 ut
1614 1735 1897 1804 appareat
1925 1733 2058 1801 post

409 1838 680 1903 tempora
708 1827 1021 1901 Epiphanii
1053 1827 1178 1880 haec
1207 1825 1521 1878 immutata
1548 1820 1752 1885 fuisse,
1779 1824 1837 1873 et
1868 1823 2054 1872 totum

407 1921 550 1976 illud
581 1925 758 1991 caput
785 1918 958 1976 aliter
983 1916 1158 1989 plane
1188 1918 1539 1984 conceptum
1571 1908 1895 1966 esse.Unde
1924 1924 2057 1962 con-

399 2017 544 2089 jicio
573 2021 706 2071 octo
738 2014 923 2069 libros
948 2009 1446 2066 Constitutionum
1498 2009 1631 2078 post
1686 2020 1874 2059 aevum
1918 2003 2051 2074 Epi-

404 2105 605 2178 phanii
642 2121 710 2158 ex
762 2102 1059 2158 veteribus
1109 2096 1445 2155 didascaliis
1506 2100 1682 2165 atque
1724 2092 2055 2148 diataxibus

409 2194 737 2250 immutatis
765 2189 1256 2262 interpolatisque
1281 2186 1464 2242 factos
1491 2201 1619 2239 esse
1650 2198 1864 2254 :neque
1894 2182 2054 2236 enim

407 2283 509 2339 ille
528 2297 843 2338 numerum
866 2279 1154 2334 librorum
1168 2274 1546 2330 memorat.ln
1566 2287 1795 2327 canone
1826 2271 2055 2343 quidem

407 2372 620 2429 ultimo
652 2387 858 2426 eorum
886 2369 987 2439 qui
1022 2366 1302 2421 dicuntur
1329 2361 1890 2434 apostolorum,octo
1915 2360 2053 2415 libri

406 2461 906 2518 Constitutionum
939 2458 1156 2513 diserte
1188 2455 1575 2510 nominantur
1597 2468 1611 2517 ;
1634 2451 1738 2507 sed
1759 2451 1927 2505 illum
1960 2466 2051 2506 ca-

404 2567 619 2607 nonem
655 2551 737 2605 ita
757 2549 940 2604 fuisse
964 2549 1316 2616 conceptum
1338 2547 1474 2598 ante
1497 2545 1723 2595 sextum
1745 2539 2047 2605 szeculum,

400 2643 756 2714 opinor,non
789 2641 1052 2709 apparet.
1073 2634 1332 2706 Septimo
1354 2632 1596 2703 quidem
1644 2631 1859 2686 smculo
1908 2635 2046 2685 ante

399 2731 719 2787 concilium
748 2728 1094 2783 Trullanum
1154 2723 1437 2779 Maximus
1467 2726 1671 2777 monet
1700 2720 2044 2790 Dionysium

398 2822 620 2877 factum
652 2818 994 2889 episcopum
1039 2814 1299 2877 Athenis,
1353 2809 1490 2864 κατὰ
1544 2808 1606 2862 τὸ
1666 2807 1959 2885 φερόμενον
1989 2807 2040 2860 ἐν

401 2903 626 2980 ἑϐδόμῳ
667 2900 873 2981 βιϐλίῳ
902 2907 1008 2956 τῶν
1032 2901 1415 2956 ἀποστολικῶν
1447 2896 1850 2970 διαταγμάτων,
1883 2898 2041 2968 quod

399 3017 561 3056 nunc
591 2998 842 3071 legimus
871 2995 973 3051 lib.
1006 3010 1104 3057 vn,
1128 3008 1250 3063 cap.
1312 2993 1397 3045 48.
1459 2992 1679 3045 Auctor
1726 2989 2042 3058 Imperfecti

399 3092 590 3161 Operis
620 3092 677 3143 in
705 3086 1052 3152 Matthaeum,
1086 3082 1334 3138 homilia
1365 3083 1453 3146 53,
1487 3077 1691 3135 laudat
1719 3078 1920 3149 aliqua
1968 3095 2039 3133 ex

392 3179 544 3234 libro
569 3182 770 3233 octavo
801 3176 1107 3231 Canonum
1138 3169 1564 3243 apostolorum,
1598 3184 1728 3239 quas
1759 3182 1920 3222 nunc
1950 3182 2040 3221 re-

752 3231 864 3320 lib.
922 3279 1041 3329 vm,
1095 3231 1221 3333 cap.
1281 3263 1314 3313 2
1379 3231 1895 3313 Consi-ilutionum.
1969 3258 2039 3310 Et.
2075 3231 2119 3298 θ

390 3358 552 3413 hunc
585 3354 825 3426 quidem
858 3357 1159 3408 auctorem
1206 3347 1479 3405 Usserius
1507 3346 1647 3402 facit
1702 3362 1809 3401 non
1860 3347 2039 3400 minus

393 3447 891 3515 antiquum,quam
921 3439 1035 3494 fuit
1078 3436 1463 3509 Epiphanius.
1523 3434 1637 3489 Sed
1690 3434 1817 3489 sine
1874 3433 2038 3488 omni

392 3539 794 3597 controversia
822 3536 1010 3593 multo
1054 3534 1259 3607 junior
1285 3532 1417 3589 fuit.
1452 3531 1699 3603 Scripsit
1735 3531 2039 3584 Panarium

393 3627 761 3701 Epiphanius
787 3630 922 3680 ante
967 3622 1286 3694 imperium
1326 3620 1674 3675 Theodosii:
1727 3615 2041 3687 imperavit

389 3716 755 3773 Theodosius
774 3713 948 3769 annis
979 3710 1237 3768 sedecim
1259 3754 1272 3778 ,
1306 3710 1406 3766 diu
1455 3714 1589 3782 post
1642 3705 2036 3763 Theodosium

395 3806 635 3879 scripsit
681 3810 889 3861 auctor
915 3804 1103 3873 Operis
1137 3801 1461 3873 imperfecti,
1489 3804 1556 3854 ut
1585 3798 1675 3852 vel
1702 3813 1772 3852 ex
1802 3796 1894 3850 his
1912 3812 2035 3850 ver-

386 3898 479 3955 bis
510 3901 671 3969 patet
701 3894 907 3951 homil.
930 3897 998 3949 49
1031 3911 1043 3948 :
1077 3894 1137 3949 Si
1166 3893 1288 3963 quis
1340 3897 1521 3946 autem
1572 3889 1884 3944 auditiones
1909 3889 2036 3958 qui-

390 3988 511 4043 dem
528 3986 880 4057 praeliorum,
912 3986 1104 4052 fames,
1165 3988 1214 4036 et
1273 3980 1560 4045 tumultus,
1592 3984 1643 4033 et
1694 3977 2035 4049 pestilentias

389 4075 669 4147 intelligat
697 4091 804 4131 esse
829 4075 1013 4128 omnia
1042 4072 1154 4126 haec
1182 4070 1330 4125 mala
1358 4067 1700 4138 spiritualia,
1728 4081 1854 4138 quze
1879 4069 2035 4134 facta
2070 4108 2079 4111 -

387 4171 520 4221 sunt
551 4171 791 4234 tempore
848 4161 1201 4219 Constantini
1236 4157 1404 4213 simul
1459 4163 1507 4211 et
1550 4155 1836 4211 Theodosii
1865 4171 2033 4226 usque

380 4273 550 4312 nunc.
583 4257 743 4310 Inter
774 4258 1039 4324 tempora
1068 4251 1248 4323 igitur
1289 4248 1602 4319 Epiphanii
1662 4252 1719 4302 et
1775 4248 2032 4303 auctoris

385 4344 577 4416 Operis
608 4340 1222 4414 imperfecti,existimo
1246 4338 1709 4394 Constitutiones
1731 4336 2028 4409 apostolo-

387 4449 521 4490 rum
554 4450 621 4488 ex
654 4431 901 4488 diversis
924 4427 1262 4485 didascaliis
1292 4427 1744 4498 diataxibusque
1792 4427 2032 4483 minori-

377 4522 487 4579 bus
512 4521 802 4578 conﬂatus
825 4519 900 4576 ad
913 4520 1191 4575 volumen
1212 4522 1342 4573 octo
1372 4516 1662 4572 librorum
1677 4519 2027 4586 excrevisse,

2174 557 2441 616 δασκαλία
2470 559 2540 617 δι’
2571 560 3054 632 Ἰππολ·5του,ιιιῐῐι
3084 563 3340 638 Διατριγαῖ
3375 560 3815 629 ἀποστόλων,θι

2178 653 2393 723 quibus
2421 654 2571 710 liber
2598 660 2837 710 octavus
2871 654 3169 726 praecipue
3200 659 3450 723 constat,
3485 652 3826 725 deprehen-

2174 742 2391 798 (limus.

2245 855 2414 909 Certe
2444 854 2602 908 inter
2630 854 2761 910 illas
2790 852 3164 922 didascalias,
3198 869 3345 924 quas
3376 852 3828 908 consarcinator

2172 942 2462 998 librorum
2493 948 2624 998 octo
2653 942 2978 1013 usurpavit,
3026 942 3210 997 fuisse
3253 938 3613 996 Διδασκαλίαν
3650 941 3825 1013 Ἰγνα-

2169 1029 2308 1100 τίου,
2343 1032 2783 1103 quamplurima
2808 1036 2947 1087 sunt
2967 1049 3098 1102 quas
3122 1036 3186 1086 ut
3206 1032 3544 1087 ﬁrmissime
3578 1030 3823 1086 credam

2170 1121 2456 1176 efﬁciunt.
2487 1124 2594 1188 Qui
2635 1123 2893 1194 primum
2950 1123 3055 1178 has
3113 1120 3467 1177 didascalias
3499 1119 3824 1187 ﬁnxerunt,

2171 1211 2298 1266 sine
2329 1210 2507 1266 dubio
2538 1228 2742 1267 eorum
2765 1212 2985 1284 scripta
3005 1216 3140 1267 ante
3172 1210 3374 1266 oculos
3397 1209 3825 1278 habuere.qui-

2167 1300 2278 1356 bus
2311 1300 2590 1373 ﬁgmenta
2646 1318 2753 1356 sua
2810 1301 2988 1356 tribui
3047 1300 3382 1361 voluerunt,
3424 1303 3489 1353 ut
3519 1315 3619 1354 eos
3652 1298 3818 1369 ipsos

2168 1396 2455 1459 quantum
2505 1395 2751 1461 possent
2802 1390 3241 1462 exprimerent;
3277 1388 3433 1443 unde
3464 1404 3583 1443 non
3615 1386 3826 1441 dubito

2167 1479 2489 1535 Clementis
2510 1474 2743 1551 διδαχήν
2772 1480 2854 1535 ita
2875 1480 3056 1535 fuisse
3081 1479 3492 1550 compositam,
3515 1482 3581 1531 ut.
3604 1475 3826 1547 episto-

2167 1567 2252 1622 las
2284 1566 2413 1639 ejus
2435 1569 2690 1623 maxime
2711 1569 3024 1624 referrent.
3051 1570 3132 1622 Ex
3159 1567 3269 1622 hac
3290 1567 3470 1638 igitur
3489 1565 3820 1621 Clementis

2167 1657 2495 1713 Didascalia
2524 1658 3062 1713 consarcinatorem
3085 1673 3156 1712 ea
3180 1656 3502 1727 sumpsisse
3529 1654 3823 1710 credibile

2166 1753 2274 1810 est,
2308 1763 2439 1817 quas
2470 1746 2544 1801 de
2575 1747 2842 1818 phcenice
2874 1747 3052 1802 habet
3081 1752 3139 1801 et
3175 1745 3539 1801 carminibus
3577 1744 3818 1814 Sibylla:

2166 1836 2202 1890 l.
2237 1853 2288 1905 ν,
2315 1853 2363 1891 c.
2393 1837 2449 1901 6,
2475 1853 2545 1891 ex
2577 1836 2839 1907 epistolis
2870 1836 3189 1891 Clementis
3217 1835 3382 1907 prius
3414 1833 3727 1904 desumpta
3760 1839 3822 1889 et

2166 1931 2531 1997 exaggerata.
2591 1928 2674 1980 Ex
2721 1925 2950 1989 eadem,
3008 1926 3072 1980 ni
3125 1924 3318 1989 fallor,
3378 1924 3562 1978 totius
3616 1923 3825 1994 Operis

2164 2014 2515 2086 prommium
2546 2013 2896 2086 descripsit;
2924 2030 3045 2069 non
3078 2014 3237 2068 enim
3261 2030 3295 2068 a
3316 2018 3617 2085 postremo
3639 2011 3827 2067 colle-

2164 2109 2325 2158 ctore
2347 2102 2492 2158 illud
2509 2102 2728 2158 factum
2754 2108 2891 2174 puto
2919 2119 2931 2168 ;
2959 2119 3136 2173 quem
3161 2102 3490 2174 Epiphanio
3508 2100 3821 2173 juniorem

2164 2208 2294 2246 esse
2316 2192 2527 2253 sentio,
2549 2191 2645 2262 qui
2669 2191 3025 2246 sententiam
3048 2191 3214 2245 illam
3234 2207 3303 2246 ex
3325 2190 3607 2261 proaemio
3633 2190 3781 2244 citat
3808 2207 3823 2244 :

2162 2283 2296 2334 Θεοῦ
2352 2279 2540 2356 φυτεία
2595 2281 2629 2347 ἡ
2687 2276 2958 2346 καθολικῆ
3017 2276 3338 2348 Ἐκκλησία,
3397 2279 3483 2332 καὶ
3543 2275 3821 2349 ἀμπελὼν

2160 2366 2323 2422 αὐτοῦ
2345 2365 2616 2430 ἐκλεκτός.
2640 2392 2667 2419 (ι
2689 2368 2950 2424 Ecclesia
2967 2368 3259 2424 catholica
3272 2367 3449 2422 arbor
3463 2384 3498 2422 a
3514 2368 3648 2429 Deo,
3660 2372 3820 2435 sata,

2160 2464 2218 2512 et
2247 2458 2416 2514 vinea
2438 2458 2566 2529 ejus
2589 2457 2794 2514 electa.
2832 2481 2860 2509 »
2892 2458 3213 2514 Clementis
3245 2463 3446 2513 autem
3478 2457 3667 2512 simiai
3694 2457 3822 2513 ista

2159 2550 2409 2617 ascribo,
2459 2547 2917 2623 ἐνεστερνισμὲνοι
2965 2550 3057 2603 τὸν
3104 2543 3275 2627 φόϐον
3328 2546 3516 2618 αὐτοῦ,
3549 2554 3613 2604 ut
3653 2548 3822 2604 allu-

2157 2638 2323 2693 deret
2354 2639 2425 2694 ad
2450 2639 2553 2694 illa
2573 2639 2634 2694 in
2656 2639 2918 2710 Epistola
2942 2640 3072 2709 ejus
3103 2638 3179 2693 ad
3199 2638 3538 2693 Corinthios
3569 2655 3689 2693 non
3715 2655 3819 2694 sa-

2157 2728 2230 2782 tis
2261 2729 2421 2795 trita,
2450 2725 2900 2801 ἐνεστερνισμένοι
2957 2729 3055 2795 ἤτε
3108 2731 3224 2788 τοῖς
3272 2724 3635 2800 σπλάγχνοις.
3677 2728 3815 2783 Jam

2153 2834 2287 2873 vero
2312 2823 2475 2873 tanta
2496 2822 2586 2873 est
2608 2817 2992 2890 epistolamm
3020 2818 3246 2891 Ignatii,
3270 2818 3602 2890 praesertim
3625 2817 3819 2873 inter-

2151 2906 2507 2977 polatarum,
2532 2923 2665 2962 cum
2688 2907 3222 2962 Constitutionibus
3241 2906 3588 2972 similitudo,
3626 2912 3815 2977 atque

2150 2996 2531 3067 conspiratio,
2564 3002 2631 3050 ut
2663 3012 2792 3051 eam
2823 3013 2942 3051 non
2991 3001 3222 3051 tantum
3253 2995 3573 3050 Turrianus
3606 3000 3663 3049 et
3694 2996 3814 3049 Bo-

2148 3084 2294 3151 vius,
2329 3085 2403 3140 ad
2431 3084 2795 3157 probandam
2825 3085 3329 3140 Constitutionum
3361 3084 3811 3154 antiquitatem,

2148 3176 2250 3231 sed
2284 3182 2341 3231 et
2375 3176 2646 3233 Usserius
2678 3176 2855 3232 etiam
2886 3177 3195 3241 notaverit,
3229 3182 3296 3231 ut
3323 3175 3602 3248 probaret
3632 3192 3812 3231 eum-

2148 3266 2280 3321 dem
2314 3266 2497 3321 fuisse
2527 3265 2847 3321 Clementis
2877 3271 2937 3321 et
2965 3266 3170 3335 Ignatii
3201 3264 3703 3336 interpolatorem.
3734 3267 3815 3321 Et

2147 3355 2413 3410 Turriani
2447 3355 2681 3426 quidem
2731 3362 2905 3425 atque
2940 3354 3093 3410 Bovii
3127 3354 3421 3409 sententia
3450 3353 3662 3409 merito
3695 3372 3810 3410 ex-

2147 3442 2315 3514 plosa
2343 3448 2451 3498 est.
2487 3444 2760 3499 Usserius
2790 3448 2989 3498 autem
3014 3443 3077 3497 id
3107 3442 3266 3514 quod
3296 3441 3480 3497 voluit
3518 3441 3810 3513 probasse

2146 3557 2267 3595 non
2296 3540 2536 3611 videtur,
2570 3541 2841 3613 quamvis
2877 3541 3182 3595 veritatem
3240 3556 3390 3612 pene
3423 3540 3701 3611 attigerit.
3742 3541 3811 3596 ld

2147 3631 2307 3685 enim
2338 3630 2485 3685 mihi
2540 3631 2831 3686 maximus
2862 3629 2959 3685 ille
2990 3647 3316 3685 consensus
3346 3629 3543 3701 potius
3574 3629 3804 3698 innuit,

2147 3713 2507 3771 Διδασκαλίαν
2539 3719 2747 3791 Ignatii
2802 3718 3332 3774 Constitutionibus
3373 3717 3556 3773 fuisse
3609 3718 3807 3774 inter-

2146 3824 2433 3878 spersam,
2467 3823 2717 3879 eamque
2747 3803 3105 3861 Διδασκαλίαν
3137 3807 3318 3862 fuisse
3358 3807 3432 3863 ad
3474 3807 3808 3877 interpola-

2144 3901 2233 3952 tas
2266 3896 2473 3969 Ignatii
2506 3897 2787 3968 epistolas
2808 3897 3260 3964 conformatam,
3281 3896 3371 3951 vel
3394 3897 3587 3968 potius
3612 3897 3809 3951 inter-

2143 3986 2472 4057 polatorem
2502 3986 2712 4059 Ignatii
2743 4002 2774 4040 e
2818 3985 3149 4042 Didascalia
3203 3984 3471 4057 ejusdem
3502 4000 3636 4041 suas
3666 3986 3808 4056 pri-

2142 4092 2305 4130 mum
2335 4074 2581 4131 lacinias
2612 4074 2878 4147 epistolis
2934 4075 3279 4131 intexuisse.
3311 4074 3475 4139 Quod
3506 4090 3637 4129 cum
3670 4076 3804 4131 alia

2141 4164 2413 4229 suadent,
2446 4169 2572 4219 tum
2605 4165 2783 4219 etiam
2808 4164 2954 4220 illud
2984 4164 3046 4218 in
3079 4163 3328 4235 epistola
3355 4164 3429 4219 ad
3459 4163 3800 4221 Trallianos

2142 4253 2215 4309 ab
2247 4253 2672 4325 interpolatore
2703 4252 2969 4308 additum
2996 4269 3009 4306 :
3060 4248 3309 4315 Αἶδεῖσθε
3336 4247 3394 4305 δὲ
3423 4250 3513 4306 καὶ
3543 4251 3635 4305 τὸν
3668 4249 3801 4307 ἐπί-

2141 4361 2340 4395 σκοπον
2376 4341 2526 4403 ὑμῶν
2562 4341 2637 4401 ὡς
2666 4341 2915 4415 Υριστὸν,
2946 4342 3062 4403 καθ’
3095 4337 3125 4394 ὅ
3157 4341 3283 4411 ὑμῖν
3314 4341 3366 4395 οἱ
3392 4338 3645 4413 μακάριοι
3678 4336 3811 4398 διι-

2138 4429 2357 4498 τάξαντο
2379 4427 2738 4484 ἆπόστολοι.‹‹
2759 4430 3133 4486 Veneramini
3151 4435 3351 4485 autem
3368 4436 3427 4485 et
3444 4430 3807 4501 episcopum

2139 4527 2399 4577 vestrum
2416 4521 2566 4576 sicut
2578 4520 2894 4587 Christum,
2917 4526 2984 4576 ut
3014 4521 3175 4575 vobis
3196 4522 3352 4576 beati
3376 4521 3627 4592 apostoli
3651 4538 3806 4578 con-

374 4611 531 4683 quod
553 4610 750 4667 abillo
784 4609 1062 4665 haaretico
1111 4606 1277 4663 avide
1330 4609 1652 4679 arreptum,
1685 4606 1787 4677 qui
1818 4607 2019 4677 spuria

2209 4616 2300 4666 tue
2311 4612 2655 4666 runthum
2678 4610 2842 4664 enim
2862 4610 3015 4664 nihil
3031 4609 3153 4666 illic
3172 4611 3233 4665 in
3255 4611 3515 4682 genuina
3535 4610 3809 4681 epistola

374 4700 692 4757 Clementis
712 4700 1086 4769 aliorumque
1113 4696 1332 4767 scripta
1361 4695 1577 4767 sapius
1598 4694 1858 4751 adducit.
1882 4696 2025 4750 Fue-

371 4795 513 4845 runt
534 4790 712 4862 igitur
743 4805 811 4844 ex
837 4787 1135 4842 sententia
1162 4791 1366 4841 nostra
1385 4784 1714 4855 antiquitus
1772 4784 1830 4839 hi
1860 4783 2017 4850 libri,

371 4881 545 4950 quasi
569 4880 641 4936 ab
671 4877 954 4952 apostolis
985 4876 1209 4947 scripti,
1244 4879 1346 4929 aut
1374 4874 1599 4935 dictati.
1629 4870 1837 4948 Διδαχή
1869 4872 2015 4930 ἀπο-

367 4967 601 5037 στόλων,
635 4968 910 5036 Διατάξεις
963 4962 1311 5033 ἀποστόλων,
1371 4958 1705 5017 Διδασκαλία
1753 4960 2012 5036 Κλήμενο

363 5085 479 5133 τος,
513 5063 846 5120 Διδασκαλία
878 5062 1164 5136 Ἰγνατίου,
1195 5058 1528 5117 Διδασκαλίαι
1557 5057 1627 5115 δι’
1658 5058 2012 5132 Ἱππολύτου,

364 5151 577 5228 Διδαχὴ
616 5152 1002 5227 Πολυκάρπου.
1037 5154 1118 5207 Ex
1149 5152 1241 5207 his
1271 5152 1569 5218 omnibus,
1603 5157 1663 5206 et
1708 5152 1844 5207 aliis
1890 5151 2012 5207 for-

361 5250 520 5300 tasse
551 5243 745 5299 adhuc
775 5242 1091 5315 incognitis
1122 5240 1393 5296 conflatus
1424 5247 1563 5296 sunt
1599 5240 2009 5316 Διαταγα³,εἱνθ

358 5329 630 5402 καθολικὴ
663 5328 1007 5386 διδασκαλία.
1039 5332 1110 5386 Et
1137 5345 1279 5386 sane
1305 5338 1438 5385 sunt
1469 5330 1532 5384 iu
1581 5330 1748 5385 libris
1779 5331 2007 5386 Consti-

356 5422 660 5478 tutionum
696 5422 890 5492 capita
919 5419 1213 5492 quadam,
1238 5436 1370 5490 qum
1400 5418 1548 5473 nihil
1578 5418 1738 5474 aliud
1770 5436 1899 5474 esse
1925 5420 2007 5474 vi-

360 5509 580 5565 dentur
608 5526 785 5581 quam
820 5508 1086 5565 methodi
1142 5508 1330 5580 gratia
1385 5507 1554 5562 factm
1605 5509 2006 5564 connexiones

356 5598 885 5671 quasdam,quibus
914 5612 1036 5652 una
1064 5596 1232 5652 alteri
1266 5594 1591 5650 didascalia
1621 5595 2003 5653 subnectere-

354 5690 473 5743 tur.
508 5688 689 5754 Quale
717 5692 897 5761 caput
942 5686 1184 5742 tertium
1230 5683 1369 5740 libri
1398 5683 1584 5739 octavi
1617 5700 1766 5754 esse,
1795 5685 1907 5757 ipsi
1935 5702 2005 5744 ex

2130 4700 2339 4771 Ignatii
2364 4699 2436 4753 de
2458 4699 2842 4754 veneratione
2872 4699 3149 4770 episcopo
3182 4697 3525 4770 praestanda
3554 4700 3813 4757 dicere—

2129 4793 2245 4852 tur,
2275 4787 2377 4843 sed
2403 4787 2475 4842 de
2505 4788 2642 4858 fuga
2671 4787 3090 4842 haereticorum
3121 4787 3451 4843 secundum
3486 4795 3807 4860 praecepta

2128 4877 2469 4949 apostolica,
2501 4875 2619 4929 sive
2643 4871 2985 4947 διατάγματα
3005 4878 3112 4929 τῶν
3136 4873 3486 4945 ἀποστόλων,
3509 4877 3796 4947 interpo-

2122 4975 2296 5039 lator,
2328 4974 2638 5028 occasione
2670 4973 2778 5027 hac
2810 4979 3065 5043 arrepta,
3089 4973 3164 5027 ad
3194 4972 3298 5028 illa
3326 4972 3609 5046 confugit,
3644 4991 3798 5044 quae

2124 5064 2186 5119 in
2208 5061 2745 5119 Constitutionibus
2766 5061 3097 5127 exstabant,
3122 5078 3189 5116 ex
3214 5061 3799 5134 Didascalialgnatii

2123 5153 2251 5207 sine
2282 5151 2461 5206 dubio
2481 5149 2813 5222 desumpta.
2850 5151 2936 5206 Ita
2975 5150 3036 5205 in
3066 5148 3292 5222 prolixa
3325 5149 3433 5205 illa
3459 5133 3802 5221 interpola-

2122 5240 2304 5299 tione.
2330 5255 2446 5310 qua
2473 5237 2667 5293 viduis
2707 5239 2911 5294 eadem
2945 5244 3241 5310 praacepta
3271 5237 3391 5307 dat,
3419 5245 3478 5294 et
3508 5243 3806 5312 exempla

2117 5328 2417 5401 proponit,
2452 5344 2585 5400 quas
2614 5327 2675 5381 in
2707 5327 3242 5382 Constitutionibus
3272 5327 3311 5382 l.
3347 5343 3433 5396 in,
3483 5345 3534 5383 c.
3569 5331 3600 5383 6
3635 5335 3699 5384 et
3735 5337 3808 5407 ’7⁹

2118 5423 2451 5483 occurrent,
2507 5417 2706 5473 statim
2772 5418 3108 5490 subjungit:
3168 5415 3353 5472 Ταῦτα
3401 5416 3513 5495 οὐχ
3545 5416 3621 5481 ὡς
3648 5418 3808 5477 ἀπό-

2116 5505 2318 5567 στολος
2347 5504 2727 5577 διατάσσομαι.
2764 5530 2792 5557 ‹‹
2826 5509 2959 5563 Haec
2986 5525 3107 5563 non
3126 5512 3193 5563 ut
3220 5508 3524 5578 apostolus
3557 5512 3803 5567 consti-

2119 5607 2251 5663 tuo,
2287 5620 2315 5649 »
2395 5596 2555 5668 quod
2617 5613 2823 5652 omnes
2880 5597 3086 5652 norint
3141 5596 3269 5652 haec
3327 5596 3392 5652 in
3449 5596 3805 5661 Didascalia

2116 5689 2526 5765 apostolorum
2566 5686 2808 5745 nomine
2838 5687 3022 5748 fuisse
3049 5685 3337 5759 injuncta.
