3972 6306
191 382 290 443 133

901 377 959 441 J.
1004 375 1428 440 PEARSONll
1472 375 1849 438 VlNDlClAI
1892 376 2384 439 IGNATIANE.
2433 410 2509 422 -
2552 376 2766 439 PARS
2806 379 2857 440 Ι.

3463 381 3578 442 135

260 514 541 573 Concludo
578 514 803 587 itaque,
839 513 901 570 in
929 514 1314 571 Stichomelria
1370 512 1542 569 nobis
1592 513 1826 587 objecta
1854 517 1905 580 Α
1940 532 2060 570 suae
2087 513 3018 588 salutis,possuntdiscere.»ch
3038 519 3316 588 Irenaeus,
3342 536 3412 574 ex
3442 537 3586 576 con-

194 606 441 680 Ἰγνατίου
474 621 696 660 nomen
727 605 886 658 inter
907 603 1090 659 libros
1133 603 1271 658 Novi
1295 603 1654 658 Testamenti
1682 619 1826 674 apo-

203 697 434 769 cryphos
466 695 748 766 positum,
784 709 902 748 non
936 692 1220 748 denotare
1279 692 1488 766 lgnatii
1522 692 1827 764 epistolas,

203 805 317 859 quea
347 787 503 840 inter
531 784 872 856 apocrypha
901 799 1198 854 nusquam
1230 788 1500 855 repertae,
1535 799 1665 853 quae
1699 786 1833 854 post

201 883 431 932 mortem
457 875 724 929 omnium
747 873 1145 945 apostolorum
1168 873 1426 944 scripta),
1453 888 1582 942 qua:
1605 871 1677 925 ab
1702 871 1828 942 ipso

202 968 255 1022 in
285 965 488 1020 itinere
521 967 795 1029 exarataa,
831 979 1068 1017 omnem
1099 960 1487 1033 apostolicam
1519 961 1832 1016 auctorita-

200 1064 307 1111 tem
337 1070 488 1125 saepe
514 1052 582 1107 de
607 1051 903 1107 industria
933 1050 1315 1118 amoliuntur;
1343 1050 1446 1104 sed
1468 1045 1712 1126 Διδαχήν
1746 1049 1834 1104 ei-

201 1147 324 1200 dem
353 1144 576 1215 Ignatio
610 1141 996 1213 suppositam,
1031 1140 1199 1212 quasi
1235 1139 1346 1211 ipsi
1378 1139 1449 1194 ab
1482 1138 1836 1210 apostolis,a

201 1232 723 1308 quibusordinatus
742 1236 831 1285 est
847 1230 1172 1285 Antiochiae
1189 1228 1832 1300 episcopusdictatam,

202 1342 319 1397 qua:
343 1324 400 1378 in
431 1322 547 1377 alio
569 1319 838 1375 lndiculo
859 1320 1013 1374 inter
1030 1318 1170 1374 Novi
1202 1316 1560 1372 Testamenti
1593 1333 1836 1389 apocry-

203 1416 308 1487 pha
339 1411 652 1483 reperitur.
709 1409 872 1465 Unde
905 1413 1088 1480 patet,
1123 1407 1357 1463 nullum
1401 1406 1594 1461 adhuc
1624 1411 1836 1461 testem

201 1501 434 1576 reperiri
477 1500 767 1572 potuisse,
829 1498 928 1568 qui
996 1497 1222 1551 diceret
1277 1495 1572 1568 Epistolas
1630 1495 1839 1568 Ignatii

197 1593 366 1647 fuisse
403 1587 832 1661 supposititias,
866 1590 966 1640 aut
996 1585 1097 1657 qui
1121 1585 1191 1639 de
1227 1599 1433 1640 earum
1462 1583 1838 1655 antiquitate,

199 1681 431 1736 veritate
471 1678 944 1748 auctoritateque
975 1675 1065 1730 vel
1111 1673 1381 1730 dubitare
1411 1673 1660 1729 videtur.

854 1814 1082 1868 CAPUT
1113 1814 1177 1866 V.

198 1930 584 1985 Testimonium
613 1929 670 1982 S.
722 1926 1019 1995 Polycarpi
1047 1925 1114 1980 ab
1148 1923 1836 1995 exceptionibusqvmdioa-

269 2010 372 2056 tur.
413 2003 518 2056 Nec
545 1999 706 2068 ﬁdem
736 2001 787 2052 ei
829 1993 1024 2058 deesse,
1056 2013 1154 2050 nec
1179 1993 1310 2050 vini.
1345 1993 1667 2050 Auctoritas
1699 1995 1837 2064 Epi-

268 2074 420 2128 stolz
448 2072 524 2125 ad
555 2072 931 2140 Philippenses
957 2069 1025 2122 ab
1055 2068 1303 2140 omnibus
1333 2073 1556 2140 recepta
1601 2074 1699 2122 est.
1721 2069 1841 2140 rAu-

270 2142 518 2200 claritati
539 2145 654 2214 ejus
681 2135 791 2196 non
822 2141 1048 2214 derogat
1095 2137 1512 2214 Stichometria
1541 2152 1667 2207 quae
1695 2135 1842 2214 dici-

270 2224 356 2270 tur
387 2209 696 2284 Nicephori.
738 2213 1054 2284 Posteriori.
1087 2226 1221 2280 pars
1250 2209 1490 2279 epistolz
1520 2225 1631 2262 non
1661 2211 1843 2264 minus

267 2283 529 2357 genuina,
570 2301 736 2355 quam
764 2285 941 2353 prior.
1004 2283 1390 2357 Testimonium
1444 2287 1689 2357 nonnum
1733 2296 1842 2357 esse

266 2351 550 2413 mendacio
578 2351 896 2426 inspefsum
922 2359 1114 2423 aperta
1144 2353 1423 2426 calumnia
1451 2358 1549 2426 est.
1580 2351 1844 2426 Particu—

270 2433 322 2485 la
350 2445 604 2499 suprema
631 2423 916 2499 prioribus
954 2441 1065 2499 non
1095 2424 1456 2499 contrad_icit._
1487 2425 1577 2478 Vis
1604 2423 1844 2499 testimo-

266 2504 348 2555 niz‘
378 2495 716 2569 defenditur.
746 2497 938 2554 Nullas
967 2496 1106 2569 alias
1135 2495 1395 2569 epistolas
1424 2497 1655 2569 (gnam,
1679 2511 1844 2569 quam

267 2589 356 2627 eas
395 2566 533 2642 quas
563 2571 840 2634 habemus,
873 2585 906 2622 a
960 2567 1265 2638 Polycarpo
1321 2566 1562 2635 intelligi
1604 2568 1846 2637 potuisse

271 2645 596 2699 ostenditur.

274 2761 419 2815 Cum
453 2761 632 2813 testes
664 2755 735 2811 ab
768 2753 1102 2811 adversario
1134 2751 1394 2818 adducti,
1431 2768 1540 2807 nec
1572 2750 1719 2807 tales
1749 2767 1847 2822 ap-

202 2854 470 2922 pareant,
497 2846 705 2918 quales
728 2846 826 2901 ille
848 2845 1164 2902 voluit.nec
1185 2843 1243 2898 id
1263 2843 1509 2898 omnino
1535 2847 1846 2910 testentur,

203 2938 359 3010 quod
391 2936 706 2993 sententiaa
738 2939 956 2990 nostrae
987 2938 1076 2989 est
1106 2933 1472 2988 contrarium
1499 2948 1512 2998 ;
1545 2932 1849 2987 videamus

201 3046 272 3084 an
307 3027 537 3099 aliquid
562 3026 678 3082 tale
709 3026 988 3080 adversus
1019 3028 1199 3079 testes
1224 3027 1459 3077 nostros
1490 3021 1606 3076 dici
1640 3021 1848 3093 possit,

200 3137 287 3184 an,
326 3119 577 3175 scilicet.
613 3118 653 3171 ii
685 3133 806 3172 non
837 3115 1129 3186 sint,quos
1155 3129 1286 3170 esse
1313 3130 1424 3168 nos
1447 3113 1720 3180 dicimus,
1745 3115 1849 3167 aut

198 3227 403 3264 revera
435 3208 498 3263 id
531 3224 649 3262 non
683 3211 991 3273 testentur,
1022 3203 1179 3276 quod
1210 3219 1320 3258 nos
1359 3202 1651 3258 volumus.

273 3299 544 3353 Primum
578 3313 682 3368 pro
713 3293 1033 3368 Ignatianis
1057 3292 1420 3364 S.Polycarpi
1443 3291 1850 3347 testimonium

201 3395 308 3456 est,
342 3387 508 3458 quod
531 3387 718 3441 nostri
739 3384 1227 3440 dissertissimum
1254 3387 1483 3454 putant:
1511 3380 1612 3436 sed
1641 3381 1725 3436 vir
1745 3381 1846 3436 do-

198 3479 503 3532 ctissimus
524 3476 695 3548 longe
720 3475 893 3531 aliter
913 3473 1111 3540 sentit;
1137 3478 1194 3527 et
1216 3472 1352 3527 huic
1371 3470 1711 3526 testimonio
1735 3470 1849 3526 duo

191 3566 398 3621 deesse
435 3564 583 3630 vult,
613 3570 741 3618 tum
776 3563 978 3630 fidem,
1004 3567 1129 3616 tum
1153 3560 1499 3616 vim.Fidem
1529 3559 1581 3614 ei
1610 3559 1852 3632 derogat

195 3658 410 3728 primo,
471 3653 633 3726 quod
692 3652 958 3726 epistolas
1007 3649 1317 3723 Polycarpi
1367 3671 1394 3699 «
1426 3665 1545 3704 non
1588 3649 1664 3704 sit
1693 3647 1850 3720 apud

195 3762 408 3800 omnes
445 3749 682 3814 recepta
713 3741 1053 3797 auctoritas.

262 3833 555 3900 Quamvis
585 3832 710 3887 hac
741 3829 1072 3902 responsio,
1102 3828 1334 3884 etiamsi
1363 3843 1500 3882 vera
1530 3830 1705 3895 esset,
1736 3826 1850 3882 mi-

191 3928 356 3980 nime
380 3921 757 3979 satisfaceret
777 3922 932 3990 (cum
955 3925 1183 3975 certum
1201 3917 1480 3979 sitﬁdem
1504 3916 1848 3989 plenissime

189 4015 484 4071 adhibere
509 4011 725 4066 debere
745 4009 1043 4081 aliquibus
1064 4009 1510 4080 libris.quorum
1525 4006 1847 4078 aliquando

185 4106 340 4175 apud
371 4117 569 4159 omnes
597 4117 706 4156 non
735 4102 908 4169 fuerit
957 4104 1178 4169 recepta
1207 4099 1523 4164 auctoritas,
1557 4101 1623 4150 ut
1653 4113 1721 4151 ex
1754 4095 1849 4150 ali-

186 4201 330 4266 quot
357 4190 639 4265 epistolis
679 4189 818 4244 Novi
841 4187 1198 4243 Testamenti
1248 4184 1453 4259 patet),
1488 4202 1616 4240 eam
1650 4190 1847 4241 tamen

187 4301 393 4340 assero
432 4282 620 4337 etiam
655 4295 784 4333 esse
815 4277 1048 4344 falsam,
1075 4281 1132 4332 et
1154 4276 1225 4331 ab
1245 4277 1408 4331 omni
1426 4275 1619 4346 specie
1642 4274 1848 4330 verita-

187 4374 259 4427 tis
291 4373 593 4428 alienam.
619 4367 952 4422 Auctoritas
975 4366 1134 4421 enim
1156 4365 1332 4437 hujus
1354 4363 1629 4436 Epistulae
1651 4365 1704 4418 S.
1736 4365 1848 4419 Po-

181 4462 414 4534 lycarpi
454 4459 529 4514 ad
561 4456 978 4528 Philippenses
1030 4455 1102 4511 ab
1136 4454 1414 4510 omnibus
1444 4453 1558 4510 fuit
1588 4458 1843 4526 recepta,

177 4556 280 4621 ita,
321 4551 588 4616 scilicet,
620 4553 689 4603 ut
710 4548 814 4602 viri
840 4546 1147 4618 apostolici
1175 4545 1462 4617 scriptum
1487 4544 1844 4600 ecclesiasti-

1937 606 2117 661 stanti
2140 612 2398 663 ccetuum
2433 608 2505 663 ab
2547 609 2830 680 apostolis
2861 609 3235 666 conditorum
3270 611 3586 666 traditione

1937 695 2247 767 disputans
2273 713 2286 763 ;
2319 705 2462 753 recte
2487 700 2709 768 quidem
2741 699 2856 765 ille,
2891 705 2941 753 et
2970 703 3311 771 apposite,ut
3331 701 3584 756 Dallaaus

1937 784 2062 856 ipse
2092 790 2358 855 testatur,
2383 787 2455 842 de
2514 788 2943 860 Areopagiticis
2974 789 3164 860 capite
3197 789 3479 845 secundo.
3512 795 3585 847 At

1939 890 2131 944 neque
2160 881 2321 942 recte,
2354 892 2548 947 neque
2593 876 2843 947 apposite
2875 877 3194 949 disputavit
3220 880 3500 950 Irenaeus,
3533 881 3582 935 si

1941 963 2064 1019 haec
2096 964 2350 1035 epistola
2379 983 2414 1019 a
2437 966 2763 1037 Polycarpo
2797 967 3018 1037 scripta
3073 983 3195 1022 non
3249 969 3348 1033 sit,
3381 976 3483 1024 aut
3514 970 3586 1024 ab

1940 1054 2216 1108 omnibus
2248 1060 2388 1109 tunc
2413 1055 2693 1126 temporis
2726 1072 2845 1110 non
2879 1057 3348 1128 reciperetur.l)e
3382 1059 3586 1114 eadem

1943 1143 2194 1215 epistola
2225 1144 2639 1215 Eusebius,qui
2672 1145 2827 1200 intra
2857 1153 3093 1201 centum
3130 1153 3257 1217 post
3280 1148 3588 1220 Polycarpi

1946 1239 2196 1288 mortem
2230 1249 2420 1288 annos
2472 1239 2645 1289 natus
2677 1240 2782 1299 est,
2815 1237 2956 1290 Hist.
2991 1236 3122 1292 eccl.
3170 1235 3208 1292 l.
3242 1254 3312 1305 1v,
3345 1254 3474 1308 cap.
3501 1241 3589 1308 14,

1944 1329 2076 1396 post
2097 1323 2445 1394 productum
2469 1323 2580 1378 hoc
2611 1323 2818 1382 Ireneei
2851 1325 3255 1381 testimonium
3279 1343 3290 1380 :
3323 1325 3384 1381 '0
3406 1325 3586 1398 μέντοι

1949 1409 2320 1484 Ηολύκαρπος
2352 1411 2406 1466 ἐν
2436 1414 2504 1481 τῇ
2538 1407 2849 1486 δηλωθείσῃ
2881 1413 3017 1487 πρὸς
3048 1412 3460 1484 Φιλιππησίους
3492 1414 3587 1470 αὖ·

1943 1504 2040 1555 τοῦ
2069 1503 2249 1576 γραφῇ
2291 1501 2563 1576 φερομένῃ
2599 1499 2675 1563 εἰς
2700 1497 2880 1575 δεῦρο,
2927 1501 3195 1576 κέχρηταί
3251 1524 3359 1558 τισι
3394 1525 3593 1577 μαρτυ-

1950 1589 2095 1664 ρίαις
2125 1589 2236 1643 ἀπὸ
2261 1596 2360 1658 τῆς
2393 1591 2598 1664 Πέτρου
2625 1588 2889 1664 προτέρας
2925 1589 3238 1660 ἐπιστολῆς.
3266 1616 3293 1645 ‹‹
3317 1595 3591 1667 Polycar-

1949 1682 2338 1754 pus,scilicet,
2359 1682 2421 1736 in
2454 1681 2755 1737 antedicta
2783 1682 2856 1737 ad
2886 1683 3299 1755 Philippenses
3323 1686 3591 1756 epistola,

1953 1789 2083 1841 quae
2109 1788 2299 1842 usque
2331 1771 2524 1827 adhuc
2554 1771 2988 1839 circumfertur,
3024 1774 3211 1827 utitur
3239 1775 3594 1844 quibusdam

1871 1893 1916 1957 Β
1954 1861 2309 1916 testimoniis
2337 1877 2405 1916 ex
2427 1861 2609 1932 priori
2637 1861 2792 1915 Petri
2819 1861 3070 1932 epistola
3087 1862 3434 1933 desumptis.
3465 1886 3493 1914 »
3527 1868 3596 1919 Et

1898 1949 1913 2014 _'
1949 1949 2207 2022 plurima
2228 1950 2469 2021 quidem
2502 1951 2845 2005 testimonia
2890 1967 2962 2006 ex
2993 1951 3174 2022 priori
3209 1953 3459 2023 epistola
3487 1954 3594 2009 de-

1950 2043 2323 2112 prompta,ex
2341 2039 2652 2110 posteriori
2677 2039 2860 2107 nulla,
2895 2040 3086 2095 adhuc
3116 2041 3176 2094 in
3209 2042 3320 2096 hac
3343 2044 3593 2114 epistola

1950 2129 2350 2200 reperiuntur,
2377 2145 2507 2199 quas
2539 2145 2673 2184 cum
2705 2128 2778 2183 iis
2806 2129 3142 2200 conjuncta,
3177 2148 3306 2200 quae
3330 2132 3401 2187 ad
3425 2135 3593 2199 lgna-

1954 2219 2098 2273 tium
2123 2218 2480 2290 pertinentia
2495 2217 2736 2272 totidem
2757 2218 2947 2272 verbis
2960 2219 3271 2290 exscripsit
3286 2222 3593 2291 Eusebius,

1953 2308 2224 2363 dubitare
2270 2325 2376 2362 nos
2425 2324 2546 2362 non
2573 2307 2796 2372 sinunt,
2829 2309 2973 2378 quin
2996 2309 3265 2364 eamdem
3287 2311 3595 2384 Polycarpi

1953 2396 2262 2468 epistolam
2282 2395 2812 2466 habeamus,quam
2828 2396 3034 2452 habuit
3055 2398 3596 2457 Eusebius.Multuru

1954 2485 2456 2550 lrenmo,multum
2478 2485 2728 2540 Eusebio
2753 2485 3093 2542 tribuebant
3113 2492 3370 2555 veteres;
3403 2506 3594 2561 neque

1954 2576 2026 2630 de
2058 2576 2342 2646 scriptore
2361 2577 2642 2646 quopiam
2675 2592 2878 2630 eorum
2917 2577 3276 2633 testimoniis
3298 2595 3598 2636 commen-

1955 2666 2091 2722 dato
2115 2682 2380 2736 unquam
2407 2665 2852 2720 dubitabantEt
2883 2667 2928 2720 si
2964 2667 3022 2720 id
3055 2684 3260 2724 eorum
3282 2671 3594 2727 auctorita-

1957 2761 2075 2810 tem
2107 2755 2371 2811 etTecisse
2394 2754 2678 2823 nolimus,
2710 2761 2777 2809 ut
2829 2755 2900 2810 ab
2933 2756 3208 2812 omnibus
3232 2759 3597 2830 reciperetur

1955 2846 2082 2901 huic
2097 2845 2377 2916 epistola;
2400 2844 2559 2899 idem
2583 2845 2904 2900 extorsisse
2929 2846 3228 2916 publicam
3251 2847 3312 2903 in
3332 2849 3597 2906 ecclesiis

1958 2934 2232 2990 Asiaticis
2265 2934 2580 2989 lectionem
2615 2933 2852 2989 difﬁteri
2877 2951 2996 2989 non
3027 2952 3362 3006 possumus.
3393 2940 3596 2995 Hiero-

1957 3040 2171 3095 nymus
2203 3023 2362 3078 enim
2394 3023 2457 3077 in
2481 3023 2757 3095 Catalogo
2781 3024 2905 3078 haec
2936 3023 3009 3078 de
3034 3024 3358 3097 Polycarpo
3384 3028 3595 3085 habet:

1959 3136 1986 3164 ‹‹
2022 3112 2267 3184 Scripsit
2283 3112 2358 3167 ad
2379 3111 2795 3183 Philippenses
2819 3112 2982 3167 valde
3005 3114 3213 3169 utilem
3260 3117 3595 3188 epistolam,

1962 3220 2093 3274 qua)
2123 3219 2310 3273 usque
2341 3201 2515 3257 hodie
2535 3202 2595 3256 in
2609 3202 2762 3257 Asim
2777 3208 3070 3257 conventu
3091 3203 3453 3277 legitur.»An
3468 3208 3595 3263 ﬁeri

1956 3293 2148 3364 potuit
2168 3298 2233 3348 ut
2255 3291 2506 3364 epistola
2537 3292 2866 3364 Polycarpi,
2902 3293 3002 3364 qui
3022 3316 3045 3342 ‹ι
3083 3295 3324 3350 Joannis
3343 3299 3595 3368 apostoli

1956 3382 2368 3453 discipulus,et
2385 3382 2457 3437 ab
2481 3398 2547 3437 eo
2574 3383 2886 3453 episcopus
2909 3383 3424 3453 ordinatus,totius
3445 3389 3596 3444 Asiae

1956 3473 2232 3544 princeps
2251 3471 2420 3541 fuit,»
2448 3471 2510 3526 in
2531 3476 2695 3526 tanta
2714 3471 2840 3527 luce
2864 3472 3141 3542 posita,in
3165 3483 3456 3532 conventu
3481 3479 3600 3548 eju-

1957 3562 2122 3618 sdcm
2143 3561 2296 3617 Asiae
2322 3561 2570 3630 lecta,ab
2595 3561 2869 3616 omnibus
2893 3578 3013 3618 non
3034 3564 3594 3635 reciperetur‘ZCerte

1956 3654 2349 3725 Hieronymus
2366 3657 2424 3706 et
2447 3651 2846 3707 Theodoretus
2876 3651 3264 3724 Polycarpum
3280 3663 3599 3712 numerant

1955 3744 2112 3798 inter
2139 3740 2572 3796 vetustissimos
2603 3740 3086 3811 clarissimosque
3136 3744 3410 3800 Ecclesia:
3461 3749 3595 3801 scri-

1953 3837 2172 3905 ptores.
2206 3829 2366 3883 Inter
2405 3832 2602 3882 autem
2651 3828 2782 3898 ejus
2813 3844 2993 3898 opera
3022 3829 3146 3883 haec
3179 3833 3430 3900 epistola
3465 3839 3588 3888 tan-

1955 3936 2132 3994 quam
2164 3917 2464 3989 praacipua
2495 3931 2730 3986 semper
2760 3921 3071 3971 numerata
3092 3922 3199 3973 est.

2024 4009 2320 4065 Adversus
2351 4007 2503 4060 hanc
2521 4003 2784 4075 epistolae
2813 4004 3253 4076 Polycarpianae
3275 4012 3594 4066 auctorita-

1953 4096 2174 4166 tem,ab
2199 4093 2478 4150 omnibus
2507 4097 2829 4164 receptam,
2864 4109 2896 4147 a
2929 4095 3167 4150 nemine
3196 4103 3374 4163 certe,
3405 4115 3594 4168 quan-

1952 4195 2079 4244 tum
2110 4185 2400 4250 novimus,
2436 4183 2496 4238 in
2528 4181 2776 4237 dubium
2835 4189 3122 4252 vocatam,
3173 4192 3345 4256 urget
3373 4188 3460 4242 vir
3490 4188 3596 4244 do-

1953 4277 2251 4334 ctissimus
2283 4274 2688 4345 scriptores,et
2708 4271 3045 4343 quidem,ut
3074 4274 3177 4344 ait,
3198 4278 3595 4348 gravissimos,

1954 4367 2053 4438 qui
2087 4381 2217 4421 eam
2249 4363 2648 4434 apocrypham
2707 4377 2834 4417 esse
2871 4362 3238 4433 judicabant.
3273 4367 3598 4438 Scriptores

1951 4455 2038 4510 illi
2071 4455 2349 4510 dicuntur
2379 4452 2741 4522 Nicephorus
2771 4451 3110 4522 patriarcha
3166 4459 3224 4508 et
3251 4457 3597 4512 Anastasius

1951 4541 2724 4610 Bibliothecarius,quorum
2756 4545 2968 4595 neuter
2997 4547 3134 4596 ante
3165 4558 3390 4598 nonum
3414 4562 3596 4600 saecu-

178 4660 312 4698 cum
348 4646 412 4696 et
446 4636 849 4694 orthodoxum
875 4635 1265 4706 judicaretur;
1299 4649 1492 4704 neque
1522 4649 1786 4704 unquam
1814 4651 1848 4689 a
1874 4610 1919 4674 D
1950 4633 2078 4689 lum
2110 4630 2361 4702 scripsit.
2399 4629 2511 4684 Sed
2532 4628 2746 4701 primo,
2781 4646 2890 4684 nos
2922 4635 3057 4685 ante
3091 4633 3458 4688 ostendimus
3490 4636 3595 4688 Ni-

178 4731 473 4803 quopiam
509 4742 589 4782 an
614 4725 732 4780 tale
765 4740 969 4779 revera
997 4723 1195 4791 fuerit,
1227 4722 1556 4778 dubitatum
1577 4722 1670 4777 sit.
1696 4721 1844 4777 Nam

177 4823 373 4892 primo
409 4821 706 4876 lrenmus.
732 4815 831 4885 qui
864 4815 1059 4886 ipsum
1080 4813 1468 4885 Polycarpum
1488 4812 1651 4880 vidit,
1676 4811 1843 4868 lucu-

175 4910 602 4965 lentissimum
626 4904 761 4960 huic
782 4903 1047 4976 epistolae
1065 4902 1468 4958 testimonium
1483 4901 1752 4973 praebet,l
1784 4918 1843 4957 Ill

173 5000 457 5055 Adrersus
519 4997 785 5060 hereses;
843 4995 973 5047 Εστι
1046 4987 1102 5044 δὲ
1154 4987 1420 5058 ἐπιστολή
1483 4988 1842 5064 Πολυκάρπου

175 5090 309 5159 πρὸς
347 5081 783 5154 Φιλιππησίους
815 5079 1172 5156 γεγραμμένη
1205 5078 1538 5145 ἱκανωτάτη,
1573 5077 1625 5149 ἒξ
1657 5078 1721 5145 ἧς
1753 5075 1842 5130 καὶ

167 5179 255 5230 τὸν
289 5181 636 5252 χαρακτῆρα
666 5177 767 5240 τῆς
814 5169 1046 5230 πίστεως
1103 5166 1291 5234 αὐτοῦ,
1347 5164 1527 5220 καὶτὸ
1585 5166 1845 5241 κήρυγμα

172 5273 265 5334 τῆς
304 5263 580 5335 ἀληθείας
614 5261 666 5316 οἰ
702 5257 1032 5335 βουλόμενοι
1063 5257 1151 5311 καῖ
1184 5254 1554 5332 φροντίζοντες
1585 5257 1686 5319 τῆς
1718 5253 1840 5308 ἕνθ’

173 5362 278 5410 τῶν
313 5353 604 5429 σωτηρίας
628 5349 883 5406 δύνανκαι
938 5348 1149 5420 μαθεῖν.
1209 5350 1295 5403 Ita
1347 5345 1637 5402 Eusebius
1695 5347 1838 5402 Hist.

172 5451 299 5503 εςει.
335 5451 374 5504 l.
412 5466 489 5514 IV,
526 5463 580 5503 c.
625 5446 706 5498 14.
740 5447 913 5497 vetus
946 5439 1152 5495 lrenai
1183 5437 1495 5508 interpres:
1543 5457 1567 5488 σι
1603 5438 1704 5492 Est
1729 5453 1840 5492 au-

171 5543 287 5592 tem
325 5544 385 5593 et
416 5534 681 5608 epistola
728 5529 1043 5603 Polycarpi
1078 5528 1150 5583 ad
1180 5525 1596 5597 Philippenses
1627 5526 1844 5597 scripta

165 5623 640 5690 perfectissima,
672 5635 743 5673 ex
779 5630 899 5688 qua
924 5617 984 5667 et
1010 5613 1412 5668 characterem
1446 5609 1583 5664 ﬁdei
1612 5609 1760 5682 ejus,
1786 5613 1845 5665 et

159 5713 665 5778 praedicationem
680 5701 1081 5772 veritatis,qui
1097 5700 1383 5768 volunt,et
1398 5715 1603 5756 curam
1621 5697 1844 5754 habent

1953 4721 2278 4793 cephorum
2301 4719 2471 4773 illum
2506 4719 2722 4772 frustra
2753 4723 2811 4772 et
2863 4719 2990 4773 sine
3031 4720 3148 4774 ullo
3212 4721 3595 4778 fundamento

1955 4815 2240 4881 tanquam
2262 4813 2566 4864 auctorem
2599 4805 2999 4862 Stichometriae
3059 4808 3324 4881 allegari,
3353 4817 3410 4865 et
3442 4813 3597 4866 Ana-

1953 4900 2199 4954 stasium
2223 4895 2636 4952 tantummodo
2667 4894 2826 4950 illius
2855 4895 3257 4951 Stichometriaa
3309 4899 3598 4970 interpre-

1952 4992 2071 5042 tem
2104 5002 2256 5043 esse.
2290 4983 2579 5050 Secundo,
2616 4983 2665 5038 si
2698 4983 3128 5039 concederetur
3156 4986 3468 5056 epistolam
3495 4993 3597 5042 Po-

1955 5075 2176 5146 lycarpi
2204 5073 2276 5130 ad
2307 5073 2716 5144 Philippenses
2747 5072 2809 5127 in
2840 5089 2909 5127 ea
2939 5072 3322 5129 Stichometria
3347 5075 3596 5148 intelligi

1953 5163 2189 5230 debere,
2212 5179 2285 5217 ne
2311 5159 2459 5216 illud
2487 5161 2729 5231 quidem
2761 5161 3174 5218 auctoritatem
3198 5163 3326 5235 ejus
3353 5166 3595 5220 omnino

1954 5251 2237 5309 minuerit
2259 5267 2273 5317 ;
2293 5249 2703 5305 tantummodo
2726 5251 2885 5305 enim
2906 5251 3063 5307 inter
3093 5255 3429 5324 apocrypha
3453 5255 3595 5309 Novi

1951 5340 2305 5398 Testamenti
2339 5339 2868 5404 numerantur,hoc
2899 5345 3047 5409 est,a
3079 5357 3304 5397 canone
3327 5342 3594 5398 SS.Scri-

1951 5437 2259 5503 pturarum
2283 5430 2619 5483 removetur
2643 5444 2657 5492 ;
2677 5443 2812 5483 cum
2843 5433 3041 5485 autem
3060 5430 3120 5484 in
3150 5429 3596 5503 Ecclesiislege-

1950 5525 2136 5585 retur,
2157 5535 2191 5574 a
2222 5515 2523 5573 canonicis
2553 5515 2719 5571 libris
2746 5517 3027 5574 distincta
3056 5525 3112 5575 et
3143 5520 3301 5574 inter
3320 5519 3598 5578 ecclesia-

1953 5611 2135 5665 sticos
2162 5613 2404 5663 tantum.
2419 5612 2732 5664 numerata
2760 5609 3089 5680 est.Tertio‘,
3113 5610 3596 5683 epistolamhanc

1951 5698 2016 5756 in
2046 5696 2434 5754 Stichometria
2463 5713 2658 5769 neque
2689 5699 3119 5771 nomina-ri,aut
3147 5700 3404 5772 intelligi
3425 5701 3576 5756 debe
