3972 6306
437 355 552 418 135

1499 351 1568 414 8.
1611 347 2016 412 IGNATIUS.
2062 381 2142 394 —-
2179 347 2791 413 PROLEGOMENA.

3727 353 3840 414 136

431 506 517 559 re,
547 493 651 545 aut
678 487 799 546 ullo
828 485 1005 544 modo
1029 484 1198 542 innui
1232 484 1534 552 concedo;
1567 484 1673 540 sed
1715 489 1783 540 ut
1813 482 2076 558 Ἰγνατίου
2106 485 2154 552 Α
2191 485 2442 556 phorum
2476 485 2573 542 hic
2602 487 2848 542 omnino
2905 503 3026 542 non
3071 487 3467 560 agnoscimus.
3500 488 3833 560 Epistolam

435 579 519 636 ita
547 576 986 650 ειΠολυκάρπου
1017 576 1244 634 nomini
1268 575 1704 648 subjiciendum
1731 569 1966 647 διδαχὴν
1995 589 2084 629 ar-

433 670 622 726 bitror
647 687 660 737 ;
695 686 836 724 nam
859 667 1125 740 quamvis
1157 667 1216 721 in
1232 666 1349 721 alio
1371 665 1637 721 Indiculo
1661 663 1970 736 Polycarpi
1993 661 2080 717 di-

431 761 694 820 dascalia
724 775 846 814 non
877 760 1238 827 compareat.
1273 760 1339 811 ut
1395 753 1499 808 illa
1553 752 1782 824 lgnatii,
1829 751 2082 820 ideoque

427 853 608 927 gratis
642 850 780 905 ficta
809 862 937 903 esse
959 845 1267 912 videatur;
1305 849 1504 899 tamen
1563 857 1702 897 cum
1751 835 2084 894 Διδασκαλίαι

429 942 518 1000 διὰ
546 939 874 998 Ἱππολύτου
908 939 970 993 in
996 937 1162 993 nullo
1195 935 1462 992 Indiculo
1487 935 1711 1008 pariter
1729 933 2082 1000 inveniatur,

429 1053 558 1106 quas
591 1039 790 1089 tamen
815 1030 875 1084 in
909 1045 1049 1083 mss.
1077 1026 1400 1098 reperitur,
1433 1031 1493 1080 et
1541 1025 1604 1078 in
1635 1022 2084 1078 Constitutioni-

429 1125 540 1181 bus
561 1139 707 1194 quas
730 1119 1017 1175 habemus
1039 1116 1400 1181 continetur,
1419 1114 1513 1168 vix
1536 1111 1935 1168 dubitandum
1953 1127 2081 1166 esse

430 1211 644 1272 sentio.
678 1209 822 1281 quin
853 1212 986 1279 post
1015 1204 1444 1277 apostolorum,
1475 1200 1800 1257 Clementis
1832 1205 1892 1254 et
1911 1201 2081 1270 lgna-

428 1302 495 1356 tii
522 1294 1088 1360 Staazmlizzmtiam
1107 1293 1224 1349 alia
1249 1293 1552 1364 Polycarpi
1583 1289 1834 1363 intelligi
1850 1289 2080 1344 debeat.

431 1389 575 1446 Inde
606 1389 712 1443 illa
741 1387 804 1441 in
831 1385 1010 1440 veteri
1045 1381 1390 1445 didascalia,
1423 1398 1555 1452 qum
1588 1380 1830 1436 nuncin
1859 1377 2084 1434 Consti-

432 1481 733 1535 tutionum
766 1475 869 1530 lib.
903 1490 984 1542 ill,
1017 1489 1144 1544 cap.
1169 1475 1220 1538 6,
1255 1471 1544 1542 legimus:
1571 1469 1888 1543 Γνωριζὲτω
1922 1464 2012 1519 οὗν
2045 1465 2080 1532 ἡ

434 1565 698 1641 χήρα,δτι
721 1560 1104 1635 θυσιαστήριόν
1137 1560 1244 1614 ἐστι
1275 1562 1428 1628 Θεοῦ,
1445 1581 1472 1609 ‹‹
1494 1560 1649 1614 Sciat
1681 1559 1861 1631 igitur
1882 1557 2079 1616 vidua,

437 1656 596 1730 quod
613 1656 802 1712 altare
826 1653 930 1710 Dei
962 1653 1096 1720 sit,»
1123 1651 1198 1708 ad
1225 1651 1340 1706 ista
1361 1649 1670 1721 Polycarpi
1705 1648 1902 1704 efﬁcta
1937 1664 1949 1702 :
1973 1645 2084 1708 Ti;

437 1748 619 1821 χήρας
649 1741 1034 1822 σωφρονοῦσας
1091 1739 1216 1814 περὶ
1275 1739 1374 1808 τὴν
1415 1742 1512 1793 τοῦ
1553 1735 1755 1810 Κυρίου
1786 1736 2080 1793 ulc-rw...”

433 1832 804 1911 γινωσκοῦσας
837 1831 920 1886 ὅτι
949 1828 1050 1885 εἰσὶ
1082 1829 1466 1902 θυσιαστήριον
1499 1831 1658 1882 Θεοῦ.
1688 1829 1865 1883 Vetus
1897 1826 2083 1882 inter-

371 1971 374 1976 .
434 1943 570 1998 pres
592 1941 605 1979 :
627 1946 655 1976 ot
677 1924 878 1979 Viduas
908 1938 1045 1976 vero
1078 1919 1306 1992 pudicas
1337 1918 1493 1974 circa
1541 1917 1720 1973 ﬁdem
1769 1916 1940 1972 Dei...
1981 1915 2082 1986 qui

434 2013 910 2072 suntsacrarium
929 2011 1090 2067 Dei.»
1125 2012 1378 2080 Haecque
1400 2009 1614 2080 sapius
1627 2012 1832 2063 auctor
1851 2007 2085 2062 Consti-

434 2105 732 2160 tutionum
759 2101 1037 2156 inculcat.
1069 2100 1306 2164 Quarto,
1340 2113 1535 2169 neque
1560 2096 1944 2168 Nicephorus,
1975 2111 2080 2150 ne-

432 2211 548 2265 que
579 2191 948 2258 Anastasius,
973 2205 1166 2260 neque
1203 2187 1604 2243 Stichometria
1622 2193 1852 2255 auctor,
1886 2201 2082 2256 neque

437 2283 754 2354 quisquam
775 2280 921 2334 noni
944 2277 1146 2333 seaculi
1171 2277 1424 2348 scriptor
1448 2280 1697 2346 receptas
1748 2273 1928 2346 hujus
1958 2273 2080 2345 epi-

439 2369 605 2426 stolas
638 2367 972 2424 auctoritati
996 2365 1236 2420 ofﬁcere
1259 2364 1554 2436 putandus
1575 2369 1822 2434 estquia
1843 2369 1902 2417 et
1921 2363 2084 2434 prio-

432 2461 619 2528 ribus,
640 2464 699 2514 et
715 2458 926 2514 eodem
947 2473 1067 2512 mvo
1101 2462 1160 2510 et
1180 2454 1569 2526 sequentibus
1589 2453 1788 2526 viguit,
1822 2458 1882 2508 et
1909 2469 1945 2508 a
1974 2469 2081 2508 ne-

432 2550 598 2606 mine
613 2548 835 2620 rejecta
849 2544 1330 2618 deprehenditur.
1341 2546 1488 2599 Ante
1502 2543 1892 2614 Nicephorum
1913 2542 2086 2598 Maxi-

431 2655 567 2694 mus
595 2637 815 2692 abbas:
853 2633 1014 2711 Ἒχει
1060 2629 1118 2686 δὲ
1146 2632 1236 2686 χαί
1297 2628 1590 2694 ἐπιστολὰς
1629 2631 1658 2684 ὁ
1717 2628 1875 2691 αὐτὸς
1935 2632 2080 2692 θεῖος

428 2723 791 2798 Πολύκαρπος
821 2721 958 2794 πρὸς
991 2719 1808 2790 ΦιλιππησίουςΝεῐιθτᾶὺηίε
1839 2721 1998 2776 Beda
2018 2720 2079 2774 in

428 2815 842 2888 Martyrologio
875 2813 950 2870 ad
981 2830 1056 2868 vn
1085 2813 1214 2868 Kal.
1247 2813 1488 2868 Januar.
1515 2811 1840 2882 Nicephoro
1861 2827 2082 2883 suppar

437 2905 732 2961 Pbotius:
797 2899 1135 2976 Ἀνεγνώσθη
1194 2897 1563 2972 Πολυκάρπου
1621 2896 1888 2968 ἐπιστολὴ
1941 2897 2082 2973 πρὸς

439 2989 855 3059 Φιλιππησίους
885 2984 1130 3064 γέμουσα
1176 2986 1396 3056 πολλῆς
1425 2986 1706 3048 νουθεσίας
1740 2986 1877 3058 μετὰ
1901 3006 2080 3063 σαφη-

435 3080 576 3142 νείας
600 3079 691 3135 καὶ
722 3077 1059 3147 ἁπλότητος,
1089 3076 1227 3132 κατὰ
1252 3078 1343 3131 τὸν
1377 3073 1822 3145 ἐκήλησιαστικὸν
1855 3082 1954 3144 τῆς
1989 3073 2078 3150 ἑρ-

435 3168 661 3244 μηνείας
691 3166 881 3223 τύπον.
911 3189 940 3219 ‹‹
975 3167 1298 3240 Legebatur
1319 3165 1699 3238 etPolycarpi
1721 3164 1974 3237 epistola
2001 3165 2077 3222 ad

429 3261 847 3331 Philippenses
891 3257 1097 3312 multis
1128 3256 1347 3311 referta
1401 3254 1909 3310 admonitionibus
1939 3272 2075 3311 cum

428 3349 852 3420 perspicuitate
867 3363 936 3402 ac
957 3345 1362 3416 simplicitate,
1394 3345 1468 3400 ad
1499 3344 1964 3401 ecclesiasticam
1993 3345 2074 3400 lo-

430 3436 653 3508 quendi
679 3436 954 3491 formam.
989 3455 1017 3485 »
1051 3433 1157 3490 Ubi
1180 3433 1838 3503 obiterobservandum,
1861 3449 1929 3489 eo
1948 3435 2074 3504 ipso

429 3543 590 3582 nono
613 3525 828 3580 saaculo
849 3525 1000 3580 hanc
1026 3523 1336 3596 Polycarpi
1355 3523 1670 3595 epistolam
1683 3541 1816 3579 cum
1839 3523 1941 3579 illa
1953 3523 2076 3580 Cle-

431 3615 649 3672 mentis
663 3614 737 3670 ad
751 3613 1087 3669 Corinthios
1107 3613 1290 3668 fuisse
1321 3613 1701 3684 conjunctam
1731 3613 1834 3682 (ita
1861 3629 2075 3685 nempe

431 3701 758 3773 Pllotius,iv
791 3700 1028 3772 τῷαύτῷ
1041 3698 1098 3756 δί
1121 3695 1450 3776 βιϐλιδαρίῳ
1479 3699 1878 3775 ἀνεγνώσθη,ἱη
1891 3703 2075 3759 eodem

430 3793 612 3848 libello
625 3792 923 3863 legebatur)
958 3791 1199 3858 ;iisdem
1230 3791 1770 3848 laudibusaPhotio
1784 3792 1966 3848 fuisse
1979 3809 2073 3848 or-

427 3884 922 3952 natam;eamdem
945 3883 1106 3939 enim
1128 3883 2070 3955 perspicuitatem,simplicitaten

429 3980 486 4030 et
509 3972 974 4030 ecclesiasticum
999 3973 1403 4028 characterem
1435 3974 1671 4043 utrique
1698 3973 1903 4028 tribuit
1926 3989 1940 4040 ;
1964 3973 2074 4029 ob-

416 4063 710 4137 jectiones
750 4063 982 4134 aliquas
1035 4055 1317 4118 adversus
1348 4061 1516 4118 illam
1573 4062 1895 4118 Clementis
1931 4068 2072 4118 tunc

422 4151 608 4208 fuisse
621 4151 1116 4221 factas,adversus
1128 4150 1283 4205 hanc
1301 4150 1605 4220 Polycarpi
1629 4151 2071 4208 nullas.Eodem

428 4259 550 4297 mvo
581 4239 902 4306 Usuardus,
937 4244 996 4294 et
1013 4238 1138 4294 Αάο
1175 4239 1520 4294 Viennensis
1567 4238 1628 4294 in
1659 4239 2069 4312 Martyrologio

424 4347 495 4386 xv
512 4329 879 4385 KalJauuar.
919 4343 932 4382 :
961 4327 1230 4382 «Natalis
1251 4327 1561 4383 beatorum
1588 4335 1915 4399 martyrum
1938 4331 2069 4387 Rufi

429 4423 491 4474 et
519 4417 758 4484 Zosimi,
792 4416 865 4472 de
897 4433 1151 4487 quorum
1198 4432 1385 4489 agone
1415 4416 1573 4472 felici
1622 4417 1676 4472 S.
1711 4418 2070 4492 Polycarpus

431 4507 685 4579 epistola
740 4507 816 4562 ad
853 4505 1270 4577 Philippenses
1317 4505 1543 4562 scribit.
1593 4527 1621 4554 »
1661 4508 1799 4561 Post
1826 4509 1933 4565 hos
1964 4511 2064 4581 Sy-

2191 573 2494 646 Polycarpi
2519 575 2580 630 in
2603 575 3045 632 Stichometriam
3068 593 3188 632 non
3205 577 3492 633 videmus.
3526 578 3581 632 Si
3602 595 3670 633 ea
3699 579 3834 634 sub-

2193 663 2577 738 intelligatur,
2606 667 2764 722 inter
2793 670 3065 740 pessima:
3095 675 3250 724 nota:
3277 670 3616 742 apocrypha
3641 675 3840 724 tamen

2193 755 2464 811 eamdem
2497 771 2814 812 numerare
2845 763 3185 828 portentum
3226 765 3525 830 putamus.
3559 759 3623 814 In
3656 759 3838 813 inter-

2191 850 2357 914 prete
2378 845 2782 900 Stichometriae
2800 847 3098 918 judicium
3154 849 3546 919 requirimus:
3582 865 3708 903 eam
3756 849 3842 905 ita

2191 949 2508 1004 exponere,
2539 938 2605 988 ut
2634 940 2841 990 contra
2869 941 3132 991 mentem
3165 938 3433 992 omnium
3482 937 3834 994 saeculorum

2190 1022 2489 1093 loquatur,
2517 1023 2962 1095 iniquissimum
2998 1041 3127 1080 esse
3159 1026 3412 1081 dicimus
3439 1044 3452 1094 ;
3487 1033 3544 1080 et
3572 1027 3837 1082 clarissi-

2191 1128 2349 1167 mam
2381 1113 2892 1185 certissimamque
2923 1116 3427 1184 sententiam,non
3459 1117 3834 1184 liammondi,

2191 1201 2295 1256 sed
2325 1201 2600 1258 Ecclesia:
2631 1204 2883 1267 Asianm,
2918 1205 3304 1275 omniumque
3337 1222 3484 1276 quos
3506 1204 3732 1276 aliquid
3765 1207 3839 1260 de

2193 1291 2446 1362 epistola
2466 1291 2685 1348 dixisse
2717 1293 2986 1348 novimus
3017 1295 3510 1360 Christianorum,
3562 1295 3839 1350 incertis-

2193 1381 2360 1435 sima:
2394 1380 2512 1436 ﬁcti
2543 1381 2855 1453 Nicephori
2887 1383 3241 1454 expositioni
3272 1384 3711 1456 anteponimus.

2261 1473 2460 1527 Prima
2489 1473 2612 1528 haec
2645 1473 2906 1528 velitatio
2941 1489 2954 1528 :
2989 1473 3093 1528 sed
3125 1473 3408 1542 secundo,
3441 1475 3526 1528 vir
3554 1475 3834 1529 doctissi-

2194 1577 2325 1616 mus
2357 1578 2492 1616 cum
2527 1568 2708 1617 totam
2747 1561 3060 1634 epistolam
3117 1564 3366 1634 rejicere
3400 1579 3460 1618 se
3491 1580 3663 1636 posse
3713 1580 3836 1618 non

2195 1655 2476 1722 speraret,
2509 1651 2572 1706 in
2603 1650 2750 1706 duas
2784 1658 2982 1724 partes
3040 1668 3170 1706 eam
3202 1651 3428 1721 divisit,
3461 1670 3609 1708 novo
3661 1653 3837 1724 plane

2192 1756 2340 1796 ausu
2398 1744 2458 1795 et
2514 1741 2803 1796 hactenus
2861 1741 3172 1808 inaudito;
3233 1743 3536 1813 superiora
3567 1742 3834 1814 epistola;

2194 1829 2435 1893 omittit,
2467 1835 2527 1884 et
2554 1830 2602 1884 si
2634 1830 2766 1902 quis
2789 1847 2858 1886 ea
2889 1831 2944 1885 S.
2989 1831 3315 1903 Polycarpo
3345 1831 3641 1886 ascribere
3669 1833 3831 1892 velit.

2191 1936 2309 1975 non
2339 1919 2618 1974 renititur
2643 1935 2656 1986 ;
2679 1920 2798 1974 imo
2830 1920 3256 1991 posterioribus
3306 1921 3566 1992 exceptis
3595 1921 3742 1976 nihil
3772 1925 3833 1978 in

2189 2010 2419 2080 epistola
2448 2025 2731 2066 occurrere
2762 2010 3053 2078 concedit,
3075 2012 3224 2080 quod
3279 2011 3364 2065 vel
3396 2026 3723 2081 quemquam
3750 2015 3836 2080 of-

2186 2101 2434 2168 fendere,
2474 2100 2560 2154 vel
2627 2099 2932 2170 Polycarpo
2986 2099 3278 2169 indignum
3335 2099 3542 2154 censeri
3589 2100 3838 2165 debeat;

2186 2192 2544 2258 postremam
2559 2187 2914 2258 particulam
2929 2187 3283 2260 suggillat,in
3300 2204 3418 2259 qua
3431 2189 3836 2244 testimonium

2187 2275 2259 2331 ab
2290 2275 2543 2332 Eusebio
2575 2277 2930 2349 productum
2962 2278 3342 2332 exstat.Hanc
3373 2277 3550 2350 igitur
3605 2277 3725 2333 vult
3754 2285 3840 2333 te-

2187 2381 2331 2420 mere
2360 2372 2414 2420 et
2461 2373 2670 2436 praeter
2699 2365 2946 2421 auctoris
2975 2373 3226 2429 mentem,
3253 2365 3438 2422 aliena
3467 2383 3632 2421 manu
3661 2369 3838 2436 fuisse

2186 2458 2525 2510 assutam.At
2548 2455 2785 2510 Eusebii
2804 2460 2974 2512 aetate
2997 2455 3102 2511 illa
3121 2456 3300 2510 etiam
3323 2461 3623 2527 postrema
3641 2458 3800 2528 parti
3818 2490 3835 2499 -

2187 2545 2322 2600 cula
2341 2546 2671 2602 certissime
2704 2547 2971 2602 exstabat
3000 2566 3014 2614 ;
3066 2563 3136 2601 ex
3167 2546 3420 2618 epistola
3448 2545 3724 2618 Polycapi
3758 2549 3837 2604 ab

2186 2635 2436 2691 Eusebio
2460 2637 2754 2709 exscripta
2784 2637 2913 2690 fuit.
2945 2635 3232 2690 Eusebius
3264 2652 3374 2691 nec
3421 2635 3550 2690 falli
3585 2653 3696 2692 nec
3725 2636 3842 2691 fal-

2186 2724 2308 2780 lere
2332 2726 2524 2796 potuit
2549 2742 2562 2778 :
2597 2731 2723 2780 erat
2739 2725 2899 2780 enim
2923 2731 3046 2779 tota
3075 2725 3323 2796 epistola
3347 2723 3622 2780 omnibus
3645 2741 3831 2796 expo-

2187 2815 2335 2882 sita;
2369 2821 2496 2871 erat
2527 2816 2588 2870 in
2617 2815 2898 2872 Ecclesiis
2919 2815 3364 2880 Asiaticis,tunc
3384 2815 3670 2886 temporis
3690 2833 3832 2871 cum

2185 2905 2473 2961 scriberet
2501 2905 2810 2976 Eusebius,
2863 2905 3100 2977 publice
3121 2904 3273 2960 lecta
3305 2921 3319 2971 ;
3353 2907 3514 2960 novit
3544 2923 3677 2962 eam
3703 2908 3840 2962 Hie-

2183 3011 2488 3066 ronymus,
2521 2996 2692 3067 cujus
2721 2995 2996 3062 versioni,
3048 2994 3162 3048 nisi
3197 2994 3330 3050 aliis
3361 3002 3702 3066 occupatus,
3740 2996 3846 3051 in-

2183 3085 2784 3150 cubuisset,ettamen
2808 3084 3140 3141 Eusebiana
3161 3103 3465 3156 nunquam
3499 3087 3839 3143 accusavit:

2187 3173 2261 3229 de
2283 3173 2384 3228 illa
2415 3174 2592 3246 igitur
2621 3173 2932 3245 particula,
2965 3190 3143 3246 quam
3198 3176 3494 3246 excerpsit
3527 3175 3840 3246 Eusebius,

2104 3237 2149 3305 ϐ
2187 3237 2467 3319 dubitariv
2475 3280 2593 3319 non
2617 3237 2832 3336 potest,
2856 3237 3182 3319 nisi-etiam
3224 3265 3297 3320 de
3325 3237 3447 3320 tota
3475 3265 3725 3336 epistola
3759 3237 3843 3321 si:-

2181 3353 2328 3418 mul,
2364 3353 2588 3424 absque
2616 3353 2739 3409 ulla
2794 3353 3042 3421 ratione,
3079 3353 3436 3409 dubitemus.

2254 3451 2364 3507 Sed
2397 3469 2467 3506 ex
2498 3451 2626 3522 ipsa
2657 3451 2928 3524 epistola,
2961 3467 3140 3521 quam
3171 3469 3292 3523 prae
3341 3451 3617 3506 manibus
3647 3452 3840 3507 habe-

2181 3541 2690 3612 mus,disputat,et
2708 3541 2898 3612 primo
2923 3543 2979 3594 in
3012 3556 3096 3608 ea,
3132 3540 3346 3611 inquit,
3379 3558 3500 3610 quae
3531 3543 3850 3597 testimoni-

2179 3647 2274 3684 um
2297 3637 2568 3685 nostrum
2595 3651 2622 3680 «
2644 3629 3078 3702 prmcedunt,ut
3091 3629 3149 3684 in
3168 3629 3650 3686 decentissimam
3671 3629 3846 3688 clau-

2181 3720 2390 3782 sulam,
2425 3719 2734 3774 desinebat
2767 3719 3015 3790 epistola
3044 3735 3056 3772 :
3084 3719 3315 3790 reliqua
3346 3725 3546 3776 autem
3579 3721 3843 3778 minime

2181 3810 2499 3874 cohaerent,
2534 3815 2711 3879 atque
2743 3807 2875 3863 ideo
2894 3808 3287 3881 expungenda
3303 3813 3461 3864 sunt.
3491 3832 3518 3860 »ι
3547 3810 3848 3864 Verume-

2179 3897 2442 3952 nimvero
2461 3897 2618 3951 unde
2647 3895 2731 3951 illi
2754 3902 2960 3952 notum
2985 3903 3075 3951 est
3090 3896 3400 3969 Polycarpi
3424 3895 3735 3968 epistolam
3770 3897 3844 3952 in

2179 4006 2248 4045 ea
2265 3989 2440 4044 verba
2461 3988 2707 4044 desiisse
2730 3987 2758 4043 τ
2777 4005 2852 4043 an
2872 4003 3000 4043 eam
3025 4005 3288 4060 unquam
3320 3989 3544 4043 audivit
3563 3989 3620 4042 in
3645 3989 3842 4044 totius

2179 4081 2325 4136 Asia:
2356 4077 2878 4134 conventulectam
2899 4077 2927 4132 ‘2
2947 4093 3022 4132 an
3055 4093 3315 4148 unquam
3351 4077 3496 4133 vidit
3513 4076 3833 4149 Polycarpi

2179 4167 2486 4240 epistolam
2535 4166 2626 4221 vel
2669 4168 2865 4222 Graece
2911 4165 3001 4220 vel
3049 4166 3270 4233 Latine,
3304 4167 3392 4221 vel
3430 4182 3564 4234 ms,
3597 4165 3683 4220 vel
3711 4166 3836 4221 im-

2176 4271 2600 4328 pressam,quaa
2627 4255 2688 4308 in
2716 4271 2787 4309 ea
2810 4253 2987 4308 verba
3017 4253 3317 4310 desineret
3344 4255 3372 4309 ?
3404 4255 3650 4310 minime
3681 4270 3842 4324 gen—

2177 4347 2342 4401 tium.
2361 4345 2513 4410 Quid
2541 4344 2721 4418 igitur
2747 4343 2774 4398 ?
2798 4343 3027 4398 Judicio
3085 4344 3132 4397 ι.
3193 4343 3397 4398 Οδιὶωί
3457 4360 3528 4400 ea
3557 4343 3846 4402 clausula

2177 4445 2302 4494 erat
2341 4437 2798 4502 decentissima;
2832 4452 3015 4506 quare
3049 4452 3170 4490 non
3221 4435 3427 4492 debuit
3465 4436 3846 4508 Polycarpus

2176 4528 2348 4600 plura
2379 4525 2595 4581 addere
2623 4541 2636 4578 :
2660 4525 2915 4596 igiturin
2941 4540 3009 4579 ea
3025 4524 3200 4580 verba
3230 4525 3847 4596 desinebatepistola.

427 4612 604 4688 1P9?"
631 4594 1074 4688 Μθίθιξδδνῇεξθξν
1106 4596 1386 4688 Adonim
1418 4595 2068 4688 S-l8“§tiian91_1ymu§o
2101 4605 2147 4670 D
2176 4594 2380 4688 i‘leque
2401 4615 2562 4670 enim
2592 4594 2923 4686 putandum
2955 4619 3045 4668 est
3072 4614 3464 4686 Polycarpum
3489 4594 3657 4686 plura
3678 4617 3846 4670 scri-

429 4685 659 4752 Suidas,
683 4683 860 4739 verbo
891 4678 1274 4755 Ηολύκαρπος·
1304 4684 1576 4756 Ἔγραψεν
1609 4681 1905 4752 ἐπιστολὴν
1934 4686 2072 4760 πρὸς

427 4768 842 4839 Φιλιππησέους
874 4769 1009 4824 πάνυ
1039 4771 1375 4842 θαυμαστήν.
1419 4793 1448 4822 ‹‹
1471 4772 1717 4844 Scripsit
1759 4775 2071 4846 epistolam

427 4861 504 4917 ad
535 4861 950 4933 Philippenses
974 4877 1217 4932 prorsus
1247 4859 1943 4929 admirandam.>:Quibus
1965 4865 2066 4920 ad-

426 4949 605 5006 dendi
641 4951 924 5022 Georgius
939 4949 1680 5021 Pachymerius,Honorius
1703 4953 2074 5024 Augustodu-

425 5039 714 5107 nensis,et
732 5039 1098 5110 Nicephorus
1109 5037 1510 5110 Callistus.qui
1533 5041 2074 5114 postNicephorum

429 5126 1156 5198 Constantinopolitanum
1178 5125 1335 5181 idem
1389 5126 1462 5181 de
1486 5127 1541 5182 S.
1573 5128 1882 5202 Polycarpi
1917 5133 2075 5204 epis-

434 5216 556 5272 tola
573 5231 710 5271 cum
735 5215 829 5281 iis,
861 5215 962 5287 qui
984 5220 1120 5271 ante
1142 5215 1360 5284 vixere,
1392 5217 1788 5288 protulerunt.

500 5325 716 5379 Verum
751 5322 841 5376 hic
874 5321 1165 5392 Nicephori
1185 5323 1528 5392 patriarchae
1564 5323 1833 5394 primarii
1861 5325 1934 5383 de
1963 5329 2076 5385 hac

427 5411 681 5482 epistola
726 5411 1009 5480 judicium
1065 5411 1399 5466 Hammondi
1449 5415 1732 5468 sententia?
1785 5420 2073 5485 praeferre,

423 5499 828 5570 nulla,inquit,
851 5499 1073 5555 invidia
1102 5505 1197 5556 est.
1219 5503 1296 5556 At
1327 5516 1448 5555 non
1479 5499 1575 5554 hic
1593 5499 1665 5556 de
1699 5501 1938 5570 invidia,
1973 5508 2076 5564 sed

424 5588 498 5644 de
521 5593 762 5659 recepta
787 5588 844 5643 S.
868 5589 1174 5660 Polycarpi
1199 5588 1550 5644 auctoritate
1577 5591 1760 5659 queri
1771 5597 1883 5650 tur.
1909 5596 2080 5652 Ham-

425 5676 714 5732 mondum
746 5695 880 5734 cum
917 5678 1244 5750 Nicephoro
1275 5693 1396 5732 non
1429 5692 1842 5748 comparamus
1872 5685 2080 5742 :Nice-

2182 4707 2320 4762 bere
2351 4705 2630 4772 voluisse,
2663 4720 2839 4775 quam
2860 4704 3232 4774 permitteret
3261 4703 3514 4760 Dallaeus
3540 4704 3552 4758 Ξ
3577 4705 3750 4759 Certe
3785 4707 3852 4762 si

2181 4796 2292 4850 hac
2326 4793 2449 4867 lege
2481 4792 2541 4847 in
2575 4792 2836 4864 epistolis
2885 4793 3182 4849 veteribus
3240 4793 3325 4848 uti
3388 4793 3583 4858 liceat,
3617 4810 3854 4852 omnes

2181 4901 2332 4957 pene
2363 4882 2663 4949 clausulas,
2689 4899 2818 4953 qua)
2851 4898 3012 4937 nunc
3043 4888 3296 4945 exstant,
3330 4889 3502 4937 erunt
3532 4882 3698 4937 nobis
3733 4900 3854 4938 ex-

2181 4973 2533 5046 pungendae.
2569 4973 2771 5026 Nonne
2803 4987 3006 5026 versus
3067 4972 3310 5028 ultimus
3342 4974 3552 5045 capitis
3608 4973 3853 5031 decimi

2184 5063 2374 5136 quinti
2405 5061 2681 5133 Epistolas
2707 5061 2782 5116 ad
2813 5063 3110 5117 Romanos
3136 5079 3149 5116 :
3186 5063 3320 5118 Deus
3351 5071 3532 5120 autem
3575 5064 3732 5134 pacis
3764 5069 3861 5123 sit

2184 5169 2304 5207 cum
2336 5150 2590 5206 omnibus
2647 5150 2818 5216 vobis,
2869 5150 3057 5216 Amen,
3091 5149 3512 5207 decentissima
3565 5151 3865 5210 clausula

2185 5247 2294 5309 est,
2322 5244 2512 5296 totum
2545 5237 2724 5310 igitur
2751 5243 2929 5308 caput
2965 5238 3262 5296 decimum
3294 5247 3527 5296 sextum
3559 5241 3670 5295 erit
3699 5256 3860 5299 era-

2185 5327 2467 5385 dendum.
2510 5327 2712 5380 Nonne
2749 5343 2950 5382 versus
2980 5327 3228 5384 ultimus
3263 5330 3420 5384 tertii
3453 5329 3663 5401 capitis
3691 5330 3865 5402 Epi-

2185 5418 2348 5476 stolas
2379 5413 2451 5472 ad
2505 5415 2826 5486 Ephesios:
2858 5417 2972 5486 Ipsi
3029 5417 3214 5486 gloria
3268 5420 3330 5472 in
3374 5417 3638 5485 Ecclesia,
3683 5425 3740 5473 et
3777 5423 3862 5478 in

2187 5508 2402 5564 Christo
2421 5507 2567 5570 Iesu,
2611 5505 2668 5558 in
2697 5520 2881 5560 omnes
2935 5508 3316 5575 generationes
3354 5505 3546 5562 seculi
3598 5509 3864 5564 saculo-

2185 5613 2330 5662 rum,
2363 5595 2558 5658 Amen,
2581 5593 3004 5650 decentissima
3025 5595 3292 5652 clausula
3322 5603 3412 5651 est
3439 5595 3466 5650 ?
3521 5599 3609 5650 An
3653 5596 3873 5668 igitur

2187 5685 2305 5740 tria
2330 5683 2564 5752 reliqua
2593 5681 2788 5751 capita
2819 5699 2924 5753 pro
2955 5685 3176 5740 assutis
3199 5689 3338 5740 sunt
3365 5684 3682 5742 habenda?
3702 5687 3878 5748 Cle-
