3972 6306
180 425 274 483 141

875 425 930 488 J.
979 427 1401 490 PEARSONlI
1446 428 1818 490 VINDlClrE
1865 430 2349 493 lH‘JA'l‘lAN/E.
2400 465 2473 477 -—
2518 430 2717 492 PARS
2763 434 2812 492 Ι.

3451 429 3567 493 142

179 556 319 612 αὐτοῦ
368 560 523 631 quod
581 562 788 618 certius
834 565 1169 634 agnoveritis
1223 566 1571 636 signiﬁcate;
1628 564 1804 621 verba
1838 571 1886 635 Α
1988 567 2178 638 Atque
2212 567 2336 622 haec
2363 566 2435 622 de
2469 567 2586 624 ﬁde
2606 586 2620 635 ;
2655 584 2816 624 nunc
2845 567 2917 624 de
2948 568 3001 621 vi
3033 567 3358 623 testimonii
3388 582 3571 641 agen-

184 649 353 705 Photii
384 656 565 706 sunt:
598 650 839 707 Αἱτεῖται
895 650 1327 726 ἀναδιδαχθῆναι
1373 655 1500 729 παρ’
1545 652 1719 708 αἰτῶν
1768 651 1820 707 εἶ’

180 759 226 793 τι
251 739 363 813 περὶ
391 736 602 796 ἕκείνθυ
634 737 995 814 Beato-Suam,
1021 751 1169 817 petit
1205 752 1269 802 ut
1317 746 1384 801 ab
1440 748 1571 817 ipsis
1615 748 1817 801 certior

180 833 286 899 ﬁat,
313 832 357 887 si
383 831 522 902 quid
549 832 618 889 de
649 833 751 890 illo
778 835 1175 891 inaudiverint.
1211 836 1408 891 Primo
1459 840 1657 891 autem
1710 850 1812 890 au-

183 921 294 976 dire
322 927 598 992 poterant
616 924 1033 997 Philippenses
1062 924 1289 996 aliquid
1322 925 1396 979 de
1426 925 1650 997 Ignatio
1665 924 1814 990 vivo,

182 1010 321 1081 quod
334 1010 695 1084 Polycarpus
724 1013 798 1070 ab
820 1014 943 1071 illis
957 1016 1108 1071 scire
1131 1019 1373 1085 cuperet
1390 1013 1486 1069 illo
1512 1013 1812 1070 defuncto.

184 1101 446 1173 lgnatius,
479 1108 546 1158 ut
576 1104 845 1160 referunt
872 1105 1034 1161 illius
1091 1110 1244 1171 acta,
1286 1120 1391 1175 per
1435 1103 1815 1173 Philippenses

178 1195 524 1261 pertransivit
577 1195 957 1250 Macedoniam
1004 1197 1203 1266 pedes;
1258 1210 1293 1250 a
1331 1193 1813 1266 Philippensibus

179 1282 330 1337 missi
371 1288 511 1338 sunt
538 1284 721 1355 aliqui
755 1286 859 1356 qui
884 1301 1041 1353 eum,
1062 1285 1309 1341 honoris
1337 1289 1397 1341 et
1420 1284 1813 1358 refrigeratio-

175 1372 257 1426 nis
284 1389 480 1436 causa,
506 1373 568 1428 in
588 1374 803 1430 itinere
834 1374 1388 1447 deducerent.quod
1409 1374 1555 1429 mihi
1578 1374 1815 1430 videtur

175 1460 518 1535 Polycarpus
548 1463 611 1518 in
642 1463 814 1520 initio
846 1464 1113 1535 epistolas
1143 1465 1438 1533 innuisse,
1470 1463 1562 1518 his
1584 1463 1809 1520 verbis:

170 1549 469 1620 Δεξαμὲνοις
535 1550 602 1605 τὰ
654 1553 957 1626 μιμήματα
997 1559 1099 1621 τῆς
1148 1551 1390 1622 ἀληθοῦς
1434 1550 1672 1627 ἀγάπης,
1720 1565 1811 1621 καὶ

168 1634 564 1714 προπέμψειαν,
601 1640 675 1702 ὡς
725 1636 986 1697 ἐπέϐαλεν
1037 1641 1184 1714 ὑμῖν,
1240 1640 1367 1704 rei):
1426 1639 1813 1713 ἐνειλημένους

165 1732 269 1789 τοῖς
300 1729 660 1803 ἂγιοπρεπὲσι
691 1726 937 1803 δεσμοῖς,
971 1750 1103 1805 qum
1164 1733 1408 1804 quidem
1457 1731 1633 1788 verba
1675 1749 1810 1789 cum

165 1835 262 1875 nec
291 1824 454 1875 recte
479 1820 721 1894 legeret,
746 1838 857 1878 nec
886 1823 1132 1878 omnino
1156 1822 1516 1893 intelligeret
1540 1826 1705 1878 vetus
1727 1822 1811 1878 in-

164 1914 490 1984 terpres,ita
513 1915 818 1971 transtulit
844 1932 857 1971 :
883 1938 911 1966 ‹‹
934 1916 1276 1988 Suscipiens
1298 1916 1614 1972 imitabilia
1632 1917 1809 1971 verba

163 2001 515 2070 dilectionis,
548 2023 727 2077 quam
760 2009 1104 2064 ostendistis
1133 2009 1193 2064 in
1219 2008 1361 2075 illis,
1393 2007 1804 2081 quipraimissi

164 2099 291 2147 sunt
313 2094 451 2150 viris
478 2097 701 2152 sanctis
724 2097 1025 2154 decorosis
1042 2097 1295 2154 vinculis
1328 2099 1613 2153 connexis
1647 2118 1694 2152 ι.
1720 2098 1806 2152 ita

162 2180 272 2249 ille,
304 2179 594 2255 δεξάμενος
642 2203 748 2258 pro
809 2182 1114 2259 δεξαμένοις
1164 2187 1389 2260 legens,
1445 2192 1621 2259 atque
1670 2185 1804 2241 ideo

160 2270 378 2343 reliqua
408 2276 613 2331 omnia
642 2276 926 2332 aliorsum
949 2277 1223 2333 trahens:
1252 2281 1315 2333 tu
1330 2282 1523 2333 vertas
1548 2292 1562 2331 :
1586 2276 1806 2348 Conga-

158 2362 302 2417 visus
329 2378 464 2419 sum
497 2365 681 2433 vobis,
715 2388 743 2415 (ί
778 2367 879 2437 qui
910 2382 1062 2422 verre
1093 2367 1403 2423 charitatis
1444 2366 1806 2439 exemplaria

156 2452 1185 2524 excepistis,etdeduxistis,utvestro
1203 2454 1401 2512 officio
1418 2456 1807 2511 conveniebat

158 2541 443 2598 involutos
474 2542 749 2611 vinculis,
783 2561 913 2614 quae
946 2546 1168 2601 sanctis
1198 2550 1550 2601 ornamento
1583 2548 1721 2600 sunt
1753 2564 1803 2600 ι).

158 2632 476 2688 Halloixius
507 2630 583 2693 ὡς
611 2626 873 2687 ἐπέϐαλεν
915 2633 1066 2707 ὑμῖν,
1098 2635 1375 2705 redeidit,
1410 2642 1474 2691 ut
1505 2636 1656 2691 vobis
1704 2634 1802 2689 Do—

157 2728 327 2781 minus
356 2726 693 2795 inspiravit;
736 2742 843 2798 ego
873 2727 1092 2798 potius,
1123 2734 1185 2782 ut
1212 2733 1390 2783 vestro
1416 2728 1596 2798 ofﬁcio
1620 2742 1809 2782 conve-

154 2813 361 2882 niebat,
397 2813 541 2884 quia
564 2813 691 2868 haec
724 2813 911 2869 multo
963 2815 1329 2887 simpliciora
1374 2820 1532 2885 sunt,
1592 2820 1652 2870 et
1694 2814 1808 2869 hoc

156 2919 333 2958 sensu
360 2901 516 2957 bene
548 2902 1159 2959 Graeca.Deducebant
1186 2904 1365 2977 igitur
1385 2919 1454 2959 ex
1473 2902 1810 2975 Philippen-

154 2992 315 3047 sibus
344 2991 539 3063 aliqui
569 2992 861 3064 Ignatium
880 2994 1243 3065 comitesque
1265 3009 1370 3065 per
1383 2992 1806 3061 Macedoniam,

149 3083 298 3139 forte
325 3084 515 3139 etiam
545 3099 735 3154 usque
764 3083 1139 3155 Epidamum,
1171 3083 1335 3140 unde
1378 3083 1806 3155 pseudo-lgna-

149 3175 279 3243 tius,
317 3172 413 3228 vel
448 3172 646 3245 potius
676 3173 897 3245 aliquis
927 3174 1102 3242 alius,
1135 3174 1236 3246 Qui
1269 3174 1510 3229 titulum
1543 3172 1808 3245 epistolas

145 3262 213 3316 ad
241 3262 669 3334 Philippenses
699 3262 975 3333 praeﬁxit,
1011 3264 1292 3336 scriptam
1334 3279 1463 3319 eam
1520 3262 1704 3318 voluit
1734 3261 1807 3317 ab

1926 655 2066 712 dum
2101 662 2207 712 est:
2239 657 2468 713 Asserit
2488 657 2776 714 Eusebius
2798 658 2904 713 has
2925 656 3086 730 ipsas
3107 657 3409 730 epistolas,
3425 672 3573 728 quas

1924 745 2321 814 defendimus,
2354 747 2539 803 fuisse
2568 765 2604 803 a
2630 747 2955 819 Polycarpo
3000 752 3379 804 memoratas.
3413 745 3513 800 Καὶ
3543 744 3572 799 ὁ

1927 836 2286 909 ΙΙοΛῦκαρπος
2317 832 2372 890 δὲ
2399 837 2609 892 τούτων
2655 836 2832 892 αὐτῶν
2876 835 3149 910 μέμνηται
3196 834 3249 891 ἐν
3293 840 3362 910 τῇ
3411 855 3571 912 φερο-

1927 924 2061 999 μένῃ
2090 925 2255 980 αὐτοῦ
2287 927 2422 1002 πρὸς
2455 926 2870 999 Φιλιππησίους
2890 925 3179 1000 ἐπιστολῇ.
3209 950 3237 980 (ι
3262 928 3375 985 Sed
3396 933 3457 983 et
3472 929 3576 983 Ρο-

1923 1014 2195 1089 lycarpus
2216 1017 2277 1072 in
2300 1033 2408 1073 sua
2433 1017 2509 1073 ad
2528 1018 2677 1073 Phili
2686 1034 2941 1090 ppenses
2963 1018 3215 1090 epistola
3226 1017 3570 1074 earumdem

1922 1106 2199 1161 meminit
2229 1106 2615 1179 epistolarum
2642 1132 2688 1163 -.
2715 1108 2880 1173 Quod
2906 1108 3192 1164 Eusebius
3213 1107 3445 1177 asserit,
3469 1124 3573 1163 no-

1924 1196 2028 1251 stri
2060 1196 2284 1267 pariter
2307 1196 2607 1253 afﬁrmant
2627 1214 2640 1264 ;
2664 1197 2916 1253 Dallaeus
2946 1198 3140 1271 negat.
3170 1199 3409 1254 Fatetur
3436 1197 3573 1267 qui-

1923 1284 2057 1340 dem
2093 1287 2293 1341 testari
2326 1304 2498 1358 posse
2528 1287 2938 1359 Polycarpum,
2990 1287 3218 1359 aliquas
3262 1287 3570 1358 scripsisse

1924 1374 2201 1446 epistolas
2230 1377 2545 1449 Ignatium,
2570 1378 2678 1432 has
2698 1383 2897 1432 autem
2924 1394 3024 1433 eas
3054 1376 3236 1432 fuisse
3257 1382 3459 1449 negat;
3488 1376 3571 1431 si-

1921 1465 2094 1521 miles
2123 1464 2325 1537 aliqua
2352 1482 2415 1521 re
2447 1466 2627 1522 fuisse
2657 1467 2917 1539 largitur,
2955 1466 3191 1522 easdem
3223 1465 3403 1521 fuisse
3434 1481 3575 1538 per-

1921 1560 2115 1627 negat.
2143 1556 2453 1611 Rationem
2476 1556 2808 1627 negationis
2829 1555 3066 1611 unicam
3098 1556 3290 1622 at‘l'ert,
3323 1554 3481 1628 quod
3509 1554 3572 1611 id

1921 1644 2224 1701 clarissime
2242 1652 2294 1701 et
2323 1645 2695 1715 multifariam
2725 1663 2759 1700 a
2784 1662 2839 1701 se
2869 1648 3047 1714 fuerit
3075 1645 3570 1715 demonstratum,

1921 1734 1994 1791 ob
2025 1751 2238 1807 nempe
2297 1734 2819 1791 Valentinianorum
2867 1735 3051 1811 σιγὴν,
3103 1742 3157 1790 et
3203 1735 3574 1806 Pa-tripassia—

1918 1842 2113 1880 norum
2144 1828 2394 1893 haeresin,
2436 1824 2773 1897 similiaque
2815 1841 2938 1896 qum
2984 1826 3107 1894 ﬁeri
3151 1841 3263 1879 non
3295 1832 3482 1896 potest
3510 1830 3571 1880 ut

1919 1917 2167 1986 cpiston
2194 1932 2317 1971 rere
2345 1916 2412 1971 ab
2457 1917 2681 1986 Ignotio
2726 1917 2951 1985 scriptae
2998 1915 3314 1969 habuerint.
3360 1916 3448 1970 Ita
3494 1913 3567 1969 ab

1915 2012 2262 2078 argumento
2294 2023 2327 2062 a
2355 2004 2714 2061 testimoniis
2745 2004 2951 2077 petito,
2986 2004 3060 2060 ad
3100 2003 3252 2059 illud
3294 2004 3451 2076 quod
3495 2020 3568 2060 ex

1913 2096 2163 2152 materia
2185 2096 2381 2167 operis
2414 2094 2746 2162 deducitur,
2767 2093 3090 2150 desultorie
3111 2094 3411 2163 transit,et
3429 2109 3561 2150 cum

1915 2191 2157 2242 externo
2189 2191 2537 2259 argumento
2569 2186 2881 2258 premitur,
2915 2184 2989 2241 ad
3021 2185 3324 2241 internum
3355 2185 3566 2242 confu-

1913 2278 2013 2351 git.
2047 2275 2263 2332 Dicunt
2292 2277 2479 2332 nostri
2511 2275 2903 2349 Polycarpum
2945 2275 3148 2332 testari
3180 2275 3233 2332 S.
3268 2274 3562 2349 Ignatium

1914 2369 2020 2423 has
2051 2367 2331 2438 epistolas
2383 2365 2731 2439 scripsisse;
2767 2365 3107 2438 respondet,
3139 2369 3277 2437 ipsae
3317 2365 3561 2422 luculen-

1916 2455 2120 2512 tissima
2148 2464 2371 2527 negant.
2402 2456 2643 2512 Frustra
2673 2454 2917 2511 omnino
2953 2459 3010 2510 et
3058 2454 3231 2511 dictis
3262 2471 3440 2512 causa
3470 2472 3562 2511 re-

1913 2545 2191 2601 fellendis
2222 2551 2563 2602 nostrorum
2585 2546 2952 2618 argumentis
2970 2561 3005 2601 a
3031 2550 3293 2601 veterum
3315 2543 3571 2601 auctori-

1915 2643 2034 2695 tate
2065 2637 2317 2711 sumptis
2348 2637 2666 2705 insudavit,
2702 2638 2749 2693 si
2781 2637 3015 2708 quoties
3047 2653 3117 2693 ea
3137 2635 3569 2700 aﬁ‘eruntur,ad

1916 2727 2060 2784 tales
2086 2726 2626 2783 demonstrationes
2675 2731 2980 2793 recurrat;
3034 2742 3169 2781 cum
3221 2742 3343 2781 una
3391 2741 3574 2797 opera

1915 2818 2111 2890 potius
2141 2817 2343 2873 omnia
2374 2816 2689 2889 repudiare
2720 2815 3013 2871 debuerit.
3048 2814 3162 2871 Sed
3187 2831 3296 2870 nos
3326 2814 3572 2871 demon-

1916 2906 2233 2962 strationes
2264 2905 2393 2978 ejus
2423 2920 2632 2961 omnes
2664 2920 2810 2976 quas
2840 2904 3061 2976 ubique
3092 2903 3397 2976 praedicat,
3429 2920 3569 2975 pro-

1917 2998 2076 3053 xima
2096 2995 2657 3063 dissertatione,hoc
2673 2998 2899 3061 est,suo
2922 2993 3072 3061 loco,
3093 2992 3565 3066 objectiunculas

1918 3093 2146 3143 tantum
2181 3086 2474 3155 inﬁrmas,
2520 3083 2970 3156 levissimasque
3018 3084 3391 3156 conjecturas
3438 3100 3567 3140 esse

1918 3175 2484 3245 demonstrabimus,
2518 3178 2695 3245 atque
2728 3173 2967 3228 interim
3006 3174 3119 3229 hoc
3162 3174 3358 3246 ipsum
3406 3174 3574 3245 Poly-

1918 3266 2077 3338 carpi
2107 3265 2513 3321 testimonium
2560 3262 2967 3331 defendemus,
3011 3268 3070 3318 et
3115 3267 3283 3319 extra
3331 3278 3569 3320 omnem

147 3329 506 3423 Epidamno.
541 3351 609 3405 Hi
639 3329 819 3424 igitur
846 3329 1152 3425 Philippos
1193 3352 1265 3409 ab
1319 3353 1543 3425 lgnatio
1587 3351 1805 3408 reversi
1847 3329 1889 3394 θ
1918 3329 2408 3411 contradictionis
2438 3353 2630 3409 aleam
2661 3329 2974 3425 ponemus.

147 3442 331 3497 multa
362 3442 499 3497 sine
531 3439 710 3497 dubio
743 3440 814 3497 de
848 3442 973 3515 ipso
1005 3442 1349 3511 narrabant,
1383 3443 1569 3499 multa
1592 3443 1663 3497 de
1705 3457 1804 3497 co.

143 3532 412 3596 mitibus,
448 3547 583 3601 quas
613 3530 669 3586 S.
704 3530 1094 3605 Polycarpum
1125 3532 1198 3588 ab
1250 3532 1395 3605 ipsis
1444 3532 1656 3588 audire
1706 3548 1807 3587 vo-

143 3620 345 3688 luisse,
382 3620 572 3676 etiam
603 3626 737 3691 post
781 3622 1134 3693 martyrium
1179 3622 1235 3677 S.
1287 3622 1519 3693 Ignatii,
1561 3638 1669 3693 par
1718 3626 1808 3675 est

140 3711 403 3766 credere.
435 3709 709 3765 Secundo
743 3710 949 3766 audire
977 3716 1254 3782 poterant
1276 3710 1685 3782 Pbilippenses
1699 3710 1805 3765 ali-

135 3801 269 3871 quid
302 3800 383 3854 de
416 3800 648 3871 Ignatio
679 3805 934 3867 mortuo,
969 3817 1089 3857 non
1124 3801 1324 3856 minus
1356 3816 1534 3871 quam
1558 3801 1684 3854 vivo
1710 3817 1722 3853 :
1748 3804 1808 3854 et

136 3890 505 3962 Polyrarpus
535 3890 664 3944 sine
694 3890 875 3947 dubio
910 3892 1059 3947 scire
1093 3892 1280 3963 magis
1311 3889 1520 3946 avebat
1569 3906 1699 3961 quae
1731 3889 1806 3944 ad

139 3988 426 4043 mortem,
464 3996 644 4052 quam
666 3996 798 4051 quae
830 3981 904 4037 ad
925 3981 1382 4053 vinculalgnatii
1404 3979 1802 4052 pertinebant;

137 4086 311 4141 quam
342 4070 641 4142 praeclare
673 4087 734 4125 se
774 4072 837 4126 in
875 4072 1003 4142 ipso
1026 4071 1311 4143 martyrio
1333 4069 1601 4143 gesserit,
1624 4085 1806 4141 quan-

135 4166 249 4218 tum
284 4163 595 4217 honorem
626 4159 978 4217 Christianas
1017 4161 1292 4233 religioni
1341 4160 1627 4227 attulerit,
1662 4159 1805 4230 quid

133 4254 387 4308 comites
419 4251 481 4305 ei
512 4250 579 4304 in
612 4253 728 4305 tam
757 4250 1047 4322 praecipiti
1080 4249 1347 4322 periculo
1397 4249 1805 4322 praestiterint,

136 4343 275 4413 quid
305 4341 483 4414 passi
517 4339 662 4407 sint,
694 4345 797 4395 aut
823 4339 1096 4408 fecerint,
1130 4357 1207 4395 an
1241 4339 1312 4395 de
1356 4338 1625 4410 reliquiis
1655 4338 1804 4394 tanti

140 4432 426 4504 martyris
450 4428 684 4500 aliquid
714 4430 1207 4486 conservaverint.
1234 4431 1359 4484 Non
1391 4428 1552 4484 enim
1574 4432 1806 4484 tantum

140 4517 201 4573 de
234 4518 505 4592 Ignatio,
538 4515 646 4571 sed
671 4516 853 4572 etiam
906 4517 980 4573 de
1023 4517 1272 4572 Philone
1324 4521 1383 4573 et
1424 4516 1806 4589 Agatbopode

143 4609 475 4665 comitibus
495 4606 627 4679 ejus
657 4608 890 4677 quaerit.
919 4609 1117 4663 Potuit
1136 4607 1315 4679 igitur
1335 4607 1695 4679 Polycarpus
1724 4608 1811 4663 in-

1990 3447 2122 3511 Has,
2154 3444 2370 3515 inquit,
2423 3444 2700 3513 scripsisse
2748 3442 3039 3514 Ignatium
3078 3458 3189 3498 non
3245 3444 3383 3499 dicit
3424 3442 3572 3499 locus

1919 3535 2179 3604 objectus.
2214 3533 2361 3598 Quid
2398 3532 2621 3604 igitur?
2641 3548 2717 3587 an
2741 3532 2943 3586 minus
2974 3531 3258 3588 idoneum
3288 3537 3377 3587 est
3405 3533 3574 3587 testi-

1922 3624 2211 3689 monium,
2239 3628 2340 3677 aut
2372 3638 2439 3678 eo
2468 3621 2709 3676 nomine
2739 3621 2939 3676 statim
2962 3620 3355 3693 rejiciendum
3373 3622 3401 3677 ?
3429 3622 3570 3687 Quis

1919 3730 2184 3784 unquam
2216 3718 2482 3767 veterum
2513 3711 2664 3766 dixit
2693 3727 2794 3766 eos
2820 3710 3027 3779 libros,
3079 3727 3229 3781 quos
3271 3728 3430 3767 nunc
3463 3711 3569 3768 ha-

1919 3805 2150 3867 bemus,
2194 3802 2376 3857 fuisse
2409 3800 2481 3855 ab
2530 3799 2645 3854 illis
2693 3800 2964 3871 scriptos,
3022 3801 3237 3870 quibus
3281 3802 3410 3873 jam
3466 3802 3573 3856 tri-

1919 3892 2187 3947 buuntur
2207 3890 2234 3944 ‘I
2265 3896 2344 3944 An
2377 3905 2578 3944 eorum
2614 3889 2929 3959 quisquam
2960 3888 3107 3943 vidit
3135 3895 3340 3945 nostra
3370 3906 3572 3946 exem-

1918 3979 2154 4051 plaria?
2185 3993 2260 4032 an
2294 3978 2444 4032 scire
2473 3975 2593 4031 ullo
2637 3975 2811 4030 modo
2866 3975 3076 4047 potuit.
3123 3975 3264 4045 quid
3310 3992 3418 4031 nos
3464 3977 3574 4033 hac

1920 4074 2089 4123 astate
2122 4068 2453 4137 legeremus
2474 4066 2500 4120 ξ’
2531 4065 2587 4120 Si
2621 4066 2704 4120 sic
2735 4065 2982 4120 criticen
3008 4080 3285 4119 exercere
3316 4065 3568 4136 placeat,

1916 4160 2194 4216 universa
2214 4163 2478 4213 veterum
2493 4156 2833 4211 testimonia
2847 4155 3147 4212 incassum
3166 4154 3334 4210 libris
3348 4155 3568 4213 nostris

1917 4250 2229 4306 doctorum
2260 4248 2518 4302 virorum
2550 4245 2843 4302 industria
2873 4245 3124 4317 praeﬁxit
3152 4262 3164 4300 :
3197 4261 3331 4318 quas
3365 4246 3566 4318 potius

1918 4339 1979 4394 in
2009 4344 2314 4411 posterum
2345 4334 2646 4392 eradenda
2674 4334 2985 4404 videntur;
3018 4335 3066 4390 si
3099 4335 3260 4391 enim
3306 4335 3433 4392 haec
3463 4335 3567 4393 ob-

1917 4427 2168 4485 servatio
2200 4426 2486 4491 obtineat,
2514 4424 2689 4480 nihili
2732 4428 2871 4481 sunt
2918 4424 3139 4481 omnia.
3193 4424 3384 4481 Verba
3432 4430 3571 4482 sunt

1917 4517 2121 4574 Dallaei
2148 4533 2161 4571 :
2198 4537 2225 4567 α
2256 4514 2422 4581 Quod
2444 4515 2604 4570 enim
2629 4513 2818 4584 aiunt,
2842 4514 3144 4586 Ignatiana
3167 4515 3324 4586 apud
3344 4520 3571 4573 veteres

1918 4607 1985 4662 ab
2011 4605 2166 4661 omni
2202 4620 2316 4660 aevo
2346 4606 2552 4659 Patres
2576 4605 2709 4672 pari
2738 4619 2873 4659 cum
2923 4602 3243 4660 Clementis
3297 4608 3357 4658 et
3396 4604 3569 4677 Poly-

138 4699 309 4754 cendi
346 4696 558 4754 studio
591 4695 871 4753 audiendi
906 4697 1133 4768 aliquid
1156 4697 1227 4752 de
1252 4696 1635 4769 Ignatiovivo,
1651 4696 1810 4768 quod
1840 4706 1888 4770 ι)
1919 4696 2081 4768 carpi
2113 4693 2380 4767 epistolis
2416 4695 2725 4748 reverentia
2769 4709 2980 4764 semper
3026 4693 3231 4760 fuisse,
3282 4692 3342 4748 id
3385 4694 3572 4751 miror

140 4788 410 4845 nondum
445 4786 779 4855 audiverat,
812 4787 952 4842 licet
981 4803 1116 4843 eum
1140 4787 1269 4859 jam
1300 4786 1645 4843 defunctum
1678 4802 1806 4842 esse

135 4894 245 4933 non
266 4878 597 4934 dubitaret
615 4894 629 4942 ;
648 4876 843 4947 potuit
860 4877 1109 4933 aviditas
1131 4890 1268 4932 eum
1288 4883 1489 4932 tenere
1512 4875 1714 4947 aliqua
1736 4877 1806 4932 de

137 4964 255 5035 ipso
291 4970 547 5021 mortuo
580 4964 841 5035 vivisque
892 4964 1209 5020 comitibus
1244 4952 1634 5038 intelligendi,
1678 4981 1809 5037 quas

138 5056 298 5121 prius
334 5054 415 5109 ad
485 5052 903 5124 Philippenses
959 5055 1022 5108 in
1077 5054 1439 5124 Macedonia,
1500 5070 1678 5126 quam
1737 5054 1811 5110 ad

136 5142 548 5214 Smyrnenses
580 5142 639 5197 in
669 5143 810 5198 Asia
841 5144 1151 5215 pervenire
1180 5148 1446 5216 possent.
1494 5144 1623 5200 Non
1674 5149 1814 5199 sunt

138 5231 317 5301 igtur
354 5235 490 5289 haec
520 5231 595 5287 de
626 5232 837 5287 eadem
870 5248 933 5287 re
964 5232 1363 5302 dissentanea,
1399 5233 1566 5289 nulla
1611 5233 1670 5288 in
1720 5234 1812 5289 his

136 5321 331 5376 verbis
362 5322 768 5377 contrarietas
818 5328 922 5377 aut
969 5323 1383 5395 repugnantia.
1433 5325 1623 5389 Quare
1670 5323 1812 5379 satis

138 5412 466 5467 manifesto
497 5428 608 5467 nos
659 5418 993 5467 extremam
1042 5411 1393 5484 particulam
1442 5428 1476 5467 a
1518 5411 1812 5467 mendacii

138 5502 389 5557 crimine
424 5501 819 5559 liberavimus
846 5519 861 5569 ;
896 5516 1029 5557 eum
1063 5508 1285 5565 autem,
1315 5503 1415 5573 qui
1443 5507 1562 5557 tam
1595 5501 1814 5558 diserte

137 5594 520 5648 testimonium
559 5592 881 5667 Polycarpi
929 5591 1222 5647 mendacio
1272 5594 1601 5662 inspersum,
1660 5598 1711 5646 et
1742 5592 1814 5647 lo-

134 5690 249 5731 cum
284 5683 503 5752 insigni
532 5683 832 5739 mendacio
860 5679 1158 5750 deformem
1189 5678 1461 5748 dixit,alii
1486 5678 1586 5749 qui
1611 5679 1818 5735 volunt

136 5771 185 5818 εἰ
215 5779 496 5846 possunt,
536 5773 830 5830 liberent.

1914 4788 1989 4842 iis
2019 4784 2310 4843 excidisse
2341 4784 2443 4854 qui
2474 4783 2657 4854 probe
2688 4782 2905 4850 sciunt,
2931 4789 3247 4855 utramque
3270 4784 3425 4840 hanc
3451 4785 3572 4856 epi-

1917 4875 2129 4933 stolam
2150 4874 2222 4930 ab
2240 4875 2463 4929 Irenaeo
2479 4872 2702 4944 magnis
2715 4870 2990 4928 laudibus
3005 4872 3352 4929 celebratam
3364 4873 3571 4944 fuisse,

1919 4971 1978 5020 et
2005 4962 2437 5020 Clementinam
2472 4961 2709 5034 proprie
2741 4977 2774 5015 a
2804 4961 3083 5032 Dionysio
3107 4960 3410 5017 Corinthio
3439 4961 3572 5018 lau-

1918 5056 2116 5110 datam
2145 5076 2192 5109 η.
2226 5051 2337 5107 Sed
2370 5067 2552 5123 quare
2586 5050 2838 5105 miretur
2860 5066 2978 5104 non
3008 5049 3197 5117 video,
3232 5066 3365 5106 eum
3391 5049 3572 5123 probe

1922 5145 2088 5211 sciat,
2113 5158 2223 5197 nec
2247 5142 2302 5194 S.
2330 5141 2620 5195 Irenaeum
2646 5139 2797 5194 hanc
2828 5137 3157 5209 Polycarpi,
3190 5146 3294 5194 aut
3307 5139 3572 5197 Clemen-

1923 5235 2017 5289 tis
2050 5249 2159 5286 nec
2194 5228 2539 5300 Dionysium
2572 5229 2725 5284 hanc
2756 5229 2809 5283 S.
2846 5227 3166 5282 Clementis
3183 5227 3420 5300 proprie
3449 5229 3573 5285 lau-

1923 5324 2114 5379 dasse.
2147 5322 2201 5375 S.
2237 5318 2444 5373 lrenmi
2475 5319 2652 5374 verba
2682 5324 2856 5375 sunt:
2885 5340 2913 5368 (ι
2951 5318 3066 5373 Sub
3101 5317 3211 5373 hoc
3242 5318 3421 5391 igitur
3450 5319 3574 5375 Cle-

1922 5403 2521 5473 mente,dissensione
2534 5420 2654 5459 non
2674 5404 2898 5460 modica
2912 5404 3068 5459 inter
3080 5420 3182 5458 eos
3194 5404 3295 5474 qui
3311 5405 3574 5460 Corinthi

1925 5502 2125 5554 essent
2144 5497 2356 5548 fratres
2382 5493 2552 5560 facta,
2580 5493 2820 5563 scripsit
2838 5510 2969 5564 quae
2992 5495 3297 5549 estRomaa
3316 5494 3577 5551 Ecclesia

1922 5585 2366 5661 potentissimas
2397 5582 2626 5638 litteras
2658 5583 2980 5639 Corinthiis
3011 5608 3057 5638 ι.
3091 5586 3218 5641 Non
3251 5585 3396 5642 dicit
3425 5588 3579 5647 hanc

1923 5675 2253 5750 epistolam,
2312 5688 2489 5743 quam
2539 5688 2699 5728 nunc
2758 5672 3067 5741 habemus,
3122 5675 3197 5730 ad
3244 5677 3578 5736 Corinthios

1924 5774 2063 5826 tunc
2092 5765 2270 5821 fuisse
2302 5763 2581 5833 scriptam
2607 5779 2620 5817 :
2656 5780 2777 5819 non
2808 5762 3263 5832 afﬁrmathanc,
3289 5784 3363 5822 ne
3394 5768 3578 5825 ullam
