3972 6306
467 379 583 438 143

1505 375 1571 435 S.
1618 373 2019 436 IGNA'I‘IUS.
2067 405 2143 419 -
2188 369 2806 436 PBOLEGOMINA.

3759 375 3870 435 1M

469 513 714 584 quidem
743 527 780 568 a
807 511 1110 567 Clemente
1141 511 1322 567 fuisse
1345 514 1663 564 exaratam.
1698 512 1778 564 De
1807 508 2115 580 Polycarpi
2147 517 2198 580 Α
2231 510 2513 580 probatus
2543 511 2639 573 sit,
2673 516 2737 564 ut
2767 509 3173 576 Antiochense,
3206 507 3268 564 id
3296 514 3388 565 est
3436 509 3705 565 omnium
3746 527 3876 582 quae

474 602 745 675 epistola,
779 603 905 657 haec
927 601 1106 657 habet
1133 618 1146 655 :
1181 623 1208 651 «
1238 602 1336 656 Est
1355 605 1555 656 autem
1582 604 1640 653 et
1669 598 1918 670 epistola
1947 598 2122 670 Poly—

471 692 632 764 carpi
665 691 738 746 ad
767 691 1176 762 Philippenses
1207 690 1428 760 scripta
1450 688 1896 760 perfectissima.
1916 704 1982 741 ex
2007 703 2124 757 qua

470 783 874 838 characterem
908 781 1041 835 fidei
1077 779 1227 849 ejus,
1247 786 1305 834 et
1334 779 1816 850 prmdicationem
1837 777 2119 843 veritatis,

472 871 572 942 qui
605 871 829 938 volunt,
864 876 922 925 et
953 885 1156 925 curam
1189 869 1411 924 habent
1439 885 1560 922 sua:
1591 867 1820 930 salutis,
1873 872 2122 938 possunt

471 961 698 1016 discere
714 961 895 1014 ».Non
913 958 1452 1014 affirmateamdem
1468 956 1777 1028 epistolam
1793 971 1922 1010 eam
1939 954 2120 1010 fuisse

471 1066 602 1120 quaa
633 1065 755 1104 nun
789 1053 994 1116 exstat,
1036 1047 1154 1102 imo
1207 1046 1439 1101 nullum
1489 1046 1894 1101 characterem
1945 1044 2124 1098 tradit

471 1138 610 1193 huic
636 1137 1016 1210 peculiarem.
1042 1138 1122 1191 De
1145 1135 1462 1194 tlementis
1504 1133 1757 1206 epistola
1806 1133 2120 1204 Dionysius

470 1227 913 1283 Corinthiorum
937 1223 1348 1296 episcopus,ad
1375 1224 1636 1278 Soterem
1660 1225 1857 1278 Romae
1889 1222 2120 1292 episco-

469 1331 614 1386 pum
635 1316 760 1370 heec
781 1314 987 1370 scribit
1015 1331 1076 1381 ;‹‹
1104 1313 1287 1368 Hodie
1309 1329 1543 1368 sacrum
1561 1312 1718 1366 diem
1745 1311 2118 1366 Dominicum

445 1405 894 1476 -transegimus,
927 1404 989 1458 in
1021 1419 1137 1474 quo
1183 1401 1490 1473 epistolam
1536 1406 1793 1456 vestram
1845 1399 2118 1470 legimus,

471 1508 650 1562 quam
665 1491 905 1564 quidem
918 1497 1204 1563 perpetuo
1220 1489 1500 1560 deinceps
1515 1489 1776 1562 legentes
1793 1488 2040 1560 perinde
2053 1504 2120 1543 ac

451 1582 733 1654 ,priorem
765 1581 931 1636 illam
963 1580 1136 1636 nobis
1165 1596 1200 1635 a
1230 1578 1531 1635 Clemente
1562 1578 1842 1650 scriptam
1896 1578 2119 1648 episto-

447 1671 614 1738 .lam,
647 1670 886 1742 optimis
918 1670 1228 1742 praeceptis
1259 1685 1327 1724 ac
1371 1667 1741 1722 documentis
1789 1666 2116 1722 abundabi-

473 1777 606 1815 mus
627 1759 882 1815 ».Tradit
908 1759 1150 1829 quidem
1170 1763 1228 1812 et
1256 1757 1357 1812 ille
1388 1756 1699 1828 epistolam
1733 1755 2052 1826 quamdam
2087 1771 2122 1809 a

472 1849 772 1905 Clemente
813 1849 888 1904 ad
935 1847 1270 1904 Corinthios
1297 1847 1575 1918 scriptam
1603 1846 1808 1911 fuisse,
1843 1852 1899 1900 et
1927 1845 1985 1900 in
2019 1846 2118 1899 Ec-

476 1939 656 1994 clesia
684 1938 903 1994 lectam
929 1955 941 1992 :
976 1955 1095 1992 non
1126 1937 1270 1992 dicit
1300 1937 1472 2003 hanc,
1503 1952 1680 2007 quam
1700 1935 1910 1990 Junius
1932 1951 2003 1989 ex
2025 1952 2126 1990 c0-

476 2029 604 2084 dice
637 2029 812 2100 Begio
842 2029 1178 2099 descripsit,
1211 2043 1340 2082 eam
1376 2027 1592 2083 fuisse:
1629 2027 1745 2082 imo
1779 2025 1972 2097 qualis
2021 2024 2125 2080 illa

477 2117 658 2173 fuerit
688 2133 866 2188 quam
906 2116 1194 2172 Corinthii
1240 2115 1536 2188 legebant,
1586 2115 1748 2170 nullo
1794 2115 1971 2170 modo
2022 2113 2126 2169 de-

476 2207 687 2277 pingit,
710 2211 778 2262 ut
801 2211 1065 2260 nostram
1087 2204 1162 2259 ad
1182 2205 1338 2260 illius
1360 2205 1763 2260 characterem
1781 2203 2124 2260 examinare

478 2311 808 2365 possemus.
843 2297 914 2349 Et
945 2301 1143 2350 tamen
1183 2295 1308 2349 haec
1339 2294 1547 2349 lrenaei
1571 2297 1628 2348 et
1659 2294 1922 2366 Dionysii
1956 2294 2121 2348 testi-

474 2385 679 2442 monia
707 2385 781 2442 ad
811 2385 1246 2441 Clementinam
1275 2384 1586 2456 epistolam
1617 2383 2122 2440 statuminandam

469 2491 747 2548 magnam
777 2475 894 2530 vim
927 2474 1145 2530 habere
1178 2474 1403 2540 volunt,
1439 2474 1747 2546 Polycarpi
1779 2482 1976 2530 autem
2007 2474 2124 2529 suf-

465 2563 720 2636 fragium
777 2569 836 2618 et
895 2563 1082 2618 multo
1131 2563 1438 2634 antiquius
1497 2567 1673 2632 atque
1723 2562 2002 2618 disertius
2047 2561 2122 2617 ad

467 2652 678 2732 lgnatii
709 2653 992 2722 epistolas
1023 2651 1461 2708 conﬁrmandas
1495 2651 1666 2722 plane
1699 2651 1948 2708 nullam.

539 2759 674 2813 Hinc
703 2775 839 2814 cum
872 2759 1048 2814 unica
1077 2759 1154 2813 sit
1211 2758 1490 2830 objectio,
1541 2775 1673 2829 qua)
1718 2758 1954 2830 proprie
1999 2759 2118 2812 vim

443 2847 792 2904 testimonii
827 2853 1072 2919 spectat,
1109 2852 1325 2920 praeter
1356 2847 1663 2902 silentium
1689 2848 1926 2911 Irenaai,
1959 2847 2118 2918 quod

466 2937 736 3009 proximo
782 2938 974 3009 capite
1028 2937 1491 2994 examinandum
1551 2944 1681 3004 est;
1740 2954 1994 3008 cumque
2049 2954 2119 2994 ea

467 3033 587 3082 tam
619 3028 823 3098 iniqua
851 3044 920 3082 ac
949 3027 1090 3082 levis
1121 3028 1216 3096 sit,
1247 3033 1314 3082 ut
1343 3043 1548 3082 omnes
1583 3026 1812 3094 vident;
1848 3033 2118 3098 superest

465 3122 532 3172 ut
560 3116 969 3188 Polycarpiani
1001 3117 1264 3188 suffragii
1315 3117 1499 3171 robur
1540 3115 1718 3172 latius
1768 3116 2114 3188 explicetur,

467 3208 852 3278 omniumque
884 3207 1074 3262 oculis
1105 3206 1324 3262 clarius
1351 3212 1696 3277 exponatur.
1723 3205 1920 3261 Primo
1954 3208 2112 3262 enim

464 3296 824 3368 Polycarpus
857 3313 975 3350 non
1007 3300 1236 3350 tantum
1267 3301 1519 3351 testatur
1547 3296 1855 3367 scripsisse
1883 3295 2114 3366 aliquas

464 3385 747 3456 epistolas
777 3385 1089 3456 lgnatium,
1121 3385 1223 3438 sed
1271 3384 1564 3455 significat
1612 3383 1934 3458 συναγωγήν
1985 3385 2112 3455 epi—

462 3475 751 3531 stolarum
775 3475 905 3546 ejus
931 3481 1068 3530 tunc
1093 3476 1379 3546 temporis
1402 3477 1668 3546 Smyrna;-
1692 3493 1752 3530 se
1776 3493 1895 3546 pra:
1927 3477 2113 3530 mani-

461 3564 575 3620 bus
605 3564 884 3620 habuisse
913 3581 926 3630 ;
959 3565 1304 3620 earumdem
1339 3565 1640 3636 exemplar
1679 3564 1945 3636 epistola)
1991 3582 2111 3622 sum

460 3655 659 3723 (quam
693 3651 930 3708 aliunde
966 3654 1027 3708 in
1060 3653 1326 3709 ecclesiis
1348 3654 1622 3710 Asiaticis
1641 3653 2110 3725 publicelectam

460 3741 704 3813 scimus)
738 3759 799 3796 se
831 3742 1151 3813 subjecisse
1181 3742 1375 3808 tradit,
1405 3750 1463 3797 et
1492 3743 1970 3814 Philippensibus
1998 3744 2109 3798 mi-

462 3829 632 3898 sisse,
666 3830 844 3902 idque
871 3831 1136 3903 ipsorum
1170 3838 1412 3902 rogatu;
1447 3833 1651 3902 quanti
1687 3849 1784 3888 eas
1806 3832 1931 3903 ipse
1961 3833 2112 3886 aesti-

461 3926 652 3976 maret
681 3921 938 3992 optimus
961 3920 1146 3992 judex
1178 3919 1458 3985 ostendit,
1483 3936 1701 3990 easque
1720 3918 2110 3990 Philippensi-

459 4011 570 4067 bus
600 4012 950 4067 utilissimas
979 4011 1105 4066 fore
1138 4013 1472 4082 proﬁtetur,
1521 4016 1582 4064 et
1624 4011 1823 4077 fidem,
1875 4011 2106 4080 patien-

458 4101 626 4168 tiam,
660 4117 1017 4170 omnemque
1051 4100 1506 4155 aediﬁcationem
1536 4099 1610 4154 ad
1630 4099 1942 4154 Dominum
1974 4115 2109 4170 per-

455 4199 747 4252 tinentem
771 4197 1075 4252 continere
1105 4197 1384 4252 afﬁrmat.
1412 4197 1546 4250 Haec
1567 4196 1639 4250 de
1663 4195 1928 4266 epistolis
1959 4213 2104 4268 quas

455 4286 582 4355 ipse
615 4285 850 4358 collegit
879 4291 937 4340 et
965 4285 1121 4358 apud
1153 4301 1215 4339 se
1245 4285 1453 4340 habuit
1481 4301 1615 4340 cum
1651 4289 1901 4341 testetur
1927 4287 2103 4358 Poly-

456 4390 692 4446 carpus,
725 4375 964 4430 easdem
987 4375 1234 4430 omnino
1259 4390 1397 4429 eum
1422 4374 1964 4446 intellexisse,quas
1995 4393 2104 4432 nos

455 4462 764 4534 habemus,
813 4479 960 4534 quas
1003 4468 1142 4518 ante
1190 4479 1297 4517 nos
1354 4463 1662 4532 Eusebius,
1723 4465 2102 4532 Athanasius,

454 4551 876 4619 Theodoretus,
904 4551 1124 4624 aliique
1155 4551 1514 4620 habuerunt,
1569 4557 1630 4608 et
1677 4554 1994 4622 contendo,
2045 4559 2104 4610 et

2232 598 2388 669 apud
2420 606 2623 672 gentes
2656 606 2826 654 erant
2875 599 3271 655 Ecclesiarum
3313 599 3761 669 antiquissimae,
3807 600 3878 655 ad

2232 687 2379 754 hinc,
2413 688 2486 742 ob
2518 689 2770 744 civitatis
2819 689 2879 743 in
2927 689 3142 744 saeculo
3199 688 3655 758 amplitudinem
3703 696 3876 759 atque

2229 778 2660 848 praestantiam,
2696 779 3105 842 nobilissimas,
3138 779 3362 850 praeﬁci
3395 780 3699 834 meruerit.
3727 779 3875 843 Quid

2232 868 2362 937 ejus
2385 874 2682 938 postremo
2715 869 3064 939 martyrium
3097 868 3313 936 dicam,
3365 885 3482 940 quo
3521 885 3699 940 opere
3731 869 3878 923 nihil

2231 973 2493 1026 unquam
2526 959 2682 1028 apud
2713 964 2947 1013 nostros
2981 958 3368 1014 excellentius
3399 965 3501 1014 aut
3543 959 3878 1029 prmclarius

2232 1046 2500 1102 habitum
2531 1047 2714 1102 fuisse
2745 1049 2968 1103 scimus
2989 1048 3017 1102 ‘P
3047 1048 3234 1120 Hujus
3264 1065 3401 1115 ergo
3433 1049 3582 1102 tanti
3631 1064 3700 1102 ac
3743 1049 3878 1104 talis

2230 1136 2360 1202 viri,
2384 1135 2446 1190 in
2479 1153 2594 1208 quo
2619 1154 2852 1194 summa
2881 1138 3083 1194 omnia
3111 1144 3301 1204 erant,
3334 1139 3382 1192 si
3425 1139 3554 1193 aliae
3601 1138 3876 1204 fuissent,

2232 1243 2410 1296 quam
2442 1243 2573 1298 quaa
2603 1244 2763 1283 nunc
2795 1227 3294 1283 circumferuntur
3315 1228 3604 1299 epistola),
3635 1245 3734 1283 eas
3747 1229 3877 1300 jam

2230 1315 2302 1369 ab
2316 1315 2434 1369 illis
2451 1315 3196 1386 temporibus,saaculisque
3209 1315 3476 1387 proxime
3489 1315 3876 1386 sequentibus

2230 1413 2648 1469 celeberrimas
2679 1414 2860 1470 fuisse
2893 1432 3134 1470 necesse
3165 1421 3276 1483 est,
3309 1420 3368 1469 et
3417 1420 3552 1485 post
3577 1414 3880 1484 apostolo-

2229 1519 2359 1557 rum
2395 1503 2658 1574 ipsorum
2691 1509 2749 1558 et
2776 1503 3098 1558 Clementis
3151 1503 3200 1558 si
3240 1503 3390 1558 forte
3439 1503 3659 1574 scripta
3705 1503 3878 1574 longe

2231 1591 2654 1648 nobilissimas.
2687 1593 2800 1647 Sed
2856 1609 2957 1648 eas
3003 1598 3221 1664 praeter
3265 1593 3525 1648 auctoris
3573 1593 3880 1659 meritum,

2230 1680 2425 1752 ipsum
2457 1683 2701 1753 insuper
2727 1688 2982 1754 tem-pus,
3028 1699 3144 1753 quo
3197 1682 3348 1738 datas
3393 1699 3522 1738 esse
3579 1682 3880 1750 dicuntur,

2233 1787 2408 1842 supra
2429 1771 2671 1826 modum
2699 1771 3016 1828 nobilitare
3039 1772 3263 1828 debuit.
3293 1773 3495 1828 lnnuit
3517 1772 3678 1828 enim
3709 1773 3882 1844 Poly-

2231 1877 2446 1932 carpus
2463 1863 2536 1918 ab
2561 1863 2786 1934 Ignatio
2817 1863 2880 1917 in
2899 1862 3216 1933 supremis,
3239 1863 3301 1917 in
3333 1863 3596 1934 martyrii
3623 1861 3884 1918 medita-

2232 1951 2414 2020 tione,
2448 1969 2516 2007 eo
2543 1953 2670 2023 ipso
2702 1957 2968 2022 tempore
3013 1953 3261 2024 scriptas
3307 1952 3510 2017 fuisse,
3560 1969 3676 2022 quo
3719 1952 3882 2006 edita

2230 2041 2558 2096 Antiochiae
2589 2041 2746 2113 apud
2793 2042 3110 2113 Trajanum
3164 2040 3615 2112 praaclarissima
3659 2041 3882 2096 Christi

2231 2131 2624 2198 confessione,
2658 2133 2946 2203 principis
2975 2149 3078 2187 ore
3133 2132 3207 2188 ad
3261 2132 3481 2187 bestias
3541 2131 3886 2216 damnatus,

2231 2223 2476 2275 Romam
2509 2220 2582 2276 ad
2615 2227 2867 2276 mortem
2889 2237 2996 2293 pro
3031 2221 3276 2276 Domino
3328 2220 3722 2292 oppetendam
3772 2221 3886 2276 ab-

2230 2308 2578 2366 ducebatur.
2611 2311 2756 2364 Cum
2789 2310 2968 2382 igitur
3006 2311 3318 2366 charorum
3371 2309 3589 2380 pietate
3637 2326 3894 2381 praeser-

2229 2399 2334 2453 tim
2366 2416 2432 2454 ae
2465 2399 2676 2454 virtute
2722 2399 3132 2470 praestantium
3184 2400 3443 2454 virorum
3493 2400 3554 2454 iu
3585 2401 3890 2469 supremis

2229 2488 2418 2544 editas
2448 2506 2620 2544 voces
2651 2505 2856 2560 magaa
2907 2506 3049 2544 cura
3098 2490 3386 2560 eecipere,
3440 2505 3695 2553 servare,
3726 2490 3891 2544 cele-

2227 2577 2399 2632 brare
2425 2579 2845 2649 memoriaeque
2868 2584 3241 2650 posterorum
3261 2578 3542 2634 mandare
3558 2577 3888 2644 soleamus,

2229 2684 2345 2737 quo
2377 2667 2572 2723 studio
2604 2685 2636 2722 a
2666 2668 2806 2722 viris
2835 2667 2953 2723 illis
2983 2673 3088 2723 aut
3117 2668 3387 2723 ecclesiis
3436 2673 3708 2738 exccptas
3754 2684 3891 2722 esse

2227 2772 2336 2826 par
2365 2761 2454 2811 est
2483 2757 2843 2812 sanctissimi
2876 2758 3152 2829 martyris
3182 2757 3256 2813 ad
3309 2774 3370 2812 se
3421 2757 3482 2811 in
3515 2757 3664 2828 ipsa,
3699 2763 3770 2811 ut
3803 2758 3894 2812 sic

2227 2843 2441 2909 dicam,
2476 2861 2657 2900 arena
2677 2845 2926 2916 scriptas
2947 2846 3319 2917 litteras,quo
3352 2847 3686 2901 animorum
3713 2853 3895 2902 motu

2225 2934 2523 3002 recitatas,
2558 2951 2675 3005 qua
2703 2935 2992 2990 charitate
3021 2952 3156 2990 cum
3176 2935 3683 3007 snis,quacunque
3705 2936 3896 2991 Chri—

2224 3023 2298 3078 sti
2356 3040 2576 3080 nomen
2635 3023 2958 3093 colebatur,
3012 3025 3294 3080 fratribus
3351 3025 3832 3081 communicalas
3864 3025 3894 3081 ?

2223 3115 2533 3170 Summum
2563 3115 2950 3172 ecclesiarum
2983 3116 3042 3170 in
3087 3115 3231 3172 istas
3261 3116 3543 3188 epistolas
3581 3132 3889 3186 amorem,

2222 3219 2517 3260 summam
2549 3203 3018 3274 colligendarum
3069 3211 3129 3260 et
3174 3205 3594 3260 servandarum
3627 3211 3686 3258 et
3715 3205 3895 3276 apud

2223 3292 2436 3348 fratres
2467 3292 3049 3348 disseminandarum
3072 3310 3728 3364 curam,summumque
3753 3301 3894 3350 stu-

2223 3380 2387 3437 dium
2421 3381 2602 3437 fuisse
2635 3383 2776 3438 satis
2808 3387 3058 3438 testatur
3091 3384 3144 3438 S.
3205 3383 3586 3455 Polycarpus,
3621 3384 3676 3438 S.
3709 3385 3898 3439 Joan-

2221 3472 2315 3527 nis
2345 3472 2593 3542 apostoli
2627 3473 2850 3544 pariter
2879 3471 3233 3543 discipulus,
3265 3473 3362 3543 qui
3399 3473 3473 3528 ab
3505 3490 3572 3528 eo
3605 3473 3894 3544 Smyrna:

2219 3569 2534 3640 episcopus
2591 3568 2918 3635 ordinatus,
2973 3569 3152 3624 totius
3202 3569 3355 3624 Asiaa
3403 3571 3698 3641 princeps,
3755 3572 3890 3642 ipsi

2217 3659 2442 3724 lgnatio
2474 3658 2785 3714 familiaris
2813 3659 2944 3723 fuit,
2980 3659 3080 3728 qui
3107 3659 3280 3714 docet
3308 3675 3368 3715 se
3401 3677 3436 3716 a
3465 3660 3894 3731 Philippensi-

2215 3745 2327 3801 bus
2359 3753 2625 3818 rogatum
2657 3763 2864 3802 omnes
2895 3747 3102 3819 lgnatii
3135 3749 3435 3818 epistolas,
3477 3765 3890 3820 quascunque

2215 3837 2373 3908 apud
2407 3853 2468 3892 se
2493 3836 3319 3909 haberet,collegisse,easque
3342 3838 3415 3893 ad
3441 3839 3601 3908 ipsos
3624 3839 3720 3894 his
3743 3842 3894 3896 suis

2215 3925 2431 3980 litteris
2463 3925 2760 3996 subjectas
2787 3927 3040 3980 mittere.
3077 3929 3156 3980 Ex
3207 3927 3299 3982 his
3331 3928 3473 3982 satis
3519 3944 3676 3982 nunc
3727 3946 3896 3985 con-

2216 4021 2332 4072 stat
2361 4016 2492 4070 illas
2522 4015 2803 4086 epistolas
2833 4031 2981 4086 quas
3011 4017 3249 4088 scripsit
3275 4017 3709 4088 lgnatius,quas
3743 4021 3893 4074 col-

2213 4105 2357 4177 legit
2385 4110 2443 4160 et
2474 4103 2658 4160 edidit
2685 4105 3066 4176 Polycarpus,
3101 4123 3219 4161 non
3248 4107 3510 4177 potuisse
3563 4123 3683 4161 non
3737 4125 3896 4165 esse

2212 4194 2396 4261 illius,
2429 4201 2486 4249 et
2517 4194 2803 4264 proximae
2833 4195 3116 4267 deinceps
3145 4196 3450 4251 memoria;
3489 4196 3902 4269 Christianis,

2211 4284 2546 4354 praesertim
2568 4300 2700 4338 vero
2723 4283 3000 4340 litteratis
3026 4289 3084 4339 et
3115 4284 3383 4352 eruditis,
3418 4285 3466 4340 si
3495 4286 3594 4356 qui
3631 4295 3896 4358 essent,

2211 4373 2574 4428 notissimas.
2607 4371 2758 4427 Puid
2790 4373 2949 4444 quod
2978 4375 3104 4429 haec
3143 4375 3273 4446 ipsa
3303 4375 3358 4430 S.
3393 4373 3702 4446 Polycarpi
3741 4379 3900 4449 epi-

2209 4462 2381 4529 stola,
2415 4479 2532 4532 qua
2561 4462 2864 4534 lgnatiana
2895 4468 3200 4534 tantopere
3223 4463 3724 4536 prmdicabantur,
3771 4487 3901 4541 per

2211 4552 2324 4608 tria
2353 4553 2581 4624 integra
2607 4553 2826 4608 saecula
2849 4553 2911 4609 in
2940 4560 3231 4610 conventu
3257 4555 3410 4610 Asiae
3432 4554 3668 4626 publice
3701 4554 3902 4633 lege-

454 4645 655 4712 aperte
687 4640 1052 4713 ﬂrmiterque
1084 4639 1287 4712 probo.
1323 4647 1440 4696 Aut
1497 4641 1658 4696 enim
1689 4641 1804 4697 illae
1837 4641 2102 4713 epistola
2137 4627 2179 4692 Ι)
2211 4647 2394 4710 retur,
2428 4657 2546 4712 qua
2603 4658 2838 4698 summa
2880 4659 3085 4698 eorum
3145 4643 3372 4700 utilitas
3421 4627 3900 4720 inculcabatiir,

454 4745 602 4800 quas
619 4729 938 4802 publicavit
956 4729 1338 4801 Polycarpus,
1355 4730 1445 4784 hae
1467 4731 1605 4801 ipse
1628 4737 1784 4791 sunt.
1821 4747 1971 4801 quas
1989 4748 2100 4786 no-

454 4819 560 4874 stri
591 4819 942 4884 defendunt,
975 4824 1078 4874 aut
1107 4818 1346 4874 fuerunt
1375 4820 1506 4874 alia;
1539 4825 1597 4874 et
1625 4819 1810 4875 abhis
1831 4820 2096 4876 diversa).

451 4909 569 4965 Sed
595 4909 748 4974 aliae,
769 4908 914 4964 etab
944 4908 1035 4963 his
1064 4907 1307 4963 diversa:
1338 4926 1458 4964 non
1490 4908 1749 4966 fuerunt.
1783 4909 2098 4980 Reliquum

449 4998 632 5070 igitur
661 5003 752 5052 est
776 5003 842 5052 ut
872 4998 961 5053 hae
993 4997 1136 5068 ipsm
1158 4997 1395 5053 fuerint.
1423 4999 1714 5070 Epistolas
1736 5006 1932 5053 autem
1952 5015 2098 5069 quas

449 5088 772 5160 publicavit
801 5089 1184 5160 Polycarpus,
1215 5105 1334 5144 non
1365 5090 1546 5144 fuisse
1585 5089 1754 5152 alias,
1789 5094 1848 5142 et
1877 5088 1948 5143 ab
1981 5089 2094 5158 his,

447 5192 596 5246 quas
627 5193 786 5232 nunc
816 5178 1123 5245 habemus,
1156 5177 1436 5240 diversas,
1469 5179 1551 5232 sic
1582 5177 1829 5233 ostendo
1866 5193 1880 5232 :

520 5266 576 5321 S.
615 5267 926 5338 lgnatium,
959 5267 1057 5337 qui
1090 5268 1291 5338 paucis
1324 5273 1456 5338 post
1486 5267 1539 5322 S.
1572 5266 1812 5321 Joannis
1843 5267 2094 5336 apostoli

445 5361 699 5410 mortem
731 5355 904 5410 annis
942 5356 1291 5427 martyrium
1343 5358 1540 5411 Romae
1588 5354 1746 5417 fecit,
1795 5357 2094 5424 apostolos

443 5443 641 5512 ipsum
664 5443 1040 5508 audivisse,et
1061 5461 1134 5501 ex
1165 5443 1256 5498 his
1287 5442 1624 5514 purissimis
1654 5443 2089 5499 Christianismi

439 5530 710 5588 fontibus
752 5533 1082 5589 doctrinam
1133 5548 1303 5588 suam
1354 5533 1622 5586 hausisse
1670 5537 1920 5588 constat.
1971 5533 2093 5589 Huc

444 5620 675 5676 accedit
706 5622 923 5678 eximia
947 5622 1054 5676 viri
1086 5621 1360 5692 dignitas,
1387 5620 1486 5690 qui
1519 5635 1641 5676 non
1663 5621 1840 5676 modo
1861 5627 2094 5692 aposto-

447 5709 640 5767 lorum
674 5711 1026 5784 discipulus,
1071 5709 1174 5765 sed
1214 5725 1418 5764 eorum
1467 5710 1711 5781 insuper
1748 5711 1978 5782 judicio
2008 5714 2091 5769 sic

2207 4733 2514 4802 animique
2545 4731 2853 4787 hominum
2878 4734 3232 4804 scriptorum
3257 4735 3433 4790 ﬁdem
3459 4736 3906 4809 antiquam,et

2207 4819 2577 4890 patientiam,
2611 4825 2669 4874 et
2697 4819 3151 4877 aediﬁcationem
3169 4823 3601 4878 continentium
3629 4829 3906 4897 cupidi-

2207 4913 2326 4962 tate
2353 4913 2636 4979 perpetuo
2676 4908 3172 4964 accendebantur.
3233 4911 3291 4966 Si
3346 4911 3523 4983 igitur
3569 4911 3690 4967 alia
3750 4924 3827 4972 et
3863 4937 3906 4977 a.

2205 5004 2411 5053 nostra
2467 4997 2697 5052 diversa
2751 4997 2862 5051 fuit
2920 4998 3226 5070 l’olycarpi
3277 5001 3588 5074 συναγωγή,
3621 5001 3673 5055 si
3737 5007 3906 5065 alia;

2208 5086 2468 5158 epistolae
2507 5087 2711 5156 lgnatii
2745 5087 2962 5142 fuerint
2989 5105 3135 5158 quas
3188 5088 3287 5144 ille
3320 5089 3576 5162 collegit,
3623 5096 3689 5145 et
3751 5100 3908 5156 suis

2206 5176 2421 5232 litteris
2454 5176 2907 5240 commendavit,
2943 5183 3002 5230 et
3031 5177 3510 5249 Philippensibus
3527 5191 3916 5246 communi-

2206 5267 2375 5326 cavit,
2411 5281 2588 5336 quam
2611 5281 2716 5328 ea),
2749 5282 2894 5335 quas
2918 5282 3025 5320 nos
3048 5266 3335 5322 hebemus
3359 5274 3416 5321 et
3437 5275 3572 5338 gnte
3605 5285 3733 5327 nos
3777 5276 3910 5334 ha-

2201 5356 2332 5410 buit
2359 5354 2684 5418 Eusebius;
2729 5353 2847 5407 illa}
2879 5360 3037 5410 certe
3068 5362 3132 5410 ut
3164 5355 3302 5410 \iris
3331 5355 3608 5412 litteratis
3639 5368 3914 5429 praei-

2204 5461 2318 5517 pue
2347 5451 2524 5513 atque
2565 5442 2813 5498 eruditis
2845 5443 3192 5510 notissimae,
3223 5461 3332 5514 pxr
3375 5446 3578 5501 omnia
3606 5445 3726 5506 illa
3767 5473 3914 5512 sm-

2203 5534 2353 5598 cuia,
2387 5531 2718 5604 praesertim
2749 5531 2964 5601 quibus
2993 5532 3302 5605 Polycarpi
3333 5534 3581 5606 epistola
3609 5535 3674 5592 in
3704 5544 3917 5606 Asia.

2199 5623 2334 5679 ticis
2363 5619 2633 5677 ecclesiis
2665 5635 2808 5675 sane
2839 5621 3232 5678 nobilissimis
3261 5624 3643 5695 personabat,
3679 5627 3916 5693 iuno-

2201 5715 2491 5768 tescerent
2519 5713 2696 5779 atque
2711 5716 3177 5780 agnoscerentur
3197 5727 3441 5770 necesse
3464 5713 3671 5772 fuit.ln
3707 5725 3930 5790 tanta
