3972 6306
188 403 289 462 145

897 402 957 464 1.
1001 399 1431 464 PEABSONII
1479 400 1856 464 VINDICLE
1899 404 2379 467 ΙϐΝΛΤΙΑΝιΕ.
2428 439 2504 449 ——
2549 404 2746 467 PARS
2790 407 2838 467 Ι.

3474 402 3593 464 146

189 539 609 597 existimatione
661 551 800 593 cum
853 535 1043 608 primo
1092 536 1335 605 fuerint,
1369 541 1533 593 tanta
1573 552 1715 592 cura
1743 540 1833 592 at—
1863 543 1914 608 Α
1944 538 2368 611 Theodoretus,
2402 541 2550 597 duas
2578 540 2845 597 Gelasius
2895 541 3223 597 sententias
3252 539 3591 610 laudarunt,

192 648 289 701 que
317 630 513 684 studio
534 628 609 684 ab
665 627 920 684 ecclesia
965 628 1039 682 ad
1092 627 1406 683 ecclesiam
1439 627 1824 694 transmissae,

192 730 293 777 tam
316 719 824 792 publica,tamque
846 724 1131 789 perpetua
1150 717 1719 774 commemoratione
1742 733 1828 771 or-

191 818 328 883 natae
351 816 530 880 atque
552 806 888 879 posteritati
911 806 1485 875 commendatmmon
1510 812 1830 877 potuerunt

190 902 416 956 omnino
451 899 661 966 latere,
697 903 757 952 et
788 897 926 952 viris
956 897 1165 963 doctis,
1191 903 1248 951 et
1278 896 1611 968 apostolicae
1647 895 1826 950 tradi-

192 991 353 1045 tionis
385 988 647 1044 maxime
675 987 926 1044 curiosis
955 987 1169 1058 ignota:
1202 1002 1348 1041 esse.
1377 988 1453 1041 At
1480 985 1527 1039 si
1559 992 1828 1040 omnium

189 1079 647 1135 Christianorum
698 1093 804 1149 per
855 1077 964 1131 tria
1011 1075 1249 1143 saecula,
1282 1091 1402 1131 non
1436 1079 1666 1130 tantum
1698 1079 1833 1146 post

186 1169 537 1241 lgnatii,sed,
574 1175 632 1222 et
662 1167 968 1238 Polycarpi
1015 1170 1292 1233 mortem,
1340 1164 1524 1220 libros
1553 1165 1834 1220 consula-

186 1276 327 1324 mus,
358 1258 585 1312 nullam
627 1256 905 1324 aliarum,
963 1271 1141 1325 quam
1200 1270 1349 1325 quas
1380 1271 1488 1309 nos
1518 1254 1828 1323 habemus,

186 1347 381 1419 lguatii
441 1345 831 1417 epistolarum
890 1345 1258 1399 mentionem
1318 1359 1581 1413 unquam
1612 1342 1829 1399 factam

183 1438 565 1491 inveniemus.
615 1436 777 1490 Alias
834 1435 1014 1507 igitur
1067 1451 1374 1505 nunquam
1425 1435 1607 1490 fuisse
1640 1432 1832 1488 mani-

184 1527 391 1581 festum
425 1531 535 1580 est.
570 1524 799 1590 Clarus,
822 1524 886 1579 ni
917 1523 1111 1587 fallor,
1138 1539 1337 1579 rerum
1360 1539 1569 1592 nexus,
1593 1522 1752 1578 clara
1773 1525 1831 1577 et

185 1614 589 1669 indubitabilis
619 1613 983 1668 consecutio.

249 1704 354 1769 Qui
381 1705 649 1775 quinque
680 1702 771 1757 vel
802 1719 906 1757 sex
938 1702 1221 1774 epistolas
1252 1720 1443 1774 nuper
1486 1702 1706 1774 lgnatio
1737 1708 1830 1757 at-

186 1795 428 1849 tributas
460 1801 746 1863 tanquam
779 1792 1014 1863 spurias
1034 1798 1092 1847 et
1114 1793 1280 1848 ﬁctas
1305 1791 1745 1864 rejiciebant,id
1767 1809 1829 1847 se

1943 644 2150 683 omnes
2181 646 2251 684 ex
2281 631 2551 702 epistolis
2575 631 2813 699 nostris,
2838 647 2907 686 ex
2933 631 3048 687 alia
3075 632 3275 703 aliqua
3304 647 3378 687 ne
3408 646 3593 687 unam

1943 717 2203 787 quidem.
2239 719 2384 774 Aliae
2418 721 2596 791 igitur
2622 737 2798 791 quam
2830 725 3049 776 nostras
3084 721 3290 792 lgnatii
3325 720 3590 792 epistola

1942 823 2247 879 nunquam
2269 808 2515 864 fuerunt
2536 827 2569 865 a
2590 810 2909 882 Polycarpo
2938 810 3268 882 posteritati
3291 826 3591 865 commen-

1941 895 2111 951 datae.
2148 899 2336 963 Quare
2383 917 2521 956 cum
2566 902 2640 957 ab
2688 901 2787 956 illo
2834 901 3047 972 aliqum
3078 899 3298 957 fuerint
3327 900 3591 957 collecta

1946 986 2397 1060 publicatwque,
2430 997 2495 1045 ut
2526 1008 2595 1046 ex
2626 993 2811 1062 ipsius
2859 991 3199 1046 testimonio
3229 995 3426 1062 patet;
3457 990 3591 1044 alim

1944 1082 2143 1132 autem
2177 1082 2236 1131 et
2265 1095 2300 1133 a
2329 1080 2548 1133 nostris
2579 1079 2825 1135 diversae
2857 1097 2978 1134 non
3010 1080 3251 1147 fuerint,
3283 1086 3350 1133 ut
3379 1095 3447 1133 ex
3476 1077 3594 1134 alto

1949 1170 2031 1219 tot
2060 1167 2411 1223 saeculorum
2443 1169 2681 1224 silentio
2733 1169 3114 1224 manifestum
3163 1174 3289 1233 est;
3316 1174 3501 1224 restat
3528 1172 3596 1222 ut

1946 1255 2036 1309 hi3
2091 1255 2233 1327 ipsae
2288 1257 2529 1326 fuerint,
2586 1275 2731 1329 quas
2795 1258 2982 1313 nostri
3039 1258 3385 1323 defendunt,
3445 1272 3593 1327 quas

1944 1345 2232 1400 Eusebius
2264 1346 2425 1415 vidit,
2456 1346 2791 1419 descripsit,
2824 1347 3149 1403 deﬂoravit.

2015 1434 2296 1498 Quaenam
2329 1436 2508 1505 enim,
2533 1453 2754 1507 quaeso,
2790 1435 2902 1492 illm
2934 1436 3199 1507 epistola:
3231 1441 3388 1500 sunt,
3423 1437 3470 1490 si
3503 1436 3592 1490 bas

1946 1538 2067 1577 non
2092 1523 2260 1578 sint?
2280 1525 2420 1589 Quis
2443 1542 2542 1580 eas
2565 1542 2828 1595 unquam
2854 1525 3034 1599 legit?
3055 1525 3189 1596 quis
3211 1526 3397 1581 oculis
3427 1541 3596 1580 usur-

1945 1614 2148 1684 pavit?
2177 1615 2310 1685 quis
2340 1616 2429 1671 vel
2458 1616 2635 1671 fando
2667 1617 2740 1671 de
2772 1617 2908 1671 aliis
2947 1615 3214 1687 epistolis
3246 1616 3318 1670 ab
3365 1617 3591 1687 Ignatio

1945 1705 2202 1776 scriptis,
2227 1723 2261 1760 a
2278 1707 2602 1779 Polycarpo
2626 1707 2889 1763 collectis
2905 1707 3131 1779 aliquid
3149 1707 3415 1763 audivit?
3434 1708 3590 1775 aliis,

1946 1793 2211 1865 inquam,
2238 1811 2416 1867 quam
2443 1814 2589 1867 quas
2610 1797 2897 1853 habemus
2918 1797 2945 1851 ?
2975 1806 3065 1853 An
3088 1796 3210 1851 ullo
3241 1797 3417 1853 modo
3448 1797 3595 1852 veri-

186 1885 308 1940 ideo
338 1883 555 1940 fecisse
586 1882 1039 1954 proﬁtebantur,
1073 1882 1229 1954 quod
1262 1883 1499 1938 Eusebii
1539 1888 1599 1938 et
1627 1883 1824 1937 Hiero-
1865 1900 1908 1966 Β
1943 1884 2139 1939 simile
2171 1891 2279 1952 est,
2313 1888 2595 1957 epistolas
2653 1905 2687 1943 a
2744 1893 2907 1942 tanto
2947 1892 3205 1959 martyre
3235 1892 3526 1953 exaratas,
3558 1902 3596 1942 a

184 1975 339 2046 nymi
373 1982 643 2045 tempore
693 1989 814 2028 non
857 1977 1194 2028 exstarent:
1228 1989 1296 2027 eo
1334 1978 1534 2028 autem
1564 1978 1832 2042 tempore

180 2080 292 2118 non
313 2062 615 2118 exstitisse
636 2061 775 2117 inde
797 2060 1175 2133 colligebant,
1200 2061 1358 2133 quod
1380 2078 1490 2117 nec
1521 2061 1830 2128 Eusebius,

182 2169 281 2207 nec
312 2152 713 2222 Hieronymus
744 2166 951 2206 earum
992 2151 1353 2214 meminerit,
1387 2167 1523 2206 cum
1552 2150 1700 2207 alias
1731 2167 1834 2206 sex

182 2247 496 2313 septemve,
521 2256 669 2310 quas
690 2239 881 2294 nostri
903 2239 1249 2307 defendunt,
1268 2239 1583 2311 diligenter
1605 2254 1834 2294 memo-

180 2336 432 2394 rassent,
456 2335 636 2400 atque
667 2328 1144 2400 descripsissent.
1171 2328 1329 2383 Hanc
1353 2344 1558 2383 eorum
1591 2332 1833 2383 senten-

182 2423 313 2476 tiam
340 2426 526 2491 atque
553 2419 846 2475 rationem
879 2422 939 2473 et
966 2417 1168 2474 laudat
1196 2425 1253 2475 et
1281 2417 1661 2490 amplectitur
1699 2418 1836 2474 Dal-

181 2512 334 2567 laaus.
371 2513 520 2566 Nam
544 2510 614 2565 de
639 2510 874 2565 Usserio
898 2509 1173 2581 loquens,
1199 2511 1323 2565 haec
1356 2509 1545 2581 capite
1575 2509 1834 2565 secundo

182 2601 411 2656 scribit:
430 2624 457 2648 ‹‹
474 2600 741 2655 Primum
760 2615 899 2671 ergo
921 2615 1022 2654 sex
1044 2598 1177 2655 illas
1196 2599 1476 2671 epistolas
1497 2598 1571 2654 ad
1595 2599 1834 2654 Mariam

183 2690 632 2752 Cassobolitam,
656 2688 730 2744 ad
746 2688 1243 2760 Polycarpum,ad
1265 2688 1684 2752 Tarsenses,ad
1706 2692 1833 2743 An-

182 2781 511 2846 tiochenos,
536 2778 611 2834 ad
635 2779 949 2844 Heronem,
975 2784 1033 2833 et
1053 2779 1127 2833 ad
1146 2778 1579 2849 Philippenses,
1606 2778 1731 2842 has,
1751 2778 1837 2832 in-

176 2868 583 2941 quam,nondu
594 2885 649 2922 ni
670 2868 906 2924 Eusebii
926 2876 985 2923 et
1004 2869 1345 2939 Hieronymi
1367 2868 1729 2940 temporibus
1747 2885 1839 2924 ex-

173 2960 385 3014 stitisse
405 2958 552 3013 inde
578 2957 937 3013 validissime
960 2957 1358 3028 probat,quod
1387 2957 1459 3013 de
1484 2957 1555 3013 iis
1586 2962 1837 3028 uterque

172 3050 271 3105 iste
295 3049 561 3118 scriptor
591 3046 826 3102 nullum
861 3046 1114 3103 Verbum
1145 3047 1305 3114 facit,
1331 3047 1433 3117 qui
1457 3061 1559 3102 sex
1575 3046 1720 3103 alias
1746 3064 1840 3102 su-

167 3139 322 3208 peric
333 3153 433 3192 res
453 3135 633 3191 ambo
654 3136 1132 3190 memorant.Cur
1145 3135 1305 3190 enim
1320 3136 1426 3190 has
1440 3136 1637 3207 potius
1658 3152 1837 3207 quam

168 3226 372 3294 illas,si
400 3224 618 3292 illas,si
641 3229 924 3294 utrasque
946 3223 1529 3292 norunt,dixissent?
1560 3225 1676 3279 Cur
1696 3241 1831 3279 vero
1861 3257 1905 3321 Ο

171 3334 261 3370 eas
281 3313 688 3371 eruditissimi
720 3329 787 3368 ac
822 3312 1264 3385 diligentiSsimi
1298 3313 1569 3368 homines
1595 3314 1832 3387 ignora-

170 3412 316 3472 rent,
344 3406 393 3460 si
421 3410 619 3471 erant,
645 3409 713 3458 ut
734 3409 938 3458 narrat
964 3402 1274 3471 Baronius,
1294 3420 1329 3457 a
1352 3402 1833 3475 Philippensibus

170 3511 298 3550 cum
316 3512 426 3550 sex
446 3492 830 3564 superiorum
844 3491 917 3546 ad
935 3508 1034 3547 eos
1050 3492 1275 3547 missaa
1292 3490 1614 3563 Polycarpo
1627 3492 1834 3548 collec-

171 3587 324 3639 tione
366 3583 715 3653 conjunctte
735 3580 762 3636 ?
792 3582 921 3637 Non
949 3581 1155 3649 fuisse,
1188 3580 1455 3652 adeoque
1480 3598 1673 3651 neque
1707 3587 1831 3637 tum

166 3674 461 3729 exstitisse
484 3671 629 3727 inde
654 3670 1073 3741 constat,quod
1096 3687 1196 3726 eas
1217 3669 1506 3725 Eusebius
1528 3669 1828 3725 nescierit:

166 3764 485 3820 nescivisse
518 3761 711 3816 altum
740 3761 871 3831 ejus
902 3759 974 3814 de
1007 3760 1098 3814 his
1126 3759 1431 3815 silentium
1462 3759 1671 3832 arguit.
1709 3784 1731 3812 ι
1772 3760 1830 3815 Si

164 3864 358 3910 autem
406 3854 541 3908 haec
591 3849 951 3906 validissime
982 3848 1237 3921 probent
1267 3849 1384 3904 sive
1416 3848 1679 3920 quinque
1713 3850 1831 3905 sive

166 3962 255 4001 se:
273 3943 414 4000 illas
435 3940 729 4013 epistolas
753 3944 1018 4011 tempore
1032 3938 1268 3994 Eusebii
1286 3944 1342 3993 et
1358 3938 1695 4010 Hieronymi
1714 3955 1831 3993 non

164 4035 486 4095 exstitisse,
513 4030 784 4101 adeoque
811 4034 1018 4101 postea
1038 4030 1393 4099 excogitatas
1416 4032 1472 4082 et
1498 4027 1662 4083 fictas
1684 4028 1831 4082 fuis-

165 4142 254 4191 se;
290 4129 581 4179 nostrum
622 4124 781 4175 certe
813 4123 1231 4191 argumentum
1259 4117 1621 4172 validissime
1651 4117 1831 4173 etiam

163 4213 396 4283 probat,
415 4211 573 4267 alias
595 4225 775 4280 quam
806 4214 1040 4262 nostras
1063 4207 1270 4279 lgnatii
1300 4206 1579 4278 epistolas
1600 4224 1709 4261 nec
1731 4224 1827 4262 eo-

164 4302 292 4358 dem
313 4319 433 4358 nec
452 4300 577 4354 ullo
599 4297 715 4353 alio
735 4295 1124 4353 antecedente
1145 4313 1269 4351 aevo
1292 4295 1658 4367 apparuisse;
1679 4301 1742 4351 ut
1758 4296 1830 4352 de

163 4395 293 4451 aliis
324 4414 361 4451 a
402 4393 736 4464 Polycarpo
781 4388 1070 4455 collectis,
1100 4388 1161 4444 in
1191 4405 1379 4443 unum
1417 4405 1629 4459 corpus
1661 4387 1828 4443 reda-

165 4487 288 4556 ctis,
326 4485 405 4542 ad
429 4481 730 4539 Ecclesias
761 4479 1148 4548 transmissis,
1182 4483 1242 4534 et
1270 4478 1489 4551 insigni
1521 4477 1707 4550 elogio
1741 4495 1831 4532 or-

165 4577 317 4631 natis
348 4572 553 4645 loqui,
581 4570 754 4642 plane
787 4574 1189 4626 commentum
1221 4568 1429 4640 sapiat.
1455 4569 1636 4623 Nemo
1668 4566 1827 4622 enim

1944 1979 2108 2029 tanto
2131 1973 2320 2031 editas
2341 1981 2518 2046 atque
2542 1976 2829 2045 laudatas,
2855 1976 3120 2048 epistolae
3146 1975 3325 2031 etiam
3352 1975 3438 2030 illi
3460 1976 3595 2030 sub-

1935 2063 2148 2135 jectas,
2173 2080 2305 2134 quas
2337 2080 2443 2135 per
2475 2069 2561 2119 tot
2582 2064 2801 2120 saecula
2816 2064 3050 2136 publice
3073 2065 3228 2119 lecta
3247 2079 3452 2119 earum
3472 2079 3595 2119 me-

1942 2155 2189 2210 moriam
2215 2160 2501 2225 perpetuo
2524 2154 2984 2227 redintegrabat,
3010 2154 3210 2210 statim
3240 2153 3510 2224 periisse,
3535 2157 3597 2208 et

1943 2245 2016 2299 ab
2047 2243 2314 2299 omnium
2346 2243 2534 2298 oculis
2564 2249 2796 2315 ereptas
2852 2243 3080 2299 fuisse?
3135 2245 3222 2297 An
3254 2242 3593 2313 putabimus

1944 2335 2149 2406 lgnatii
2181 2335 2405 2389 ossium
2449 2334 2734 2405 reliquias
2786 2337 2973 2389 Roma
3001 2334 3375 2389 Antiochiam
3404 2338 3597 2388 trans-

1944 2429 2226 2497 portatas,
2259 2428 2539 2493 tantaque
2592 2423 2969 2479 veneratione
3019 2439 3125 2494 per
3154 2427 3241 2478 tot
3277 2438 3465 2478 annos
3496 2422 3597 2477 ha-

1942 2513 2096 2569 bitas
2121 2532 2135 2580 ;
2169 2512 2447 2584 epistolas
2469 2518 2667 2568 autem
2690 2513 2751 2567 in
2774 2513 2902 2583 ipso
2922 2512 3135 2568 itinere
3168 2513 3437 2583 scriptas,
3459 2527 3593 2582 pro-

1942 2602 2176 2675 pediem
2208 2602 2268 2656 in
2300 2608 2504 2657 ventos
2552 2601 2769 2657 abiisse
2790 2602 2817 2657 ‘I
2847 2604 2936 2657 An
2967 2601 3377 2673 conjiciemus,
3410 2601 3594 2672 impe-

1946 2696 2112 2746 rante
2144 2692 2468 2753 Antonino,
2493 2694 2595 2745 aut
2619 2690 2876 2756 Aurelio,
2901 2690 3011 2745 hoc
3033 2696 3141 2758 est,
3161 2690 3284 2744 vivo
3316 2689 3511 2744 adhuc
3534 2693 3594 2744 et

1947 2780 2173 2836 valente
2206 2781 2261 2836 S.
2298 2779 2635 2850 Polycarpo,
2671 2779 2838 2833 ﬁctas
2874 2778 3076 2847 fuisse,
3108 2779 3215 2833 has
3243 2793 3391 2848 quas
3420 2777 3595 2832 hahe-

1946 2886 2078 2924 mus
2132 2867 2429 2939 epistolas,
2482 2884 2618 2923 cum
2669 2867 2957 2923 Salmasio
3006 2871 3064 2922 et
3110 2865 3457 2932 Albertino;
3492 2869 3595 2921 aut

1947 2958 2156 3015 saltem
2183 2958 2380 3012 statim
2413 2962 2545 3027 post
2569 2956 2891 3012 Clementis
2912 2954 3293 3011 Alexandrini
3315 2961 3594 3021 mortem,

1945 3063 2079 3102 cum
2112 3046 2436 3111 Blondello,
2461 3062 2713 3117 quorum
2740 3046 2934 3117 ipsum
2967 3044 3247 3100 Dallaaum
3264 3044 3490 3115 pudet?
3508 3046 3600 3098 An

1948 3142 2146 3192 autem
2177 3135 2350 3191 tertio
2385 3134 2595 3191 smculo
2628 3140 2903 3201 exeunte,
2937 3139 3040 3190 aut
3085 3135 3330 3188 ineunte
3360 3138 3594 3203 quarto,

1947 3243 2079 3281 cum
2106 3227 2376 3280 homines
2407 3225 2671 3295 undique
2703 3223 3036 3280 doctissimi
3058 3224 3119 3278 in
3140 3223 3402 3277 Ecclesia
3430 3221 3602 3278 ﬂore-

1945 3323 2096 3385 rent,
2129 3322 2187 3372 et
2236 3316 2609 3371 bibliothecae
2639 3316 2814 3372 variae
2843 3314 2919 3370 ad
2948 3320 3213 3369 veterum
3241 3312 3597 3368 Christiano-

1944 3422 2073 3461 rum
2106 3406 2324 3477 scripta
2354 3403 2755 3460 conservanda
2801 3404 3217 3469 conderentur,
3252 3402 3593 3474 putabimus

1941 3497 2091 3552 alias
2125 3496 2407 3566 epistolas
2429 3511 2631 3550 earum
2652 3495 2779 3549 loco
2799 3493 3136 3564 suppositas
3153 3492 3425 3562 fuisse,et
3446 3492 3584 3560 illis,

1943 3586 2155 3657 quibus
2183 3584 2502 3640 Christiani
2534 3601 2638 3654 per
2680 3589 2766 3639 tot
2794 3599 2985 3638 annos
3015 3587 3461 3651 consueverant,
3493 3598 3591 3653 pe-

1941 3675 2101 3729 nitus
2133 3674 2382 3729 sublatis
2406 3673 2761 3728 successisse
2779 3672 2807 3725 ?
2837 3673 2981 3727 Ecce
3014 3672 3170 3727 enim
3203 3671 3583 3743 Dallaaus,qui

1943 3763 2117 3819 modo
2149 3763 2534 3833 impostorem
2567 3777 2741 3815 suum
2786 3761 3096 3831 Polycarpi
3128 3760 3393 3831 epistola)
3424 3760 3586 3815 testi-

1942 3853 2207 3907 monium
2239 3858 2509 3905 nostrum
2543 3851 2883 3913 inseruisse,
2919 3856 2975 3903 et
3006 3848 3107 3904 ubi
3137 3855 3314 3904 antea
3344 3866 3463 3903 non
3495 3865 3593 3904 ex-

1941 3948 2144 4009 staret,
2174 3941 2473 3997 infulsisse
2504 3939 2720 3994 diserte
2748 3937 3104 4003 affirmabat,
3129 3955 3264 3992 cum
3293 3938 3365 3992 de
3395 3944 3591 3994 aucto-

1940 4033 2113 4087 ritate
2144 4030 2406 4102 epistolae
2438 4027 2876 4099 Polycarpianac
2907 4032 3214 4099 ageretur:
3250 4042 3411 4081 nunc
3451 4043 3590 4083 eum

1942 4123 2012 4177 de
2046 4122 2092 4174 vi
2129 4119 2453 4175 testimonii
2477 4118 2687 4190 agitur,
2711 4116 3009 4173 conversis
3030 4115 3173 4172 velis
3203 4116 3503 4187 remisque
3526 4116 3590 4171 in

1941 4211 2143 4266 omnia
2170 4209 2289 4264 alia
2315 4208 2523 4275 fertur,
2584 4224 2703 4262 non
2761 4206 2969 4262 eodem
3029 4205 3267 4277 quidem
3300 4205 3450 4273 loco,
3484 4205 3590 4260 sed

1939 4305 2108 4355 caute
2141 4297 2499 4370 provideque
2527 4297 2718 4368 capite
2749 4298 2837 4361 26,
2872 4295 2971 4350 ubi
3006 4299 3195 4351 totum
3224 4294 3436 4351 fabulas
3464 4312 3588 4351 suae

1940 4391 2352 4460 argumentum
2384 4384 2665 4452 contexit,
2698 4384 2874 4439 aliam
2905 4383 3076 4439 nobis
3107 4400 3346 4440 scenam
3376 4385 3586 4456 aperit.

1944 4477 2072 4532 Vult
2095 4476 2254 4532 enim
2279 4499 2300 4525 ‹‹
2332 4476 2716 4547 impostorem
2732 4491 3051 4537 suum,cum
3074 4475 3324 4546 scriptas
3346 4475 3486 4531 hinc
3506 4475 3590 4529 di-

1940 4567 2183 4622 dicisset
2203 4564 2347 4620 olim
2370 4565 2553 4621 fuisse
2571 4564 2642 4619 ab
2668 4564 2891 4636 lgnatio
2915 4564 3144 4635 aliquas
3162 4564 3592 4636 epistolas,eas-

167 4672 300 4721 ante
333 4660 695 4729 Eusebium,
729 4659 817 4715 vel
851 4659 1296 4730 Hieronymum,
1321 4657 1409 4711 vel
1439 4656 1619 4712 etiam
1651 4657 1831 4711 Theo-
1862 4646 1906 4711 D
1939 4673 2051 4726 que
2067 4655 2194 4727 jam
2219 4653 2542 4709 desiderari
2564 4653 3081 4718 animadverteret,
3111 4653 3429 4709 consilium
3452 4654 3590 4708 inde

168 4753 471 4817 doretum,
503 4755 611 4807 aut
631 4748 948 4813 Gelasium,
973 4764 1148 4803 nemo
1172 4754 1305 4802 ante
1326 4745 1519 4817 quinti
1542 4745 1740 4800 saeculi
1774 4744 1836 4799 ﬁ-

170 4862 329 4913 nem,
361 4859 492 4915 quo
526 4846 757 4895 veteres
800 4854 1010 4893 omnes
1059 4836 1444 4892 ecclesiastici
1478 4841 1534 4890 et
1561 4833 1838 4890 catholici

170 4935 523 5006 scriptores,
562 4946 631 4985 ac
665 4928 725 4983 in
756 4927 965 4999 primis
997 4927 1052 4981 S.
1086 4925 1368 4998 Ignatius,
1402 4924 1463 4978 in
1500 4929 1840 4979 controver-

170 5026 267 5078 siis
292 5022 440 5078 ﬁdei
466 5024 601 5075 tum
623 5035 657 5072 a
678 5014 1141 5083 catholicis,tum
1163 5031 1196 5069 a
1218 5013 1518 5068 modernis
1548 5011 1841 5067 haereticis

172 5118 465 5184 tanquam
495 5105 709 5164 arbitri
743 5101 1234 5167 admittebantur,
1270 5100 1359 5156 vel
1391 5101 1601 5170 virum,
1634 5098 1720 5153 vel
1753 5115 1842 5153 ec-

174 5202 420 5258 clesiam
441 5199 629 5255 aliam
656 5193 1003 5251 nominavit.
1031 5191 1103 5248 ad
1127 5208 1306 5263 quam
1337 5190 1594 5263 Ignatius
1616 5188 1843 5243 litteras

174 5293 461 5357 dederat;
493 5304 677 5345 nemo
708 5284 897 5341 ullam
930 5281 1288 5338 sententiam
1320 5298 1389 5335 ex
1419 5278 1540 5336 ulla
1569 5278 1687 5334 alia
1716 5277 1843 5349 cpi-

176 5383 323 5438 stola
353 5376 679 5450 excerpsit.
727 5375 809 5429 Ex
868 5371 1087 5427 nostris
1140 5385 1321 5426 unam
1353 5370 1633 5435 lreneeus,
1664 5382 1846 5422 unam

176 5471 569 5546 TheOphilus,
602 5470 706 5523 aut
737 5462 1026 5534 antiquus
1072 5458 1273 5515 Basilii
1322 5462 1548 5525 auctor,
1579 5456 1847 5528 ejusdem

178 5582 310 5622 cum
340 5568 578 5621 Irenaeo
609 5559 738 5627 aevi,
777 5556 928 5611 duas
953 5552 1441 5625 Origenes,unam
1471 5549 1849 5623 pseudo-Dio-

181 5657 403 5727 nysius,
469 5650 819 5725 complures
880 5642 1188 5711 Eusebius,
1247 5658 1428 5697 unam
1468 5639 1846 5709 Athanasius,

184 5747 326 5803 duas
355 5747 848 5820 Chrysostomus,
884 5732 1081 5809 plures
1113 5732 1526 5803 Hieronymus,
1560 5729 1847 5801 plurimas

1946 4744 2171 4816 cepisse
2187 4760 2323 4799 suas
2337 4742 2443 4798 sub
2459 4743 2665 4797 eodem
2689 4744 2932 4797 nomine
2959 4743 3219 4813 fingendi
3239 4748 3298 4797 et
3318 4742 3589 4797 edendi.»

1946 4834 2219 4899 Quamvis
2243 4832 2439 4888 Dallzei
2464 4832 2752 4904 impostor
2775 4833 2959 4887 mirus
2981 4832 3189 4886 artifex
3222 4832 3316 4900 sit,
3354 4848 3461 4886 nec
3487 4830 3594 4886 mi-

1950 4924 2079 4977 nori
2105 4923 2321 4995 ingenii
2348 4921 2621 4977 acumine
2654 4921 2953 4992 praeditus,
2978 4937 3155 4991 quam
3177 4922 3325 4991 ipse,
3360 4937 3480 4975 non
3514 4926 3594 4975 ta-

1950 5026 2087 5064 men
2116 5010 2243 5064 hzec
2273 5008 2387 5063 duo
2415 5006 2571 5062 idem
2595 5012 2874 5078 praestare
2896 5007 3087 5077 potuit
3113 5023 3125 5059 :
3159 5023 3277 5061 non
3310 5005 3503 5077 potuit
3523 5023 3595 5061 ex

1950 5097 2259 5169 Polycarpi
2291 5096 2540 5168 epistola
2576 5095 2821 5160 discere,
2856 5094 3105 5165 scriptas
3134 5094 3315 5149 fuisse
3349 5095 3490 5150 olim
3521 5097 3593 5151 ab

1952 5188 2176 5260 Ignatio
2209 5186 2435 5255 aliquas
2466 5183 2766 5255 epistolas,
2828 5188 2886 5237 et
2941 5182 3098 5237 idem
3131 5200 3199 5239 ea
3228 5184 3426 5249 verba,
3460 5201 3592 5254 quas

1953 5279 2066 5333 hoc
2091 5277 2285 5346 ipsum
2310 5273 2596 5341 indicant,
2622 5273 2902 5343 inserere.
2932 5269 2987 5326 Si
3010 5270 3137 5341 ipse
3168 5271 3395 5341 primus
3426 5288 3495 5326 ea
3515 5273 3600 5327 in-

1956 5366 2159 5427 seruit,
2194 5379 2311 5419 non
2344 5363 2521 5434 igitur
2549 5362 2612 5415 in
2641 5359 2947 5431 Polycarpi
3002 5359 3254 5430 epistola
3282 5360 3447 5430 prius
3470 5359 3599 5415 fue-

1956 5461 2135 5521 runt;
2166 5470 2346 5525 quare
2374 5451 2507 5506 inde
2527 5449 2744 5505 disiere
2766 5465 2884 5503 non
2908 5447 3118 5520 potuit.
3144 5450 3233 5502 An
3256 5448 3389 5504 ideo
3420 5449 3598 5506 insul-

1959 5547 2053 5613 sit,
2088 5550 2153 5599 ut
2181 5560 2300 5598 non
2332 5547 2564 5597 tantum
2597 5539 2762 5604 alios,
2797 5538 2901 5594 sed
2947 5544 3005 5592 et
3033 5537 3296 5610 seipsum
3326 5538 3602 5597 falleret?

1959 5652 2032 5691 an
2065 5634 2171 5688 illa
2201 5631 2660 5704 interpolatione
2691 5646 2811 5685 non
2835 5633 3064 5684 tantum
3091 5628 3246 5696 aliis,
3269 5628 3374 5684 sed
3396 5635 3456 5685 et
3485 5630 3597 5685 sibi

1961 5723 2257 5798 persuasit
2289 5723 2535 5795 scriptas
2562 5720 2742 5776 fuisse
2773 5719 3000 5790 aliquas
3031 5717 3102 5772 ab
3134 5718 3358 5788 lgnatio
3390 5718 3600 5789 episto-
