3972 6306
404 391 524 452 14⁸1

1473 387 1538 448 S.
1587 384 1978 448 IGNATIUS.
2029 419 2103 430 -
2147 385 2778 449 PROLEGOMENA.

3712 391 3828 449 H8

403 527 513 595 las,
543 524 704 599 quod
728 540 939 582 omnes
981 526 1122 581 ante
1167 537 1326 590 eum,
1375 520 1624 590 scilicet,
1656 519 2061 593 ignorabant?

2245 518 2388 576 .ulus
2413 536 2426 576 :
2459 516 2599 576 Οὔτε
2628 519 2734 595 γὰρ
2763 518 2891 596 ἐγὼ,
2952 516 3076 576 οὔτε
3131 517 3306 584 ἄλλος
3347 519 3542 595 ὅμοιος
3573 518 3700 595 ἐμοὶ
3731 519 3829 577 δύο

410 616 524 673 Sed
555 617 702 688 quid
723 633 872 688 opus
899 619 989 671 est
1014 619 1078 669 ut
1105 613 1396 684 impostor
1424 612 1536 667 hoc
1565 628 1635 668 ex
1668 610 1922 684 epistola
1951 612 2068 666 Po-

407 705 633 778 lycarpi
665 704 940 772 disceret,
973 709 1095 770 aut,
1129 708 1194 757 ut
1223 701 1325 757 alii
1369 701 1506 757 inde
1538 701 1867 770 haurirent,
1899 715 2070 755 cura-

409 795 540 850 ret?
557 818 582 844 «
604 795 780 860 Quasi
800 809 935 850 vero
955 794 1268 865 quisquam
1289 791 1440 847 adeo
1459 791 1674 848 stultus
1695 791 1791 853 sit,
1813 795 1880 844 ut
1899 793 2073 862 neget

411 885 792 957 amplissimis
807 883 1059 940 civitatis
1073 883 1440 954 episcopum,
1458 881 1531 937 ad
1544 881 2073 953 hacapostolorum

409 974 770 1046 discipulum
817 973 973 1029 ullas
1004 972 1094 1026 vel
1147 971 1406 1027 scribere
1439 971 1724 1042 potuisse,
1753 971 1842 1026 vel
1871 987 2072 1027 revera

406 1064 716 1135 scripsisse
738 1063 1023 1119 litteras.»
1045 1061 1237 1118 Verba
1255 1066 1393 1118 sunt
1415 1059 1934 1126 Dallaei.Quorsum
1959 1061 2069 1132 igi-

407 1156 912 1228 turimpostorem
945 1169 1117 1210 suum
1159 1153 1234 1209 ad
1287 1153 1670 1224 Polycarpum
1700 1152 1972 1220 remittit,
2003 1157 2070 1209 ut

408 1247 522 1302 hoc
546 1245 618 1301 ab
652 1261 722 1300 eo
753 1243 993 1300 discat?
1023 1259 1308 1315 quorsum
1335 1259 1467 1298 eum
1491 1241 1776 1298 violentas
1806 1243 2067 1315 epistola:

409 1335 741 1392 notissimas
773 1349 990 1389 manus
1017 1333 1240 1388 inferre
1295 1332 1468 1402 cogit,
1501 1337 1566 1387 ut
1595 1331 1744 1388 alios
1775 1332 1930 1387 idem
1962 1332 2064 1388 do-

409 1429 559 1489 ceat,
587 1423 744 1495 quod
768 1439 846 1478 ne
876 1423 1036 1478 stulti
1069 1421 1309 1492 quidem
1336 1436 1552 1494 negare
1577 1423 1936 1493 potuerunt?
1956 1423 2067 1478 Sed

413 1515 466 1570 si
497 1515 609 1569 hoc
641 1513 933 1584 impostor
962 1529 1032 1568 ex
1074 1511 1398 1584 Polycarpo
1431 1511 1756 1577 didicisset,
1789 1511 2070 1584 epistolas

417 1602 630 1676 Ignatii
661 1602 734 1659 ab
767 1603 894 1675 ipso
928 1601 1207 1658 collectas
1248 1606 1306 1657 et
1335 1601 1666 1673 posteritati
1699 1601 2070 1659 commenda-

417 1701 507 1750 tas
536 1693 740 1764 fuisSe,
767 1692 926 1748 unde
959 1709 1058 1748 eas
1083 1692 1209 1766 jam
1254 1691 1579 1748 desiderari
1611 1692 2070 1750 animadvertit?

415 1785 574 1841 unde
604 1783 719 1841 hoc
746 1785 835 1838 vir
880 1783 1262 1840 doctissimus
1301 1783 1556 1839 didicit?
1607 1785 1742 1856 quis
1771 1784 2070 1842 collectio-

413 1891 552 1931 nem
585 1874 893 1946 Polycarpi
922 1873 1168 1946 periisse
1201 1873 1369 1939 dixit,
1403 1879 1505 1929 aut
1533 1875 1834 1931 credidit?
1859 1876 2068 1932 Nonne
2099 1883 2146 1949 Β

414 1965 626 2022 eodem
639 1965 818 2020 tertio
834 1963 1052 2019 saeculo
1067 1963 1300 2019 dixerat
1311 1964 1590 2037 Origenes
1609 1981 1622 2019 :
1639 1986 1668 2014 «
1683 1965 1994 2038 Eleganter
2006 1965 2070 2022 in

415 2054 726 2126 cujusdam
749 2053 1027 2126 martyris
1059 2053 1310 2126 epistola
1341 2054 1626 2126 scriptum
1650 2056 1866 2128 reperi,
1898 2057 2070 2129 Igna—

409 2145 561 2200 tium
579 2143 1088 2216 dico,episcopum
1110 2143 1438 2199 Antiochiae
1457 2149 1590 2216 post
1608 2147 1847 2201 Petrum
1865 2161 2070 2202 secun-

408 2233 684 2306 dum,qui
696 2234 758 2289 in
769 2233 1183 2305 persecutione
1199 2233 1395 2288 Romae
1411 2234 1689 2306 pugnavit
1700 2235 1773 2290 ad
1785 2235 2069 2292 bestias?»

411 2326 499 2379 An
531 2323 632 2394 qui
664 2321 1060 2394 Polycarpum
1083 2321 1330 2394 legerat,
1354 2321 1689 2395 lectamque
1711 2324 1839 2396 ejus
1870 2327 2070 2382 etiam-

405 2427 560 2468 num
588 2411 650 2466 in
680 2409 935 2482 publicis
967 2410 1355 2466 conventibus
1382 2411 1694 2482 epistolam
1724 2419 1986 2484 noverat,
2014 2419 2073 2470 et

408 2518 490 2558 ex
548 2499 756 2556 eadem
812 2499 1254 2573 Ignatianorum
1333 2501 1653 2576 συναγωγήν
1711 2507 1875 2559 tanta
1931 2521 2072 2562 cura.

421 2591 685 2664 Smyrna;
715 2594 1146 2658 conservatam,
1191 2591 1253 2645 in
1306 2591 1708 2648 Macedoniam
1739 2597 1905 2648 tanta
1936 2609 2069 2650 cum

419 2679 600 2736 laude
620 2679 1053 2750 transmissam,
1077 2679 1596 2750 animadverterat,
1621 2681 1829 2738 eodem
1854 2683 2070 2739 smculo

418 2787 536 2842 quo
567 2769 848 2842 Origenes
870 2769 1143 2827 eamdem
1161 2769 1802 2842 laudaverat,lunditus
1823 2773 2071 2844 periisse

415 2867 624 2934 putare
655 2861 897 2934 potuit?
945 2862 1128 2916 Nimis
1160 2878 1360 2918 crassa
1385 2863 1511 2918 haec
1545 2869 1702 2929 sunt,
1736 2880 1914 2934 quam
1943 2869 2010 2919 ut
2039 2882 2073 2921 a

410 2951 552 3008 viris
589 2951 776 3007 doctis
830 2956 1200 3023 coquantur;
1259 2952 1440 3006 nimis
1485 2952 1766 3020 invalida,
1799 2969 1974 3024 quam
2007 2960 2072 3010 ut

417 3045 834 3114 argumentum
889 3045 1158 3098 nostrum
1219 3039 1556 3111 debilitent,
1607 3059 1724 3112 quo
1773 3057 1894 3097 non
1923 3043 2072 3100 alias

410 3146 592 3202 quam
621 3134 854 3186 nostras
885 3146 919 3186 a
947 3129 1275 3203 Polycarpo
1326 3129 1514 3186 editas
1557 3131 1838 3203 epistolas
1868 3138 2069 3189 osten-

412 3220 627 3324 δίῖηέιε·
759 3313 770 3324 .
945 3308 984 3324 ..
1116 3313 1128 3324 .
1251 3309 1302 3324 ..
1480 3309 1510 3324 η
1655 3310 1690 3324 ..
1967 3257 2114 3324 ...ο

485 3307 650 3366 Idem
677 3313 874 3365 autem
909 3308 1049 3375 alio,
1077 3313 1136 3364 et
1165 3309 1406 3380 quidem
1439 3309 1790 3376 aﬂrmativo,
1822 3329 1934 3368 nec
1962 3313 2064 3368 illo

417 3398 855 3455 contemnendo
887 3403 1258 3469 argumento,
1281 3415 1348 3454 ex
1391 3399 1537 3470 ipsis
1569 3401 1836 3472 epistolis
1859 3403 2067 3476 petito,

417 3503 542 3544 non
570 3487 778 3543 leviter
802 3489 1156 3544 confirmare
1176 3504 1272 3544 me
1294 3505 1466 3560 posse
1489 3489 1878 3548 confido.‘.\'on
1911 3493 2066 3548 enim

417 3581 653 3633 tantum
685 3581 918 3632 nostras
949 3577 1227 3650 epistolas
1269 3577 1536 3648 quamvis
1575 3579 1952 3652 generaliter,
1985 3586 2069 3636 ta-

417 3681 558 3722 men
577 3666 722 3722 satis
744 3666 964 3722 diserte
986 3666 1288 3734 describit,
1313 3683 1460 3738 quas
1483 3667 1682 3738 fidem,
1698 3669 2065 3740 patientiam,

419 3771 779 3827 omnemque
828 3755 1285 3812 aediﬁcationem
1335 3757 1644 3812 continere
1687 3763 1955 3828 testatur,
1997 3760 2069 3815 de

417 3859 536 3918 qua
559 3860 624 3900 re
651 3843 830 3916 paulo
854 3843 1040 3900 fusius
1084 3848 1220 3900 ante
1243 3843 1536 3912 diximus;
1561 3845 1664 3901 sed
1687 3851 1745 3900 et
1761 3847 2066 3918 speciatim

413 3934 772 4008 legationem
793 3934 869 3989 ad
888 3933 1289 3990 Antiochenos
1313 3935 1518 4006 tangit,
1543 3951 1674 4006 quae
1696 3951 1831 3990 cum
1853 3935 1912 3991 in
1935 3937 2068 3994 aliis

390 4029 542 4080 tum
572 4023 870 4096 praecipue
901 4023 964 4079 in
994 4023 1095 4078 illa
1142 4023 1217 4078 ad
1243 4022 1638 4094 Polycarpum
1685 4029 1912 4092 exstat;
1945 4025 2065 4082 imo

414 4114 540 4186 ipse
570 4113 932 4186 Polycarpus
965 4112 1026 4166 in
1052 4111 1280 4183 reliquo
1309 4112 1571 4185 epistolae
1602 4129 1847 4185 corpore
1878 4115 2067 4172 multa

413 4217 712 4274 reprmsen
721 4206 963 4272 tat,quae
980 4199 1260 4272 epistolas
1279 4205 1514 4256 nostras
1531 4218 1686 4272 saepe
1707 4203 2062 4274 respiciunt;

416 4299 483 4349 ut
503 4309 640 4348 eum
663 4291 903 4347 easdem
926 4293 1171 4346 omnino
1187 4290 1504 4365 diligenter
1525 4291 1759 4364 legisse,
1783 4301 1842 4349 et
1869 4294 2062 4351 liben-

415 4388 510 4438 ter
532 4397 708 4438 usum
737 4380 942 4449 fuisse,
984 4380 1174 4451 quivis
1218 4381 1556 4454 perspiciat,
1602 4387 1669 4438 ut
1703 4383 1795 4439 vix
1826 4385 1882 4441 S.
1917 4386 2064 4442 Pau-

419 4471 566 4538 lum,
599 4475 702 4526 aut
731 4471 785 4524 S.
815 4471 1077 4535 Petrum,
1109 4475 1210 4525 aut
1237 4469 1603 4526 Clementem
1632 4473 1818 4546 magis
1846 4473 1909 4529 in
1942 4477 2062 4547 epi-

420 4561 575 4618 stola
602 4577 728 4626 sua,
763 4575 939 4630 quam
970 4560 1260 4632 lgnatium
1286 4566 1556 4616 nostrum
1582 4569 1820 4618 secutus
1843 4581 1970 4620 esse
1991 4567 2064 4621 vi-

419 4649 648 4706 deatur.
681 4648 905 4721 Quippe
949 4665 1022 4704 ex
1055 4665 1286 4704 summa
1338 4651 1739 4720 veneratione,
1769 4653 2066 4725 frequenti

417 4740 764 4805 lectione,et
787 4739 1010 4795 recenti
1050 4740 1343 4796 memoria
1382 4745 1524 4796 tunc
1571 4758 1706 4798 cum
1745 4743 1818 4798 ad
1847 4745 2068 4817 Philip-

421 4847 637 4903 penses
659 4830 1096 4898 scriberet,h.'ec
1119 4831 1248 4903 ejus
1275 4831 1474 4887 animo
1507 4833 1623 4888 alte
1655 4834 1942 4890 insedisse
1973 4836 2074 4890 ob-

423 4937 744 4978 servamus.
771 4921 982 4977 Statim
1003 4923 1086 4975 aA
1105 4921 1300 4987 initio,
1325 4937 1457 4977 cum
1477 4921 1547 4977 de
1569 4924 1796 4994 Ignatio
1823 4925 2071 4996 ejusque

425 5010 740 5066 comitibus
791 5009 1076 5081 loquitur,
1111 5027 1213 5065 eos
1265 5010 1346 5066 ita
1375 5010 1678 5077 describit,
1709 5010 1834 5074 τοὺς
1861 5011 2072 5084 ἐνειλη-

426 5097 619 5169 μένους
651 5101 768 5158 τοῖς
795 5094 1148 5171 ἁγιοπρετιὲσι
1205 5093 1448 5172 δεσμοῖς,
1506 5099 1661 5154 ἅτινά
1709 5097 1820 5154 ἐστι
1879 5097 2068 5174 διαδή-

423 5205 568 5259 ματα
594 5189 702 5241 τῶν
763 5184 986 5256 ἀληθῶς
1039 5185 1142 5241 ὑπὸ
1204 5190 1357 5256 Θεοῦ,
1417 5188 1507 5242 καὶ
1551 5192 1648 5243 τοῦ
1683 5190 1882 5266 Κυρίου
1912 5193 2072 5264 ἡμῶν

420 5273 852 5349 ἰκΛελεγμένων,
885 5277 1076 5348 iisque
1109 5277 1304 5334 verbis
1335 5278 1451 5334 duo
1476 5281 1684 5352 Ignatii
1725 5281 1910 5336 nostri
1942 5282 2072 5338 loca

422 5366 732 5438 eXpressit,
763 5382 951 5422 unum
983 5367 1246 5438 epistolas
1269 5367 1342 5423 ad
1375 5368 1708 5440 Smyrnaaos
1735 5385 1749 5423 :
1780 5365 2072 5441 Δεδεμὲνος

423 5453 906 5526 θεοπρεπεστάτοις
939 5451 1162 5529 δεσμοῖς
1209 5456 1418 5519 πάντας
1447 5455 1786 5531 ἀσπάζομαι,
1819 5459 2072 5516 alterum

424 5543 501 5600 ad
529 5543 852 5616 Ephesios:
885 5544 970 5598 Ἐν
1023 5545 1068 5618 ᾧ
1114 5544 1182 5599 τὰ
1223 5541 1397 5618 δεσμᾶ
1449 5545 1726 5619 περιφὲρω
1755 5544 1881 5608 τοὺς
1913 5568 2070 5602 πνευ-

429 5632 691 5707 ματικοῦς
748 5633 1098 5709 μαργαρίτας.
1159 5637 1228 5690 Et
1284 5652 1402 5692 non
1447 5635 1638 5690 multo
1667 5643 1802 5708 post
1829 5637 1904 5694 ad
1933 5638 2075 5694 Phi-

432 5725 708 5797 ippenses
770 5743 925 5798 suos,
980 5727 1052 5782 ad
1103 5744 1249 5800 quos
1305 5725 1615 5797 epistolam
1663 5727 1979 5799 scripserat
2012 5731 2068 5784 ς.

2171 628 2326 664 ναται
2355 609 2832 679 κατακολουθῆσαι
2861 616 2927 680 τῆ
2971 609 3133 688 σοφίᾳ
3159 615 3258 666 τοῦ
3292 611 3562 684 μακαρίου
3611 611 3702 667 καὶ
3749 611 3831 667 ἐν-

2169 694 2330 771 δόξου
2359 696 2599 764 Παύλου,
2647 698 2706 760 ὅς
2751 699 3036 774 γενόμενος
3075 699 3128 756 ἐν
3179 701 3309 775 ὑμῖν
3363 700 3500 756 κατὰ
3529 700 3826 776 πρόσωπον

2170 791 2282 843 τῶν
2311 786 2434 843 τότε
2489 787 2808 861 ἀνθρώπων,
2869 786 3108 860 ἐδίδαξεν
3166 784 3410 866 ἀκριϐῶς
3449 791 3540 844 καὶ
3591 787 3829 866 βεϐαίως

2170 876 2264 930 τὸν
2295 877 2414 950 περὶ
2447 875 2710 946 ἀληθείας
2769 875 2953 952 λόγον·
3013 878 3074 940 ὅς
3133 879 3222 934 καὶ
3283 879 3433 934 ἀπὼν
3494 879 3623 953 ὑμῖν
3672 873 3834 958 ἔγρα-

2174 967 2276 1039 ψαν
2321 963 2634 1026 amem.
2687 967 2911 1033 Quibus
2959 969 3093 1040 quis
3140 986 3260 1025 non
3312 970 3469 1025 videt
3499 986 3634 1027 eum
3665 971 3834 1042 lgna-

2171 1055 2322 1111 tinm
2343 1061 2614 1112 nostrum
2637 1057 2710 1112 ad
2734 1057 3039 1129 Ephesios,
3063 1058 3418 1130 quibuscum
3445 1061 3670 1132 pariter
3690 1077 3834 1116 cun—

2172 1151 2439 1201 versatus
2471 1150 2562 1201 est
2590 1151 2648 1201 et
2677 1146 2749 1202 ad
2774 1163 2923 1218 quos
2944 1148 3265 1220 scripserat
3285 1149 3340 1204 S.
3371 1149 3608 1206 Paulus.
3638 1149 3834 1206 imita-

2173 1239 2299 1290 tum
2331 1251 2459 1290 esse
2505 1236 2587 1291 ita
2637 1235 3034 1293 scribentem:
3087 1233 3229 1294 Οἶδα
3273 1235 3358 1299 τίς
3399 1237 3538 1312 εἶμι,
3568 1238 3659 1293 καὶ
3687 1239 3832 1293 τισιν

2169 1322 2382 1400 γράφω,
2437 1321 2656 1379 Παύλου
2704 1323 3016 1398 συμμῦσται
3065 1331 3162 1380 τοῦ
3209 1327 3569 1401 ἠγιασμὲνου,
3613 1348 3828 1404 μεμαρ-

2168 1411 2478 1484 τυρηςιένου
2536 1413 3020 1488 ἀξιομακαρίστου.
3077 1413 3156 1473 Ob
3207 1417 3418 1491 γένοιτό
3480 1437 3578 1488 μοι
3629 1417 3732 1473 ὑπὸ
3767 1417 3833 1472 τὰ

2172 1496 2304 1576 ἴχνη
2338 1501 2752 1576 εὗρεθῆναι,ὅτ⁹
2791 1500 2852 1558 ἅν
2903 1508 3037 1559 Θεοῦ
3093 1503 3360 1580 ἐπιτύχωο
3429 1505 3488 1566 ὅς
3555 1505 3608 1560 ἐν
3677 1504 3828 1582 πάσῃ

2173 1589 2437 1664 ἐπιστολῇ
2483 1593 2812 1665 μνημονεύει
2860 1593 3012 1667 ὑμῶν
3045 1592 3098 1649 ἐν
3130 1597 3349 1670 Χριστῷ
3396 1597 3599 1666 Ἰησοῦ.
3632 1599 3833 1654 Monet

2173 1682 2556 1756 Polycarpus,
2611 1689 2680 1740 ut
2750 1685 3160 1758 Philippenses
3213 1685 3335 1741 sint
3393 1683 3830 1758 ὑποτασσόμενοι

2171 1764 2578 1845 πρεσϐυτέροις,
2635 1771 2727 1827 ναὶ
2787 1769 3060 1834 διακόνοις
3119 1773 3193 1835 ὡς
3258 1778 3378 1846 Θεῷ
3427 1774 3519 1828 καὶ
3574 1779 3830 1850 Χριστῷ,

2176 1863 2332 1934 quod
2362 1863 2538 1919 toties
2569 1864 2831 1921 inculcat
2861 1866 3122 1938 Ignatius
3149 1871 3371 1922 noster.
3400 1869 3487 1922 'De
3515 1867 3789 1926 diaconis
3814 1883 3828 1925 :

2174 1950 2422 2024 ὈμΟίως
2481 1949 2724 2008 διάκονοι
2778 1951 3058 2032 ἄμεμπτοι
3112 1955 3451 2010 κατενώπιον
3507 1956 3675 2011 αὐτοῦ
3723 1960 3828 2022 τῆς

2175 2036 2523 2113 δικαιοσύνης
2573 2043 2648 2106 ὡς
2696 2048 2832 2100 Θεοῦ
2887 2045 2976 2100 καὶ
3035 2046 3274 2120 Χριστοῦ
3306 2042 3567 2120 διάκονοι,
3599 2046 3690 2103 καὶ
3724 2048 3834 2104 οὐκ

2173 2131 2500 2208 ἀνθρώπων.
2561 2135 2633 2190 Ut
2687 2139 2894 2191 noster
2941 2135 3013 2191 ad
3072 2137 3442 2194 Trallenses:
3502 2141 3593 2192 Δεῖ
3638 2133 3832 2192 δὲκαὶ

2173 2221 2302 2286 τοὺς
2358 2218 2642 2285 διακόνους
2723 2218 2876 2286 ὄντας
2964 2222 3280 2299 μυστηρίων
3339 2227 3518 2296 Ἰησοῦ
3591 2227 3838 2302 Χριστοῦ

2173 2314 2312 2368 κατὰ
2367 2311 2538 2368 πάντα
2595 2314 2798 2390 τρόπον
2857 2319 3017 2370 πᾶσιν
3075 2313 3339 2390 ἀρέσκειψ
3375 2317 3566 2393 οὐγὰρ
3599 2319 3843 2392 βρωμά-

2173 2422 2282 2458 των
2310 2402 2402 2457 ita?
2454 2407 2636 2458 ποτῶν
2699 2403 2833 2458 εῗσὶν
2883 2401 3149 2474 διάκονοι,
3209 2403 3337 2461 ἀλλ’
3373 2403 3666 2475 ἐκκλησίας
3698 2410 3842 2462 Θεοῦ

2178 2491 2462 2567 ὑπηρέται.
2495 2495 2773 2568 Praecipit
2817 2495 3176 2568 Polycarpus
3225 2496 3735 2569 Philippensibus,
3771 2503 3844 2553 ut

2177 2593 2296 2648 sint
2327 2592 2404 2664 μὴ
2466 2589 2797 2665 ἀμελοῦντες
2853 2595 3056 2668 χήρας,
3111 2592 3147 2664 ἢ
3207 2593 3464 2672 ὀρφανοῦ,
3504 2591 3840 2666 ἤπένητος,

2177 2699 2308 2739 cum
2341 2684 2601 2755 Ignatius
2622 2685 2706 2740 ita
2721 2685 3034 2742 hereticos
3055 2685 3146 2740 sui
3176 2685 3468 2758 temporis
3491 2686 3847 2759 descripsis-

2177 2778 2285 2839 set,
2318 2771 2441 2847 περὶ
2473 2770 2689 2848 ἀγάπης
2729 2771 2792 2826 οὗ
2827 2769 2984 2846 μέλει
3035 2773 3242 2840 αὺτοῖς,
3277 2771 3339 2828 οὗ
3375 2773 3501 2848 περὶ
3531 2775 3739 2848 χήρας,
3775 2772 3841 2828 οὔ

2175 2859 2300 2934 περὶ
2353 2859 2609 2934 ὀρφανοῦ,
2674 2859 2737 2914 οὐ
2789 2858 2914 2936 περῗ
2967 2855 3322 2932 θλιϐομένου,
3372 2868 3430 2918 et
3485 2862 3598 2935 ipsi
3657 2863 3844 2934 Poly-

2178 2967 2352 3022 carpo
2385 2950 2495 3006 hoc
2534 2955 2896 3023 praeceptum
2948 2951 3229 3022 dedisset,
3263 2953 3440 3030 χῆραι
3489 2951 3564 3025 μὴ
3607 2949 3841 3023 ἄμελεέ-

2179 3049 2406 3103 σοωσαν.
2437 3040 2601 3096 Unde
2628 3040 2888 3114 illa,quae
2907 3059 3065 3098 nunc
3081 3043 3285 3098 Latina
3305 3047 3536 3098 tantum
3555 3041 3839 3116 legimus,

2176 3130 2292 3185 nis:
2321 3145 2392 3186 ex
2411 3130 2636 3202 Ignatio
2659 3136 2863 3186 nostro
2884 3132 2912 3187 ‘?
2937 3153 2964 3182 «
2984 3133 3102 3204 Ego
3125 3136 3324 3187 autem
3347 3131 3496 3186 nihil
3527 3131 3644 3187 tale
3667 3134 3841 3187 sensi

2176 3219 2238 3275 in
2261 3219 2443 3289 vobis,
2467 3221 2556 3275 vel
2578 3221 2792 3288 audivi,
2818 3221 2879 3276 in
2903 3221 3117 3293 quibus
3139 3220 3428 3276 laboravit
3446 3221 3652 3278 beatus
3680 3222 3846 3278 Pau-

2177 3309 2308 3377 lus;
2343 3310 2442 3380 qui
2467 3309 2608 3366 estis
2631 3308 2693 3364 in
2717 3310 3008 3382 principio
3059 3311 3327 3382 epistolae
3359 3311 3487 3384 ejus
3514 3329 3527 3366 :
3563 3311 3636 3366 de
3664 3312 3843 3367 vobis

2179 3399 2400 3454 etenim
2432 3397 2714 3471 gloriatur
2745 3400 2806 3454 in
2839 3399 3116 3455 omnibus
3147 3400 3433 3457 ecclesiis.
3467 3401 3643 3468 Nihil,
3681 3424 3704 3449 ε
3739 3402 3846 3456 in-

2180 3489 2304 3560 quit
2333 3488 2686 3560 Polycarpus
2709 3489 2782 3544 ad
2806 3489 3241 3562 Philippenses,
3265 3507 3356 3546 vos
3379 3491 3542 3546 latet:
3570 3491 3846 3564 lgnatius

2179 3578 2252 3633 ad
2282 3577 2725 3648 Ephesiosz'ﬂv
2777 3574 2930 3630 οὐδὶν
2993 3575 3246 3640 λανθάνει
3297 3578 3456 3650 ὑμᾶς.
3517 3580 3588 3634 Et
3615 3585 3850 3651 praeter

2174 3667 2294 3722 alia
2325 3666 2632 3732 nonnulla,
2685 3668 2964 3739 epistolas
3021 3669 3232 3740 Ignatii
3266 3668 3628 3741 Polycarpus
3658 3669 3847 3740 quasi

2178 3752 2365 3826 ipsius
2391 3754 2583 3810 verbis
2617 3756 2858 3811 tandem
2906 3755 3126 3825 laudat,
3171 3757 3420 3824 scilicet,
3451 3756 3608 3828 quod
3640 3759 3850 3814 conti-

2177 3849 2360 3899 neant
2389 3839 2694 3916 οἷκοὸομὴν
2721 3844 2819 3912 τήν
2877 3843 2953 3906 εἰς
3009 3845 3101 3898 τὸν
3163 3845 3365 3918 Κύριον
3397 3843 3734 3914 ἀνήκουσαν,
3771 3853 3848 3902 ut

2177 3931 2313 3988 ille:
2345 3931 2602 4004 Ἔτοιμοί
2660 3931 2778 3987 ἐστε
2836 3931 2912 3994 εἷς
2971 3931 3215 3988 εὖποιὶαν
3263 3937 3380 4006 Θεῷ
3411 3935 3748 4005 ἀνήκουσαν,
3782 3943 3850 3993 et

2178 4020 2351 4077 alibi:
2382 4025 2499 4075 Τῶν
2531 4019 2843 4092 ἀνηκόντων
2903 4021 2978 4084 εἷ¹ς
3033 4023 3133 4091 τὴν
3189 4020 3544 4094 Ἐκκλησίαν,
3577 4029 3635 4080 et
3663 4040 3678 4078 :
3713 4025 3848 4092 Τὴν

2177 4107 2454 4165 διακονίαν
2481 4111 2581 4178 τήν
2639 4109 2715 4174 εἷς
2771 4111 2835 4166 τὸ
2890 4113 3072 4166 κοινὸν
3103 4111 3431 4182 ἀνήκουσαν.
3465 4115 3598 4170 Haec
3628 4119 3850 4171 osten-

2176 4201 2324 4257 dunt
2359 4201 2745 4274 Polycarpum
2778 4203 2840 4256 in
2870 4203 2964 4258 bis
2997 4203 3162 4274 ipsis,
3187 4219 3333 4274 quas
3356 4221 3465 4259 nos
3497 4205 3674 4259 etiam
3711 4209 3854 4262 ιδῃ·

2175 4291 2310 4348 dem
2343 4291 2652 4360 habemus,
2703 4293 2913 4366 Ignatii
2972 4292 3242 4364 epistolis
3299 4309 3418 4348 non
3450 4292 3856 4366 indiligenter

2173 4387 2472 4437 versatum
2505 4397 2657 4437 esse.

2245 4484 2434 4550 Atque
2459 4480 2553 4534 hic
2576 4479 2754 4535 ﬁnem
2783 4480 2923 4536 huic
2947 4481 3332 4552 disputationi
3357 4483 3664 4554 imponere
3688 4487 3856 4539 tem-

2176 4585 2288 4640 pus
2316 4574 2493 4630 esset,
2553 4568 2664 4623 nisi
2725 4557 3002 4634 Dallaius,
3062 4569 3134 4624 ab
3187 4569 3300 4625 hoc
3359 4575 3714 4642 argumento
3753 4572 3863 4630 de”

2184 4659 2408 4731 lapsus,
2436 4663 2661 4730 postea,
2695 4665 2761 4714 ut
2811 4659 2985 4730 solet,
3033 4676 3242 4715 novam
3295 4659 3467 4716 nobis
3496 4661 3859 4719 molestiam

2181 4755 2428 4817 crearet,
2463 4753 2540 4815 et,
2571 4748 2740 4820 quasi
2762 4749 2853 4803 sui
2879 4749 3122 4817 oblitus,
3156 4749 3383 4820 aliquid
3411 4751 3636 4816 fortius,
3674 4754 3861 4824 quod

2182 4843 2316 4892 ante
2349 4837 2651 4903 omiserat,
2683 4836 2951 4900 haberet,
2985 4837 3446 4893 controversiam
3495 4839 3645 4893 hanc
3683 4848 3866 4912 post-

2179 4926 2410 4983 liminio
2433 4927 3091 5000 redintegraretCapite
3117 4928 3274 4983 enim
3295 4928 3598 4983 tricesimo
3622 4937 3818 4988 sexto
3849 4951 3865 4988 :

2187 5037 2208 5066 ι
2231 5016 2349 5070 Hoc
2369 5022 2548 5082 certe,
2571 5018 2776 5088 inquit,
2801 5016 3111 5090 Polycarpi
3137 5017 3475 5072 testimonio
3508 5017 3702 5074 Latini
3743 5040 3868 5093 pro

2181 5121 2279 5160 sex
2303 5105 2418 5160 illis
2431 5106 2749 5176 lgnatianis
2762 5105 3205 5177 epistolis,quas
3223 5111 3440 5178 praeter
3459 5106 3748 5166 Usserian
3758 5128 3871 5169 am

2181 5194 2591 5250 collectionem
2609 5201 3034 5259 asserunt,non
3056 5195 3256 5250 minus
3279 5197 3546 5267 speciose
3566 5202 3874 5276 utuntur,

2183 5301 2360 5356 quam
2382 5301 2487 5358 pro
2510 5285 2633 5340 suis
2655 5302 2757 5340 sex
2775 5284 2986 5356 primis
3009 5285 3539 5342 reverendissimus
3562 5287 3874 5352 Usserius

2185 5377 2243 5428 et
2272 5373 2649 5428 doctissimus
2683 5373 3109 5428 Hammondus.
3144 5375 3256 5428 Ain
3305 5391 3455 5441 tero,
3487 5391 3607 5430 non
3639 5379 3876 5439 minus

2182 5463 2497 5535 speciose?
2530 5485 2557 5512 ››
2589 5463 2775 5517 miror
2831 5462 3111 5517 maxime.
3171 5464 3260 5517 An
3318 5465 3576 5534 speciose,
3610 5464 3747 5524 imo
3785 5489 3873 5530 an

2182 5551 2424 5608 omnino
2444 5550 2752 5622 Polycarpi
2780 5551 3120 5606 testimonio
3145 5551 3203 5606 in
3233 5568 3302 5607 ea
3323 5569 3388 5608 re
3410 5557 3711 5614 utuntur?
3735 5563 3872 5620 nisi

2183 5640 2441 5696 Dallmus
2471 5641 2580 5696 hoc
2601 5639 2843 5708 diceret,
2866 5656 2984 5695 non
3007 5640 3311 5696 crederem
3335 5658 3348 5710 ;
3374 5641 3494 5698 imo
3515 5648 3867 5718 postquam

2183 5729 2350 5799 dixit.
2387 5729 2524 5784 dum
2573 5744 2805 5785 mecum
2854 5730 3178 5802 perpendo,
3226 5747 3345 5786 non
3396 5731 3592 5788 credo.
3641 5734 3868 5800 Latini
