3972 6306
355 353 468 417 155

1373 350 1440 412 S.
1485 347 1882 412 IGNATIUS.
1927 379 2005 396 —
2058 346 2686 416 PROLEGOMENA.

3646 347 3779 410 156

352 492 413 546 et
441 491 588 545 Acta
615 487 794 543 etiam
823 485 1020 558 aliqua
1043 486 1307 558 martyrii
1329 503 1451 542 sum
1484 485 1754 558 opinioni
1803 485 1998 543 favere
2030 485 2084 552 Α
2115 501 2250 544 cum
2274 488 2507 544 Rufﬁno
2537 489 2733 546 adhuc
2761 487 3095 545 simultates
3127 490 3490 552 exercuerat,
3509 484 3775 556 ideoque

352 580 686 646 intellexit;
719 578 822 634 sed
855 595 963 633 nec
989 577 1095 633 illa
1124 577 1199 632 ad
1230 578 1382 633 hanc
1413 594 1540 634 rem
1575 577 1901 648 quidquam
1923 576 2004 631 fa-

357 672 538 728 ciunt.
587 671 798 726 Fateor
853 667 1130 739 equidem
1189 669 1611 739 Hieronymum
1671 666 2002 737 scripsisse,

355 761 534 818 verba
564 777 694 832 qua:
716 758 874 830 apud
896 759 1186 812 Irenaeum
1211 763 1447 812 exstant
1499 757 1789 829 lgnatium
1849 756 2006 811 locu-

357 857 482 909 tum
513 853 843 914 fuisse,cum
873 849 1154 918 rugientes
1186 848 1408 903 audiret
1467 848 1664 912 leones,
1699 853 1764 901 ut
1793 847 1854 900 in
1905 846 2001 900 ali-

357 941 574 1012 quibus
605 939 908 996 codicibus
940 939 1210 1011 legimus.
1241 941 1382 992 Nam
1418 938 1476 992 in
1507 937 1638 992 aliis
1689 935 1834 990 illud
1884 952 2004 990 cum

355 1049 426 1088 eo
445 1033 572 1087 loco
604 1048 723 1086 non
748 1034 1048 1102 apparet.«
1073 1029 1821 1101 Cumquejam'damnatus
1849 1032 2006 1081 esset

353 1121 428 1178 ad
445 1121 750 1188 bestias,et
770 1119 982 1174 ardore
1005 1118 1269 1190 patiendi
1297 1118 1594 1190 rugientes
1617 1116 1850 1172 audiret
1881 1118 2003 1171 ico-

351 1227 480 1280 nes,
515 1210 654 1265 ait»
686 1211 766 1264 Ex
822 1209 917 1264 his
967 1207 1126 1262 enim
1171 1223 1292 1262 non
1329 1213 1444 1262 tam
1479 1207 1789 1278 perspicue
1825 1209 2004 1262 Roma:

354 1317 490 1357 enm
543 1299 670 1354 haec
729 1297 970 1366 dixisse,
1023 1313 1090 1352 ac
1118 1299 1172 1352 in
1230 1314 1290 1351 re
1327 1298 1611 1367 praesenti,
1665 1301 1724 1350 et
1752 1295 1914 1367 quasi
1944 1297 2001 1350 in

351 1405 524 1446 arena
553 1391 673 1459 ipsa
703 1405 776 1443 ex
799 1392 997 1442 mente
1022 1387 1361 1458 Hieronymi
1395 1386 1834 1458 apparetﬂerte
1853 1385 2002 1440 illud

353 1487 408 1536 et
439 1478 596 1550 quod
617 1479 678 1534 in
711 1477 1004 1532 Breviario
1036 1478 1298 1532 Romano
1356 1477 1673 1548 reperitur,
1716 1481 1774 1529 et
1802 1475 2003 1530 Graeca

353 1567 668 1640 Sophronii
716 1567 989 1623 versione
1047 1566 1452 1635 conﬁrmatur,
1511 1565 1692 1621 alium
1756 1579 1996 1618 sensum

351 1659 653 1733 postulare
680 1658 911 1714 videtur
943 1675 956 1724 ;
987 1674 1180 1730 neque
1226 1659 1386 1714 enim
1417 1663 1639 1728 Romae,
1675 1661 1778 1717 sed
1795 1659 1998 1715 Antio-

351 1751 502 1808 chia:
559 1751 851 1806 damnatus
899 1755 977 1804 est
1042 1749 1117 1804 ad
1173 1749 1405 1816 bestias;
1461 1751 1764 1823 rugientes
1796 1755 1998 1807 autem

2115 575 2176 632 in
2210 578 2322 634 hoc
2351 579 2481 651 ipso
2512 580 2664 638 libro
2689 583 2836 635 inter
2863 585 3083 635 caeteros
3113 585 3435 634 trarlatorcs
3495 577 3698 630 librum
3735 591 3774 628 (ι

2115 669 2414 738 Pamphilo
2433 671 2642 726 editum
2662 673 2868 742 posuit,
2905 667 3062 739 quod
3095 685 3131 722 a
3161 669 3396 723 liuflino
3457 666 3536 720 ita
3583 669 3776 735 fuerat

2111 755 2462 827 divulgatum
2493 775 2505 825 ;
2529 777 2637 816 nec
2664 759 2940 816 Bullinus
2962 758 3087 828 ipse
3107 758 3307 828 aliqua
3327 756 3444 811 alia
3469 762 3608 809 tunc
3626 771 3775 809 con-

2115 847 2592 921 scripserat,qu:n
2625 850 2696 905 ab
2721 851 3081 920 Hieronymo
3114 847 3432 902 memorari
3469 850 3772 916 poterant.

2117 935 2510 1010 Hieronymus
2557 940 2735 1012 igitur
2783 956 2817 994 a
2847 938 3090 993 nemine
3132 937 3414 1008 deceptus
3447 952 3553 989 suo
3587 937 3775 989 Marte

2114 1025 2220 1081 illa
2234 1027 2582 1084 Eusebianis
2595 1027 3102 1084 addidit.Eeodem
3120 1027 3297 1080 etiam
3313 1025 3490 1080 modo
3505 1024 3562 1079 in
3578 1025 3774 1078 altero

2115 1117 2432 1188 Apollonio
2465 1117 2856 1174 describenda
2888 1123 3160 1172 versatus
3191 1121 3299 1170 est.
3333 1135 3362 1164 «
3393 1114 3772 1184 Apollonius,

2113 1204 2330 1276 inquit,
2362 1207 2450 1262 vir
2475 1207 2904 1263 disertissimus
2961 1205 3498 1276 scripsitadversus
3537 1205 3772 1260 Monta-

2113 1297 2605 1366 num,Priscillam
2630 1304 2690 1354 et
2711 1297 3092 1354 Maximillam
3112 1298 3342 1366 insigne
3363 1295 3649 1365 etlongun
3675 1312 3776 1351 vo-

2113 1385 2408 1453 lumen,in
2425 1405 2540 1458 quo
2559 1389 2774 1444 asserit
2789 1389 3128 1447 Montanum
3155 1387 3464 1441 etinsanas
3481 1390 3640 1438 vates
3662 1401 3774 1455 pe-

2114 1475 2284 1532 riisse
2311 1478 2632 1550 suspendio
2651 1495 2695 1544 ς»
2708 1477 2780 1534 de
2798 1477 3119 1550 suspendio
3137 1476 3295 1530 enim
3319 1473 3580 1530 Montani
3603 1473 3772 1530 locu-

2110 1565 2204 1617 tus
2217 1562 2458 1633 quidem
2479 1570 2569 1620 est
2589 1563 3010 1630 Eusebius,sed
3022 1563 3152 1636 ejus
3173 1561 3577 1618 narrationem
3591 1559 3771 1616 alteri

2108 1660 2283 1733 plane
2308 1663 2607 1734 scriptori,
2635 1663 2956 1734 etquidem
2991 1677 3290 1734 anonymo
3317 1661 3544 1732 tribuit,
3569 1661 3674 1717 lib.
3709 1678 3767 1726 ν,

2107 1769 2238 1824 cap.
2273 1755 2358 1818 16,
2392 1769 2427 1808 a
2457 1770 2574 1824 quo
2607 1753 2750 1809 satis
2780 1758 2983 1824 aperte
3011 1751 3394 1824 Apollonium
3450 1751 3771 1824 distinguit

349 1839 557 1898 leones
587 1845 705 1898 tam
733 1840 998 1912 Smyrnae
1029 1855 1208 1910 quam
1257 1840 1456 1896 Roma:
1500 1841 1707 1897 audire
1765 1843 1994 1914 potuit;
2028 1855 2076 1921 Β
2109 1858 2238 1914 cap.
2275 1845 2361 1900 18.
2383 1843 2671 1898 Eusebius
2691 1842 3077 1914 Apollonium
3109 1842 3420 1914 scripsisse
3445 1841 3590 1897 dicit
3626 1837 3766 1895 ἴδιον

349 1947 460 1987 nec
490 1948 603 1987 rem
625 1937 951 2002 presentem
978 1929 1311 2003 intelligere
1344 1930 1576 1987 videtur
1605 1932 1992 2006 Sophronius,

349 2021 452 2092 qui
481 2019 734 2076 dentibus
777 2019 1077 2075 bestiarum
1101 2019 1292 2086 motor,
1323 2015 1562 2092 εὔχομαι
1619 2017 1729 2082 ἑοῖς
1805 2018 1994 2076 ὀδοῦσι

345 2113 454 2164 τῶν
518 2107 726 2183 Θηρίων
783 2106 1090 2178 alligati-avsa
1151 2108 1472 2166 transtulit.
1533 2111 1646 2167 Sed
1730 2117 1994 2168 mentem

350 2199 687 2258 Hieronvmi
719 2199 781 2254 in
810 2198 922 2254 hac
953 2215 1015 2254 re
1045 2214 1166 2254 non
1189 2215 1392 2256 moror
1413 2217 1428 2267 ;
1452 2201 1596 2270 quid
1617 2201 1726 2256 iste
1757 2218 1864 2274 per
1892 2203 1994 2258 illa

349 2289 530 2346 verba
558 2289 810 2344 voluerit
838 2303 1047 2360 parum
1079 2289 1279 2356 refert,
1314 2306 1446 2360 quae
1476 2289 1548 2346 ab
1595 2307 1662 2348 eo
1695 2292 1824 2348 sine
1878 2291 1997 2349 ulla

351 2383 702 2442 auctoritate
733 2382 891 2438 dicta
920 2387 1080 2438 sunt.
1105 2383 1316 2440 Omnia
1347 2401 1477 2456 quas
1535 2385 1610 2440 de
1675 2387 1997 2459 Ignatianis

352 2473 533 2529 habet
561 2472 623 2527 in
673 2471 1048 2545 Catalogo,ex
1105 2473 1356 2530 Eusebio
1412 2475 1706 2546 sumpsit:
1767 2493 1840 2532 ex
1895 2477 1999 2534 illa

351 2561 728 2632 transcripsit
760 2563 1116 2618 sententiam
1141 2563 1294 2619 hanc
1317 2563 1389 2620 ab
1415 2565 1638 2621 lrenaeo
1669 2565 1994 2625 laudatam.

351 2651 508 2707 Nihil
528 2651 646 2707 tale
667 2651 1134 2716 Eusebius,nibil
1159 2653 1418 2708 Irenaeus
1441 2671 1454 2708 :
1476 2654 1548 2710 de
1571 2671 1676 2710 suo
1700 2655 1804 2711 illa
1823 2657 1999 2714 verba

350 2757 482 2812 quas
516 2747 746 2812 tempus
773 2740 1055 2797 denotare
1091 2742 1404 2799 videantur
1432 2749 1533 2798 aut
1582 2745 1838 2810 incaute,
1895 2751 1998 2802 aut

349 2831 644 2886 rhetorice
662 2830 889 2886 addidit
917 2847 930 2898 ;
963 2837 1140 2903 atque
1171 2833 1256 2888 ita
1281 2849 1412 2904 quas
1443 2834 1515 2888 ab
1545 2834 1796 2890 Eusebio
1825 2851 1994 2892 acce.

349 2926 518 2994 perat
547 2919 746 2976 minus
779 2927 936 2976 recte
971 2919 1254 2987 tradidit;
1295 2922 1454 2992 quod
1484 2923 1537 2978 ei
1583 2923 1643 2978 in
1676 2923 1788 2980 hoc
1821 2941 1998 2996 opere

350 3009 616 3066 solemne
648 3015 756 3066 est.
790 3011 870 3066 De
893 3010 1210 3082 Apollonio
1233 3027 1413 3084 agens
1443 3013 1616 3085 cujus
1649 3015 1997 3086 martyrium

349 3099 748 3172 descripserat
773 3099 1227 3164 Eusebius,eum
1252 3101 1324 3158 de
1341 3119 1446 3158 suo
1472 3109 1808 3160 senatorem
1837 3105 1995 3173 facit,

347 3189 584 3262 insigne
602 3189 686 3245 illi
707 3189 1548 3294 volumenattribuit,eumque
1571 3193 1633 3249 in
1655 3194 1995 3268 Catalogum
2027 3227 2078 3294 Ο

346 3279 702 3350 scriptorum
754 3277 1296 3334 ecclesiasticarum
1327 3281 1528 3342 refert.
1562 3281 1680 3338 imo
1706 3283 1864 3340 inter
1895 3300 1997 3338 eos

344 3368 585 3425 tandem
614 3373 891 3424 numerat
921 3369 1093 3441 epist.
1125 3371 1358 3443 84,«qui
1389 3373 1451 3428 in
1483 3379 1717 3430 tantum
1738 3374 1996 3447 philoso-

347 3457 604 3528 phorum
636 3456 924 3513 doctrinis
945 3463 1122 3530 atque
1156 3461 1468 3519 sententiis
1499 3479 1638 3518 suos
1667 3463 1998 3521 relerciunt

347 3546 554 3614 libros,
586 3551 654 3602 ut
681 3547 914 3603 nescias
959 3548 1102 3620 quid
1142 3549 1204 3604 in
1238 3550 1360 3606 illis
1391 3552 1652 3624 primum
1711 3553 1994 3610 admirari

349 3637 992 3702 debeas,eruditionem
1012 3639 1318 3709 saeculi,an
1335 3641 1646 3698 scientiam
1665 3642 1994 3714 Scriptura-

351 3727 684 3783 rum.»Haac
716 3726 1107 3801 Hieronymus
1127 3731 1364 3802 proprio
1390 3731 1626 3803 ingenio
1651 3748 1722 3788 ex
1745 3734 1994 3790 Eusebio

355 3815 584 3870 extudit
611 3821 671 3872 et
699 3818 1296 3891 exaggeravit.Neque
1329 3821 1487 3876 enim
1527 3821 1862 3879 audiendus
1897 3825 1998 3880 Jo-

351 3905 572 3976 sephus
603 3906 878 3980 Scaliger,
909 3908 1010 3979 qui
1041 3925 1176 3965 eum
1211 3925 1344 3965 cum
1377 3910 1481 3966 illa
1511 3911 1847 3982 scribcret,-
1877 3930 1996 3970 non

349 3996 612 4052 Graecum
628 3997 859 4054 Eusebii
881 3999 1314 4072 exemplar,sed
1330 4000 1548 4056 Bullini
1569 4003 1998 4075 interpretatio-

349 4100 486 4141 nem
513 4086 777 4142 Latinam
810 4110 836 4136 »
869 4089 932 4143 in
963 4089 1242 4144 manibus
1301 4089 1581 4146 habuisse
1613 4095 1864 4149 asserit:
1897 4101 2000 4150 aut

353 4174 640 4230 Henricus
677 4175 959 4246 Valesius,
993 4177 1092 4248 qui
1153 4194 1287 4232 eum
1343 4178 1466 4233 haec
1499 4202 1527 4230 κ
1554 4179 1680 4236 sine
1713 4181 1894 4238 dubio
1923 4200 1998 4240 ex

353 4280 532 4336 prava
559 4265 777 4321 Bullini
809 4267 1347 4336 interpretatione»
1370 4268 1639 4326 hausisse
1672 4273 1998 4330 tradit.Hoc

353 4353 515 4408 enim
547 4353 671 4409 ﬁeri
707 4356 873 4411 nullo
905 4356 1080 4412 modo
1120 4356 1472 4427 potuit,cum
1504 4364 1588 4414 tot
1609 4361 1782 4416 annis
1829 4363 1995 4420 Cata-

350 4440 548 4516 logurn
580 4445 886 4517 scripserit
907 4446 1653 4519 Hieronymus.anthuam
1677 4451 1996 4508 Eusebium

350 4535 594 4589 verterit
633 4535 924 4591 Bullinus.
955 4535 1200 4607 Scripsit
1240 4535 1367 4591 haec
1413 4537 1804 4610 Hieronymus
1836 4557 1994 4600 anno

351 4623 660 4679 Theodosii
695 4625 924 4680 decimo
958 4595 1320 4696 quarto,hoc
1350 4631 1459 4692 est,
1493 4595 1654 4684 circa
1670 4595 1993 4702 A,D.3‘.l:2,
2029 4595 2074 4659 Β

355 4717 421 4767 ut
449 4712 574 4784 ipse
593 4713 654 4768 in
687 4714 804 4769 line
827 4714 1022 4786 cperis
1044 4719 1294 4771 testatur
1317 4732 1329 4769 :
1353 4717 1662 4774 transtulit
1679 4719 1995 4780 Historiam

353 4801 588 4858 Eusebii
613 4803 880 4860 Bullinus
909 4810 1044 4876 post
1073 4803 1386 4861 Theodosii
1418 4813 1693 4874 mortem,
1713 4809 1834 4866 imo
1864 4819 1998 4885 post

351 4892 572 4963 direpta
603 4893 778 4948 Italia:
807 4893 1051 4950 claustra
1081 4895 1149 4950 ab
1182 4895 1406 4952 Alarico
1427 4897 1564 4953 duce
1585 4900 1905 4971 Gothorum,
1933 4908 1997 4960 ut

349 4979 477 5052 ipse
521 4983 583 5036 in
615 4982 962 5054 praefatione
992 4985 1322 5054 proﬁtetur.
1355 4987 1623 5044 Alaricus
1650 4996 1848 5047 autem
1881 4993 1994 5048 ita-

350 5071 493 5129 liam
523 5091 642 5130 non
676 5074 914 5130 intravit
943 5081 1079 5131 ante
1128 5078 1193 5132 A.
1225 5078 1288 5132 D.
1333 5081 1458 5135 400.
1495 5081 1634 5136 Octo
1687 5082 1868 5156 igitur
1919 5085 1995 5140 ad

351 5162 670 5218 minimum
700 5164 876 5219 annis
905 5165 1224 5221 Eusebium
1257 5168 1456 5224 Latine
1483 5169 1671 5225 edidit
1699 5171 1991 5240 Bullinus,

350 5258 663 5324 postquam
689 5253 1030 5326 Catalogum
1053 5271 1223 5310 suum
1247 5257 1990 5334 scripseratilieronymus.

349 5341 496 5398 Male
518 5341 695 5398 etiam
715 5342 980 5398 Valesnus
1001 5345 1992 5421 conjecitHieronymum,eamdem

350 5430 425 5486 ob
447 5447 708 5495 causam,
741 5432 816 5487 ob
838 5450 1014 5504 quam
1047 5435 1333 5493 Eusebius
1389 5439 1673 5495 omiserat
1717 5441 1991 5498 Methodii

351 5520 584 5590 Origeni
615 5520 926 5594 iniquioris
954 5540 1150 5597 opera,
1186 5528 1487 5583 Bullinum
1511 5546 1767 5600 quocum
1783 5531 1988 5586 simul-

349 5614 499 5664 tates
519 5617 864 5668 exercuerat
885 5613 943 5668 in
965 5613 1115 5670 libro
1135 5617 1208 5670 De
1237 5619 1595 5688 scriptoribus
1619 5619 1992 5676 ecclesiasticis

351 5697 424 5764 de
453 5697 748 5758 industria
769 5704 1390 5774 praetermisisse.Nam
1413 5722 1526 5763 nec
1547 5713 1687 5766 tunc
1708 5707 1990 5784 temporis

2107 1931 2864 2006 cal-{ypannaﬁieronymus
2885 1931 3036 1988 illud
3058 1930 3322 2003 appellat
3339 1934 3554 2000 insigne
3570 1938 3622 1986 et
3643 1933 3767 1988 Ion-

2105 2040 2235 2093 gum
2259 2023 2532 2090 volumen,
2564 2038 2700 2078 cum
2731 2023 2884 2094 ipse,
2907 2021 3154 2087 scilicet,
3190 2021 3241 2076 ei
3287 2020 3613 2078 addidisset
3645 2028 3770 2078 tres

2106 2112 2256 2168 alios
2286 2111 2468 2167 libros
2497 2111 2570 2166 ab
2602 2127 2904 2183 anonymo
2936 2110 3323 2182 conscriptos.
3357 2111 3482 2166 Imo
3523 2115 3578 2164 et
3607 2109 3775 2166 idem

2107 2202 2390 2273 anonymi
2409 2201 2570 2273 Opus
2601 2200 2878 2256 Rhodoni
2899 2199 3078 2256 etiam
3101 2199 3426 2255 attribuitu
3451 2199 3774 2267 Miltiades,

2108 2291 2324 2362 inquit,
2359 2289 2532 2362 cujus
2557 2290 2814 2348 Rhodon
2843 2290 2906 2346 in
2937 2306 3115 2362 opere
3145 2306 3273 2356 suo,
3307 2289 3466 2361 quod
3487 2288 3774 2346 adversus

2107 2385 2477 2448 Montanum,
2496 2381 2832 2438 Priscillam
2857 2381 3362 2452 Maximillarnque
3406 2381 3768 2451 composuit,

2106 2473 2476 2530 recordatur.
2499 2493 2531 2523 »
2553 2473 2698 2528 Cum
2729 2472 2832 2528 ille
2863 2472 2964 2543 qui
2997 2471 3274 2527 Miltiadis
3301 2471 3770 2540 meminit,idem

2107 2562 2186 2624 sit
2214 2561 2312 2634 qui
2336 2560 2582 2618 tradidit
2609 2563 2953 2618 Montanum
2987 2567 3045 2616 et
3067 2560 3456 2616 Maximillam
3513 2577 3769 2632 suspen-

2110 2650 2207 2706 dio
2234 2652 2414 2706 vitam
2443 2650 2666 2706 (iniisse
2696 2651 2830 2705 Haec
2855 2649 3255 2721 Hieronymus
3285 2650 3490 2720 itaque
3522 2665 3594 2705 ex
3652 2665 3767 2707 suo

2107 2740 2358 2796 addidit.
2393 2742 2536 2796 Nam
2569 2739 2728 2810 quod
2759 2739 3002 2796 Gravius
3035 2756 3140 2811 pro
3181 2740 3444 2795 Rhodano
3473 2739 3774 2810 Apollina-

2108 2832 2254 2885 rium
2289 2829 2450 2902 legit,
2479 2846 2592 2884 nec
2614 2845 2878 2885 errorem
2903 2829 3074 2893 tollit,
3102 2845 3211 2884 nec
3231 2830 3588 2900 Hieronymo
3620 2845 3772 2884 con-

2108 2919 2288 2986 venit,
2348 2919 2450 2990 qui
2503 2917 2855 2976 Rhodonem
2924 2919 3287 2988 composuis'sc
3343 2917 3426 2972 ait
3477 2917 3771 2974 adrersum

2111 3008 2490 3080 Cataphrygas
2539 3010 2756 3078 insigne
2812 3023 2967 3078 opus.
3034 3008 3103 3063 Ut
3133 3007 3358 3079 aliquid
3389 3007 3459 3062 de
3492 3013 3770 3078 tempore

2110 3106 2334 3168 notem,
2361 3100 2520 3172 quod
2562 3100 2840 3172 praesenti
2871 3100 2957 3156 rei
2989 3100 3175 3172 magis
3229 3100 3522 3156 convenit.
3555 3101 3765 3156 Hiero-

2109 3207 2326 3263 nymus
2355 3191 2416 3246 in
2447 3189 3238 3262 Catalogo,v.Glemens,hmc
3259 3189 3436 3246 habet
3461 3205 3474 3244 :
3504 3212 3532 3240 ις
3555 3191 3770 3246 Exstat

2106 3279 2426 3338 Alexandri
2459 3279 3006 3351 Hierosolymorum
3041 3279 3432 3352 episc0pi,qui
3456 3295 3590 3334 cum
3614 3281 3768 3334 Nar-

2108 3371 2262 3428 cisso
2293 3374 2502 3442 postea
2529 3369 2684 3424 rexit
2698 3367 3300 3440 Ecclesiam,epistola
3329 3385 3508 3440 super
3526 3368 3770 3426 ordina-

2109 3461 2269 3516 tione
2283 3458 2654 3530 Asclepiadis
2667 3458 3026 3514 confessoris
3041 3457 3114 3514 ad
3137 3459 3760 3524 Antiochenses.Qua-

2107 3549 2157 3609 si
2189 3549 2524 3606 Alexander
2549 3553 2652 3605 aut
2675 3547 3219 3619 Hierosolymorum
3243 3548 3556 3620 episcopus
3577 3547 3769 3604 fuerit

2105 3648 2454 3720 priusquam
2513 3664 2650 3704 cum
2710 3647 2980 3703 Narcisso
3010 3645 3330 3702 Ecclesiam
3375 3651 3622 3717 regeret,
3655 3653 3766 3704 aut

2105 3737 2430 3810 Epistolam
2455 3744 2577 3792 tum
2601 3736 3050 3803 scriberet,ch
3071 3735 3613 3807 Hierosolymorum
3637 3737 3766 3808 epi-

2107 3843 2320 3898 scopus
2350 3831 2547 3882 esset:
2581 3842 2734 3896 eam,
2767 3825 3040 3896 inquam,
3073 3825 3406 3896 epistolam,
3440 3839 3616 3896 quam
3649 3841 3764 3895 per

2106 3917 2473 3972 Clementem
2489 3914 2958 3971 Alexandrinum
2981 3913 3218 3970 misisse
3238 3931 3300 3970 se
3331 3913 3762 3986 significat,qui

2107 4011 2243 4063 ante
2275 4007 2682 4079 episcopatum
2703 4004 2833 4076 ejus
2858 4004 3458 4076 Hierosolymitannm
3486 4009 3766 4062 mortuus

2107 4098 2338 4153 videtur
2363 4112 2512 4152 esse.
2543 4096 2751 4150 Mirum
2786 4095 2964 4167 igitur
2993 4094 3236 4149 omnino
3269 4111 3389 4148 non
3421 4100 3527 4160 est,
3549 4093 3594 4147 si
3621 4094 3764 4148 Hie-

2106 4203 2389 4258 ronymus
2419 4185 2777 4240 sententiam
2811 4183 3018 4254 lgnatii
3053 4183 3124 4237 ab
3159 4184 3382 4237 lrenazo
3414 4183 3652 4237 citatam
3688 4198 3763 4238 ex

2107 4275 2357 4332 Eusebio
2390 4275 2768 4346 depromens,
2801 4275 2865 4328 in
2889 4279 3157 4344 tempore
3187 4277 3289 4328 aut
3320 4271 3634 4326 occasione
3665 4287 3762 4326 er-

2105 4363 2564 4429 raret.Quinimo
2587 4363 2659 4419 de
2687 4363 2814 4434 ipso
2839 4363 3063 4436 Ignatio
3096 4377 3216 4417 non
3247 4361 3432 4432 magis
3479 4366 3763 4417 accurate

2107 4453 2398 4524 loquitur;
2432 4469 2566 4508 cum
2589 4453 2747 4507 enim
2775 4451 3060 4524 epistolas
3088 4451 3160 4506 ab
3192 4468 3261 4506 eo
3307 4438 3574 4522 Smyrna:
3607 4451 3761 4506 scri-

2106 4547 2236 4615 ptas
2256 4545 2860 4608 commemorasset,et
2871 4539 3258 4610 inde.inquit«
3281 4537 3591 4610 egrediens
3607 4539 3766 4594 scri-

2105 4632 2222 4704 psit
2242 4629 2317 4687 ad
2341 4617 2798 4702 Philadelpheos
2810 4635 2870 4685 et
2891 4628 2964 4684 ad
2983 4631 3406 4701 Smyrnaeos,et
3423 4627 3662 4700 proprie
3681 4628 3760 4684 ad

2102 4718 2948 4793 Polycarpum,commendans
2968 4717 3055 4772 illi
3079 4717 3538 4774 Antiochensem
3562 4716 3767 4774 Eccle-

2105 4811 2272 4868 siam.
2291 4809 2604 4866 -Crederes
2623 4809 2916 4882 Ignatium
2949 4809 3055 4864 has
3079 4807 3362 4880 epistolas
3378 4807 3466 4864 vel
3495 4823 3524 4862 e
3549 4807 3763 4877 Smyr-

2104 4918 2196 4958 nze
2227 4897 2533 4967 suburbio,
2565 4899 2656 4954 vel
2680 4915 2715 4954 a
2735 4898 2948 4970 primo,
2971 4903 3073 4954 aut
3092 4897 3354 4954 secundo
3379 4894 3576 4970 lapide
3606 4898 3765 4953 scri-

2102 4989 2291 5062 psisse
2327 5005 2341 5055 ;
2373 4987 2534 5059 quod
2564 4988 2726 5043 enim
2765 4987 2899 5058 quis
2931 4985 3242 5060 egrediens
3271 4986 3482 5042 fecisse
3513 4985 3762 5059 dicitur,

2103 5078 2164 5133 id
2196 5079 2256 5133 in
2281 5077 2406 5148 ipso
2438 5092 2680 5148 egressu
2737 5075 2826 5132 vel
2855 5093 2989 5132 cum
3042 5075 3424 5148 egrederetur
3453 5075 3762 5146 peregisse

2102 5164 2528 5238 intelligendus
2557 5164 2930 5222 videtur.Sed
2960 5164 3068 5220 has
3088 5164 3370 5236 epistolas
3401 5165 3766 5237 lgnatius,ut

2101 5257 2450 5325 Eusebius,a
2478 5271 2594 5328 quo
2627 5255 2753 5312 haec
2783 5254 2990 5310 habuit
3019 5255 3431 5326 Hieronymus,
3455 5258 3514 5308 et
3534 5253 3764 5326 episto-

2102 5347 2176 5402 lae
2203 5347 2350 5420 ipsas
2369 5345 2919 5412 testantur,Troade
2939 5343 3276 5416 scripsitad
3299 5359 3480 5414 quam
3503 5359 3538 5399 a
3559 5343 3767 5415 Smyr-

2101 5452 2181 5492 na
2209 5436 2436 5508 aliquot
2461 5435 2692 5491 dierum
2712 5435 2826 5491 iter
2854 5435 3001 5502 fuit;
3027 5433 3231 5505 ibique
3251 5431 3599 5508 aliquandiu
3614 5449 3764 5504 per-

2102 5525 2321 5581 mansit
2343 5525 2690 5595 Ignatius,et
2710 5524 2783 5580 de
2810 5524 3094 5596 pacatiori
3117 5523 3444 5580 Antiochia:
3467 5528 3624 5578 statu
3647 5524 3770 5580 ali-

2101 5615 2246 5688 quid
2273 5614 2515 5686 audivit,
2547 5615 2896 5687 priusquam
2927 5614 3252 5686 Polycarpo
3280 5611 3768 5674 Anliochensem

2101 5707 2428 5767 Ecclesiam
2457 5707 3046 5766 commendavit.Non
3077 5713 3169 5764 est
3196 5707 3376 5781 igitur
3403 5711 3505 5764 aut
3533 5705 3768 5766 abbre-
