3972 6306
165 395 270 457 15⁸1

889 394 943 457 J.
992 397 1409 459 PEARSONH
1457 397 1830 459 VlNDlClB
1869 398 2351 462 IGNATIAN/E.
2408 437 2479 447 --—
2523 403 2722 463 PARS
2767 402 2814 464 Ι.

3461 407 3575 467 158

166 534 515 591 viationibus
541 539 645 591 aut
665 534 1224 608 exaggerationibus
1256 533 1596 608 Hieronymi
1628 534 1810 591 fiden-
1840 536 1893 601 Α
1925 537 2081 608 quod
2104 545 2331 597 caeteras
2360 543 2570 616 Ignatii
2604 543 2889 616 epistolae,
2922 559 3072 615 quas
3122 541 3310 599 nostri
3369 542 3574 599 eodem

169 624 427 694 dum,ubi
458 632 733 682 auctores
762 626 928 697 ipsos
958 626 1424 698 habemus,quos
1454 625 1624 681 illum
1647 641 1815 681 secu-

169 723 287 773 tum
318 732 449 771 esse
484 722 741 772 constat.

234 806 314 861 Ad
345 811 492 862 Acta
522 806 794 878 martyrii
818 807 977 879 quod
1009 808 1367 871 attinet,non
1396 807 1501 863 illa
1532 811 1816 877 suntquae

170 902 331 952 aetate
374 898 430 953 S.
464 897 676 953 Irenaai
711 897 1047 963 exstabant,
1085 898 1190 953 sed
1234 898 1351 953 alia
1401 897 1599 969 plane,
1655 900 1816 951 sexto

173 989 253 1043 vel
286 990 544 1061 septimo
577 989 799 1044 smculo
822 990 1042 1054 ﬁcta,et
1062 988 1347 1045 fabulosis
1377 988 1818 1044 narrationibus

171 1086 373 1145 aucta;
436 1079 655 1150 quibus
715 1079 1008 1152 Ignatium
1068 1080 1238 1151 quasi
1273 1079 1333 1133 in
1381 1079 1817 1149 amphitheatro

170 1169 513 1241 loquentem
530 1168 1120 1241 introducunt,quem
1140 1185 1415 1225 neunum
1432 1174 1572 1223 tunc
1592 1166 1821 1221 verbm]

168 1259 383 1314 dixisse
432 1258 858 1330 antiquissima
907 1262 1050 1314 Acta
1097 1264 1360 1315 narrant.
1426 1258 1590 1312 Illius
1644 1257 1822 1329 igitur

168 1349 439 1404 Historias
502 1349 788 1404 conditor
841 1349 1168 1404 sententias
1218 1348 1444 1420 lgnatio
1476 1347 1645 1419 quasi
1698 1347 1824 1401 viva

167 1456 298 1495 voce
328 1439 600 1511 prolatas
628 1438 1072 1510 attribuit,quas
1105 1455 1176 1494 ex
1216 1439 1379 1494 illius
1410 1437 1676 1511 epistolis
1698 1438 1819 1508 ipse

164 1530 671 1603 excerpsit'idque
708 1546 829 1585 non
858 1535 1084 1585 tantum
1117 1546 1189 1584 ex
1212 1528 1618 1602 genuinis,sed
1642 1528 1819 1582 etiam

163 1636 226 1675 ex
259 1619 526 1675 ﬁctis.Ut
546 1620 687 1675 illuc
710 1620 783 1675 ab
815 1636 885 1675 eo
917 1636 1115 1676 coram
1139 1620 1388 1691 Trajano
1412 1618 1651 1674 dictum
1682 1633 1818 1671 nar-

166 1708 478 1771 Γειῑεΐίνας
531 1705 590 1764 δὲ
645 1710 808 1781 ἡμῶν
868 1701 1035 1784 ἔγνῶς
1067 1708 1251 1763 στάσιν
1290 1707 1376 1762 καὶ
1407 1705 1654 1780 πόλεμον
1685 1705 1823 1778 ἀγα-

168 1802 421 1867 πῶνταςς
464 1797 600 1874 οὖχί
658 1795 715 1854 δὲ
770 1799 862 1853 καὶ
921 1798 1389 1871 ὑποτασσὸμὲνους
1446 1795 1732 1872 ἄρχουσιν,
1764 1794 1817 1850 ἐν

1920 646 2053 685 cum
2084 632 2194 686 hoc
2214 632 2512 689 volumine
2540 650 2574 688 a
2610 633 2937 706 Polycarpo
2960 633 3238 688 collectas
3263 638 3321 687 et
3343 633 3578 689 ordina-

1920 722 2010 774 tas
2041 720 2321 790 fatentur,
2355 723 2579 777 Irenaeo
2640 724 2856 795 ignota:
2914 722 3154 777 fuerint.
3219 724 3473 777 Caeteras
3524 722 3577 777 ei

1922 811 2093 882 plane
2128 813 2356 884 ignotas
2387 813 2570 868 fuisse
2597 814 2708 869 hoc
2759 820 3109 887 argumento
3144 814 3336 885 capite
3368 813 3578 884 quinto

1922 902 2174 975 probare
2209 904 2745 959 conaturlrenaeus
2767 905 3080 959 haereticos
3114 909 3249 958 ante
3277 919 3338 957 se
3371 919 3577 957 omnes

1924 993 2293 1065 argumentis
2319 1010 2386 1047 ex
2413 993 2728 1047 traditione
2751 999 2809 1047 et
2841 993 3180 1047 testimonio
3212 992 3407 1047 ductis
3429 993 3580 1047 refu-

1924 1087 2028 1138 tat.
2066 1084 2212 1138 Sunt
2242 1089 2437 1138 autem
2474 1083 2534 1137 in
2568 1083 2834 1154 epistolis
2866 1083 3075 1155 lgnatii
3108 1083 3238 1137 loca
3270 1082 3579 1154 quamplu-

1924 1171 2075 1225 rima
2104 1171 2176 1226 ad
2209 1171 2354 1226 illud
2390 1179 2805 1244 argumentum
2875 1170 3389 1226 luculentissima:
3450 1171 3577 1225 haec

1923 1262 2053 1319 fuse
2080 1280 2185 1319 suo
2220 1279 2382 1318 more
2409 1262 2638 1334 probat.
2679 1262 2893 1318 Habuit
2924 1262 3101 1333 igitur
3152 1277 3393 1316 causam
3444 1260 3577 1314 ido-

1926 1370 2101 1409 neam
2128 1358 2185 1408 et
2209 1369 2356 1424 pene
2380 1352 2779 1407 necessariam
2802 1369 2871 1406 ea
2892 1352 3021 1406 loca
3042 1368 3114 1406 ex
3138 1350 3404 1421 epistolis
3426 1349 3575 1404 reci-

1927 1443 2205 1510 tandi,vel
2230 1460 2373 1499 sane
2398 1441 2801 1497 indicandi.At
2819 1457 2914 1495 eas
2936 1458 3010 1495 ne
3026 1456 3141 1495 uno
3162 1439 3335 1494 verbo
3350 1454 3573 1493 memo~

1925 1533 2281 1599 ravisse,ncc
2294 1531 2536 1587 omnino
2550 1537 2696 1586 nutu
2711 1530 2859 1603 signi
2872 1531 3074 1584 {icasse
3088 1528 3574 1600 deprehenditur:

1926 1625 2045 1679 imo
2078 1640 2152 1678 ne
2172 1639 2358 1677 unum
2393 1639 2463 1676 ex
2488 1622 2559 1675 iis
2595 1620 2875 1693 p3.Plane
2910 1635 3046 1690 ergo
3079 1635 3176 1674 eas
3204 1617 3512 1691 ignoravit.

1997 1712 2270 1778 Quamvis
2291 1711 2464 1767 facile
2488 1710 2816 1766 etbreviter
2835 1709 3270 1780 respondeatur
3283 1705 3577 1761 celebrem

1925 1804 2281 1859 sententiam
2315 1818 2386 1856 ex
2419 1800 2671 1872 epistola
2700 1799 2773 1855 ad
2806 1801 3102 1855 Romanos
3126 1797 3198 1852 ab
3222 1802 3447 1851 Irenaeo
3470 1794 3576 1850 ad-

168 1887 251 1949 οἷς
284 1884 579 1949 ἀκίνδυνος
634 1890 670 1957 ἡ
726 1887 973 1961 ὑποταγή
1005 1906 1019 1957 ;
1072 1891 1249 1945 Vetus
1285 1890 1622 1960 Interpres:
1655 1889 1808 1953 Quem

1942 1895 2165 1950 iuctam
2199 1910 2350 1961 esse,
2382 1892 2561 1963 idque
2588 1891 2770 1945 fuisse
2812 1889 2884 1944 ab
2914 1888 3167 1943 Eusebio
3199 1886 3576 1942 observatum

167 1976 311 2033 enim
354 1983 613 2033 nostrum
660 1976 967 2047 cognovisti
1023 1977 1221 2032 bellum
1275 1977 1581 2032 meditari?
1627 1982 1818 2030 etnon

160 2070 344 2137 potius
364 2068 648 2138 subjectos
679 2083 786 2123 esse
803 2068 1177 2138 principibus,
1211 2067 1307 2123 ubi
1362 2082 1476 2121 non
1506 2072 1581 2121 est
1604 2067 1822 2137 pericu-

168 2157 275 2213 losa
305 2158 581 2227 subjectio
598 2158 627 2212 ‘I
640 2156 809 2221 Quod
840 2162 1015 2211 estex
1038 2155 1298 2228 Epistola
1317 2155 1819 2229 adiAntiochenos

168 2247 613 2319 depromptum.
676 2247 747 2303 Ut
798 2246 976 2302 etiam
1028 2247 1249 2302 Menam
1304 2245 1452 2302 illud
1502 2245 1818 2301 referunt:

168 2335 401 2407 Ἕκραξε
458 2333 555 2389 σὺν
615 2335 770 2407 πόθῳ
824 2333 879 2389 ἐν
925 2335 1072 2408 μέσῳ
1127 2339 1234 2389 τῶν
1264 2330 1547 2389 κινδύνωνο
1588 2333 1817 2408 Χριστὸν

168 2421 355 2479 διώκω
443 2424 682 2498 χαίρων,
760 2427 982 2500 Χριστῳ
1065 2422 1532 2499 συνεσταύρωμαι·
1596 2426 1670 2492 ζῶ
1741 2420 1820 2492 δὲ,

173 2513 349 2569 οὐκέτι
418 2516 519 2587 μὲν
577 2513 711 2588 ἐγὼ,
772 2517 837 2587 ζῇ
897 2511 974 2585 δὲ,
1020 2514 1207 2593 φησὶν,
1247 2512 1299 2568 ἐν
1331 2512 1457 2587 ἐμοὶ
1492 2514 1658 2587 μόνος
1688 2516 1823 2587 Χρι-

175 2604 317 2667 στός.
346 2606 630 2662 Clamavit
666 2622 789 2661 cum
829 2604 1102 2661 desiderio
1153 2608 1211 2660 in
1268 2606 1460 2661 mediis
1506 2603 1772 2675 periculis
1801 2621 1822 2658 .-

176 2716 205 2747 α
232 2695 519 2750 Christum
551 2695 795 2765 gaudens
822 2697 1078 2763 insequor
1097 2712 1118 2758 ;
1136 2710 1259 2749 cum
1283 2693 1500 2749 Christo
1531 2695 1826 2762 cruciﬁmus

171 2800 287 2842 sum
306 2804 329 2849 ;
350 2787 482 2840 vivo
513 2792 696 2839 autem
721 2786 846 2855 jam
875 2800 986 2838 non
1016 2800 1151 2853 ego;
1182 2784 1321 2838 vivit
1348 2798 1476 2837 vero
1517 2785 1576 2837 in
1601 2799 1706 2847 me,
1736 2784 1828 2836 in-

176 2877 317 2946 quit,
350 2875 506 2930 solus
538 2874 784 2929 Christus
805 2872 897 2940 ’.³,
930 2894 959 2922 ››
990 2890 1057 2927 ex
1089 2872 1445 2944 interpolata
1474 2871 1725 2944 epistola
1753 2870 1825 2927 ad

172 2965 497 3020 Romanos.
532 2962 693 3018 Talia
725 2978 844 3017 non
876 2978 1065 3034 pauca
1120 2962 1478 3033 posteriores
1543 2965 1825 3017 Actorum

173 3054 695 3110 consarcinatores
724 3052 951 3125 lgnatio
984 3052 1332 3120 attribuunt,
1366 3052 1533 3122 quasi
1568 3051 1640 3107 ab
1671 3067 1739 3106 eo
1762 3052 1825 3105 in

172 3143 297 3214 ipsa
326 3142 516 3198 veluti
549 3158 733 3197 arena
762 3143 1159 3213 pronuntiata,
1194 3157 1326 3212 quae
1357 3142 1468 3213 ipsi
1518 3156 1824 3211 nunquam

168 3232 325 3288 fama
342 3239 634 3302 tanquam
654 3231 929 3302 martyris
945 3247 1054 3302 apo
1061 3231 1441 3302 phthegmata
1453 3234 1822 3302 acceperant,

172 3325 274 3380 sed
303 3341 376 3379 ex
401 3321 699 3395 epistolis,
753 3322 960 3392 quales
1018 3339 1125 3377 suo
1166 3338 1286 3377 aevo
1318 3321 1688 3390 exstiterunt,
1722 3320 1822 3375 de-

172 3413 803 3486 sumpserant.Eodem
832 3413 1011 3486 igitur
1034 3412 1210 3467 modo
1242 3413 1367 3468 haec
1398 3412 1674 3484 martyris
1696 3428 1825 3466 sen-

173 3506 381 3570 tentia,
410 3518 595 3574 quam
627 3504 891 3557 Irenaeus
923 3501 1142 3566 citavit,
1190 3501 1250 3555 in
1284 3501 1443 3556 Actis
1466 3500 1688 3571 aliquot
1717 3518 1830 3555 sas-

176 3593 324 3648 culis
340 3599 554 3665 postea
577 3591 993 3662 conscriptis,a
1021 3590 1501 3646 consarcinatore
1523 3589 1745 3662 lgnatio
1769 3589 1829 3643 in

178 3690 443 3738 extremo
476 3696 665 3754 agone
699 3679 1127 3739 tribuitur.non
1159 3697 1228 3735 ex
1257 3678 1427 3744 fama,
1461 3696 1578 3733 non
1626 3695 1694 3733 ex
1727 3695 1832 3733 an-

173 3770 543 3843 tiquioribus
572 3770 754 3836 Actis,
788 3770 851 3824 in
881 3769 1098 3840 quibus
1137 3786 1258 3824 non
1299 3773 1566 3840 apparet,
1608 3767 1711 3823 sed
1760 3784 1831 3822 ex

173 3859 434 3933 epistola
462 3857 540 3914 ad
574 3860 874 3913 Romanos
895 3859 1266 3930 deprompta,
1296 3863 1355 3912 et
1386 3857 1458 3912 ad
1504 3873 1630 3912 rem
1682 3873 1833 3927 prae-

175 3956 412 4004 sentem
444 3947 744 4018 applicata
778 3965 793 4013 ;
826 3946 985 4002 unde
1016 3953 1221 4018 postea
1242 3947 1452 4018 Symeo
1487 3945 1833 4016 Logothetes

176 4037 309 4094 huic
327 4037 652 4093 sententia:
674 4036 790 4091 alia
813 4052 884 4090 ex
908 4035 1113 4091 eadem
1139 4035 1385 4107 epistola
1406 4033 1827 4106 superaddidit,

176 4129 342 4198 quasi
377 4126 595 4181 eodem
627 4129 891 4197 tempore
922 4125 1172 4198 prolata,
1198 4123 1335 4177 ὥστε
1365 4125 1498 4177 eaea
1529 4120 1832 4195 ἐπιτυχεῖν,

180 4223 236 4272 et
262 4216 437 4285 οὗπερ
470 4212 756 4287 ἐρῶβιιῐῐι
784 4215 961 4286 igitur
990 4214 1285 4270 sententia
1308 4213 1381 4269 ab
1410 4214 1631 4268 lrenseo
1656 4213 1835 4268 citata

182 4307 240 4362 in
268 4305 535 4379 epistola
562 4305 639 4360 ad
671 4307 966 4360 Romanos
996 4310 1347 4369 exstetcum
1369 4303 1541 4358 nulla
1569 4318 1831 4372 unquam

180 4395 623 4453 vetustissimos
666 4394 984 4466 scriptores
1032 4393 1595 4465 apopbthegmatum
1629 4390 1837 4464 Ignatii

178 4485 335 4557 apud
368 4484 604 4539 mentio
634 4482 788 4539 facta
806 4484 903 4551 sit,
922 4488 981 4538 et
1001 4481 1516 4554 apophthegmatis
1542 4481 1838 4537 nomenin

181 4575 285 4631 bac
304 4593 372 4631 re
406 4591 443 4630 a
472 4573 728 4629 Maximo
760 4574 835 4629 ad
866 4574 1148 4646 effugium
1180 4589 1353 4627 suum
1387 4571 1837 4627 tutandumtam

1930 2000 2050 2040 non
2080 1983 2283 2044 semel,
2310 1993 2368 2037 et
2397 1998 2430 2036 a
2461 1981 2665 2036 multis
2696 1979 2829 2035 aliis
2861 1979 3037 2033 etiam
3080 1977 3366 2049 agnitum,
3398 1990 3510 2029 nec
3540 1989 3577 2029 θ.
3630 2004 3633 2009 ι

1930 2074 2207 2146 quopiam
2231 2077 2368 2127 ante
2384 2072 2496 2126 hoc
2525 2070 2807 2126 sacculum
2837 2073 3178 2141 negatum,a
3194 2065 3367 2121 nobis
3393 2062 3572 2120 etiam

1928 2164 2243 2238 probatum
2277 2168 2454 2233 atque
2485 2161 2903 2217 conﬁrmatum
2932 2176 2944 2226 ;
2977 2174 3085 2213 nec
3122 2158 3436 2221 Irenaeum,
3471 2152 3572 2224 qui

1929 2255 2083 2309 hanc
2111 2253 2184 2308 ad
2210 2255 2505 2309 Romanos
2537 2250 2850 2323 epistolam
2880 2247 3062 2314 novit,
3089 2251 3330 2301 caeteras
3361 2243 3570 2300 eodem

1930 2343 2223 2398 volumine
2256 2340 2716 2414 comprehensas
2740 2342 2797 2392 et
2819 2336 3123 2409 Polycarpi
3153 2334 3419 2407 epistolae
3443 2332 3579 2388 sub-

1922 2433 2116 2506 jectas
2142 2433 2415 2505 ignorare
2474 2429 2771 2502 potuisse;
2806 2428 2995 2483 multa
3052 2432 3254 2481 tamen
3279 2424 3378 2478 hic
3411 2438 3581 2494 repo—

1931 2522 2128 2579 nenda
2158 2527 2316 2578 sunt.
2350 2524 2495 2577 Cum
2530 2519 2689 2575 enim
2721 2535 2936 2587 magna
2985 2515 3292 2588 diligentia
3339 2528 3481 2569 usus
3502 2510 3580 2567 sit

1932 2613 2019 2668 vir
2048 2613 2448 2681 doctissimus,
2480 2616 2547 2665 ut
2577 2609 2729 2664 nihil
2761 2613 2962 2676 ageret
2992 2623 3005 2661 :
3048 2623 3153 2679 ego
3207 2620 3329 2659 non
3356 2600 3572 2658 minori

1933 2703 2078 2758 mihi
2105 2702 2393 2757 utendum
2424 2706 2586 2772 puto,
2617 2704 2683 2753 ut
2715 2714 2847 2753 rum
2878 2696 3029 2750 nihil
3077 2694 3264 2766 egisse
3296 2690 3574 2747 omnibus

1935 2789 2701 2865 appareat.Sepositaigitur
2720 2785 3255 2858 impraisentiarum
3272 2782 3375 2835 illa
3397 2779 3574 2833 unica

1935 2882 2251 2950 sententia,
2282 2881 2424 2934 licet
2456 2879 2712 2933 lrénazus
2735 2876 2863 2931 loca
2885 2873 3050 2929 nulla
3103 2872 3175 2928 ad
3232 2868 3571 2925 institutum

1936 2977 2269 3045 opportuna
2299 2988 2367 3026 ex
2397 2968 2621 3042 lgnatio
2659 2966 2925 3022 citaverit
2980 2961 3410 3018 intimaveritve
3438 2977 3450 3025 ;
3486 2964 3572 3014 ta-

1934 3078 2073 3118 men
2104 3057 2664 3131 nonﬁindesequitur
2684 3054 2965 3126 epistolas
2984 3052 3069 3106 illi
3092 3051 3275 3106 fuisse
3302 3049 3556 3122 ignotas:

1934 3168 2128 3223 neque
2154 3150 2443 3205 Dallazana
2465 3151 2811 3216 argumenta
2866 3141 3224 3214 persuadent
3279 3140 3573 3193 Irenaeum

1938 3241 2273 3297 necessario
2331 3239 2419 3293 uti
2478 3235 2731 3292 voluisse
2774 3233 2988 3289 talibus
3022 3226 3395 3295 testimoniis,
3428 3227 3476 3280 si
3521 3224 3574 3279 ei

1938 3331 2172 3401 cognita
2199 3326 2601 3384 fuissent.lmo
2632 3323 2820 3381 multo
2842 3320 3218 3377 verisimilius
3250 3323 3339 3373 est
3367 3333 3579 3388 suppo-

1937 3421 2048 3477 Sito
2082 3418 2239 3490 quod
2276 3417 2576 3491 lgnatiana
2625 3415 2677 3469 ei
2734 3413 2991 3468 fuissent
3028 3407 3455 3481 cognitissima,
3512 3408 3579 3459 ut

1936 3510 2119 3566 nos'ri
2152 3506 2525 3572 afﬁrmant,si
2555 3503 2853 3560 scribendi
2886 3501 3128 3556 modum
3161 3498 3231 3553 ab
3264 3514 3332 3552 eo
3362 3495 3576 3550 obser-

1936 3604 2132 3655 vatum
2167 3602 2519 3669 spectemus,
2548 3610 2581 3648 a
2602 3591 3034 3648 sententiarum
3059 3586 3434 3659 excerptione
3457 3582 3580 3637 abs-

1941 3690 2129 3744 tinere
2161 3688 2358 3759 potius
2389 3678 3178 3751 voluisse,qucmadmodum
3209 3690 3417 3731 revera
3448 3672 3579 3727 abs-

1937 3778 2186 3833 tinuisse
2219 3776 2454 3829 dicitur.

2009 3866 2279 3935 Quinque
2312 3863 2496 3917 libros
2524 3860 2805 3915 adversus
2839 3858 3095 3911 haereses
3121 3853 3355 3923 scripsit
3376 3853 3429 3907 S.
3473 3852 3584 3904 lre-

1939 3972 2102 4011 naeus
2134 3969 2276 4007 sane
2308 3950 2770 4023 prmclarosmon
2800 3944 3006 3999 eodem
3040 3947 3304 4013 tempore
3321 3943 3584 3993 autcon-

1943 4045 2127 4111 tinuo,
2160 4046 2225 4096 ut
2255 4058 2322 4095 ex
2356 4034 2804 4111 prmfationibus
2836 4028 3349 4087 videtur.’l‘ertium
3381 4029 3581 4079 autem

1939 4134 2155 4189 librum
2181 4131 2402 4186 scimus
2432 4127 2541 4182 sub
2575 4122 2877 4180 Eleutheri
2907 4118 3256 4192 pontilicatu
3294 4114 3580 4184 scriptum

1939 4224 2122 4278 fuisse
2157 4236 2372 4292 ;quem
2405 4234 2538 4273 cum
2576 4220 2639 4270 l5
2670 4228 2862 4269 annos
2893 4208 3117 4265 sedisse
3149 4205 3409 4261 scribant
3430 4207 3586 4257 vete-

1942 4330 2058 4379 res,
2091 4311 2247 4366 circa
2273 4325 2447 4380 quem
2476 4321 2697 4362 annum
2732 4303 2949 4357 librum
2983 4315 3117 4353 eum
3149 4293 3456 4367 scripserit
3478 4294 3587 4347 Ire-

1946 4419 2128 4467 nacus,
2162 4399 2429 4457 nondum
2452 4400 2821 4468 compertum
2854 4398 2964 4450 est.
3027 4391 3195 4446 Circa
3249 4383 3584 4459 posteriora

1943 4492 2244 4548 Eleutheri
2280 4495 2546 4559 tempora
2577 4486 2801 4541 editum
2835 4484 3019 4539 fuissc
3073 4481 3291 4534 librum
3346 4473 3587 4530 tertium

1947 4598 2048 4655 ego
2082 4597 2198 4636 non
2232 4578 2457 4645 dubito,
2491 4593 2627 4632 cum
2670 4575 2848 4630 etiam
2881 4572 3099 4645 primo,
3131 4583 3310 4640 quem
3341 4563 3416 4620 ad
3448 4577 3584 4618 eum

183 4663 921 4736 infeliciterexcosimwm
940 4664 1175 4733 είίνουω
1193 4662 1840 4733 δηιίειιιίδείωδιηίιιτιγ-
1869 4641 1914 4707 D
1950 4641 2042 4727 cui
2101 4687 2247 4740 opus
2305 4641 2477 4723 suum
2535 4665 2848 4730 dedicavit,
2885 4641 3108 4731 aliquo
3156 4663 3291 4713 ante
3321 4660 3584 4724 tempore

181 4756 579 4831 riilgnatiani
601 4757 747 4811 ΑΟῑᾶ
765 4772 874 4811 nec
915 4756 1068 4811 hanc
1104 4771 1216 4810 nec
1273 4754 1529 4809 Similem
1579 4753 1841 4824 aliquam
1952 4744 2201 4817 missum
2233 4757 2415 4812 fuisse
2449 4773 2518 4810 ex
2552 4755 2675 4826 ipso
2706 4753 2947 4814 scimus,
2982 4748 3415 4804 Encratitarum
3464 4743 3586 4797 ha)-

182 4844 547 4901 sententiam
567 4843 1510 4915 commemoraverint,posteriora
1521 4848 1714 4898 autem
1737 4844 1838 4896 Ac-

186 4939 243 4991 ta
262 4934 606 4990 sententias
636 4950 708 4989 ex
737 4933 1005 5004 epistolis
1025 4939 1151 4988 tum
1176 4932 1472 5005 genuinis,
1502 4936 1630 4986 tum
1652 4931 1839 4986 inter-

183 5024 561 5095 polatis,tum
578 5023 759 5078 etiam
776 5023 927 5078 ﬁctis
948 5022 1525 5094 e'xcerpserint,quas
1539 5019 1833 5076 sanctissi-

182 5130 278 5171 mo
303 5115 595 5186 martyris
622 5113 711 5168 ori
736 5113 797 5168 in
829 5113 957 5185 ipso
987 5127 1175 5185 agone
1198 5112 1565 5176 insererent,‘
1575 5110 1838 5179 frivolum

182 5213 234 5259 et
256 5208 512 5276 ineptum
540 5209 641 5271 est,
675 5217 807 5258 eam
829 5201 1187 5257 sententiam
1222 5200 1297 5256 ab
1346 5202 1568 5254 Irmneo
1614 5197 1839 5254 aliunde

189 5310 353 5364 quam
382 5311 455 5350 ea:
484 5295 591 5349 hac
625 5296 748 5364 ipsa
776 5290 1014 5362 epistola
1041 5293 1268 5346 citatam
1297 5306 1407 5346 esse
1433 5288 1726 5343 hariolari.

253 5385 533 5457 Confugit
561 5384 745 5456 igitur
763 5382 851 5437 vir
898 5379 1276 5436 doctissimus
1305 5380 1378 5436 ad
1423 5384 1836 5451 argumentum

186 5476 845 5549 negativum.tanquam
867 5471 941 5528 ad
962 5471 1193 5545 asylum
1216 5469 1836 5532 tutissimum,asserit-

184 5581 296 5635 que
327 5567 626 5621 Irenaeum
652 5562 773 5619 haec
801 5561 970 5617 verba
997 5576 1098 5616 nec
1142 5558 1432 5631 sumpsisse
1484 5573 1584 5613 nec
1629 5574 1838 5613 sumere

174 5656 420 5725 potuisse
437 5672 510 5711 ex
537 5655 650 5710 hac
683 5650 940 5725 epistola
977 5649 1052 5707 ad
1082 5652 1398 5715 Romanos,
1449 5647 1599 5719 quod
1627 5663 1691 5703 ea
1720 5649 1838 5702 Ire-

180 5759 303 5803 naeo
336 5748 530 5815 ignota
560 5745 742 5814 fuerit
765 5741 1082 5814 ;-ignotam
1116 5745 1315 5798 autem
1349 5738 1401 5795 ei
1441 5737 1595 5803 hanc
1616 5736 1833 5809 tfqisse,

260 5862 331 5919 2.3
362 5864 483 5935 Gal,
517 5866 604 5939 ιο,
636 5865 729 5919 ao.

1947 4850 2127 4905 resim
2159 4845 2657 4916 describat,quam
2682 4843 2869 4914 primo
2896 4857 2927 4894 ξι
2947 4838 3190 4894 'l‘atiano
3214 4834 3586 4903 acceperant.

1947 4939 2257 4995 Tatianum
2315 4940 2514 4990 autem
2561 4933 2685 5005 ipse
2749 4932 3030 4993 affirmat,
3090 4926 3213 4979 vivo
3271 4921 3463 4977 adhuc
3488 4920 3587 4974 Ju-

1949 5029 2124 5091 stino,
2153 5025 2315 5083 nulla
2346 5023 2622 5079 haeretica
2642 5016 3210 5076 doctrinainfectum
3244 5009 3594 5067 fuisse.Post

1948 5118 2297 5189 martyrium
2326 5113 2539 5169 Justini
2588 5111 2660 5167 ab
2692 5108 2955 5165 Ecclesia
3006 5102 3270 5167 recessit,
3331 5105 3407 5167 et,
3442 5101 3587 5189 teste

1948 5187 2296 5280 Epiphanio,
2329 5205 2390 5258 in
2421 5202 2724 5258 Orientem
2780 5214 2841 5254 se
2876 5194 3144 5259 contulit,
3179 5192 3278 5247 ubi
3310 5187 3585 5245 hmrcsim

1948 5278 2163 5369 partim
2194 5311 2264 5349 ex
2296 5290 2593 5347 Saturnini
2628 5295 2686 5343 et
2718 5286 3027 5342 Marcionis
3076 5280 3326 5355 placitis,
3371 5278 3587 5369 partim

1950 5366 2020 5442 ex
2042 5382 2329 5440 Valentini
2355 5376 2827 5441 deliriis,additis
2849 5375 3025 5429 etiam
3040 5373 3111 5428 de
3135 5388 3241 5427 suo
3265 5366 3586 5439 aliquibus,

1948 5473 2244 5532 conﬂavit.
2278 5472 2359 5524 Ex
2390 5485 2456 5522 eo
2490 5466 2804 5521 Encratitas
2836 5463 2981 5533 nati,
3015 5468 3071 5518 et
3102 5462 3163 5515 in
3204 5457 3585 5515 Occidentem

1948 5566 2128 5620 etiam
2150 5554 2655 5621 disseminati,suh
2681 5555 2870 5608 Marco
2899 5549 3197 5607 Antonino
3218 5548 3592 5603 innotescere

1946 5657 2008 5711 in
2041 5652 2228 5709 Gallia
2258 5665 2377 5706 non
2414 5648 2776 5721 potuerunt;
2816 5657 3009 5714 neque
3038 5642 3299 5696 Irenaeus
3332 5638 3449 5693 nisi
3482 5638 3593 5695 sub
