3972 6306
402 363 519 426 159

1445 365 1512 428 8.
1561 359 1958 427 IGNATIUS.
2006 391 2086 409 --
2126 361 2754 428 PROLEGOMENA.

3699 367 3817 430 160

399 499 744 566 Commodo,
777 504 836 554 et
864 498 1066 554 adulto
1077 499 1204 570 jam
1227 499 1526 555 Eleutheri
1558 498 1928 571 pontificatu,
1945 515 2046 554 eos
2075 505 2134 567 Α
2161 505 2377 563 verunt,
2413 503 2561 554 etex
2587 498 2878 556 diametro
2901 505 3170 573 pugnant
3195 517 3332 558 cum
3363 503 3437 558 iis
3461 519 3593 574 quas
3611 519 3645 559 a
3671 505 3818 559 Mar-

400 597 521 647 tam
552 587 830 664 graphice
864 587 1184 660 depingere
1205 589 1760 660 potuit.Quinetiam
1791 587 2050 644 Theodo-

406 681 586 738 tionis
615 679 945 734 versionem
997 685 1291 735 memorat
1348 679 1450 734 lib.
1507 695 1590 746 ιιι,
1625 697 1752 752 cap.
1799 681 1886 746 24,
1947 680 2050 750 qui

407 772 599 846 primo
632 767 692 824 ἐκ
743 773 844 837 τῆς
899 764 1167 845 διαδοχῆς
1229 767 1556 840 Μαρκίωνος
1599 775 1744 838 erat,
1779 786 1809 824 e
1841 769 2051 824 castris

407 858 886 916 Marcionitarum
937 857 1011 912 ad
1065 855 1371 912 Ebionmos
1431 858 1765 929 transfugit,
1828 863 2048 914 etcum

409 951 796 1007 circumcisus
827 953 1003 1014 esset,
1034 945 1294 1017 linguam
1332 947 1635 1003 llebrmam
1657 947 1863 1003 didicit
1889 967 1902 1014 ;
1931 965 2050 1003 ver-

407 1041 637 1096 sionem
671 1037 896 1092 Veteris
925 1038 1281 1092 Testamenti
1320 1037 1555 1093 tandem
1593 1038 1935 1105 elaboravit,
1971 1045 2050 1105 et,

405 1135 553 1187 teste
586 1127 936 1200 Epiphanio,
962 1127 1070 1182 sub
1101 1128 1421 1183 Commodo
1456 1130 1810 1200 imperatore
1843 1129 2048 1183 edidit.

405 1220 640 1275 Priores
693 1218 872 1292 igitur
929 1222 1048 1272 tres
1079 1217 1264 1272 libros
1309 1217 1417 1273 sub
1460 1218 1774 1274 Eleuthero
1807 1219 2050 1289 quidem

409 1311 658 1382 scriptos
685 1312 937 1373 constat,
967 1306 1070 1362 sed
1102 1309 1516 1380 vergentejam
1549 1309 1623 1364 ad
1680 1310 1888 1364 tinem-
1921 1310 2050 1381 ejus

408 1399 791 1474 pontiﬁcatu;
813 1397 1078 1466 reliquos
1104 1403 1204 1452 aut
1229 1397 1336 1451 sub
1359 1397 1815 1469 Eleutlxerojam
1839 1414 2056 1454 exeun-

409 1497 488 1560 te,
519 1496 622 1546 aut
652 1488 760 1544 sub
799 1488 1044 1542 ineunte
1069 1486 1302 1542 Victore
1335 1493 1603 1543 exaratos
1625 1495 1807 1561 patet.

477 1581 668 1645 Quare
701 1583 835 1633 ante
885 1578 1179 1630 Irenaeum
1228 1577 1520 1648 scripsere
1563 1578 1666 1632 viri
1702 1578 1764 1633 in
1794 1577 2056 1633 Ecclesia

404 1665 1434 1736 celeberrimi,Barnabas.Clemens,
1471 1667 1736 1736 Hermas,
1769 1668 2050 1741 Ignatius,

409 1757 1028 1830 Polycarpus.Papias,
1060 1756 1411 1824 Quadratus,
1445 1757 1756 1823 Aristides,
1779 1759 2054 1830 Agrippa,

2162 587 2330 642 cione
2353 586 2742 655 dicebantur;
2775 589 2965 645 multa
2993 605 3125 659 quae
3152 589 3226 646 ad
3255 607 3423 648 suam
3445 595 3644 663 γνῶσιν
3669 609 3815 664 gno~

2161 678 2494 748 sticumque
2511 678 2780 734 trahebat
2796 679 3070 736 Clemens
3085 680 3517 737 Alexandrinus
3530 684 3812 739 adversus

2163 765 2296 821 illos
2329 767 2426 836 qui
2477 765 2584 820 ἀπὸ
2636 762 2998 839 ψευδωνὺμοο
3056 769 3312 840 γνώσεως
3357 773 3603 842 gnoslici
3649 775 3812 828 dice-

2163 856 2396 911 bantur.
2431 856 2760 922 Quadratus
2787 857 3046 914 Adriano
3069 861 3333 931 porrexit
3353 861 3573 916 librum
3603 879 3710 934 pro
3725 882 3814 918 re-

2163 945 2378 1018 ligione
2404 953 2604 1002 nostra
2634 947 3120 1019 compositum,ég
3156 948 3217 1003 οὗ
3239 946 3477 1003 κατιδεῖν
3509 947 3648 1004 ἔστιν
3693 949 3813 1024 λαμ

2160 1035 2272 1107 πρά
2290 1035 2564 1108 τεκμήρια
2593 1042 2693 1105 τῆς
2745 1056 2805 1090 τε
2835 1039 2932 1091 τοῦ
2985 1033 3180 1110 ἀνδρὸς
3240 1034 3503 1108 διανοίας,
3545 1040 3636 1094 καὶ
3677 1040 3813 1095 ἀπο-

2161 1130 2426 1192 στολικῆς
2464 1123 2814 1198 ὀρθοτομίάς,
2842 1134 2910 1183 ut
2939 1127 3204 1198 loquitua
3234 1129 3544 1195 Eusebius,
3607 1132 3813 1186 librum

2160 1216 2322 1270 valde
2349 1215 2546 1271 utilem
2559 1217 2897 1288 plenumque
2925 1221 3160 1276 rationis
3177 1224 3226 1274 et
3245 1221 3395 1290 ﬁdei.
3427 1227 3480 1276 ct
3501 1223 3817 1290 apostolica

2162 1307 2418 1362 doctrina
2457 1305 2711 1375 dignum,
2762 1311 2908 1362 teste
2955 1308 3335 1380 Hieronymo.
3387 1311 3462 1364 At
3517 1310 3814 1382 quidquid

2163 1395 2298 1451 ﬁdei
2333 1403 2393 1450 et
2421 1395 2707 1451 doctrina:
2737 1396 3080 1467 apostolica:
3111 1398 3311 1465 fuit,id
3334 1414 3510 1454 omne
3541 1399 3617 1454 ad
3650 1401 3780 1456 retu
3799 1431 3816 1442 -

2163 1485 2378 1541 tandos
2411 1485 2745 1540 lrenzeanos
2769 1486 3082 1542 haereticos
3111 1504 3230 1543 non
3264 1488 3456 1560 potuit
3477 1491 3617 1549 fnon
3674 1505 3810 1545 esse

2160 1573 2306 1629 utile
2339 1579 2398 1629 et
2427 1573 2704 1630 idoneum
2727 1591 2740 1640 ;
2763 1576 3092 1648 praesertim
3125 1594 3260 1634 cum
3279 1578 3462 1636 fuerit
3480 1579 3552 1634 ab
3581 1595 3652 1634 eo
3671 1580 3820 1636 scri-

2159 1667 2351 1736 ptum,
2386 1664 2486 1735 qui
2511 1663 2788 1734 plurimos
2816 1681 2851 1720 a
2878 1681 2934 1720 se
2955 1667 3224 1738 visos.qui
3245 1669 3344 1724 sub
3376 1669 3602 1724 Domino
3631 1671 3816 1725 variis

2161 1755 2219 1808 in
2247 1752 2446 1810 Iudaea
2472 1755 2718 1824 oppressi
2769 1754 3179 1813 calamitatibus
3235 1761 3421 1813 sanati
3475 1761 3723 1828 fuerant.
3757 1765 3816 1814 et

413 1849 637 1915 Castor,
667 1845 955 1914 Justinus,
990 1846 1206 1912 Melito,
1239 1847 2054 1920 Athenagoras,Theophilus,
2089 1863 2135 1926 Β
2163 1844 2262 1912 qui
2287 1859 2323 1897 α
2350 1844 2582 1898 mortuis
2610 1852 3050 1915 resurremerunt,
3079 1852 3184 1902 aut
3213 1847 3423 1903 soltem
3473 1863 3580 1903 sua
3633 1852 3815 1904 aetate

410 1937 726 2010 Dionysius
756 1935 2054 2011 Corinthiorum,Apollinarius,Hierapolitao

411 2044 544 2083 rum
607 2027 940 2098 episcopus,
1008 2031 1066 2081 et
1123 2027 1536 2098 Hegesippus;
1579 2027 1838 2083 Irenqu
1879 2028 2058 2102 igitur

411 2120 652 2175 omnium
710 2115 1092 2172 doctrinarum
1145 2115 1544 2174 curiosissimus
1601 2117 1942 2190 explorator,
1993 2124 2061 2174 ut

415 2224 552 2263 eum
583 2205 845 2278 appellat
873 2204 1517 2278 Tertullianus,scripta
1547 2206 1756 2263 horum
1788 2210 2057 2266 omnium

413 2297 637 2368 optime
671 2295 832 2350 novit
865 2312 878 2360 ;
911 2293 1366 2362 saltem,Dallaeo
1397 2294 1638 2360 fatente,
1669 2297 1796 2353 sine
1827 2315 1943 2369 quo
1974 2315 2060 2355 ar-

414 2383 678 2458 gumenti
711 2383 963 2456 negativi
995 2383 1078 2438 vis
1109 2385 1356 2440 omnino
1381 2385 1695 2448 nulla,hoc
1724 2403 2060 2459 supponere

407 2475 544 2546 jure
569 2475 986 2546 possumus.At
1015 2489 1084 2528 ex
1113 2473 1206 2528 his
1238 2473 1468 2546 aliquot
1487 2474 1560 2530 ab
1594 2477 1820 2531 Irenaeo
1843 2477 2059 2533 nullibi

418 2564 842 2629 nominantur;
877 2563 1057 2618 nullae
1081 2579 1148 2618 ex
1168 2562 1288 2618 illis
1311 2564 1622 2620 sententia:
1641 2571 2057 2638 excerpuntur,

417 2658 478 2708 et
507 2653 582 2708 ad
613 2651 1018 2708 testimonium
1078 2653 1358 2708 adversus
1409 2652 1717 2710 haereticos
1747 2655 2058 2712 ferendum

413 2741 792 2798 adhibentur.
853 2741 1068 2807 Quales
1126 2748 1264 2798 sunt
1325 2743 1645 2807 Barnabas,
1703 2745 2056 2810 Quadratus.

412 2832 720 2896 Aristides,
757 2832 1031 2904 Agrippa,
1071 2833 1288 2896 Melito,
1315 2834 1738 2906 Athenagoras,
1769 2836 2060 2907 Theophi-

411 2924 526 2988 lus,
559 2922 892 2993 Dionysius,
945 2921 1307 2994 Hegesippus
1340 2939 1353 2978 :
1389 2939 1639 2978 numero
1673 2929 1832 2979 certe
1862 2925 2060 2997 plures

417 3028 594 3084 quam
626 3012 727 3084 qui
753 3012 824 3067 ab
859 3029 926 3066 eo
987 3013 1391 3068 nominantur.
1425 3013 1513 3068 An
1545 3013 1654 3068 hos
1679 3029 1888 3068 omnes
1925 3015 2060 3072 ideo

414 3103 634 3158 Irenaeo
665 3100 1000 3174 incognitos
1031 3100 1210 3158 fuisse
1261 3099 1480 3168 dicent,
1527 3101 1684 3172 quod
1734 3101 1806 3157 ab
1847 3101 1949 3158 illo
1998 3104 2060 3160 in

2163 1932 2552 2004 superfuisse,
2587 1937 2833 1989 testatus
2867 1940 2976 1990 est.
3037 1935 3202 2002 Quod
3251 1938 3430 1994 etiam
3483 1937 3706 2009 pariter
3737 1937 3813 1993 de

2162 2021 2420 2078 Aristide
2452 2021 2961 2094 sentiendum,qui
2993 2030 3143 2081 teste
3174 2027 3818 2098 Hieronymo,volumen

2163 2114 2341 2168 nostri
2369 2111 2644 2182 dogmatis
2672 2115 2946 2168 rationem
2995 2118 3281 2170 continens
3338 2117 3522 2172 eodem
3571 2123 3820 2186 tempore

2164 2218 2272 2274 quo
2302 2208 2352 2258 et
2383 2202 2700 2268 Quadratus
2730 2203 2982 2260 Adriano
3002 2206 3250 2276 principi
3272 2207 3616 2272 dedit.Qnod
3647 2207 3818 2263 enim

2165 2292 2352 2348 nostri
2379 2292 2672 2366 dogmatis
2691 2293 2984 2350 rationem
3009 2297 3294 2366 continet,
3311 2296 3698 2354 fundamenta
3721 2313 3824 2354 eo-

2164 2399 2296 2438 rum
2319 2381 2731 2438 hzereticorum
2755 2385 3090 2440 necessario
3111 2386 3507 2443 evertit.ldem
3531 2387 3713 2442 etiam
3740 2387 3818 2443 de

2163 2471 2708 2544 Apollinario,Asias
2725 2473 3166 2546 Hierapolitano
3179 2475 3801 2548 episcopo,dicendum
3814 2521 3832 2542 ,

2167 2561 2268 2633 qui
2291 2563 2361 2616 Μ.
2395 2562 2650 2618 Antonio
2671 2563 2889 2633 insigne
2935 2565 3190 2619 volumen
3233 2582 3340 2635 pro
3389 2567 3495 2634 ﬁde
3543 2565 3815 2622 Christia-

2163 2667 2364 2707 norum
2392 2651 2562 2720 dedit,
2623 2657 2688 2706 ut
2715 2659 2774 2708 et
2831 2651 2902 2708 de
2964 2654 3261 2710 Melitone.
3311 2655 3672 2726 Theophilus
3703 2655 3820 2712 sub

2164 2741 2526 2813 imperatore
2555 2743 2622 2796 M.
2664 2743 2963 2798 Antonino
2983 2743 3200 2798 librum
3229 2751 3436 2800 contra
3457 2745 3820 2804 Marcionem

2165 2829 2533 2902 composuit:
2567 2829 2751 2885 alium
2783 2838 2989 2887 contra
3021 2833 3402 2904 Hermogenis
3424 2833 3699 2888 haeresim
3725 2835 3825 2890 in-

2165 2919 2687 2991 scripsit.Agrippa
2709 2921 2915 2976 Castor
2934 2921 3220 2977 adversum
3273 2924 3533 2978 Basilidis
3565 2923 3826 2978 lnerelici

2166 3009 2468 3071 volumina,
2501 3023 2628 3077 quae
2659 3009 2718 3062 in
2765 3008 3120 3079 Evangelium
3155 3014 3484 3080 confecerat,
3515 3013 3823 3080 fortissime

2166 3097 2443 3153 disseruit.
2477 3096 2674 3152 Melito
2705 3101 2844 3152 ante
2876 3097 3146 3154 libellum
3176 3101 3507 3172 supplicem
3530 3103 3599 3155 M.
3630 3105 3818 3156 Anto-

415 3191 583 3248 libris
619 3208 767 3263 quos
799 3208 957 3246 nunc
1002 3189 1308 3260 habemus,
1343 3208 1478 3247 cum
1516 3192 1715 3264 plures
1745 3193 2053 3266 perierint,
2097 3221 2141 3288 ο
2170 3187 2313 3288 nino
2331 3187 2534 3288 datum
2561 3187 2750 3288 multa
2771 3189 3181 3288 scripseratde
3201 3189 3603 3288 prophetisde
3620 3191 3834 3288 _Eccle-

415 3298 534 3336 non
567 3287 1108 3336 commemorentur
1128 3280 1779 3348 ‘IBarnabas,C|ementi
1808 3283 2056 3340 Alexan-

413 3369 586 3427 drino
604 3387 758 3441 saepe
781 3370 994 3425 citatus
1010 3374 1067 3424 et
1087 3371 1652 3442 exscriptuslrenaei
1677 3373 2053 3445 Synchrono:

413 3459 694 3525 Quadrati
727 3464 786 3513 et
813 3457 1087 3514 Aristidis
1135 3459 1420 3533 apologi-a
1478 3461 1827 3531 notissima,
1863 3464 2054 3520 omni-

412 3548 644 3620 busque
703 3547 1091 3616 charissima),
1151 3548 1312 3620 quod
1363 3549 1622 3607 Adriano
1711 3552 2056 3625 imperatori

416 3638 628 3694 oblatae
660 3639 1132 3711 persecutionem
1155 3641 1560 3698 restinxerint.
1579 3643 1835 3716 Agrippa
1855 3644 2060 3700 Castor

413 3729 669 3786 Eusebio
718 3727 1144 3805 γνωριμώτατος
1197 3733 1554 3810 συγγραφεύς,
1586 3735 1942 3807 Hieronymo
1972 3738 2060 3792 vir

412 3819 570 3875 valde
597 3821 802 3876 doctus.
839 3821 1156 3878 Melitionis
1215 3823 1434 3894 elegans
1492 3831 1544 3880 et
1602 3825 2058 3882 declamatorium

413 3909 697 3979 ingenium
727 3909 988 3966 laudavit
1015 3911 1416 3969 Tertullianus
1444 3930 1456 3967 :
1500 3913 1814 3986 Dionysius
1843 3932 2060 3985 magnae

413 3997 737 4069 eloquentia
783 4002 916 4068 fuit.
951 3999 1315 4072 Hegesippus
1369 4003 1583 4058 vicinus
1638 4005 2062 4074 apostolicorum

413 4095 736 4159 temporum,
773 4095 918 4145 teste
967 4089 1343 4161 Hieronymo.
1379 4091 1704 4164 Scriptores
1732 4093 1910 4165 igitur
1941 4099 2061 4149 tam

415 4179 734 4252 praeclaros
749 4179 1018 4250 ignorare
1033 4195 1152 4234 non
1178 4180 1370 4250 potuit
1394 4185 1407 4232 l
1419 4196 1860 4252 reuaaus;quare
1882 4181 2064 4240 iidem

418 4285 530 4324 nec
561 4267 852 4323 nominati
888 4284 1000 4323 nec
1021 4269 1202 4340 ignoti
1236 4268 1420 4339 fuere,
1460 4275 1518 4325 et
1545 4287 1856 4344 perperam
1887 4271 2064 4344 plane

419 4357 695 4420 infertur,
724 4357 985 4428 aliquem
1013 4358 1196 4414 fuisse
1225 4360 1447 4416 Irenaeo
1490 4362 1728 4432 penitus
1774 4361 2062 4434 ignotum,

419 4447 580 4518 quod
610 4447 682 4502 ab
714 4463 784 4502 eo
813 4447 873 4501 in
906 4446 999 4502 his
1027 4463 1174 4519 quos
1229 4447 1514 4504 habemus
1565 4451 1694 4521 ejus
1741 4451 1910 4506 libris
1945 4469 2062 4508 non

416 4535 597 4592 fuerit
624 4535 992 4591 nominatus.

2173 3277 2280 3339 sia.
2313 3276 2384 3332 de
2418 3277 2555 3346 (ide,
2589 3276 2660 3332 de
2693 3279 3076 3349 generatione
3106 3280 3242 3335 Jesu
3275 3279 3588 3344 Christi,de
3620 3281 3828 3335 lucar-

2163 3367 2406 3422 natione
2428 3367 2526 3422 Dei
2549 3367 2983 3441 ;Athenagoras
3002 3369 3201 3436 etiam,
3211 3376 3427 3442 praeter
3441 3369 3825 3442 Apologiam,

2160 3455 2231 3512 de
2259 3457 2714 3512 Hesurrectione
2771 3458 3108 3531 scripserat,
3133 3475 3266 3530 quae
3298 3459 3501 3514 omnia
3529 3457 3603 3514 ad
3635 3475 3824 3532 argu-

2162 3551 2433 3602 mentum
2466 3547 2677 3602 lreuaai
2724 3548 3124 3620 pertinebant.
3186 3548 3474 3619 Denique,
3507 3553 3572 3602 ut
3628 3548 3822 3606 refert

2163 3635 2449 3692 Eusebius
2473 3637 2611 3691 Hist.
2643 3638 2851 3693 rccles..
2887 3637 2926 3694 l.
2965 3656 3034 3692 ιν.
3069 3655 3120 3693 c.
3144 3640 3204 3692 2t
3239 3655 3252 3693 :
3322 3639 3512 3693 Iisdem
3545 3641 3823 3708 tempori-

2167 3726 2262 3781 bus
2287 3727 2348 3780 in
2377 3725 2616 3781 Ecclesia
2642 3729 2834 3796 ﬂoruit
2862 3729 3223 3799 Hegesippus,
3252 3735 3302 3783 et
3357 3728 3655 3799 Dionysius
3705 3727 3824 3783 Co-

2160 3815 2502 3870 rinthiorum
2560 3815 2864 3888 episcopus,
2923 3817 3154 3888 Pinytus
3209 3833 3424 3889 quoque
3472 3819 3826 3876 Cretensium

2165 3901 2801 3976 episcopus,'Philippus
2851 3913 3124 3976 preter-ea
3172 3915 3224 3963 et
3249 3907 3675 3978 Apollinaris,ac
3704 3911 3826 3966 Me-

2167 3997 2286 4064 lita,
2317 3998 2578 4052 Musanus
2602 3997 2767 4051 etiam
2814 4002 2864 4052 et
2925 3997 3218 4065 Modestus,
3279 3997 3365 4050 xui
3400 3995 3490 4052 ἐπὶ
3522 4001 3682 4050 πᾶσιν
3712 3998 3829 4053 Εἶ-

2168 4088 2389 4159 ρηναῖος
2421 4093 2472 4141 et
2490 4093 2788 4156 postremo,
2849 4103 2952 4142 seu
3005 4096 3130 4158 post
3170 4088 3264 4143 hos
3314 4105 3493 4143 onmes
3549 4091 3823 4146 lrrnaeus.

2166 4174 2484 4238 At,eodem
2505 4175 2995 4248 teste,Philippus
3029 4176 3568 4232 luculentissimum
3593 4176 3828 4234 librum

2166 4269 2374 4320 contra
2405 4265 2761 4321 Marcionem
2775 4267 3435 4338 composuit.Modestus
3455 4283 3572 4338 prae
3588 4267 3835 4324 caeteris

2170 4370 2402 4410 errores
2432 4355 2562 4425 ejus
2594 4355 2870 4410 omnibus
2898 4356 3254 4428 spectandos
3287 4357 3830 4422 exibuit;Musanus

2173 4442 2391 4498 librum
2421 4439 2984 4516 ἐπιστρεπτικὼτατον
3020 4445 3302 4502 adversus
3327 4447 3658 4502 Encratitas
3692 4453 3830 4502 tum

2093 4584 2137 4648 Β
2171 4534 2432 4606 primum
2464 4539 2702 4590 exortos
2735 4534 2974 4606 scripsit
2999 4552 3011 4602 ;
3038 4552 3232 4608 neque
3259 4541 3460 4592 tamen
3487 4537 3700 4591 horum
3725 4553 3834 4592 cu-

2170 4622 2420 4648 ζ..-..ἒ......
2458 4624 3008 4648 ἰ-Αημηρ-.-μ2-2ι
3064 4625 3130 4648 Il:
3161 4641 3285 4648 ---μ
3323 4625 3541 4648 1........-
3577 4641 3690 4648 ..--
3723 4643 3796 4648 __

486 4625 656 4681 Dices
678 4624 929 4681 fortasse
961 4627 1286 4683 sententias
1325 4629 1662 4702 Ignatianas
1720 4629 1795 4687 ad
1850 4631 2058 4686 lrenzoi
2095 4622 2136 4648 υ
2161 4622 2426 4695 juspiam
2455 4624 2717 4680 Irenwus
2737 4624 3028 4680 meminit-
3064 4625 3132 4680 Hi
3155 4641 3290 4680 cum
3323 4625 3544 4680 Irenaeo
3577 4641 3696 4680 non
3723 4643 3835 4697 p0-

420 4720 837 4786 argumentum
863 4731 990 4771 esse
1021 4716 1289 4788 idoneas,
1310 4717 1546 4774 illorum
1577 4736 1696 4775 non
1727 4720 1868 4775 item
1893 4738 1904 4775 :
1931 4737 2063 4776 cau-

421 4819 547 4860 sam
607 4803 883 4860 habuisse
934 4821 1071 4862 eum
1129 4808 1422 4880 lgnatium
1460 4809 1810 4866 nominandi
1833 4809 2059 4881 justam

421 4899 598 4966 atque
630 4896 1048 4966 necessariam,
1109 4897 1240 4954 illos
1297 4905 1496 4956 autem
1555 4900 2063 4957 commemorandi

421 4984 666 5041 nullam.
704 4986 824 5041 lmo
855 5003 990 5042 vero
1018 5004 1129 5044 nec
1159 4988 1296 5044 huic
1329 4989 1543 5062 etl‘ugio
1574 4989 1670 5045 hic
1700 4989 1930 5047 locutus
1953 4996 2062 5046 est.

423 5075 571 5131 Sunt
599 5075 660 5130 in
694 5076 942 5148 epistola
973 5077 1253 5134 Barnabm
1284 5079 1415 5134 loca
1445 5079 1887 5152 quamplurima
1934 5097 2065 5152 quas

420 5163 964 5232 hmreticos,contra
996 5184 1144 5238 quos
1166 5168 1406 5238 scripsit
1435 5168 1713 5238 lrenmus,
1737 5176 1936 5243 aperte
1969 5187 2064 5226 re-

418 5253 1028 5313 fellunt.Multahabet
1050 5275 1182 5329 qua:
1206 5259 1441 5313 Patrem
1465 5258 1680 5315 Christi
1704 5262 1912 5318 mundi
1930 5280 2066 5321 con-

423 5341 675 5400 ditorem
709 5348 1082 5402 constituunt
1110 5363 1124 5415 ;
1155 5346 1227 5403 de
1259 5363 1376 5418 qua
1414 5364 1478 5403 re
1503 5352 1624 5406 tam
1684 5351 1912 5423 prolixe
1943 5353 2066 5425 agit

423 5433 771 5495 Irenaeus.et
798 5453 905 5508 pro
932 5452 1049 5508 qua
1078 5435 1205 5492 sola
1225 5437 1549 5494 Clementis
1598 5439 1911 5512 epistolam
1929 5445 2066 5500 cita-

426 5521 543 5576 vit:
579 5523 651 5578 de
686 5525 896 5596 Moysis
927 5529 985 5578 et
1024 5525 1446 5596 prophetarum
1507 5529 1744 5601 scriptis
1789 5531 2070 5603 plurima,

425 5626 556 5682 quae
572 5612 706 5668 huic
721 5613 1029 5669 sententiae
1045 5619 1319 5686 tanquam
1335 5615 1700 5675 fundamento
1713 5619 2072 5678 innituntur:

429 5701 709 5774 Propheta
739 5704 807 5757 ab
836 5704 954 5773 ipso
973 5703 1231 5762 habentes
1261 5706 1464 5764 donum
1484 5709 1542 5763 in
1591 5708 1750 5768 illum
1770 5710 2074 5784 prophetao

2174 4713 2399 4768 tuerint
2423 4729 2550 4768 esse
2581 4712 2890 4786 incogniti,
2925 4719 2983 4768 et
3013 4714 3200 4770 multa
3229 4715 3290 4770 in
3323 4714 3492 4770 libris
3523 4715 3644 4770 suis
3677 4721 3832 4773 tunc

2173 4801 2350 4858 editis
2377 4799 2854 4874 habuerint,qum
2886 4803 2960 4858 ad
2990 4809 3408 4877 argumentum
3441 4805 3570 4876 ejus
3599 4805 3840 4861 fuerint

2174 4892 2410 4959 idonea,
2441 4909 2563 4948 non
2595 4897 2794 4949 tamen
2826 4899 2999 4950 erant
3026 4895 3098 4952 ab
3133 4911 3200 4950 eo
3232 4894 3699 4950 nominati.Male
3719 4896 3842 4967 igi-

2176 4987 2270 5038 tur
2300 4999 2335 5039 a
2362 4981 2583 5038 Dallaeo
2615 4986 2732 5038 tam
2759 4985 3157 5056 peremptorie
3187 4985 3494 5050 asseritur,
3519 4991 3841 5043 auctorem

2177 5073 2436 5143 aliquem
2469 5071 2648 5127 etiam
2680 5072 3031 5144 prazclarum
3063 5074 3246 5130 fuisse
3305 5075 3528 5129 Irenaeo
3587 5075 3843 5146 penitus

2176 5163 2465 5236 ignotum,
2499 5163 2631 5219 ideo
2662 5169 2912 5234 tantum,
2943 5164 3083 5236 quia
3125 5172 3460 5238 opportuna
3517 5165 3844 5224 occasione

2178 5253 2373 5310 ablata
2397 5269 2530 5310 eum
2560 5254 2810 5310 minime
2831 5255 3180 5312 nominavit.

2249 5355 2473 5410 Rursus
2504 5354 2770 5422 Hermas,
2829 5354 3122 5419 Clemens,
3150 5354 3532 5428 Polycarpus,
3589 5357 3840 5427 Papias,

2179 5443 2545 5512 Justinus,ex
2575 5443 2774 5500 multis
2803 5444 2902 5516 qui
2933 5450 3072 5500 ante
3098 5445 3294 5517 ipsum
3327 5447 3838 5518 scripsere.panci

2181 5533 2422 5588 fuerunt
2440 5531 2514 5588 ab
2544 5534 2766 5590 Irenaeo
2797 5533 3038 5604 quidem
3061 5535 3348 5590 nominati
3375 5553 3388 5602 ;
3417 5535 3522 5590 sed
3543 5551 3620 5590 an
3643 5538 3848 5596 multa

2182 5639 2253 5678 ex
2280 5621 2404 5679 illis
2432 5621 2563 5679 loca
2593 5623 2668 5680 ad
2696 5632 3109 5697 argumentum
3131 5641 3305 5681 suum
3337 5625 3844 5698 luculenta,quod

2184 5711 2256 5770 de
2286 5712 2510 5788 Ignatio
2538 5713 2801 5788 postulat
2819 5714 2906 5772 vir
2933 5714 3664 5791 doctissimus,excerpsit,
3689 5717 3842 5780 etin
