  <div class='ocr_page' id='page_1' title='image "/cluster/home/n/w/nwhite01/storage/ocr_20150623/5/pst.000005711819/088.png"; bbox 0 0 3972 6306; ppageno 0'>
   <div class='ocr_carea' id='block_1_1' title="bbox 184 387 2810 453">
    <p class='ocr_par' dir='ltr' id='par_1_1' title="bbox 184 387 2810 453">
     <span class='ocr_line' id='line_1_1' title="bbox 184 387 2810 453; baseline -0.001 -1"><span class='ocrx_word' id='word_1_1' title='bbox 184 391 272 452; x_wconf 76' lang='grc'>161</span> <span class='ocrx_word' id='word_1_2' title='bbox 872 393 927 453; x_wconf 82' lang='lat' dir='ltr'>J.</span> <span class='ocrx_word' id='word_1_3' title='bbox 976 390 1391 453; x_wconf 77' lang='lat' dir='ltr'>PEARSONII</span> <span class='ocrx_word' id='word_1_4' title='bbox 1436 387 1815 453; x_wconf 64' lang='lat' dir='ltr'>VINDICIzE</span> <span class='ocrx_word' id='word_1_5' title='bbox 1861 388 2336 449; x_wconf 58' lang='lat' dir='ltr'>lGNtTIAN/E.</span> <span class='ocrx_word' id='word_1_6' title='bbox 2400 423 2460 434; x_wconf 73' lang='grc' dir='ltr'>--ο</span> <span class='ocrx_word' id='word_1_7' title='bbox 2511 392 2710 452; x_wconf 74' lang='lat' dir='ltr'>PARS</span> <span class='ocrx_word' id='word_1_8' title='bbox 2760 394 2810 452; x_wconf 92' lang='grc' dir='ltr'><strong>Ι.</strong></span> 
     </span>
    </p>
   </div>
   <div class='ocr_carea' id='block_1_2' title="bbox 3443 398 3560 460">
    <p class='ocr_par' dir='ltr' id='par_1_2' title="bbox 3443 398 3560 460">
     <span class='ocr_line' id='line_1_2' title="bbox 3443 398 3560 460; baseline 0.009 -1"><span class='ocrx_word' id='word_1_9' title='bbox 3443 398 3560 460; x_wconf 74' lang='grc'>162</span> 
     </span>
    </p>
   </div>
   <div class='ocr_carea' id='block_1_3' title="bbox 184 521 3580 598">
    <p class='ocr_par' dir='ltr' id='par_1_3' title="bbox 184 521 3580 598">
     <span class='ocr_line' id='line_1_3' title="bbox 184 521 3580 598; baseline 0.003 -19"><span class='ocrx_word' id='word_1_10' title='bbox 184 524 342 579; x_wconf 88' lang='lat' dir='ltr'>libros</span> <span class='ocrx_word' id='word_1_11' title='bbox 372 539 504 579; x_wconf 89' lang='lat' dir='ltr'>suos</span> <span class='ocrx_word' id='word_1_12' title='bbox 518 524 821 598; x_wconf 80' lang='lat' dir='ltr'>congessit</span> <span class='ocrx_word' id='word_1_13' title='bbox 841 523 1482 582; x_wconf 84' lang='lat' dir='ltr'>?minime.Clementis</span> <span class='ocrx_word' id='word_1_14' title='bbox 1504 523 1809 597; x_wconf 78' lang='lat' dir='ltr'>epistolam</span> <span class='ocrx_word' id='word_1_15' title='bbox 1839 522 1890 589; x_wconf 80' lang='grc' dir='ltr'>Α</span> <span class='ocrx_word' id='word_1_16' title='bbox 1925 521 2133 578; x_wconf 88' lang='lat' dir='ltr'>eadem</span> <span class='ocrx_word' id='word_1_17' title='bbox 2166 527 2323 579; x_wconf 89' lang='lat' dir='ltr'>esset</span> <span class='ocrx_word' id='word_1_18' title='bbox 2349 539 2484 579; x_wconf 89' lang='lat' dir='ltr'>cum</span> <span class='ocrx_word' id='word_1_19' title='bbox 2505 522 2631 596; x_wconf 89' lang='lat' dir='ltr'>ipso</span> <span class='ocrx_word' id='word_1_20' title='bbox 2650 524 3374 593; x_wconf 84' lang='lat' dir='ltr'>sententia,controversia</span> <span class='ocrx_word' id='word_1_21' title='bbox 3387 536 3580 589; x_wconf 85' lang='lat' dir='ltr'>autem</span> 
     </span>
    </p>
   </div>
   <div class='ocr_carea' id='block_1_4' title="bbox 185 615 1812 672">
    <p class='ocr_par' dir='ltr' id='par_1_4' title="bbox 185 615 1812 672">
     <span class='ocr_line' id='line_1_4' title="bbox 185 615 1812 672; baseline -0.001 -3"><span class='ocrx_word' id='word_1_22' title='bbox 185 615 462 669; x_wconf 86' lang='lat' dir='ltr'>continere</span> <span class='ocrx_word' id='word_1_23' title='bbox 502 615 588 669; x_wconf 89' lang='lat' dir='ltr'>ait</span> <span class='ocrx_word' id='word_1_24' title='bbox 609 617 973 671; x_wconf 77' lang='lat' dir='ltr'>traditionem</span> <span class='ocrx_word' id='word_1_25' title='bbox 994 620 1424 672; x_wconf 79' lang='lat' dir='ltr'>anuuntiantem</span> <span class='ocrx_word' id='word_1_26' title='bbox 1446 631 1618 669; x_wconf 87' lang='lat' dir='ltr'>unum</span> <span class='ocrx_word' id='word_1_27' title='bbox 1640 615 1812 668; x_wconf 84' lang='lat' dir='ltr'>Deum</span> 
     </span>
    </p>
   </div>
   <div class='ocr_carea' id='block_1_5' title="bbox 187 703 1811 777">
    <p class='ocr_par' dir='ltr' id='par_1_5' title="bbox 187 703 1811 777">
     <span class='ocr_line' id='line_1_5' title="bbox 187 703 1811 777; baseline 0.001 -21"><span class='ocrx_word' id='word_1_28' title='bbox 187 705 576 772; x_wconf 76' lang='lat' dir='ltr'>onmipotmtem</span> <span class='ocrx_word' id='word_1_29' title='bbox 604 706 878 772; x_wconf 64' lang='lat' dir='ltr'>factorem</span> <span class='ocrx_word' id='word_1_30' title='bbox 908 706 1029 761; x_wconf 62' lang='lat' dir='ltr'>casti</span> <span class='ocrx_word' id='word_1_31' title='bbox 1052 714 1103 759; x_wconf 84' lang='lat' dir='ltr'>et</span> <span class='ocrx_word' id='word_1_32' title='bbox 1137 713 1300 762; x_wconf 74' lang='lat' dir='ltr'>terrm</span> <span class='ocrx_word' id='word_1_33' title='bbox 1324 705 1542 777; x_wconf 89' lang='lat' dir='ltr'>(neque</span> <span class='ocrx_word' id='word_1_34' title='bbox 1571 703 1811 769; x_wconf 84' lang='lat' dir='ltr'>mirum,</span> 
     </span>
    </p>
   </div>
   <div class='ocr_carea' id='block_1_6' title="bbox 186 791 1810 866">
    <p class='ocr_par' dir='ltr' id='par_1_6' title="bbox 186 791 1810 866">
     <span class='ocr_line' id='line_1_6' title="bbox 186 791 1810 866; baseline 0 -21"><span class='ocrx_word' id='word_1_35' title='bbox 186 792 331 863; x_wconf 72' lang='lat' dir='ltr'>cujus</span> <span class='ocrx_word' id='word_1_36' title='bbox 361 794 516 848; x_wconf 89' lang='lat' dir='ltr'>enim</span> <span class='ocrx_word' id='word_1_37' title='bbox 531 794 810 848; x_wconf 76' lang='lat' dir='ltr'>catholici</span> <span class='ocrx_word' id='word_1_38' title='bbox 836 794 1150 865; x_wconf 73' lang='lat' dir='ltr'>scriptoris</span> <span class='ocrx_word' id='word_1_39' title='bbox 1181 812 1329 866; x_wconf 90' lang='lat' dir='ltr'>opus</span> <span class='ocrx_word' id='word_1_40' title='bbox 1344 795 1452 849; x_wconf 85' lang='lat' dir='ltr'>hoc</span> <span class='ocrx_word' id='word_1_41' title='bbox 1474 810 1594 848; x_wconf 89' lang='lat' dir='ltr'>non</span> <span class='ocrx_word' id='word_1_42' title='bbox 1619 791 1810 847; x_wconf 82' lang='lat' dir='ltr'>conti-</span> 
     </span>
    </p>
   </div>
   <div class='ocr_carea' id='block_1_7' title="bbox 185 881 1816 955">
    <p class='ocr_par' dir='ltr' id='par_1_7' title="bbox 185 881 1816 955">
     <span class='ocr_line' id='line_1_7' title="bbox 185 881 1816 955; baseline 0 -21"><span class='ocrx_word' id='word_1_43' title='bbox 185 888 267 934; x_wconf 76' lang='lat' dir='ltr'>net</span> <span class='ocrx_word' id='word_1_44' title='bbox 288 881 326 950; x_wconf 67' lang='lat'>1’)</span> <span class='ocrx_word' id='word_1_45' title='bbox 349 883 482 947; x_wconf 87' lang='lat' dir='ltr'>;sed</span> <span class='ocrx_word' id='word_1_46' title='bbox 513 898 589 936; x_wconf 88' lang='lat' dir='ltr'>ne</span> <span class='ocrx_word' id='word_1_47' title='bbox 622 900 805 938; x_wconf 87' lang='lat' dir='ltr'>unam</span> <span class='ocrx_word' id='word_1_48' title='bbox 830 883 1070 953; x_wconf 89' lang='lat' dir='ltr'>quidem</span> <span class='ocrx_word' id='word_1_49' title='bbox 1105 901 1175 937; x_wconf 83' lang='lat' dir='ltr'>ex</span> <span class='ocrx_word' id='word_1_50' title='bbox 1202 900 1272 939; x_wconf 92' lang='lat' dir='ltr'>ea</span> <span class='ocrx_word' id='word_1_51' title='bbox 1304 883 1559 955; x_wconf 89' lang='lat' dir='ltr'>epistola</span> <span class='ocrx_word' id='word_1_52' title='bbox 1580 888 1816 937; x_wconf 84' lang='lat' dir='ltr'>senten-</span> 
     </span>
    </p>
   </div>
   <div class='ocr_carea' id='block_1_8' title="bbox 186 970 1812 1044">
    <p class='ocr_par' dir='ltr' id='par_1_8' title="bbox 186 970 1812 1044">
     <span class='ocr_line' id='line_1_8' title="bbox 186 970 1812 1044; baseline 0.002 -22"><span class='ocrx_word' id='word_1_53' title='bbox 186 973 304 1025; x_wconf 85' lang='lat' dir='ltr'>tiam</span> <span class='ocrx_word' id='word_1_54' title='bbox 327 988 391 1027; x_wconf 88' lang='lat' dir='ltr'>co</span> <span class='ocrx_word' id='word_1_55' title='bbox 412 973 521 1028; x_wconf 86' lang='lat' dir='ltr'>loci</span> <span class='ocrx_word' id='word_1_56' title='bbox 549 975 745 1037; x_wconf 78' lang='lat' dir='ltr'>affert,</span> <span class='ocrx_word' id='word_1_57' title='bbox 779 980 882 1030; x_wconf 89' lang='lat' dir='ltr'>aut</span> <span class='ocrx_word' id='word_1_58' title='bbox 903 975 1047 1031; x_wconf 81' lang='lat' dir='ltr'>alibi</span> <span class='ocrx_word' id='word_1_59' title='bbox 1079 974 1169 1029; x_wconf 85' lang='lat' dir='ltr'>vel</span> <span class='ocrx_word' id='word_1_60' title='bbox 1197 991 1379 1029; x_wconf 87' lang='lat' dir='ltr'>unum</span> <span class='ocrx_word' id='word_1_61' title='bbox 1418 975 1491 1044; x_wconf 80' lang='grc' dir='ltr'><strong>μῦ</strong></span> <span class='ocrx_word' id='word_1_62' title='bbox 1515 970 1812 1044; x_wconf 82' lang='lat' dir='ltr'>exprimit.</span> 
     </span>
    </p>
   </div>
   <div class='ocr_carea' id='block_1_9' title="bbox 183 1057 1817 1133">
    <p class='ocr_par' dir='ltr' id='par_1_9' title="bbox 183 1057 1817 1133">
     <span class='ocr_line' id='line_1_9' title="bbox 183 1057 1817 1133; baseline 0 -21"><span class='ocrx_word' id='word_1_63' title='bbox 183 1057 548 1132; x_wconf 70' lang='lat' dir='ltr'>Polycai-pum</span> <span class='ocrx_word' id='word_1_64' title='bbox 576 1062 757 1117; x_wconf 87' lang='lat' dir='ltr'>etiam</span> <span class='ocrx_word' id='word_1_65' title='bbox 781 1063 1000 1118; x_wconf 86' lang='lat' dir='ltr'>ibidem</span> <span class='ocrx_word' id='word_1_66' title='bbox 1028 1062 1319 1129; x_wconf 84' lang='lat' dir='ltr'>laudat,et</span> <span class='ocrx_word' id='word_1_67' title='bbox 1348 1061 1664 1133; x_wconf 88' lang='lat' dir='ltr'>epistolam</span> <span class='ocrx_word' id='word_1_68' title='bbox 1687 1057 1817 1129; x_wconf 86' lang='lat' dir='ltr'>ejus</span> 
     </span>
    </p>
   </div>
   <div class='ocr_carea' id='block_1_10' title="bbox 185 1148 1816 1223">
    <p class='ocr_par' dir='ltr' id='par_1_10' title="bbox 185 1148 1816 1223">
     <span class='ocr_line' id='line_1_10' title="bbox 185 1148 1816 1223; baseline -0.002 -18"><span class='ocrx_word' id='word_1_69' title='bbox 185 1152 247 1205; x_wconf 85' lang='lat' dir='ltr'>ad</span> <span class='ocrx_word' id='word_1_70' title='bbox 277 1152 681 1223; x_wconf 75' lang='lat' dir='ltr'>Pliilippenses</span> <span class='ocrx_word' id='word_1_71' title='bbox 717 1159 1010 1208; x_wconf 83' lang='lat' dir='ltr'>memorat</span> <span class='ocrx_word' id='word_1_72' title='bbox 1042 1169 1056 1219; x_wconf 85' lang='lat'><strong>;</strong></span> <span class='ocrx_word' id='word_1_73' title='bbox 1090 1151 1194 1207; x_wconf 89' lang='lat' dir='ltr'>sed</span> <span class='ocrx_word' id='word_1_74' title='bbox 1228 1169 1302 1207; x_wconf 90' lang='lat' dir='ltr'>ne</span> <span class='ocrx_word' id='word_1_75' title='bbox 1360 1166 1541 1207; x_wconf 89' lang='lat' dir='ltr'>unam</span> <span class='ocrx_word' id='word_1_76' title='bbox 1573 1148 1816 1220; x_wconf 84' lang='lat' dir='ltr'>quidem</span> 
     </span>
    </p>
   </div>
   <div class='ocr_carea' id='block_1_11' title="bbox 191 1238 1819 1312">
    <p class='ocr_par' dir='ltr' id='par_1_11' title="bbox 191 1238 1819 1312">
     <span class='ocr_line' id='line_1_11' title="bbox 191 1238 1819 1312; baseline -0.002 -17"><span class='ocrx_word' id='word_1_77' title='bbox 191 1241 444 1311; x_wconf 69' lang='lat' dir='ltr'>syllabam</span> <span class='ocrx_word' id='word_1_78' title='bbox 482 1257 554 1295; x_wconf 75' lang='lat' dir='ltr'>ex</span> <span class='ocrx_word' id='word_1_79' title='bbox 574 1244 703 1311; x_wconf 70' lang='lat' dir='ltr'>eius</span> <span class='ocrx_word' id='word_1_80' title='bbox 736 1241 1089 1312; x_wconf 81' lang='lat' dir='ltr'>scriptis.vel</span> <span class='ocrx_word' id='word_1_81' title='bbox 1122 1241 1193 1296; x_wconf 90' lang='lat' dir='ltr'>ad</span> <span class='ocrx_word' id='word_1_82' title='bbox 1226 1238 1618 1297; x_wconf 87' lang='lat' dir='ltr'>confutandos</span> <span class='ocrx_word' id='word_1_83' title='bbox 1637 1238 1819 1293; x_wconf 65' lang='lat' dir='ltr'>ha‘re-</span> 
     </span>
    </p>
   </div>
   <div class='ocr_carea' id='block_1_12' title="bbox 195 1329 1817 1403">
    <p class='ocr_par' dir='ltr' id='par_1_12' title="bbox 195 1329 1817 1403">
     <span class='ocr_line' id='line_1_12' title="bbox 195 1329 1817 1403; baseline 0 -20"><span class='ocrx_word' id='word_1_84' title='bbox 195 1329 427 1391; x_wconf 76' lang='lat' dir='ltr'>ticos.\&#39;el</span> <span class='ocrx_word' id='word_1_85' title='bbox 458 1331 521 1385; x_wconf 89' lang='lat' dir='ltr'>in</span> <span class='ocrx_word' id='word_1_86' title='bbox 550 1330 734 1385; x_wconf 88' lang='lat' dir='ltr'>alium</span> <span class='ocrx_word' id='word_1_87' title='bbox 772 1332 949 1385; x_wconf 78' lang='lat' dir='ltr'>tinem</span> <span class='ocrx_word' id='word_1_88' title='bbox 968 1330 1479 1403; x_wconf 88' lang='lat' dir='ltr'>adducit.Papiam</span> <span class='ocrx_word' id='word_1_89' title='bbox 1510 1329 1688 1384; x_wconf 89' lang='lat' dir='ltr'>etiam</span> <span class='ocrx_word' id='word_1_90' title='bbox 1712 1344 1817 1383; x_wconf 89' lang='lat' dir='ltr'>no-</span> 
     </span>
    </p>
   </div>
   <div class='ocr_carea' id='block_1_13' title="bbox 191 1421 1817 1485">
    <p class='ocr_par' dir='ltr' id='par_1_13' title="bbox 191 1421 1817 1485">
     <span class='ocr_line' id='line_1_13' title="bbox 191 1421 1817 1485; baseline -0.002 -9"><span class='ocrx_word' id='word_1_91' title='bbox 191 1423 372 1485; x_wconf 86' lang='lat' dir='ltr'>minat,</span> <span class='ocrx_word' id='word_1_92' title='bbox 404 1429 464 1477; x_wconf 92' lang='lat' dir='ltr'>et</span> <span class='ocrx_word' id='word_1_93' title='bbox 494 1423 1010 1478; x_wconf 87' lang='lat' dir='ltr'>narratiunculam</span> <span class='ocrx_word' id='word_1_94' title='bbox 1050 1439 1119 1477; x_wconf 83' lang='lat' dir='ltr'>ex</span> <span class='ocrx_word' id='word_1_95' title='bbox 1151 1440 1219 1477; x_wconf 90' lang='lat' dir='ltr'>eo</span> <span class='ocrx_word' id='word_1_96' title='bbox 1252 1421 1513 1479; x_wconf 82' lang='lat' dir='ltr'>adducit.</span> <span class='ocrx_word' id='word_1_97' title='bbox 1548 1437 1668 1475; x_wconf 90' lang='lat' dir='ltr'>non</span> <span class='ocrx_word' id='word_1_98' title='bbox 1699 1424 1817 1474; x_wconf 89' lang='lat' dir='ltr'>tam</span> 
     </span>
    </p>
   </div>
   <div class='ocr_carea' id='block_1_14' title="bbox 188 1510 1823 1581">
    <p class='ocr_par' dir='ltr' id='par_1_14' title="bbox 188 1510 1823 1581">
     <span class='ocr_line' id='line_1_14' title="bbox 188 1510 1823 1581; baseline -0.001 -17"><span class='ocrx_word' id='word_1_99' title='bbox 188 1517 366 1565; x_wconf 85' lang='lat' dir='ltr'>contra</span> <span class='ocrx_word' id='word_1_100' title='bbox 396 1510 709 1568; x_wconf 81' lang='lat' dir='ltr'>haereticos</span> <span class='ocrx_word' id='word_1_101' title='bbox 726 1529 904 1579; x_wconf 88' lang='lat' dir='ltr'>quam</span> <span class='ocrx_word' id='word_1_102' title='bbox 928 1512 998 1567; x_wconf 92' lang='lat' dir='ltr'>ad</span> <span class='ocrx_word' id='word_1_103' title='bbox 1013 1511 1432 1567; x_wconf 88' lang='lat' dir='ltr'>Chiliastarum</span> <span class='ocrx_word' id='word_1_104' title='bbox 1457 1510 1670 1581; x_wconf 87' lang='lat' dir='ltr'>dogma</span> <span class='ocrx_word' id='word_1_105' title='bbox 1684 1523 1823 1563; x_wconf 88' lang='lat' dir='ltr'>con-</span> 
     </span>
    </p>
   </div>
   <div class='ocr_carea' id='block_1_15' title="bbox 188 1599 1817 1672">
    <p class='ocr_par' dir='ltr' id='par_1_15' title="bbox 188 1599 1817 1672">
     <span class='ocr_line' id='line_1_15' title="bbox 188 1599 1817 1672; baseline -0.001 -20"><span class='ocrx_word' id='word_1_106' title='bbox 188 1599 711 1672; x_wconf 80' lang='lat' dir='ltr'>ﬁrmandum,quod</span> <span class='ocrx_word' id='word_1_107' title='bbox 742 1601 829 1655; x_wconf 90' lang='lat' dir='ltr'>illi</span> <span class='ocrx_word' id='word_1_108' title='bbox 858 1617 1013 1656; x_wconf 89' lang='lat' dir='ltr'>unus</span> <span class='ocrx_word' id='word_1_109' title='bbox 1031 1600 1240 1672; x_wconf 80' lang='lat' dir='ltr'>Papias</span> <span class='ocrx_word' id='word_1_110' title='bbox 1263 1601 1817 1671; x_wconf 87' lang='lat' dir='ltr'>persuaserat,teste</span> 
     </span>
    </p>
   </div>
   <div class='ocr_carea' id='block_1_16' title="bbox 189 1688 1822 1761">
    <p class='ocr_par' dir='ltr' id='par_1_16' title="bbox 189 1688 1822 1761">
     <span class='ocr_line' id='line_1_16' title="bbox 189 1688 1822 1761; baseline -0.001 -18"><span class='ocrx_word' id='word_1_111' title='bbox 189 1690 414 1745; x_wconf 86' lang='lat' dir='ltr'>Eusebio</span> <span class='ocrx_word' id='word_1_112' title='bbox 442 1689 544 1745; x_wconf 88' lang='lat' dir='ltr'>lib.</span> <span class='ocrx_word' id='word_1_113' title='bbox 581 1707 669 1757; x_wconf 80' lang='lat' dir='ltr'>in,</span> <span class='ocrx_word' id='word_1_114' title='bbox 721 1691 795 1746; x_wconf 90' lang='lat' dir='ltr'>ad</span> <span class='ocrx_word' id='word_1_115' title='bbox 828 1690 1031 1759; x_wconf 82' lang='lat' dir='ltr'>ﬁnem,</span> <span class='ocrx_word' id='word_1_116' title='bbox 1064 1706 1124 1746; x_wconf 85' lang='lat' dir='ltr'>et</span> <span class='ocrx_word' id='word_1_117' title='bbox 1152 1691 1509 1761; x_wconf 83' lang='lat' dir='ltr'>Hieronymo</span> <span class='ocrx_word' id='word_1_118' title='bbox 1540 1690 1601 1744; x_wconf 88' lang='lat' dir='ltr'>in</span> <span class='ocrx_word' id='word_1_119' title='bbox 1651 1688 1822 1742; x_wconf 89' lang='lat' dir='ltr'>Cata-</span> 
     </span>
    </p>
   </div>
   <div class='ocr_carea' id='block_1_17' title="bbox 193 1777 1821 1851">
    <p class='ocr_par' dir='ltr' id='par_1_17' title="bbox 193 1777 1821 1851">
     <span class='ocr_line' id='line_1_17' title="bbox 193 1777 1821 1851; baseline -0.001 -19"><span class='ocrx_word' id='word_1_120' title='bbox 193 1778 321 1851; x_wconf 84' lang='lat' dir='ltr'>logo.</span> <span class='ocrx_word' id='word_1_121' title='bbox 353 1782 429 1835; x_wconf 74' lang='lat' dir='ltr'>Ex</span> <span class='ocrx_word' id='word_1_122' title='bbox 460 1781 643 1836; x_wconf 87' lang='lat' dir='ltr'>unico</span> <span class='ocrx_word' id='word_1_123' title='bbox 674 1781 930 1847; x_wconf 75' lang='lat' dir='ltr'>Iustino,</span> <span class='ocrx_word' id='word_1_124' title='bbox 965 1780 1065 1850; x_wconf 85' lang='lat' dir='ltr'>qui</span> <span class='ocrx_word' id='word_1_125' title='bbox 1120 1797 1229 1835; x_wconf 87' lang='lat' dir='ltr'>sua</span> <span class='ocrx_word' id='word_1_126' title='bbox 1276 1784 1447 1835; x_wconf 79' lang='lat' dir='ltr'>aetate</span> <span class='ocrx_word' id='word_1_127' title='bbox 1478 1779 1639 1845; x_wconf 80' lang='lat' dir='ltr'>vixit,</span> <span class='ocrx_word' id='word_1_128' title='bbox 1673 1777 1821 1832; x_wconf 89' lang='lat' dir='ltr'>duas</span> 
     </span>
    </p>
   </div>
   <div class='ocr_carea' id='block_1_18' title="bbox 1923 612 3575 694">
    <p class='ocr_par' dir='ltr' id='par_1_18' title="bbox 1923 612 3575 694">
     <span class='ocr_line' id='line_1_18' title="bbox 1923 612 3575 694; baseline 0.006 -28"><span class='ocrx_word' id='word_1_129' title='bbox 1923 612 1995 667; x_wconf 91' lang='lat' dir='ltr'>de</span> <span class='ocrx_word' id='word_1_130' title='bbox 2021 613 2215 669; x_wconf 86' lang='lat' dir='ltr'>verbis</span> <span class='ocrx_word' id='word_1_131' title='bbox 2248 620 2504 671; x_wconf 89' lang='lat' dir='ltr'>tantum.</span> <span class='ocrx_word' id='word_1_132' title='bbox 2532 615 2620 670; x_wconf 88' lang='lat' dir='ltr'>Ad</span> <span class='ocrx_word' id='word_1_133' title='bbox 2652 616 2760 671; x_wconf 91' lang='lat' dir='ltr'>hos</span> <span class='ocrx_word' id='word_1_134' title='bbox 2780 618 3173 687; x_wconf 84' lang='lat' dir='ltr'>posteriorem</span> <span class='ocrx_word' id='word_1_135' title='bbox 3195 628 3421 693; x_wconf 64' lang='lat' dir='ltr'>partem</span> <span class='ocrx_word' id='word_1_136' title='bbox 3449 623 3575 694; x_wconf 90' lang='lat' dir='ltr'>epi-</span> 
     </span>
    </p>
   </div>
   <div class='ocr_carea' id='block_1_19' title="bbox 1922 703 3577 782">
    <p class='ocr_par' dir='ltr' id='par_1_19' title="bbox 1922 703 3577 782">
     <span class='ocr_line' id='line_1_19' title="bbox 1922 703 3577 782; baseline 0.005 -24"><span class='ocrx_word' id='word_1_137' title='bbox 1922 703 2088 758; x_wconf 78' lang='lat' dir='ltr'>stolae</span> <span class='ocrx_word' id='word_1_138' title='bbox 2113 703 2373 776; x_wconf 78' lang='lat' dir='ltr'>dirigita</span> <span class='ocrx_word' id='word_1_139' title='bbox 2403 706 2617 777; x_wconf 87' lang='lat' dir='ltr'>pagina</span> <span class='ocrx_word' id='word_1_140' title='bbox 2638 709 2739 761; x_wconf 85' lang='grc'>915</span> <span class='ocrx_word' id='word_1_141' title='bbox 2770 708 3194 778; x_wconf 87' lang='lat' dir='ltr'>incipientem;</span> <span class='ocrx_word' id='word_1_142' title='bbox 3223 728 3398 782; x_wconf 85' lang='lat' dir='ltr'>quam</span> <span class='ocrx_word' id='word_1_143' title='bbox 3417 713 3577 769; x_wconf 90' lang='lat' dir='ltr'>male</span> 
     </span>
    </p>
   </div>
   <div class='ocr_carea' id='block_1_20' title="bbox 1924 791 3575 872">
    <p class='ocr_par' dir='ltr' id='par_1_20' title="bbox 1924 791 3575 872">
     <span class='ocr_line' id='line_1_20' title="bbox 1924 791 3575 872; baseline 0.007 -26"><span class='ocrx_word' id='word_1_144' title='bbox 1924 791 2543 867; x_wconf 88' lang='lat' dir='ltr'>interrumpit,pagina</span> <span class='ocrx_word' id='word_1_145' title='bbox 2568 797 2862 867; x_wconf 78' lang='lat' dir='ltr'>sequenti,</span> <span class='ocrx_word' id='word_1_146' title='bbox 2900 798 3103 854; x_wconf 85' lang='lat' dir='ltr'>Latina</span> <span class='ocrx_word' id='word_1_147' title='bbox 3129 800 3575 872; x_wconf 83' lang='lat' dir='ltr'>interpretatio:</span> 
     </span>
    </p>
   </div>
   <div class='ocr_carea' id='block_1_21' title="bbox 1926 883 3581 959">
    <p class='ocr_par' dir='ltr' id='par_1_21' title="bbox 1926 883 3581 959">
     <span class='ocr_line' id='line_1_21' title="bbox 1926 883 3581 959; baseline 0.01 -27"><span class='ocrx_word' id='word_1_148' title='bbox 1926 884 2075 937; x_wconf 76' lang='lat' dir='ltr'>«Nos</span> <span class='ocrx_word' id='word_1_149' title='bbox 2094 900 2227 938; x_wconf 90' lang='lat' dir='ltr'>vero</span> <span class='ocrx_word' id='word_1_150' title='bbox 2251 883 2466 939; x_wconf 86' lang='lat' dir='ltr'>iterum</span> <span class='ocrx_word' id='word_1_151' title='bbox 2491 886 2845 956; x_wconf 89' lang='lat' dir='ltr'>impetentes</span> <span class='ocrx_word' id='word_1_152' title='bbox 2864 903 2985 953; x_wconf 87' lang='lat' dir='ltr'>eos,</span> <span class='ocrx_word' id='word_1_153' title='bbox 3019 890 3118 959; x_wconf 90' lang='lat' dir='ltr'>qui</span> <span class='ocrx_word' id='word_1_154' title='bbox 3143 891 3397 947; x_wconf 81' lang='lat' dir='ltr'>Verbum</span> <span class='ocrx_word' id='word_1_155' title='bbox 3414 908 3581 948; x_wconf 88' lang='lat' dir='ltr'>crea-</span> 
     </span>
    </p>
   </div>
   <div class='ocr_carea' id='block_1_22' title="bbox 1926 973 3582 1052">
    <p class='ocr_par' dir='ltr' id='par_1_22' title="bbox 1926 973 3582 1052">
     <span class='ocr_line' id='line_1_22' title="bbox 1926 973 3582 1052; baseline 0.007 -26"><span class='ocrx_word' id='word_1_156' title='bbox 1926 977 2116 1027; x_wconf 85' lang='lat' dir='ltr'>turam</span> <span class='ocrx_word' id='word_1_157' title='bbox 2143 990 2272 1028; x_wconf 86' lang='lat' dir='ltr'>esse</span> <span class='ocrx_word' id='word_1_158' title='bbox 2298 973 2639 1030; x_wconf 90' lang='lat' dir='ltr'>dicunt.nec</span> <span class='ocrx_word' id='word_1_159' title='bbox 2670 992 2803 1031; x_wconf 90' lang='lat' dir='ltr'>eum</span> <span class='ocrx_word' id='word_1_160' title='bbox 2824 978 3152 1052; x_wconf 85' lang='lat' dir='ltr'>voluntlegi</span> <span class='ocrx_word' id='word_1_161' title='bbox 3165 980 3371 1036; x_wconf 88' lang='lat' dir='ltr'>timum</span> <span class='ocrx_word' id='word_1_162' title='bbox 3398 989 3454 1036; x_wconf 88' lang='lat' dir='ltr'>et</span> <span class='ocrx_word' id='word_1_163' title='bbox 3482 999 3582 1038; x_wconf 90' lang='lat' dir='ltr'>na-</span> 
     </span>
    </p>
   </div>
   <div class='ocr_carea' id='block_1_23' title="bbox 1928 1062 3579 1127">
    <p class='ocr_par' dir='ltr' id='par_1_23' title="bbox 1928 1062 3579 1127">
     <span class='ocr_line' id='line_1_23' title="bbox 1928 1062 3579 1127; baseline 0.005 -10"><span class='ocrx_word' id='word_1_164' title='bbox 1928 1062 2177 1117; x_wconf 62' lang='lat' dir='ltr'>turalem</span> <span class='ocrx_word' id='word_1_165' title='bbox 2212 1062 2399 1118; x_wconf 85' lang='lat' dir='ltr'>ﬁlium</span> <span class='ocrx_word' id='word_1_166' title='bbox 2433 1081 2582 1127; x_wconf 84' lang='lat' dir='ltr'>esse,</span> <span class='ocrx_word' id='word_1_167' title='bbox 2617 1066 2987 1122; x_wconf 87' lang='lat' dir='ltr'>ostendimus</span> <span class='ocrx_word' id='word_1_168' title='bbox 3048 1085 3148 1123; x_wconf 85' lang='lat' dir='ltr'>eos</span> <span class='ocrx_word' id='word_1_169' title='bbox 3181 1086 3250 1123; x_wconf 86' lang='lat' dir='ltr'>ex</span> <span class='ocrx_word' id='word_1_170' title='bbox 3300 1070 3579 1127; x_wconf 85' lang='lat' dir='ltr'>humanis</span> 
     </span>
    </p>
   </div>
   <div class='ocr_carea' id='block_1_24' title="bbox 1927 1152 3581 1224">
    <p class='ocr_par' dir='ltr' id='par_1_24' title="bbox 1927 1152 3581 1224">
     <span class='ocr_line' id='line_1_24' title="bbox 1927 1152 3581 1224; baseline 0.007 -18"><span class='ocrx_word' id='word_1_171' title='bbox 1927 1152 2218 1223; x_wconf 84' lang='lat' dir='ltr'>exemplis</span> <span class='ocrx_word' id='word_1_172' title='bbox 2248 1153 2433 1224; x_wconf 85' lang='lat' dir='ltr'>patris</span> <span class='ocrx_word' id='word_1_173' title='bbox 2464 1161 2523 1209; x_wconf 91' lang='lat' dir='ltr'>et</span> <span class='ocrx_word' id='word_1_174' title='bbox 2551 1155 2656 1210; x_wconf 84' lang='lat' dir='ltr'>filii</span> <span class='ocrx_word' id='word_1_175' title='bbox 2690 1156 3003 1211; x_wconf 87' lang='lat' dir='ltr'>adversum</span> <span class='ocrx_word' id='word_1_176' title='bbox 3037 1174 3099 1212; x_wconf 87' lang='lat' dir='ltr'>se</span> <span class='ocrx_word' id='word_1_177' title='bbox 3119 1159 3379 1213; x_wconf 83' lang='lat' dir='ltr'>rationes</span> <span class='ocrx_word' id='word_1_178' title='bbox 3403 1167 3461 1214; x_wconf 90' lang='lat' dir='ltr'>et</span> <span class='ocrx_word' id='word_1_179' title='bbox 3484 1161 3581 1216; x_wconf 91' lang='lat' dir='ltr'>de-</span> 
     </span>
    </p>
   </div>
   <div class='ocr_carea' id='block_1_25' title="bbox 1926 1243 3585 1319">
    <p class='ocr_par' dir='ltr' id='par_1_25' title="bbox 1926 1243 3585 1319">
     <span class='ocr_line' id='line_1_25' title="bbox 1926 1243 3585 1319; baseline 0.005 -23"><span class='ocrx_word' id='word_1_180' title='bbox 1926 1243 2392 1319; x_wconf 84' lang='lat' dir='ltr'>monstrationes</span> <span class='ocrx_word' id='word_1_181' title='bbox 2423 1245 2741 1315; x_wconf 47' lang='lat' dir='ltr'>accipere...</span> <span class='ocrx_word' id='word_1_182' title='bbox 2757 1247 2893 1310; x_wconf 74' lang='lat' dir='ltr'>Quae</span> <span class='ocrx_word' id='word_1_183' title='bbox 2917 1248 3092 1302; x_wconf 88' lang='lat' dir='ltr'>verba</span> <span class='ocrx_word' id='word_1_184' title='bbox 3105 1253 3165 1303; x_wconf 90' lang='lat' dir='ltr'>et</span> <span class='ocrx_word' id='word_1_185' title='bbox 3181 1255 3449 1304; x_wconf 86' lang='lat' dir='ltr'>tenorem</span> <span class='ocrx_word' id='word_1_186' title='bbox 3469 1250 3585 1304; x_wconf 86' lang='lat' dir='ltr'>dis-</span> 
     </span>
    </p>
   </div>
   <div class='ocr_carea' id='block_1_26' title="bbox 1927 1331 3583 1411">
    <p class='ocr_par' dir='ltr' id='par_1_26' title="bbox 1927 1331 3583 1411">
     <span class='ocr_line' id='line_1_26' title="bbox 1927 1331 3583 1411; baseline 0.004 -25"><span class='ocrx_word' id='word_1_187' title='bbox 1927 1331 2268 1386; x_wconf 86' lang='lat' dir='ltr'>sertationis</span> <span class='ocrx_word' id='word_1_188' title='bbox 2300 1333 2634 1403; x_wconf 81' lang='lat' dir='ltr'>pertubant,</span> <span class='ocrx_word' id='word_1_189' title='bbox 2665 1341 2723 1389; x_wconf 93' lang='lat' dir='ltr'>et</span> <span class='ocrx_word' id='word_1_190' title='bbox 2750 1352 3035 1405; x_wconf 86' lang='lat' dir='ltr'>personas</span> <span class='ocrx_word' id='word_1_191' title='bbox 3083 1344 3261 1409; x_wconf 88' lang='lat' dir='ltr'>atque</span> <span class='ocrx_word' id='word_1_192' title='bbox 3298 1356 3393 1394; x_wconf 87' lang='lat' dir='ltr'>res</span> <span class='ocrx_word' id='word_1_193' title='bbox 3424 1339 3583 1411; x_wconf 88' lang='lat' dir='ltr'>ipsas</span> 
     </span>
    </p>
   </div>
   <div class='ocr_carea' id='block_1_27' title="bbox 1930 1420 3587 1483">
    <p class='ocr_par' dir='ltr' id='par_1_27' title="bbox 1930 1420 3587 1483">
     <span class='ocr_line' id='line_1_27' title="bbox 1930 1420 3587 1483; baseline 0.003 -9"><span class='ocrx_word' id='word_1_194' title='bbox 1930 1420 2077 1476; x_wconf 89' lang='lat' dir='ltr'>mire</span> <span class='ocrx_word' id='word_1_195' title='bbox 2101 1421 2492 1478; x_wconf 80' lang='lat' dir='ltr'>confundunt.</span> <span class='ocrx_word' id='word_1_196' title='bbox 2527 1424 2725 1479; x_wconf 81' lang='lat' dir='ltr'>Graeca</span> <span class='ocrx_word' id='word_1_197' title='bbox 2755 1425 2839 1480; x_wconf 90' lang='lat' dir='ltr'>ita</span> <span class='ocrx_word' id='word_1_198' title='bbox 2896 1442 2959 1482; x_wconf 90' lang='lat' dir='ltr'>se</span> <span class='ocrx_word' id='word_1_199' title='bbox 3002 1427 3263 1483; x_wconf 87' lang='lat' dir='ltr'>habent:</span> <span class='ocrx_word' id='word_1_200' title='bbox 3298 1427 3404 1482; x_wconf 78' lang='grc' dir='ltr'>Καὶ</span> <span class='ocrx_word' id='word_1_201' title='bbox 3425 1424 3587 1482; x_wconf 77' lang='grc' dir='ltr'>αὐτοὶ</span> 
     </span>
    </p>
   </div>
   <div class='ocr_carea' id='block_1_28' title="bbox 1926 1505 3589 1592">
    <p class='ocr_par' dir='ltr' id='par_1_28' title="bbox 1926 1505 3589 1592">
     <span class='ocr_line' id='line_1_28' title="bbox 1926 1505 3589 1592; baseline 0.004 -29"><span class='ocrx_word' id='word_1_202' title='bbox 1926 1511 2056 1582; x_wconf 80' lang='grc' dir='ltr'>γοῦν</span> <span class='ocrx_word' id='word_1_203' title='bbox 2086 1505 2428 1582; x_wconf 73' lang='grc' dir='ltr'>ἐνιστάμενοι</span> <span class='ocrx_word' id='word_1_204' title='bbox 2449 1510 2615 1566; x_wconf 72' lang='grc' dir='ltr'>πάλιν</span> <span class='ocrx_word' id='word_1_205' title='bbox 2638 1512 2771 1585; x_wconf 82' lang='grc' dir='ltr'>πρὸς</span> <span class='ocrx_word' id='word_1_206' title='bbox 2784 1511 2911 1575; x_wconf 67' lang='lat' dir='ltr'>tab:</span> <span class='ocrx_word' id='word_1_207' title='bbox 2928 1512 3131 1586; x_wconf 74' lang='grc' dir='ltr'>κτίσμα</span> <span class='ocrx_word' id='word_1_208' title='bbox 3161 1514 3424 1592; x_wconf 79' lang='grc' dir='ltr'>λέγοντας</span> <span class='ocrx_word' id='word_1_209' title='bbox 3447 1515 3589 1571; x_wconf 73' lang='grc' dir='ltr'>εἶναι</span> 
     </span>
    </p>
   </div>
   <div class='ocr_carea' id='block_1_29' title="bbox 1927 1596 3575 1677">
    <p class='ocr_par' dir='ltr' id='par_1_29' title="bbox 1927 1596 3575 1677">
     <span class='ocr_line' id='line_1_29' title="bbox 1927 1596 3575 1677; baseline 0.005 -25"><span class='ocrx_word' id='word_1_210' title='bbox 1927 1596 2019 1652; x_wconf 84' lang='grc' dir='ltr'>τὸν</span> <span class='ocrx_word' id='word_1_211' title='bbox 2043 1596 2335 1673; x_wconf 72' lang='grc' dir='ltr'>Λόγον,καῖ</span> <span class='ocrx_word' id='word_1_212' title='bbox 2373 1601 2447 1671; x_wconf 76' lang='grc' dir='ltr'>μή</span> <span class='ocrx_word' id='word_1_213' title='bbox 2484 1598 2740 1663; x_wconf 66' lang='grc' dir='ltr'>θέλοντας</span> <span class='ocrx_word' id='word_1_214' title='bbox 2758 1603 2922 1657; x_wconf 79' lang='grc' dir='ltr'>αὐτὸν</span> <span class='ocrx_word' id='word_1_215' title='bbox 2954 1607 3175 1677; x_wconf 73' lang='grc' dir='ltr'>γνήσιον</span> <span class='ocrx_word' id='word_1_216' title='bbox 3196 1606 3319 1659; x_wconf 75' lang='grc' dir='ltr'>Υἱὸν</span> <span class='ocrx_word' id='word_1_217' title='bbox 3342 1605 3499 1671; x_wconf 65' lang='grc' dir='ltr'>εἶναιῒ</span> <span class='ocrx_word' id='word_1_218' title='bbox 3522 1605 3575 1674; x_wconf 70' lang='grc' dir='ltr'><strong>ἒξ</strong></span> 
     </span>
    </p>
   </div>
   <div class='ocr_carea' id='block_1_30' title="bbox 1931 1685 3577 1773">
    <p class='ocr_par' dir='ltr' id='par_1_30' title="bbox 1931 1685 3577 1773">
     <span class='ocr_line' id='line_1_30' title="bbox 1931 1685 3577 1773; baseline 0.005 -33"><span class='ocrx_word' id='word_1_219' title='bbox 1931 1685 2280 1759; x_wconf 83' lang='grc' dir='ltr'>ἀνθρωπίνων</span> <span class='ocrx_word' id='word_1_220' title='bbox 2327 1685 2786 1761; x_wconf 65' lang='grc' dir='ltr'>παραδειγμάτων</span> <span class='ocrx_word' id='word_1_221' title='bbox 2811 1692 2934 1746; x_wconf 74' lang='grc' dir='ltr'>υἱοῦ</span> <span class='ocrx_word' id='word_1_222' title='bbox 2961 1691 3053 1747; x_wconf 70' lang='grc' dir='ltr'>καὶ</span> <span class='ocrx_word' id='word_1_223' title='bbox 3083 1694 3286 1768; x_wconf 69' lang='grc' dir='ltr'>πατρὸς</span> <span class='ocrx_word' id='word_1_224' title='bbox 3319 1693 3577 1773; x_wconf 72' lang='grc' dir='ltr'>εἰλήφασι</span> 
     </span>
    </p>
   </div>
   <div class='ocr_carea' id='block_1_31' title="bbox 1944 1775 3596 1855">
    <p class='ocr_par' dir='ltr' id='par_1_31' title="bbox 1944 1775 3596 1855">
     <span class='ocr_line' id='line_1_31' title="bbox 1944 1775 3596 1855; baseline 0.005 -25"><span class='ocrx_word' id='word_1_225' title='bbox 1944 1775 2040 1837; x_wconf 77' lang='grc' dir='ltr'>τὰς</span> <span class='ocrx_word' id='word_1_226' title='bbox 2069 1777 2185 1831; x_wconf 85' lang='grc' dir='ltr'>κατ’</span> <span class='ocrx_word' id='word_1_227' title='bbox 2220 1776 2394 1831; x_wconf 80' lang='grc' dir='ltr'>αὐτῶν</span> <span class='ocrx_word' id='word_1_228' title='bbox 2421 1776 2746 1848; x_wconf 81' lang='grc' dir='ltr'>ἀποδείξεις.</span> <span class='ocrx_word' id='word_1_229' title='bbox 2784 1784 2989 1839; x_wconf 76' lang='lat' dir='ltr'>Rursus</span> <span class='ocrx_word' id='word_1_230' title='bbox 3018 1786 3184 1839; x_wconf 85' lang='lat' dir='ltr'>etiam</span> <span class='ocrx_word' id='word_1_231' title='bbox 3209 1784 3321 1855; x_wconf 67' lang='lat' dir='ltr'>ipsi</span> <span class='ocrx_word' id='word_1_232' title='bbox 3350 1784 3596 1852; x_wconf 79' lang='lat' dir='ltr'>(scilicet</span> 
     </span>
    </p>
   </div>
   <div class='ocr_carea' id='block_1_32' title="bbox 195 1866 3585 1963">
    <p class='ocr_par' dir='ltr' id='par_1_32' title="bbox 195 1866 3585 1963">
     <span class='ocr_line' id='line_1_32' title="bbox 195 1866 3585 1963; baseline 0.001 -40"><span class='ocrx_word' id='word_1_233' title='bbox 195 1870 492 1925; x_wconf 88' lang='lat' dir='ltr'>sententias</span> <span class='ocrx_word' id='word_1_234' title='bbox 526 1870 802 1942; x_wconf 89' lang='lat' dir='ltr'>protulit,</span> <span class='ocrx_word' id='word_1_235' title='bbox 838 1887 907 1925; x_wconf 80' lang='lat' dir='ltr'>ex</span> <span class='ocrx_word' id='word_1_236' title='bbox 936 1871 1153 1925; x_wconf 85' lang='lat' dir='ltr'>Herma</span> <span class='ocrx_word' id='word_1_237' title='bbox 1182 1886 1382 1925; x_wconf 89' lang='lat' dir='ltr'>unam.</span> <span class='ocrx_word' id='word_1_238' title='bbox 1445 1870 1484 1923; x_wconf 87' lang='lat' dir='ltr'><strong>E</strong></span> <span class='ocrx_word' id='word_1_239' title='bbox 1514 1874 1600 1922; x_wconf 88' lang='lat' dir='ltr'>tot</span> <span class='ocrx_word' id='word_1_240' title='bbox 1646 1866 1824 1938; x_wconf 79' lang='lat' dir='ltr'>igitur</span> <span class='ocrx_word' id='word_1_241' title='bbox 1856 1896 1900 1963; x_wconf 75' lang='grc' dir='ltr'>Β</span> <span class='ocrx_word' id='word_1_242' title='bbox 1931 1883 2080 1937; x_wconf 86' lang='lat' dir='ltr'>quos</span> <span class='ocrx_word' id='word_1_243' title='bbox 2112 1868 2322 1923; x_wconf 80' lang='lat' dir='ltr'>fratres</span> <span class='ocrx_word' id='word_1_244' title='bbox 2369 1870 2789 1942; x_wconf 80' lang='lat' dir='ltr'>appellaverat)</span> <span class='ocrx_word' id='word_1_245' title='bbox 2816 1895 2843 1922; x_wconf 76' lang='grc' dir='ltr'>ι(</span> <span class='ocrx_word' id='word_1_246' title='bbox 2900 1872 3273 1945; x_wconf 85' lang='lat' dir='ltr'>disputantes</span> <span class='ocrx_word' id='word_1_247' title='bbox 3303 1874 3585 1930; x_wconf 87' lang='lat' dir='ltr'>adversus</span> 
     </span>
    </p>
   </div>
   <div class='ocr_carea' id='block_1_33' title="bbox 193 1958 1823 2031">
    <p class='ocr_par' dir='ltr' id='par_1_33' title="bbox 193 1958 1823 2031">
     <span class='ocr_line' id='line_1_33' title="bbox 193 1958 1823 2031; baseline -0.002 -18"><span class='ocrx_word' id='word_1_248' title='bbox 193 1959 583 2030; x_wconf 81' lang='lat' dir='ltr'>scriptoribus,</span> <span class='ocrx_word' id='word_1_249' title='bbox 609 1976 863 2031; x_wconf 90' lang='lat' dir='ltr'>quorum</span> <span class='ocrx_word' id='word_1_250' title='bbox 893 1958 1137 2015; x_wconf 86' lang='lat' dir='ltr'>nomina</span> <span class='ocrx_word' id='word_1_251' title='bbox 1168 1959 1242 2014; x_wconf 90' lang='lat' dir='ltr'>ad</span> <span class='ocrx_word' id='word_1_252' title='bbox 1271 1975 1381 2013; x_wconf 91' lang='lat' dir='ltr'>nos</span> <span class='ocrx_word' id='word_1_253' title='bbox 1405 1960 1823 2029; x_wconf 89' lang='lat' dir='ltr'>pervenerunt,</span> 
     </span>
    </p>
   </div>
   <div class='ocr_carea' id='block_1_34' title="bbox 196 2047 1827 2120">
    <p class='ocr_par' dir='ltr' id='par_1_34' title="bbox 196 2047 1827 2120">
     <span class='ocr_line' id='line_1_34' title="bbox 196 2047 1827 2120; baseline -0.002 -17"><span class='ocrx_word' id='word_1_254' title='bbox 196 2056 425 2120; x_wconf 88' lang='lat' dir='ltr'>quatuor</span> <span class='ocrx_word' id='word_1_255' title='bbox 445 2055 684 2106; x_wconf 74' lang='lat' dir='ltr'>tantum</span> <span class='ocrx_word' id='word_1_256' title='bbox 716 2049 1041 2105; x_wconf 88' lang='lat' dir='ltr'>sententias</span> <span class='ocrx_word' id='word_1_257' title='bbox 1074 2049 1135 2103; x_wconf 91' lang='lat' dir='ltr'>in</span> <span class='ocrx_word' id='word_1_258' title='bbox 1186 2054 1305 2104; x_wconf 90' lang='lat' dir='ltr'>tam</span> <span class='ocrx_word' id='word_1_259' title='bbox 1329 2047 1556 2120; x_wconf 83' lang='lat' dir='ltr'>prolixo</span> <span class='ocrx_word' id='word_1_260' title='bbox 1590 2053 1827 2116; x_wconf 88' lang='lat' dir='ltr'>tamque</span> 
     </span>
    </p>
   </div>
   <div class='ocr_carea' id='block_1_35' title="bbox 194 2138 1829 2211">
    <p class='ocr_par' dir='ltr' id='par_1_35' title="bbox 194 2138 1829 2211">
     <span class='ocr_line' id='line_1_35' title="bbox 194 2138 1829 2211; baseline -0.002 -19"><span class='ocrx_word' id='word_1_261' title='bbox 194 2146 436 2195; x_wconf 84' lang='lat' dir='ltr'>accurato</span> <span class='ocrx_word' id='word_1_262' title='bbox 462 2146 523 2197; x_wconf 89' lang='lat' dir='ltr'>et</span> <span class='ocrx_word' id='word_1_263' title='bbox 560 2140 795 2195; x_wconf 89' lang='lat' dir='ltr'>erudito</span> <span class='ocrx_word' id='word_1_264' title='bbox 842 2155 1020 2211; x_wconf 87' lang='lat' dir='ltr'>opere</span> <span class='ocrx_word' id='word_1_265' title='bbox 1071 2138 1386 2210; x_wconf 80' lang='lat' dir='ltr'>excerpsit,</span> <span class='ocrx_word' id='word_1_266' title='bbox 1420 2153 1673 2208; x_wconf 87' lang='lat' dir='ltr'>quarum</span> <span class='ocrx_word' id='word_1_267' title='bbox 1708 2150 1829 2190; x_wconf 87' lang='lat' dir='ltr'>una</span> 
     </span>
    </p>
   </div>
   <div class='ocr_carea' id='block_1_36' title="bbox 188 2226 1828 2301">
    <p class='ocr_par' dir='ltr' id='par_1_36' title="bbox 188 2226 1828 2301">
     <span class='ocr_line' id='line_1_36' title="bbox 188 2226 1828 2301; baseline -0.002 -18"><span class='ocrx_word' id='word_1_268' title='bbox 188 2244 247 2283; x_wconf 79' lang='lat' dir='ltr'>ex</span> <span class='ocrx_word' id='word_1_269' title='bbox 272 2229 515 2300; x_wconf 88' lang='lat' dir='ltr'>epistola</span> <span class='ocrx_word' id='word_1_270' title='bbox 550 2229 765 2301; x_wconf 84' lang='lat' dir='ltr'>lgnatii</span> <span class='ocrx_word' id='word_1_271' title='bbox 826 2228 1136 2299; x_wconf 87' lang='lat' dir='ltr'>desumpta</span> <span class='ocrx_word' id='word_1_272' title='bbox 1192 2233 1299 2283; x_wconf 89' lang='lat' dir='ltr'>est.</span> <span class='ocrx_word' id='word_1_273' title='bbox 1361 2228 1551 2292; x_wconf 88' lang='lat' dir='ltr'>Quare</span> <span class='ocrx_word' id='word_1_274' title='bbox 1607 2226 1828 2281; x_wconf 87' lang='lat' dir='ltr'>frustra</span> 
     </span>
    </p>
   </div>
   <div class='ocr_carea' id='block_1_37' title="bbox 195 2314 1825 2383">
    <p class='ocr_par' dir='ltr' id='par_1_37' title="bbox 195 2314 1825 2383">
     <span class='ocr_line' id='line_1_37' title="bbox 195 2314 1825 2383; baseline -0.001 -13"><span class='ocrx_word' id='word_1_275' title='bbox 195 2317 419 2374; x_wconf 67' lang='lat' dir='ltr'>Dallazus</span> <span class='ocrx_word' id='word_1_276' title='bbox 451 2324 539 2374; x_wconf 87' lang='lat' dir='ltr'>tot</span> <span class='ocrx_word' id='word_1_277' title='bbox 563 2318 893 2374; x_wconf 88' lang='lat' dir='ltr'>sententias</span> <span class='ocrx_word' id='word_1_278' title='bbox 925 2334 997 2374; x_wconf 82' lang='lat' dir='ltr'>ex</span> <span class='ocrx_word' id='word_1_279' title='bbox 1045 2316 1494 2383; x_wconf 89' lang='lat' dir='ltr'>commentitiis,</span> <span class='ocrx_word' id='word_1_280' title='bbox 1530 2320 1614 2370; x_wconf 89' lang='lat' dir='ltr'>tot</span> <span class='ocrx_word' id='word_1_281' title='bbox 1635 2332 1705 2369; x_wconf 78' lang='lat' dir='ltr'>ex</span> <span class='ocrx_word' id='word_1_282' title='bbox 1738 2314 1825 2368; x_wconf 91' lang='lat' dir='ltr'>in-</span> 
     </span>
    </p>
   </div>
   <div class='ocr_carea' id='block_1_38' title="bbox 197 2405 1830 2480">
    <p class='ocr_par' dir='ltr' id='par_1_38' title="bbox 197 2405 1830 2480">
     <span class='ocr_line' id='line_1_38' title="bbox 197 2405 1830 2480; baseline -0.001 -19"><span class='ocrx_word' id='word_1_283' title='bbox 197 2408 594 2479; x_wconf 57' lang='lat' dir='ltr'>terpolatisjot</span> <span class='ocrx_word' id='word_1_284' title='bbox 623 2424 695 2463; x_wconf 84' lang='lat' dir='ltr'>ex</span> <span class='ocrx_word' id='word_1_285' title='bbox 722 2407 998 2480; x_wconf 77' lang='lat' dir='ltr'>genuinis</span> <span class='ocrx_word' id='word_1_286' title='bbox 1029 2406 1239 2480; x_wconf 83' lang='lat' dir='ltr'>Ignatii</span> <span class='ocrx_word' id='word_1_287' title='bbox 1261 2406 1529 2478; x_wconf 88' lang='lat' dir='ltr'>epistolis</span> <span class='ocrx_word' id='word_1_288' title='bbox 1558 2405 1830 2477; x_wconf 89' lang='lat' dir='ltr'>deprom—</span> 
     </span>
    </p>
   </div>
   <div class='ocr_carea' id='block_1_39' title="bbox 194 2493 1831 2570">
    <p class='ocr_par' dir='ltr' id='par_1_39' title="bbox 194 2493 1831 2570">
     <span class='ocr_line' id='line_1_39' title="bbox 194 2493 1831 2570; baseline 0 -21"><span class='ocrx_word' id='word_1_289' title='bbox 194 2498 293 2565; x_wconf 86' lang='lat' dir='ltr'>psit</span> <span class='ocrx_word' id='word_1_290' title='bbox 315 2515 664 2569; x_wconf 78' lang='lat' dir='ltr'>;possumus</span> <span class='ocrx_word' id='word_1_291' title='bbox 682 2498 845 2552; x_wconf 88' lang='lat' dir='ltr'>enim</span> <span class='ocrx_word' id='word_1_292' title='bbox 876 2497 1048 2570; x_wconf 91' lang='lat' dir='ltr'>longe</span> <span class='ocrx_word' id='word_1_293' title='bbox 1080 2496 1285 2568; x_wconf 90' lang='lat' dir='ltr'>plures</span> <span class='ocrx_word' id='word_1_294' title='bbox 1319 2512 1388 2550; x_wconf 80' lang='lat' dir='ltr'>ex</span> <span class='ocrx_word' id='word_1_295' title='bbox 1417 2493 1831 2551; x_wconf 88' lang='lat' dir='ltr'>auotoribuset</span> 
     </span>
    </p>
   </div>
   <div class='ocr_carea' id='block_1_40' title="bbox 195 2586 1834 2658">
    <p class='ocr_par' dir='ltr' id='par_1_40' title="bbox 195 2586 1834 2658">
     <span class='ocr_line' id='line_1_40' title="bbox 195 2586 1834 2658; baseline -0.002 -17"><span class='ocrx_word' id='word_1_296' title='bbox 195 2588 405 2657; x_wconf 86' lang='lat' dir='ltr'>quidem</span> <span class='ocrx_word' id='word_1_297' title='bbox 438 2588 854 2644; x_wconf 89' lang='lat' dir='ltr'>celeberrimis</span> <span class='ocrx_word' id='word_1_298' title='bbox 886 2587 1137 2658; x_wconf 88' lang='lat' dir='ltr'>quiante</span> <span class='ocrx_word' id='word_1_299' title='bbox 1157 2587 1449 2641; x_wconf 84' lang='lat' dir='ltr'>Irenaeum</span> <span class='ocrx_word' id='word_1_300' title='bbox 1465 2586 1834 2657; x_wconf 89' lang='lat' dir='ltr'>scripserunt</span> 
     </span>
    </p>
   </div>
   <div class='ocr_carea' id='block_1_41' title="bbox 193 2673 1831 2749">
    <p class='ocr_par' dir='ltr' id='par_1_41' title="bbox 193 2673 1831 2749">
     <span class='ocr_line' id='line_1_41' title="bbox 193 2673 1831 2749; baseline -0.001 -19"><span class='ocrx_word' id='word_1_301' title='bbox 193 2677 399 2743; x_wconf 80' lang='lat' dir='ltr'>afferre,</span> <span class='ocrx_word' id='word_1_302' title='bbox 434 2694 698 2749; x_wconf 88' lang='lat' dir='ltr'>quarum</span> <span class='ocrx_word' id='word_1_303' title='bbox 731 2677 928 2732; x_wconf 87' lang='lat' dir='ltr'>nullas</span> <span class='ocrx_word' id='word_1_304' title='bbox 986 2676 1086 2731; x_wconf 91' lang='lat' dir='ltr'>ille</span> <span class='ocrx_word' id='word_1_305' title='bbox 1130 2676 1344 2748; x_wconf 88' lang='lat' dir='ltr'>attigit,</span> <span class='ocrx_word' id='word_1_306' title='bbox 1378 2675 1557 2731; x_wconf 88' lang='lat' dir='ltr'>etiam</span> <span class='ocrx_word' id='word_1_307' title='bbox 1592 2690 1661 2729; x_wconf 88' lang='lat' dir='ltr'>ex</span> <span class='ocrx_word' id='word_1_308' title='bbox 1690 2673 1831 2740; x_wconf 89' lang='lat' dir='ltr'>illis,</span> 
     </span>
    </p>
   </div>
   <div class='ocr_carea' id='block_1_42' title="bbox 189 2766 1472 2837">
    <p class='ocr_par' dir='ltr' id='par_1_42' title="bbox 189 2766 1472 2837">
     <span class='ocr_line' id='line_1_42' title="bbox 189 2766 1472 2837; baseline -0.002 -14"><span class='ocrx_word' id='word_1_309' title='bbox 189 2784 317 2837; x_wconf 87' lang='lat' dir='ltr'>quos</span> <span class='ocrx_word' id='word_1_310' title='bbox 338 2771 639 2824; x_wconf 80' lang='lat' dir='ltr'>Irenaeum</span> <span class='ocrx_word' id='word_1_311' title='bbox 670 2768 902 2822; x_wconf 86' lang='lat' dir='ltr'>novisse</span> <span class='ocrx_word' id='word_1_312' title='bbox 934 2766 1334 2823; x_wconf 87' lang='lat' dir='ltr'>certissimum</span> <span class='ocrx_word' id='word_1_313' title='bbox 1363 2772 1472 2822; x_wconf 89' lang='lat' dir='ltr'>est.</span> 
     </span>
    </p>
   </div>
   <div class='ocr_carea' id='block_1_43' title="bbox 252 2854 1832 2924">
    <p class='ocr_par' dir='ltr' id='par_1_43' title="bbox 252 2854 1832 2924">
     <span class='ocr_line' id='line_1_43' title="bbox 252 2854 1832 2924; baseline -0.004 -11"><span class='ocrx_word' id='word_1_314' title='bbox 252 2858 352 2913; x_wconf 85' lang='lat' dir='ltr'>Sed</span> <span class='ocrx_word' id='word_1_315' title='bbox 379 2859 783 2916; x_wconf 77' lang='lat' dir='ltr'>Athanasium</span> <span class='ocrx_word' id='word_1_316' title='bbox 829 2862 887 2911; x_wconf 90' lang='lat' dir='ltr'>et</span> <span class='ocrx_word' id='word_1_317' title='bbox 916 2856 1365 2924; x_wconf 89' lang='lat' dir='ltr'>Bellarminum,</span> <span class='ocrx_word' id='word_1_318' title='bbox 1396 2854 1832 2910; x_wconf 89' lang='lat' dir='ltr'>Theodoretum</span> 
     </span>
    </p>
   </div>
   <div class='ocr_carea' id='block_1_44' title="bbox 196 2942 1833 3019">
    <p class='ocr_par' dir='ltr' id='par_1_44' title="bbox 196 2942 1833 3019">
     <span class='ocr_line' id='line_1_44' title="bbox 196 2942 1833 3019; baseline -0.004 -17"><span class='ocrx_word' id='word_1_319' title='bbox 196 2952 243 3002; x_wconf 88' lang='lat' dir='ltr'>et</span> <span class='ocrx_word' id='word_1_320' title='bbox 269 2948 558 3004; x_wconf 85' lang='lat' dir='ltr'>Gelasium</span> <span class='ocrx_word' id='word_1_321' title='bbox 592 2947 743 3002; x_wconf 88' lang='lat' dir='ltr'>mire</span> <span class='ocrx_word' id='word_1_322' title='bbox 804 2944 1114 3019; x_wconf 85' lang='lat' dir='ltr'>conjungit</span> <span class='ocrx_word' id='word_1_323' title='bbox 1144 2951 1203 3001; x_wconf 89' lang='lat' dir='ltr'>et</span> <span class='ocrx_word' id='word_1_324' title='bbox 1232 2944 1451 3000; x_wconf 86' lang='lat' dir='ltr'>nostris</span> <span class='ocrx_word' id='word_1_325' title='bbox 1474 2943 1698 3015; x_wconf 84' lang='lat' dir='ltr'>objicit,</span> <span class='ocrx_word' id='word_1_326' title='bbox 1731 2942 1833 3013; x_wconf 90' lang='lat' dir='ltr'>qui</span> 
     </span>
    </p>
   </div>
   <div class='ocr_carea' id='block_1_45' title="bbox 198 3032 1835 3110">
    <p class='ocr_par' dir='ltr' id='par_1_45' title="bbox 198 3032 1835 3110">
     <span class='ocr_line' id='line_1_45' title="bbox 198 3032 1835 3110; baseline -0.003 -20"><span class='ocrx_word' id='word_1_327' title='bbox 198 3041 269 3091; x_wconf 88' lang='lat' dir='ltr'>tot</span> <span class='ocrx_word' id='word_1_328' title='bbox 297 3038 420 3094; x_wconf 88' lang='lat' dir='ltr'>loca</span> <span class='ocrx_word' id='word_1_329' title='bbox 434 3056 503 3093; x_wconf 79' lang='lat' dir='ltr'>ex</span> <span class='ocrx_word' id='word_1_330' title='bbox 537 3036 1354 3110; x_wconf 79' lang='lat' dir='ltr'>Ignatioproduxerunt.Tum</span> <span class='ocrx_word' id='word_1_331' title='bbox 1375 3032 1835 3101; x_wconf 76' lang='lat' dir='ltr'>vero,«0bsecro</span> 
     </span>
    </p>
   </div>
   <div class='ocr_carea' id='block_1_46' title="bbox 198 3122 1835 3197">
    <p class='ocr_par' dir='ltr' id='par_1_46' title="bbox 198 3122 1835 3197">
     <span class='ocr_line' id='line_1_46' title="bbox 198 3122 1835 3197; baseline -0.003 -18"><span class='ocrx_word' id='word_1_332' title='bbox 198 3131 336 3181; x_wconf 85' lang='lat' dir='ltr'>tuam</span> <span class='ocrx_word' id='word_1_333' title='bbox 369 3128 574 3194; x_wconf 84' lang='lat' dir='ltr'>ﬁdem,</span> <span class='ocrx_word' id='word_1_334' title='bbox 611 3128 822 3196; x_wconf 77' lang='lat' dir='ltr'>inquit,</span> <span class='ocrx_word' id='word_1_335' title='bbox 855 3126 980 3180; x_wconf 69' lang='lat' dir='ltr'>haec</span> <span class='ocrx_word' id='word_1_336' title='bbox 1040 3124 1346 3197; x_wconf 88' lang='lat' dir='ltr'>Ignatiana</span> <span class='ocrx_word' id='word_1_337' title='bbox 1387 3122 1745 3178; x_wconf 85' lang='lat' dir='ltr'>Athanasius</span> <span class='ocrx_word' id='word_1_338' title='bbox 1776 3126 1835 3176; x_wconf 91' lang='lat' dir='ltr'>et</span> 
     </span>
    </p>
   </div>
   <div class='ocr_carea' id='block_1_47' title="bbox 198 3212 1833 3285">
    <p class='ocr_par' dir='ltr' id='par_1_47' title="bbox 198 3212 1833 3285">
     <span class='ocr_line' id='line_1_47' title="bbox 198 3212 1833 3285; baseline -0.002 -16"><span class='ocrx_word' id='word_1_339' title='bbox 198 3217 579 3273; x_wconf 84' lang='lat' dir='ltr'>Theodoretus</span> <span class='ocrx_word' id='word_1_340' title='bbox 597 3222 810 3271; x_wconf 83' lang='lat' dir='ltr'>contra</span> <span class='ocrx_word' id='word_1_341' title='bbox 833 3221 870 3268; x_wconf 86' lang='lat' dir='ltr'><strong>A</strong></span> <span class='ocrx_word' id='word_1_342' title='bbox 882 3215 1079 3269; x_wconf 89' lang='lat' dir='ltr'>rianos</span> <span class='ocrx_word' id='word_1_343' title='bbox 1093 3212 1648 3285; x_wconf 83' lang='lat' dir='ltr'>etEutychianos,in</span> <span class='ocrx_word' id='word_1_344' title='bbox 1664 3227 1833 3282; x_wconf 90' lang='lat' dir='ltr'>quos,</span> 
     </span>
    </p>
   </div>
   <div class='ocr_carea' id='block_1_48' title="bbox 197 3300 1836 3377">
    <p class='ocr_par' dir='ltr' id='par_1_48' title="bbox 197 3300 1836 3377">
     <span class='ocr_line' id='line_1_48' title="bbox 197 3300 1836 3377; baseline -0.002 -19"><span class='ocrx_word' id='word_1_345' title='bbox 197 3313 373 3377; x_wconf 87' lang='lat' dir='ltr'>utpote</span> <span class='ocrx_word' id='word_1_346' title='bbox 399 3307 670 3363; x_wconf 88' lang='lat' dir='ltr'>nondum</span> <span class='ocrx_word' id='word_1_347' title='bbox 684 3304 1165 3376; x_wconf 83' lang='lat' dir='ltr'>exortos,scripta</span> <span class='ocrx_word' id='word_1_348' title='bbox 1177 3320 1294 3358; x_wconf 89' lang='lat' dir='ltr'>non</span> <span class='ocrx_word' id='word_1_349' title='bbox 1308 3300 1836 3375; x_wconf 85' lang='lat' dir='ltr'>sunt,adducerent</span> 
     </span>
    </p>
   </div>
   <div class='ocr_carea' id='block_1_49' title="bbox 196 3390 1834 3464">
    <p class='ocr_par' dir='ltr' id='par_1_49' title="bbox 196 3390 1834 3464">
     <span class='ocr_line' id='line_1_49' title="bbox 196 3390 1834 3464; baseline -0.002 -15"><span class='ocrx_word' id='word_1_350' title='bbox 196 3402 367 3452; x_wconf 81' lang='lat' dir='ltr'>tamen</span> <span class='ocrx_word' id='word_1_351' title='bbox 392 3395 1092 3453; x_wconf 65' lang='lat' dir='ltr'>etrecitarent‘nrenmus</span> <span class='ocrx_word' id='word_1_352' title='bbox 1115 3392 1318 3449; x_wconf 86' lang='lat' dir='ltr'>eadem</span> <span class='ocrx_word' id='word_1_353' title='bbox 1338 3392 1430 3446; x_wconf 86' lang='lat' dir='ltr'>his</span> <span class='ocrx_word' id='word_1_354' title='bbox 1449 3391 1594 3464; x_wconf 90' lang='lat' dir='ltr'>ipsis</span> <span class='ocrx_word' id='word_1_355' title='bbox 1611 3390 1669 3446; x_wconf 92' lang='lat' dir='ltr'>in</span> <span class='ocrx_word' id='word_1_356' title='bbox 1686 3407 1834 3461; x_wconf 90' lang='lat' dir='ltr'>quos</span> 
     </span>
    </p>
   </div>
   <div class='ocr_carea' id='block_1_50' title="bbox 190 3479 1833 3558">
    <p class='ocr_par' dir='ltr' id='par_1_50' title="bbox 190 3479 1833 3558">
     <span class='ocr_line' id='line_1_50' title="bbox 190 3479 1833 3558; baseline -0.002 -20"><span class='ocrx_word' id='word_1_357' title='bbox 190 3488 401 3556; x_wconf 83' lang='lat' dir='ltr'>proprie</span> <span class='ocrx_word' id='word_1_358' title='bbox 414 3488 645 3558; x_wconf 88' lang='lat' dir='ltr'>scripta</span> <span class='ocrx_word' id='word_1_359' title='bbox 658 3479 1833 3550; x_wconf 80' lang='lat' dir='ltr'>sunt,Gnosticis,Valentinianis,Docetis</span> 
     </span>
    </p>
   </div>
   <div class='ocr_carea' id='block_1_51' title="bbox 200 3572 1833 3649">
    <p class='ocr_par' dir='ltr' id='par_1_51' title="bbox 200 3572 1833 3649">
     <span class='ocr_line' id='line_1_51' title="bbox 200 3572 1833 3649; baseline -0.002 -22"><span class='ocrx_word' id='word_1_360' title='bbox 200 3590 298 3630; x_wconf 84' lang='lat' dir='ltr'>non</span> <span class='ocrx_word' id='word_1_361' title='bbox 328 3574 716 3649; x_wconf 84' lang='lat' dir='ltr'>objicerent‘?</span> <span class='ocrx_word' id='word_1_362' title='bbox 740 3596 767 3623; x_wconf 86' lang='grc'>››</span> <span class='ocrx_word' id='word_1_363' title='bbox 792 3574 917 3628; x_wconf 76' lang='lat' dir='ltr'>Non</span> <span class='ocrx_word' id='word_1_364' title='bbox 958 3589 1116 3628; x_wconf 90' lang='lat' dir='ltr'>nunc</span> <span class='ocrx_word' id='word_1_365' title='bbox 1158 3572 1415 3643; x_wconf 90' lang='lat' dir='ltr'>disputo,</span> <span class='ocrx_word' id='word_1_366' title='bbox 1449 3576 1656 3625; x_wconf 89' lang='lat' dir='ltr'>contra</span> <span class='ocrx_word' id='word_1_367' title='bbox 1688 3586 1833 3641; x_wconf 91' lang='lat' dir='ltr'>quos</span> 
     </span>
    </p>
   </div>
   <div class='ocr_carea' id='block_1_52' title="bbox 198 3660 1831 3738">
    <p class='ocr_par' dir='ltr' id='par_1_52' title="bbox 198 3660 1831 3738">
     <span class='ocr_line' id='line_1_52' title="bbox 198 3660 1831 3738; baseline -0.002 -21"><span class='ocrx_word' id='word_1_368' title='bbox 198 3666 473 3732; x_wconf 68' lang='lat' dir='ltr'>lgnatiana</span> <span class='ocrx_word' id='word_1_369' title='bbox 506 3666 757 3738; x_wconf 84' lang='lat' dir='ltr'>proprie</span> <span class='ocrx_word' id='word_1_370' title='bbox 790 3664 1009 3735; x_wconf 88' lang='lat' dir='ltr'>scripta</span> <span class='ocrx_word' id='word_1_371' title='bbox 1039 3663 1180 3731; x_wconf 89' lang='lat' dir='ltr'>sint,</span> <span class='ocrx_word' id='word_1_372' title='bbox 1209 3662 1279 3717; x_wconf 89' lang='lat' dir='ltr'>de</span> <span class='ocrx_word' id='word_1_373' title='bbox 1303 3678 1419 3732; x_wconf 90' lang='lat' dir='ltr'>qua</span> <span class='ocrx_word' id='word_1_374' title='bbox 1470 3677 1533 3716; x_wconf 90' lang='lat' dir='ltr'>re</span> <span class='ocrx_word' id='word_1_375' title='bbox 1585 3660 1831 3715; x_wconf 80' lang='lat' dir='ltr'>fortasse</span> 
     </span>
    </p>
   </div>
   <div class='ocr_carea' id='block_1_53' title="bbox 198 3749 1833 3826">
    <p class='ocr_par' dir='ltr' id='par_1_53' title="bbox 198 3749 1833 3826">
     <span class='ocr_line' id='line_1_53' title="bbox 198 3749 1833 3826; baseline -0.002 -19"><span class='ocrx_word' id='word_1_376' title='bbox 198 3753 494 3826; x_wconf 81' lang='lat' dir='ltr'>aliquando</span> <span class='ocrx_word' id='word_1_377' title='bbox 528 3760 587 3809; x_wconf 83' lang='lat' dir='ltr'>et</span> <span class='ocrx_word' id='word_1_378' title='bbox 613 3754 744 3810; x_wconf 88' lang='lat' dir='ltr'>fuse</span> <span class='ocrx_word' id='word_1_379' title='bbox 778 3758 838 3807; x_wconf 90' lang='lat' dir='ltr'>et</span> <span class='ocrx_word' id='word_1_380' title='bbox 862 3758 1134 3809; x_wconf 88' lang='lat' dir='ltr'>accurate</span> <span class='ocrx_word' id='word_1_381' title='bbox 1158 3750 1571 3807; x_wconf 89' lang='lat' dir='ltr'>disserendum</span> <span class='ocrx_word' id='word_1_382' title='bbox 1594 3749 1833 3804; x_wconf 86' lang='lat' dir='ltr'>erit.Sa-</span> 
     </span>
    </p>
   </div>
   <div class='ocr_carea' id='block_1_54' title="bbox 200 3839 1835 3916">
    <p class='ocr_par' dir='ltr' id='par_1_54' title="bbox 200 3839 1835 3916">
     <span class='ocr_line' id='line_1_54' title="bbox 200 3839 1835 3916; baseline -0.002 -21"><span class='ocrx_word' id='word_1_383' title='bbox 200 3844 261 3897; x_wconf 84' lang='lat' dir='ltr'>tis</span> <span class='ocrx_word' id='word_1_384' title='bbox 289 3852 389 3907; x_wconf 84' lang='lat' dir='ltr'>est,</span> <span class='ocrx_word' id='word_1_385' title='bbox 412 3846 575 3916; x_wconf 88' lang='lat' dir='ltr'>quod</span> <span class='ocrx_word' id='word_1_386' title='bbox 609 3842 903 3898; x_wconf 85' lang='lat' dir='ltr'>Eusebius</span> <span class='ocrx_word' id='word_1_387' title='bbox 935 3859 1042 3897; x_wconf 91' lang='lat' dir='ltr'>nos</span> <span class='ocrx_word' id='word_1_388' title='bbox 1072 3840 1359 3907; x_wconf 88' lang='lat' dir='ltr'>docuit,et</span> <span class='ocrx_word' id='word_1_389' title='bbox 1385 3856 1478 3893; x_wconf 91' lang='lat' dir='ltr'>res</span> <span class='ocrx_word' id='word_1_390' title='bbox 1509 3839 1638 3909; x_wconf 87' lang='lat' dir='ltr'>ipsa</span> <span class='ocrx_word' id='word_1_391' title='bbox 1660 3843 1835 3893; x_wconf 87' lang='lat' dir='ltr'>testa-</span> 
     </span>
    </p>
   </div>
   <div class='ocr_carea' id='block_1_55' title="bbox 195 3927 1829 4003">
    <p class='ocr_par' dir='ltr' id='par_1_55' title="bbox 195 3927 1829 4003">
     <span class='ocr_line' id='line_1_55' title="bbox 195 3927 1829 4003; baseline -0.002 -19"><span class='ocrx_word' id='word_1_392' title='bbox 195 3938 273 3987; x_wconf 83' lang='lat' dir='ltr'>tur</span> <span class='ocrx_word' id='word_1_393' title='bbox 297 3951 425 3989; x_wconf 87' lang='lat' dir='ltr'>eum</span> <span class='ocrx_word' id='word_1_394' title='bbox 454 3939 679 3991; x_wconf 89' lang='lat' dir='ltr'>contra</span> <span class='ocrx_word' id='word_1_395' title='bbox 710 3933 800 3987; x_wconf 88' lang='lat' dir='ltr'>sui</span> <span class='ocrx_word' id='word_1_396' title='bbox 827 3930 1109 4003; x_wconf 83' lang='lat' dir='ltr'>temporis</span> <span class='ocrx_word' id='word_1_397' title='bbox 1141 3930 1451 3986; x_wconf 80' lang='lat' dir='ltr'>haereticos</span> <span class='ocrx_word' id='word_1_398' title='bbox 1483 3927 1788 4000; x_wconf 88' lang='lat' dir='ltr'>scripsisse</span> <span class='ocrx_word' id='word_1_399' title='bbox 1816 3943 1829 3993; x_wconf 91' lang='lat'><strong>;</strong></span> 
     </span>
    </p>
   </div>
   <div class='ocr_carea' id='block_1_56' title="bbox 194 4015 1831 4091">
    <p class='ocr_par' dir='ltr' id='par_1_56' title="bbox 194 4015 1831 4091">
     <span class='ocr_line' id='line_1_56' title="bbox 194 4015 1831 4091; baseline -0.003 -16"><span class='ocrx_word' id='word_1_400' title='bbox 194 4023 314 4076; x_wconf 80' lang='lat' dir='ltr'>satis</span> <span class='ocrx_word' id='word_1_401' title='bbox 334 4032 443 4091; x_wconf 88' lang='lat' dir='ltr'>est,</span> <span class='ocrx_word' id='word_1_402' title='bbox 477 4025 605 4079; x_wconf 82' lang='lat' dir='ltr'>sive</span> <span class='ocrx_word' id='word_1_403' title='bbox 640 4029 853 4077; x_wconf 87' lang='lat' dir='ltr'>contra</span> <span class='ocrx_word' id='word_1_404' title='bbox 909 4020 1162 4091; x_wconf 88' lang='lat' dir='ltr'>aliquos,</span> <span class='ocrx_word' id='word_1_405' title='bbox 1224 4019 1343 4075; x_wconf 91' lang='lat' dir='ltr'>sive</span> <span class='ocrx_word' id='word_1_406' title='bbox 1402 4023 1609 4074; x_wconf 89' lang='lat' dir='ltr'>contra</span> <span class='ocrx_word' id='word_1_407' title='bbox 1638 4015 1831 4072; x_wconf 90' lang='lat' dir='ltr'>nullos</span> 
     </span>
    </p>
   </div>
   <div class='ocr_carea' id='block_1_57' title="bbox 194 4105 1831 4181">
    <p class='ocr_par' dir='ltr' id='par_1_57' title="bbox 194 4105 1831 4181">
     <span class='ocr_line' id='line_1_57' title="bbox 194 4105 1831 4181; baseline -0.003 -16"><span class='ocrx_word' id='word_1_408' title='bbox 194 4110 402 4179; x_wconf 76' lang='lat' dir='ltr'>diserte,</span> <span class='ocrx_word' id='word_1_409' title='bbox 437 4122 507 4170; x_wconf 89' lang='lat' dir='ltr'>ut</span> <span class='ocrx_word' id='word_1_410' title='bbox 538 4114 827 4169; x_wconf 87' lang='lat' dir='ltr'>Clemens</span> <span class='ocrx_word' id='word_1_411' title='bbox 862 4114 1183 4176; x_wconf 79' lang='lat' dir='ltr'>Romanus,</span> <span class='ocrx_word' id='word_1_412' title='bbox 1220 4108 1548 4181; x_wconf 88' lang='lat' dir='ltr'>scripserit,</span> <span class='ocrx_word' id='word_1_413' title='bbox 1580 4105 1831 4162; x_wconf 88' lang='lat' dir='ltr'>auctori-</span> 
     </span>
    </p>
   </div>
   <div class='ocr_carea' id='block_1_58' title="bbox 194 4196 1831 4272">
    <p class='ocr_par' dir='ltr' id='par_1_58' title="bbox 194 4196 1831 4272">
     <span class='ocr_line' id='line_1_58' title="bbox 194 4196 1831 4272; baseline -0.001 -21"><span class='ocrx_word' id='word_1_414' title='bbox 194 4206 347 4257; x_wconf 83' lang='lat' dir='ltr'>tatem</span> <span class='ocrx_word' id='word_1_415' title='bbox 374 4205 479 4258; x_wconf 85' lang='lat' dir='ltr'>viri</span> <span class='ocrx_word' id='word_1_416' title='bbox 516 4201 895 4272; x_wconf 85' lang='lat' dir='ltr'>sanctissimi</span> <span class='ocrx_word' id='word_1_417' title='bbox 921 4198 1442 4271; x_wconf 89' lang='lat' dir='ltr'>antiquissimique</span> <span class='ocrx_word' id='word_1_418' title='bbox 1464 4196 1718 4252; x_wconf 91' lang='lat' dir='ltr'>multum</span> <span class='ocrx_word' id='word_1_419' title='bbox 1743 4211 1831 4250; x_wconf 87' lang='lat' dir='ltr'>va-</span> 
     </span>
    </p>
   </div>
   <div class='ocr_carea' id='block_1_59' title="bbox 196 4286 1829 4361">
    <p class='ocr_par' dir='ltr' id='par_1_59' title="bbox 196 4286 1829 4361">
     <span class='ocr_line' id='line_1_59' title="bbox 196 4286 1829 4361; baseline -0.001 -17"><span class='ocrx_word' id='word_1_420' title='bbox 196 4287 293 4347; x_wconf 79' lang='lat' dir='ltr'>lere</span> <span class='ocrx_word' id='word_1_421' title='bbox 321 4300 528 4350; x_wconf 87' lang='lat' dir='ltr'>contra</span> <span class='ocrx_word' id='word_1_422' title='bbox 550 4291 876 4348; x_wconf 73' lang='lat' dir='ltr'>haereticos</span> <span class='ocrx_word' id='word_1_423' title='bbox 906 4298 1258 4361; x_wconf 76' lang='lat' dir='ltr'>quocUnque</span> <span class='ocrx_word' id='word_1_424' title='bbox 1318 4286 1534 4343; x_wconf 69' lang='lat' dir='ltr'>saeculo</span> <span class='ocrx_word' id='word_1_425' title='bbox 1560 4290 1829 4343; x_wconf 83' lang='lat' dir='ltr'>.exortos.</span> 
     </span>
    </p>
   </div>
   <div class='ocr_carea' id='block_1_60' title="bbox 197 4378 1831 4455">
    <p class='ocr_par' dir='ltr' id='par_1_60' title="bbox 197 4378 1831 4455">
     <span class='ocr_line' id='line_1_60' title="bbox 197 4378 1831 4455; baseline -0.001 -23"><span class='ocrx_word' id='word_1_426' title='bbox 197 4380 246 4434; x_wconf 88' lang='lat' dir='ltr'>ld</span> <span class='ocrx_word' id='word_1_427' title='bbox 273 4382 391 4439; x_wconf 88' lang='lat' dir='ltr'>dico</span> <span class='ocrx_word' id='word_1_428' title='bbox 423 4382 589 4455; x_wconf 89' lang='lat' dir='ltr'>quod</span> <span class='ocrx_word' id='word_1_429' title='bbox 622 4380 812 4451; x_wconf 85' lang='lat' dir='ltr'>hujus</span> <span class='ocrx_word' id='word_1_430' title='bbox 840 4378 1170 4452; x_wconf 81' lang='lat' dir='ltr'>argumenti</span> <span class='ocrx_word' id='word_1_431' title='bbox 1192 4378 1307 4432; x_wconf 90' lang='lat' dir='ltr'>vim</span> <span class='ocrx_word' id='word_1_432' title='bbox 1331 4392 1568 4433; x_wconf 89' lang='lat' dir='ltr'>omnem</span> <span class='ocrx_word' id='word_1_433' title='bbox 1590 4393 1831 4448; x_wconf 87' lang='lat' dir='ltr'>prorsus</span> 
     </span>
    </p>
   </div>
   <div class='ocr_carea' id='block_1_61' title="bbox 198 4467 1834 4546">
    <p class='ocr_par' dir='ltr' id='par_1_61' title="bbox 198 4467 1834 4546">
     <span class='ocr_line' id='line_1_61' title="bbox 198 4467 1834 4546; baseline -0.001 -23"><span class='ocrx_word' id='word_1_434' title='bbox 198 4469 337 4526; x_wconf 85' lang='lat' dir='ltr'>elidit</span> <span class='ocrx_word' id='word_1_435' title='bbox 357 4479 663 4546; x_wconf 86' lang='lat' dir='ltr'>etpessun</span> <span class='ocrx_word' id='word_1_436' title='bbox 676 4469 777 4525; x_wconf 89' lang='lat' dir='ltr'>dat</span> <span class='ocrx_word' id='word_1_437' title='bbox 800 4487 812 4523; x_wconf 89' lang='lat'>:</span> <span class='ocrx_word' id='word_1_438' title='bbox 838 4473 1068 4541; x_wconf 90' lang='lat' dir='ltr'>poterat</span> <span class='ocrx_word' id='word_1_439' title='bbox 1090 4467 1449 4523; x_wconf 87' lang='lat' dir='ltr'>Athanasius</span> <span class='ocrx_word' id='word_1_440' title='bbox 1496 4483 1616 4521; x_wconf 89' lang='lat' dir='ltr'>non</span> <span class='ocrx_word' id='word_1_441' title='bbox 1646 4482 1834 4538; x_wconf 89' lang='lat' dir='ltr'>pauca</span> 
     </span>
    </p>
   </div>
   <div class='ocr_carea' id='block_1_62' title="bbox 200 4556 1832 4635">
    <p class='ocr_par' dir='ltr' id='par_1_62' title="bbox 200 4556 1832 4635">
     <span class='ocr_line' id='line_1_62' title="bbox 200 4556 1832 4635; baseline -0.001 -22"><span class='ocrx_word' id='word_1_442' title='bbox 200 4575 255 4613; x_wconf 78' lang='lat' dir='ltr'>ex</span> <span class='ocrx_word' id='word_1_443' title='bbox 278 4565 485 4618; x_wconf 79' lang='lat' dir='ltr'>nostris</span> <span class='ocrx_word' id='word_1_444' title='bbox 520 4559 744 4635; x_wconf 80' lang='lat' dir='ltr'>lgnatii</span> <span class='ocrx_word' id='word_1_445' title='bbox 777 4558 1040 4631; x_wconf 88' lang='lat' dir='ltr'>epistolis</span> <span class='ocrx_word' id='word_1_446' title='bbox 1068 4557 1330 4630; x_wconf 83' lang='lat' dir='ltr'>proferre</span> <span class='ocrx_word' id='word_1_447' title='bbox 1352 4556 1640 4627; x_wconf 71' lang='lat' dir='ltr'>loca,quaa</span> <span class='ocrx_word' id='word_1_448' title='bbox 1663 4556 1832 4611; x_wconf 86' lang='lat' dir='ltr'>Aria-</span> 
     </span>
    </p>
   </div>
   <div class='ocr_carea' id='block_1_63' title="bbox 1933 1956 3588 2035">
    <p class='ocr_par' dir='ltr' id='par_1_63' title="bbox 1933 1956 3588 2035">
     <span class='ocr_line' id='line_1_63' title="bbox 1933 1956 3588 2035; baseline 0.005 -24"><span class='ocrx_word' id='word_1_449' title='bbox 1933 1971 2032 2011; x_wconf 90' lang='lat' dir='ltr'>eos</span> <span class='ocrx_word' id='word_1_450' title='bbox 2047 1958 2145 2027; x_wconf 91' lang='lat' dir='ltr'>qui</span> <span class='ocrx_word' id='word_1_451' title='bbox 2166 1956 2414 2012; x_wconf 89' lang='lat' dir='ltr'>Verbum</span> <span class='ocrx_word' id='word_1_452' title='bbox 2432 1964 2762 2015; x_wconf 84' lang='lat' dir='ltr'>creaturam</span> <span class='ocrx_word' id='word_1_453' title='bbox 2782 1977 2909 2017; x_wconf 89' lang='lat' dir='ltr'>esse</span> <span class='ocrx_word' id='word_1_454' title='bbox 2925 1961 3266 2024; x_wconf 90' lang='lat' dir='ltr'>dicunt.nec</span> <span class='ocrx_word' id='word_1_455' title='bbox 3287 1964 3588 2035; x_wconf 86' lang='lat' dir='ltr'>proprium</span> 
     </span>
    </p>
   </div>
   <div class='ocr_carea' id='block_1_64' title="bbox 1930 2045 3587 2124">
    <p class='ocr_par' dir='ltr' id='par_1_64' title="bbox 1930 2045 3587 2124">
     <span class='ocr_line' id='line_1_64' title="bbox 1930 2045 3587 2124; baseline 0.007 -25"><span class='ocrx_word' id='word_1_456' title='bbox 1930 2045 2138 2101; x_wconf 90' lang='lat' dir='ltr'>Filium</span> <span class='ocrx_word' id='word_1_457' title='bbox 2174 2063 2303 2101; x_wconf 90' lang='lat' dir='ltr'>esse</span> <span class='ocrx_word' id='word_1_458' title='bbox 2326 2048 2529 2103; x_wconf 87' lang='lat' dir='ltr'>volunt</span> <span class='ocrx_word' id='word_1_459' title='bbox 2555 2071 2579 2099; x_wconf 74' lang='grc'><strong>››</strong></span> <span class='ocrx_word' id='word_1_460' title='bbox 2597 2048 2847 2121; x_wconf 88' lang='lat' dir='ltr'>(scilicet</span> <span class='ocrx_word' id='word_1_461' title='bbox 2879 2052 3284 2124; x_wconf 81' lang='lat' dir='ltr'>Arianos),«ex</span> <span class='ocrx_word' id='word_1_462' title='bbox 3303 2053 3587 2110; x_wconf 86' lang='lat' dir='ltr'>humanis</span> 
     </span>
    </p>
   </div>
   <div class='ocr_carea' id='block_1_65' title="bbox 1931 2135 3587 2214">
    <p class='ocr_par' dir='ltr' id='par_1_65' title="bbox 1931 2135 3587 2214">
     <span class='ocr_line' id='line_1_65' title="bbox 1931 2135 3587 2214; baseline 0.006 -25"><span class='ocrx_word' id='word_1_463' title='bbox 1931 2135 2222 2208; x_wconf 87' lang='lat' dir='ltr'>exemplis</span> <span class='ocrx_word' id='word_1_464' title='bbox 2249 2137 2432 2207; x_wconf 89' lang='lat' dir='ltr'>patris</span> <span class='ocrx_word' id='word_1_465' title='bbox 2462 2143 2520 2192; x_wconf 89' lang='lat' dir='ltr'>et</span> <span class='ocrx_word' id='word_1_466' title='bbox 2550 2137 2888 2208; x_wconf 82' lang='lat' dir='ltr'>tilii,contra</span> <span class='ocrx_word' id='word_1_467' title='bbox 2918 2157 3020 2196; x_wconf 88' lang='lat' dir='ltr'>eos</span> <span class='ocrx_word' id='word_1_468' title='bbox 3046 2163 3073 2191; x_wconf 85' lang='grc'><strong><em>››</em></strong></span> <span class='ocrx_word' id='word_1_469' title='bbox 3096 2142 3393 2214; x_wconf 88' lang='lat' dir='ltr'>(Arianos)</span> <span class='ocrx_word' id='word_1_470' title='bbox 3426 2163 3457 2194; x_wconf 88' lang='grc'>‹‹</span> <span class='ocrx_word' id='word_1_471' title='bbox 3488 2142 3587 2198; x_wconf 91' lang='lat' dir='ltr'>de-</span> 
     </span>
    </p>
   </div>
   <div class='ocr_carea' id='block_1_66' title="bbox 1931 2225 3582 2302">
    <p class='ocr_par' dir='ltr' id='par_1_66' title="bbox 1931 2225 3582 2302">
     <span class='ocr_line' id='line_1_66' title="bbox 1931 2225 3582 2302; baseline 0.004 -23"><span class='ocrx_word' id='word_1_472' title='bbox 1931 2225 2398 2281; x_wconf 83' lang='lat' dir='ltr'>monstrationes</span> <span class='ocrx_word' id='word_1_473' title='bbox 2430 2234 2832 2299; x_wconf 88' lang='lat' dir='ltr'>sumpserunt.</span> <span class='ocrx_word' id='word_1_474' title='bbox 2862 2252 2889 2279; x_wconf 88' lang='grc'>››</span> <span class='ocrx_word' id='word_1_475' title='bbox 2910 2229 2977 2284; x_wconf 86' lang='lat' dir='ltr'>Hi</span> <span class='ocrx_word' id='word_1_476' title='bbox 3020 2230 3582 2302; x_wconf 88' lang='lat' dir='ltr'>igitur,quibuscum</span> 
     </span>
    </p>
   </div>
   <div class='ocr_carea' id='block_1_67' title="bbox 1932 2315 3585 2392">
    <p class='ocr_par' dir='ltr' id='par_1_67' title="bbox 1932 2315 3585 2392">
     <span class='ocr_line' id='line_1_67' title="bbox 1932 2315 3585 2392; baseline 0.006 -25"><span class='ocrx_word' id='word_1_477' title='bbox 1932 2315 2051 2388; x_wconf 84' lang='lat' dir='ltr'>agit</span> <span class='ocrx_word' id='word_1_478' title='bbox 2081 2315 2675 2385; x_wconf 81' lang='lat' dir='ltr'>Athanasius,contra</span> <span class='ocrx_word' id='word_1_479' title='bbox 2700 2320 2951 2375; x_wconf 88' lang='lat' dir='ltr'>Arianos</span> <span class='ocrx_word' id='word_1_480' title='bbox 2981 2319 3386 2392; x_wconf 87' lang='lat' dir='ltr'>disputabant,</span> <span class='ocrx_word' id='word_1_481' title='bbox 3421 2337 3585 2377; x_wconf 88' lang='lat' dir='ltr'>eam-</span> 
     </span>
    </p>
   </div>
   <div class='ocr_carea' id='block_1_68' title="bbox 1933 2403 3583 2480">
    <p class='ocr_par' dir='ltr' id='par_1_68' title="bbox 1933 2403 3583 2480">
     <span class='ocr_line' id='line_1_68' title="bbox 1933 2403 3583 2480; baseline 0.007 -23"><span class='ocrx_word' id='word_1_482' title='bbox 1933 2403 2067 2458; x_wconf 86' lang='lat' dir='ltr'>dem</span> <span class='ocrx_word' id='word_1_483' title='bbox 2100 2404 2279 2460; x_wconf 84' lang='lat' dir='ltr'>ﬁdem</span> <span class='ocrx_word' id='word_1_484' title='bbox 2310 2421 2444 2460; x_wconf 91' lang='lat' dir='ltr'>cum</span> <span class='ocrx_word' id='word_1_485' title='bbox 2487 2407 2816 2464; x_wconf 88' lang='lat' dir='ltr'>Athanasio</span> <span class='ocrx_word' id='word_1_486' title='bbox 2873 2409 3348 2480; x_wconf 80' lang='lat' dir='ltr'>proﬁtebantur;</span> <span class='ocrx_word' id='word_1_487' title='bbox 3380 2426 3583 2468; x_wconf 80' lang='lat' dir='ltr'>vocem</span> 
     </span>
    </p>
   </div>
   <div class='ocr_carea' id='block_1_69' title="bbox 1934 2491 3586 2572">
    <p class='ocr_par' dir='ltr' id='par_1_69' title="bbox 1934 2491 3586 2572">
     <span class='ocr_line' id='line_1_69' title="bbox 1934 2491 3586 2572; baseline 0.004 -24"><span class='ocrx_word' id='word_1_488' title='bbox 1934 2498 2132 2549; x_wconf 88' lang='lat' dir='ltr'>autem</span> <span class='ocrx_word' id='word_1_489' title='bbox 2164 2491 2459 2566; x_wconf 74' lang='grc' dir='ltr'>ὁμοούσιον</span> <span class='ocrx_word' id='word_1_490' title='bbox 2488 2496 2757 2552; x_wconf 91' lang='lat' dir='ltr'>nondum</span> <span class='ocrx_word' id='word_1_491' title='bbox 2789 2497 3203 2563; x_wconf 85' lang='lat' dir='ltr'>admittebant,</span> <span class='ocrx_word' id='word_1_492' title='bbox 3237 2499 3416 2571; x_wconf 89' lang='lat' dir='ltr'>idque</span> <span class='ocrx_word' id='word_1_493' title='bbox 3442 2517 3586 2572; x_wconf 89' lang='lat' dir='ltr'>pro-</span> 
     </span>
    </p>
   </div>
   <div class='ocr_carea' id='block_1_70' title="bbox 1929 2584 3584 2662">
    <p class='ocr_par' dir='ltr' id='par_1_70' title="bbox 1929 2584 3584 2662">
     <span class='ocr_line' id='line_1_70' title="bbox 1929 2584 3584 2662; baseline 0.004 -25"><span class='ocrx_word' id='word_1_494' title='bbox 1929 2588 2062 2656; x_wconf 90' lang='lat' dir='ltr'>pter</span> <span class='ocrx_word' id='word_1_495' title='bbox 2090 2584 2486 2640; x_wconf 87' lang='lat' dir='ltr'>reverentiam</span> <span class='ocrx_word' id='word_1_496' title='bbox 2513 2592 2572 2641; x_wconf 92' lang='lat' dir='ltr'>et</span> <span class='ocrx_word' id='word_1_497' title='bbox 2601 2587 2890 2644; x_wconf 91' lang='lat' dir='ltr'>honorem</span> <span class='ocrx_word' id='word_1_498' title='bbox 2925 2606 3064 2662; x_wconf 86' lang='lat' dir='ltr'>erga</span> <span class='ocrx_word' id='word_1_499' title='bbox 3091 2606 3193 2645; x_wconf 87' lang='lat' dir='ltr'>eos</span> <span class='ocrx_word' id='word_1_500' title='bbox 3222 2591 3449 2656; x_wconf 89' lang='lat' dir='ltr'>Patres,</span> <span class='ocrx_word' id='word_1_501' title='bbox 3482 2591 3584 2660; x_wconf 89' lang='lat' dir='ltr'>qui</span> 
     </span>
    </p>
   </div>
   <div class='ocr_carea' id='block_1_71' title="bbox 1931 2673 3592 2736">
    <p class='ocr_par' dir='ltr' id='par_1_71' title="bbox 1931 2673 3592 2736">
     <span class='ocr_line' id='line_1_71' title="bbox 1931 2673 3592 2736; baseline 0.005 -8"><span class='ocrx_word' id='word_1_502' title='bbox 1931 2673 2185 2729; x_wconf 90' lang='lat' dir='ltr'>Paulum</span> <span class='ocrx_word' id='word_1_503' title='bbox 2217 2675 2699 2732; x_wconf 86' lang='lat' dir='ltr'>Samosatensem</span> <span class='ocrx_word' id='word_1_504' title='bbox 2732 2677 3300 2735; x_wconf 86' lang='lat' dir='ltr'>condemnaverant.</span> <span class='ocrx_word' id='word_1_505' title='bbox 3325 2681 3592 2736; x_wconf 86' lang='lat' dir='ltr'>Athana-</span> 
     </span>
    </p>
   </div>
   <div class='ocr_carea' id='block_1_72' title="bbox 1935 2765 3589 2838">
    <p class='ocr_par' dir='ltr' id='par_1_72' title="bbox 1935 2765 3589 2838">
     <span class='ocr_line' id='line_1_72' title="bbox 1935 2765 3589 2838; baseline 0.002 -19"><span class='ocrx_word' id='word_1_506' title='bbox 1935 2765 2060 2820; x_wconf 90' lang='lat' dir='ltr'>sius</span> <span class='ocrx_word' id='word_1_507' title='bbox 2092 2771 2157 2819; x_wconf 91' lang='lat' dir='ltr'>ut</span> <span class='ocrx_word' id='word_1_508' title='bbox 2179 2766 2337 2820; x_wconf 90' lang='lat' dir='ltr'>hunc</span> <span class='ocrx_word' id='word_1_509' title='bbox 2369 2767 2440 2822; x_wconf 89' lang='lat' dir='ltr'>iis</span> <span class='ocrx_word' id='word_1_510' title='bbox 2473 2767 2821 2838; x_wconf 88' lang='lat' dir='ltr'>scrupulum</span> <span class='ocrx_word' id='word_1_511' title='bbox 2845 2767 3079 2836; x_wconf 90' lang='lat' dir='ltr'>evellat,</span> <span class='ocrx_word' id='word_1_512' title='bbox 3111 2768 3288 2824; x_wconf 90' lang='lat' dir='ltr'>docet</span> <span class='ocrx_word' id='word_1_513' title='bbox 3308 2785 3426 2823; x_wconf 89' lang='lat' dir='ltr'>non</span> <span class='ocrx_word' id='word_1_514' title='bbox 3460 2783 3589 2824; x_wconf 89' lang='lat' dir='ltr'>esse</span> 
     </span>
    </p>
   </div>
   <div class='ocr_carea' id='block_1_73' title="bbox 1932 2855 3587 2929">
    <p class='ocr_par' dir='ltr' id='par_1_73' title="bbox 1932 2855 3587 2929">
     <span class='ocr_line' id='line_1_73' title="bbox 1932 2855 3587 2929; baseline 0.001 -18"><span class='ocrx_word' id='word_1_515' title='bbox 1932 2855 2494 2926; x_wconf 85' lang='lat' dir='ltr'>contendendum,si</span> <span class='ocrx_word' id='word_1_516' title='bbox 2513 2856 2674 2929; x_wconf 90' lang='lat' dir='ltr'>prior</span> <span class='ocrx_word' id='word_1_517' title='bbox 2692 2857 2954 2929; x_wconf 88' lang='lat' dir='ltr'>synodus</span> <span class='ocrx_word' id='word_1_518' title='bbox 2976 2856 3271 2929; x_wconf 67' lang='grc' dir='ltr'>ὁμοούσισιν</span> <span class='ocrx_word' id='word_1_519' title='bbox 3287 2858 3587 2928; x_wconf 86' lang='lat' dir='ltr'>rejiceret,</span> 
     </span>
    </p>
   </div>
   <div class='ocr_carea' id='block_1_74' title="bbox 1934 2945 3588 3016">
    <p class='ocr_par' dir='ltr' id='par_1_74' title="bbox 1934 2945 3588 3016">
     <span class='ocr_line' id='line_1_74' title="bbox 1934 2945 3588 3016; baseline 0.002 -16"><span class='ocrx_word' id='word_1_520' title='bbox 1934 2945 2228 3016; x_wconf 87' lang='lat' dir='ltr'>posterior</span> <span class='ocrx_word' id='word_1_521' title='bbox 2249 2945 2737 3003; x_wconf 88' lang='lat' dir='ltr'>commendaret:</span> <span class='ocrx_word' id='word_1_522' title='bbox 2773 2947 2828 3000; x_wconf 86' lang='lat' dir='ltr'>id</span> <span class='ocrx_word' id='word_1_523' title='bbox 2857 2948 3016 3002; x_wconf 91' lang='lat' dir='ltr'>enim</span> <span class='ocrx_word' id='word_1_524' title='bbox 3049 2963 3116 3001; x_wconf 85' lang='lat' dir='ltr'>ex</span> <span class='ocrx_word' id='word_1_525' title='bbox 3147 2946 3376 3001; x_wconf 90' lang='lat' dir='ltr'>diverso</span> <span class='ocrx_word' id='word_1_526' title='bbox 3409 2962 3588 3003; x_wconf 85' lang='lat' dir='ltr'>sensu</span> 
     </span>
    </p>
   </div>
   <div class='ocr_carea' id='block_1_75' title="bbox 1936 3038 3593 3110">
    <p class='ocr_par' dir='ltr' id='par_1_75' title="bbox 1936 3038 3593 3110">
     <span class='ocr_line' id='line_1_75' title="bbox 1936 3038 3593 3110; baseline 0.001 -17"><span class='ocrx_word' id='word_1_527' title='bbox 1936 3038 2157 3093; x_wconf 86' lang='lat' dir='ltr'>factum</span> <span class='ocrx_word' id='word_1_528' title='bbox 2189 3055 2336 3093; x_wconf 91' lang='lat' dir='ltr'>esse.</span> <span class='ocrx_word' id='word_1_529' title='bbox 2372 3038 2519 3093; x_wconf 91' lang='lat' dir='ltr'>Dein</span> <span class='ocrx_word' id='word_1_530' title='bbox 2555 3038 2891 3110; x_wconf 85' lang='lat' dir='ltr'>exemplum</span> <span class='ocrx_word' id='word_1_531' title='bbox 2949 3038 3222 3110; x_wconf 89' lang='lat' dir='ltr'>producit</span> <span class='ocrx_word' id='word_1_532' title='bbox 3252 3043 3593 3094; x_wconf 88' lang='lat' dir='ltr'>sanctorum</span> 
     </span>
    </p>
   </div>
   <div class='ocr_carea' id='block_1_76' title="bbox 1936 3126 3591 3200">
    <p class='ocr_par' dir='ltr' id='par_1_76' title="bbox 1936 3126 3591 3200">
     <span class='ocr_line' id='line_1_76' title="bbox 1936 3126 3591 3200; baseline 0.001 -18"><span class='ocrx_word' id='word_1_533' title='bbox 1936 3128 2198 3193; x_wconf 88' lang='lat' dir='ltr'>Patrum,</span> <span class='ocrx_word' id='word_1_534' title='bbox 2226 3128 2330 3199; x_wconf 89' lang='lat' dir='ltr'>qui</span> <span class='ocrx_word' id='word_1_535' title='bbox 2368 3126 2658 3199; x_wconf 66' lang='grc' dir='ltr'>ἀγέννητον</span> <span class='ocrx_word' id='word_1_536' title='bbox 2693 3128 2865 3183; x_wconf 89' lang='lat' dir='ltr'>aliter</span> <span class='ocrx_word' id='word_1_537' title='bbox 2925 3136 3102 3199; x_wconf 87' lang='lat' dir='ltr'>atque</span> <span class='ocrx_word' id='word_1_538' title='bbox 3154 3128 3325 3184; x_wconf 91' lang='lat' dir='ltr'>aliter</span> <span class='ocrx_word' id='word_1_539' title='bbox 3351 3144 3591 3200; x_wconf 86' lang='lat' dir='ltr'>accepe-</span> 
     </span>
    </p>
   </div>
   <div class='ocr_carea' id='block_1_77' title="bbox 1945 3215 3594 3290">
    <p class='ocr_par' dir='ltr' id='par_1_77' title="bbox 1945 3215 3594 3290">
     <span class='ocr_line' id='line_1_77' title="bbox 1945 3215 3594 3290; baseline -0.001 -19"><span class='ocrx_word' id='word_1_540' title='bbox 1945 3222 2102 3273; x_wconf 87' lang='lat' dir='ltr'>runt.</span> <span class='ocrx_word' id='word_1_541' title='bbox 2154 3216 2429 3283; x_wconf 76' lang='lat' dir='ltr'>lgnatius,</span> <span class='ocrx_word' id='word_1_542' title='bbox 2472 3217 2688 3288; x_wconf 90' lang='lat' dir='ltr'>inquit,</span> <span class='ocrx_word' id='word_1_543' title='bbox 2749 3216 3063 3272; x_wconf 90' lang='lat' dir='ltr'>Dominum</span> <span class='ocrx_word' id='word_1_544' title='bbox 3125 3222 3251 3272; x_wconf 91' lang='lat' dir='ltr'>tum</span> <span class='ocrx_word' id='word_1_545' title='bbox 3307 3215 3594 3290; x_wconf 82' lang='grc' dir='ltr'>γεννητόν,</span> 
     </span>
    </p>
   </div>
   <div class='ocr_carea' id='block_1_78' title="bbox 1948 3299 3589 3380">
    <p class='ocr_par' dir='ltr' id='par_1_78' title="bbox 1948 3299 3589 3380">
     <span class='ocr_line' id='line_1_78' title="bbox 1948 3299 3589 3380; baseline -0.001 -19"><span class='ocrx_word' id='word_1_546' title='bbox 1948 3312 2070 3361; x_wconf 89' lang='lat' dir='ltr'>tum</span> <span class='ocrx_word' id='word_1_547' title='bbox 2100 3304 2392 3380; x_wconf 69' lang='grc' dir='ltr'>ἀγέννητον</span> <span class='ocrx_word' id='word_1_548' title='bbox 2426 3324 2439 3373; x_wconf 89' lang='grc'><strong>;</strong></span> <span class='ocrx_word' id='word_1_549' title='bbox 2472 3306 2573 3361; x_wconf 87' lang='lat' dir='ltr'>alii</span> <span class='ocrx_word' id='word_1_550' title='bbox 2608 3312 2742 3377; x_wconf 89' lang='lat' dir='ltr'>post</span> <span class='ocrx_word' id='word_1_551' title='bbox 2769 3307 3060 3379; x_wconf 75' lang='lat' dir='ltr'>Ignatium</span> <span class='ocrx_word' id='word_1_552' title='bbox 3111 3306 3410 3372; x_wconf 84' lang='lat' dir='ltr'>dixerunt,</span> <span class='ocrx_word' id='word_1_553' title='bbox 3441 3299 3495 3358; x_wconf 65' lang='grc' dir='ltr'>ἓν</span> <span class='ocrx_word' id='word_1_554' title='bbox 3525 3304 3589 3366; x_wconf 72' lang='grc' dir='ltr'>τὸ</span> 
     </span>
    </p>
   </div>
   <div class='ocr_carea' id='block_1_79' title="bbox 1944 3392 3591 3469">
    <p class='ocr_par' dir='ltr' id='par_1_79' title="bbox 1944 3392 3591 3469">
     <span class='ocr_line' id='line_1_79' title="bbox 1944 3392 3591 3469; baseline 0.001 -20"><span class='ocrx_word' id='word_1_555' title='bbox 1944 3392 2227 3469; x_wconf 71' lang='grc' dir='ltr'>ἀγέννητον</span> <span class='ocrx_word' id='word_1_556' title='bbox 2260 3395 2287 3449; x_wconf 85' lang='grc' dir='ltr'>ὁ</span> <span class='ocrx_word' id='word_1_557' title='bbox 2321 3397 2529 3467; x_wconf 74' lang='grc' dir='ltr'>Πατήρ,</span> <span class='ocrx_word' id='word_1_558' title='bbox 2562 3397 2705 3452; x_wconf 87' lang='lat' dir='ltr'>solus</span> <span class='ocrx_word' id='word_1_559' title='bbox 2740 3401 2909 3451; x_wconf 72' lang='lat' dir='ltr'>Pater</span> <span class='ocrx_word' id='word_1_560' title='bbox 2950 3398 3244 3467; x_wconf 82' lang='lat' dir='ltr'>ingenitus.</span> <span class='ocrx_word' id='word_1_561' title='bbox 3279 3399 3455 3451; x_wconf 83' lang='lat' dir='ltr'>Recte</span> <span class='ocrx_word' id='word_1_562' title='bbox 3486 3411 3591 3451; x_wconf 63' lang='lat' dir='ltr'>auo</span> 
     </span>
    </p>
   </div>
   <div class='ocr_carea' id='block_1_80' title="bbox 1942 3486 3586 3558">
    <p class='ocr_par' dir='ltr' id='par_1_80' title="bbox 1942 3486 3586 3558">
     <span class='ocr_line' id='line_1_80' title="bbox 1942 3486 3586 3558; baseline -0.001 -17"><span class='ocrx_word' id='word_1_563' title='bbox 1942 3491 2061 3541; x_wconf 91' lang='lat' dir='ltr'>tem</span> <span class='ocrx_word' id='word_1_564' title='bbox 2094 3491 2153 3541; x_wconf 88' lang='lat' dir='ltr'>et</span> <span class='ocrx_word' id='word_1_565' title='bbox 2173 3486 2517 3558; x_wconf 86' lang='lat' dir='ltr'>lgnatius,et</span> <span class='ocrx_word' id='word_1_566' title='bbox 2538 3486 2624 3540; x_wconf 89' lang='lat' dir='ltr'>illi</span> <span class='ocrx_word' id='word_1_567' title='bbox 2651 3486 2975 3541; x_wconf 89' lang='lat' dir='ltr'>secundum</span> <span class='ocrx_word' id='word_1_568' title='bbox 3001 3486 3295 3541; x_wconf 90' lang='lat' dir='ltr'>diversum</span> <span class='ocrx_word' id='word_1_569' title='bbox 3322 3502 3586 3555; x_wconf 88' lang='lat' dir='ltr'>sensum,</span> 
     </span>
    </p>
   </div>
   <div class='ocr_carea' id='block_1_81' title="bbox 1943 3575 3591 3647">
    <p class='ocr_par' dir='ltr' id='par_1_81' title="bbox 1943 3575 3591 3647">
     <span class='ocr_line' id='line_1_81' title="bbox 1943 3575 3591 3647; baseline -0.001 -16"><span class='ocrx_word' id='word_1_570' title='bbox 1943 3576 2035 3631; x_wconf 91' lang='lat' dir='ltr'>cui</span> <span class='ocrx_word' id='word_1_571' title='bbox 2064 3576 2175 3647; x_wconf 90' lang='lat' dir='ltr'>ipsi</span> <span class='ocrx_word' id='word_1_572' title='bbox 2207 3592 2340 3631; x_wconf 90' lang='lat' dir='ltr'>cum</span> <span class='ocrx_word' id='word_1_573' title='bbox 2371 3576 2698 3632; x_wconf 84' lang='lat' dir='ltr'>scriberent</span> <span class='ocrx_word' id='word_1_574' title='bbox 2720 3577 3262 3632; x_wconf 66' lang='lat' dir='ltr'>attenderuntﬁaec</span> <span class='ocrx_word' id='word_1_575' title='bbox 3284 3575 3591 3632; x_wconf 88' lang='lat' dir='ltr'>ille.0bse-</span> 
     </span>
    </p>
   </div>
   <div class='ocr_carea' id='block_1_82' title="bbox 1942 3664 3594 3737">
    <p class='ocr_par' dir='ltr' id='par_1_82' title="bbox 1942 3664 3594 3737">
     <span class='ocr_line' id='line_1_82' title="bbox 1942 3664 3594 3737; baseline -0.002 -17"><span class='ocrx_word' id='word_1_576' title='bbox 1942 3682 2041 3720; x_wconf 87' lang='lat' dir='ltr'>cro</span> <span class='ocrx_word' id='word_1_577' title='bbox 2073 3665 2250 3736; x_wconf 77' lang='lat' dir='ltr'>igitur</span> <span class='ocrx_word' id='word_1_578' title='bbox 2276 3670 2435 3720; x_wconf 89' lang='lat' dir='ltr'>tuam</span> <span class='ocrx_word' id='word_1_579' title='bbox 2468 3666 2669 3732; x_wconf 85' lang='lat' dir='ltr'>tidem,</span> <span class='ocrx_word' id='word_1_580' title='bbox 2702 3670 2845 3736; x_wconf 89' lang='lat' dir='ltr'>quot</span> <span class='ocrx_word' id='word_1_581' title='bbox 2876 3666 3005 3721; x_wconf 90' lang='lat' dir='ltr'>loca</span> <span class='ocrx_word' id='word_1_582' title='bbox 3064 3682 3133 3720; x_wconf 84' lang='lat' dir='ltr'>ex</span> <span class='ocrx_word' id='word_1_583' title='bbox 3159 3664 3385 3737; x_wconf 82' lang='lat' dir='ltr'>Ignatio</span> <span class='ocrx_word' id='word_1_584' title='bbox 3418 3664 3594 3718; x_wconf 84' lang='lat' dir='ltr'>Atha-</span> 
     </span>
    </p>
   </div>
   <div class='ocr_carea' id='block_1_83' title="bbox 1941 3753 3597 3824">
    <p class='ocr_par' dir='ltr' id='par_1_83' title="bbox 1941 3753 3597 3824">
     <span class='ocr_line' id='line_1_83' title="bbox 1941 3753 3597 3824; baseline -0.002 -15"><span class='ocrx_word' id='word_1_585' title='bbox 1941 3755 2145 3809; x_wconf 89' lang='lat' dir='ltr'>nasius</span> <span class='ocrx_word' id='word_1_586' title='bbox 2172 3754 2452 3810; x_wconf 86' lang='lat' dir='ltr'>adversus</span> <span class='ocrx_word' id='word_1_587' title='bbox 2482 3754 2736 3809; x_wconf 82' lang='lat' dir='ltr'>Arianos</span> <span class='ocrx_word' id='word_1_588' title='bbox 2768 3754 3045 3824; x_wconf 90' lang='lat' dir='ltr'>produxit</span> <span class='ocrx_word' id='word_1_589' title='bbox 3068 3754 3093 3808; x_wconf 80' lang='lat'>‘?</span> <span class='ocrx_word' id='word_1_590' title='bbox 3114 3760 3175 3808; x_wconf 88' lang='lat' dir='ltr'>ut</span> <span class='ocrx_word' id='word_1_591' title='bbox 3209 3753 3314 3807; x_wconf 87' lang='lat' dir='ltr'>tibi</span> <span class='ocrx_word' id='word_1_592' title='bbox 3341 3753 3597 3818; x_wconf 86' lang='lat' dir='ltr'>videtur,</span> 
     </span>
    </p>
   </div>
   <div class='ocr_carea' id='block_1_84' title="bbox 1941 3841 3593 3914">
    <p class='ocr_par' dir='ltr' id='par_1_84' title="bbox 1941 3841 3593 3914">
     <span class='ocr_line' id='line_1_84' title="bbox 1941 3841 3593 3914; baseline -0.002 -15"><span class='ocrx_word' id='word_1_593' title='bbox 1941 3861 2164 3910; x_wconf 87' lang='lat' dir='ltr'>unum;</span> <span class='ocrx_word' id='word_1_594' title='bbox 2198 3850 2263 3898; x_wconf 90' lang='lat' dir='ltr'>ut</span> <span class='ocrx_word' id='word_1_595' title='bbox 2284 3844 2451 3909; x_wconf 86' lang='lat' dir='ltr'>mihi,</span> <span class='ocrx_word' id='word_1_596' title='bbox 2487 3861 2559 3898; x_wconf 90' lang='lat' dir='ltr'>ne</span> <span class='ocrx_word' id='word_1_597' title='bbox 2592 3860 2778 3898; x_wconf 90' lang='lat' dir='ltr'>unum</span> <span class='ocrx_word' id='word_1_598' title='bbox 2805 3843 3064 3912; x_wconf 91' lang='lat' dir='ltr'>quidem.</span> <span class='ocrx_word' id='word_1_599' title='bbox 3103 3842 3267 3906; x_wconf 87' lang='lat' dir='ltr'>Quod</span> <span class='ocrx_word' id='word_1_600' title='bbox 3301 3843 3482 3914; x_wconf 84' lang='lat' dir='ltr'>igitur</span> <span class='ocrx_word' id='word_1_601' title='bbox 3512 3841 3593 3896; x_wconf 87' lang='lat' dir='ltr'>de</span> 
     </span>
    </p>
   </div>
   <div class='ocr_carea' id='block_1_85' title="bbox 1942 3932 3599 4002">
    <p class='ocr_par' dir='ltr' id='par_1_85' title="bbox 1942 3932 3599 4002">
     <span class='ocr_line' id='line_1_85' title="bbox 1942 3932 3599 4002; baseline -0.002 -13"><span class='ocrx_word' id='word_1_602' title='bbox 1942 3934 2262 3990; x_wconf 86' lang='lat' dir='ltr'>Athanasio</span> <span class='ocrx_word' id='word_1_603' title='bbox 2294 3950 2495 3989; x_wconf 85' lang='lat' dir='ltr'>verum</span> <span class='ocrx_word' id='word_1_604' title='bbox 2530 3950 2657 3989; x_wconf 90' lang='lat' dir='ltr'>esse</span> <span class='ocrx_word' id='word_1_605' title='bbox 2688 3932 3144 4002; x_wconf 87' lang='lat' dir='ltr'>scimus,quidni</span> <span class='ocrx_word' id='word_1_606' title='bbox 3178 3937 3233 3995; x_wconf 90' lang='lat' dir='ltr'>et</span> <span class='ocrx_word' id='word_1_607' title='bbox 3261 3932 3332 3986; x_wconf 87' lang='lat' dir='ltr'>de</span> <span class='ocrx_word' id='word_1_608' title='bbox 3364 3934 3599 3986; x_wconf 83' lang='lat' dir='ltr'>Irean</span> 
     </span>
    </p>
   </div>
   <div class='ocr_carea' id='block_1_86' title="bbox 1942 4021 3591 4094">
    <p class='ocr_par' dir='ltr' id='par_1_86' title="bbox 1942 4021 3591 4094">
     <span class='ocr_line' id='line_1_86' title="bbox 1942 4021 3591 4094; baseline -0.002 -15"><span class='ocrx_word' id='word_1_609' title='bbox 1942 4026 2208 4080; x_wconf 83' lang='lat' dir='ltr'>dicamus</span> <span class='ocrx_word' id='word_1_610' title='bbox 2228 4024 2256 4079; x_wconf 72' lang='grc' dir='ltr'>’ἶ</span> <span class='ocrx_word' id='word_1_611' title='bbox 2276 4022 2722 4094; x_wconf 87' lang='lat' dir='ltr'>Quamplurima</span> <span class='ocrx_word' id='word_1_612' title='bbox 2744 4040 2816 4076; x_wconf 81' lang='lat' dir='ltr'>ex</span> <span class='ocrx_word' id='word_1_613' title='bbox 2830 4022 3096 4093; x_wconf 85' lang='lat' dir='ltr'>professo</span> <span class='ocrx_word' id='word_1_614' title='bbox 3121 4026 3327 4076; x_wconf 87' lang='lat' dir='ltr'>contra</span> <span class='ocrx_word' id='word_1_615' title='bbox 3339 4021 3591 4075; x_wconf 86' lang='lat' dir='ltr'>Arianos</span> 
     </span>
    </p>
   </div>
   <div class='ocr_carea' id='block_1_87' title="bbox 1943 4108 3590 4184">
    <p class='ocr_par' dir='ltr' id='par_1_87' title="bbox 1943 4108 3590 4184">
     <span class='ocr_line' id='line_1_87' title="bbox 1943 4108 3590 4184; baseline -0.002 -18"><span class='ocrx_word' id='word_1_616' title='bbox 1943 4112 2183 4184; x_wconf 90' lang='lat' dir='ltr'>scripsit</span> <span class='ocrx_word' id='word_1_617' title='bbox 2206 4111 2580 4176; x_wconf 79' lang='lat' dir='ltr'>Athanasius,</span> <span class='ocrx_word' id='word_1_618' title='bbox 2612 4111 2785 4182; x_wconf 86' lang='lat' dir='ltr'>plura</span> <span class='ocrx_word' id='word_1_619' title='bbox 2814 4125 2989 4180; x_wconf 86' lang='lat' dir='ltr'>quam</span> <span class='ocrx_word' id='word_1_620' title='bbox 3026 4108 3097 4164; x_wconf 87' lang='lat' dir='ltr'>ab</span> <span class='ocrx_word' id='word_1_621' title='bbox 3127 4109 3348 4163; x_wconf 74' lang='lat' dir='ltr'>Irenazo</span> <span class='ocrx_word' id='word_1_622' title='bbox 3382 4112 3590 4163; x_wconf 89' lang='lat' dir='ltr'>contra</span> 
     </span>
    </p>
   </div>
   <div class='ocr_carea' id='block_1_88' title="bbox 1942 4196 3590 4271">
    <p class='ocr_par' dir='ltr' id='par_1_88' title="bbox 1942 4196 3590 4271">
     <span class='ocr_line' id='line_1_88' title="bbox 1942 4196 3590 4271; baseline -0.003 -15"><span class='ocrx_word' id='word_1_623' title='bbox 1942 4218 2149 4256; x_wconf 89' lang='lat' dir='ltr'>omnes</span> <span class='ocrx_word' id='word_1_624' title='bbox 2180 4200 2493 4255; x_wconf 65' lang='lat' dir='ltr'>haereticos</span> <span class='ocrx_word' id='word_1_625' title='bbox 2516 4199 2735 4271; x_wconf 69' lang='lat' dir='ltr'>scripta</span> <span class='ocrx_word' id='word_1_626' title='bbox 2761 4196 3263 4253; x_wconf 74' lang='lat' dir='ltr'>habemusMulta</span> <span class='ocrx_word' id='word_1_627' title='bbox 3285 4196 3346 4251; x_wconf 89' lang='lat' dir='ltr'>in</span> <span class='ocrx_word' id='word_1_628' title='bbox 3368 4196 3590 4269; x_wconf 87' lang='lat' dir='ltr'>lgnatio</span> 
     </span>
    </p>
   </div>
   <div class='ocr_carea' id='block_1_89' title="bbox 1942 4285 3585 4347">
    <p class='ocr_par' dir='ltr' id='par_1_89' title="bbox 1942 4285 3585 4347">
     <span class='ocr_line' id='line_1_89' title="bbox 1942 4285 3585 4347; baseline -0.003 0"><span class='ocrx_word' id='word_1_629' title='bbox 1942 4297 2080 4347; x_wconf 89' lang='lat' dir='ltr'>sunt</span> <span class='ocrx_word' id='word_1_630' title='bbox 2110 4290 2184 4347; x_wconf 90' lang='lat' dir='ltr'>ad</span> <span class='ocrx_word' id='word_1_631' title='bbox 2214 4289 2571 4346; x_wconf 82' lang='lat' dir='ltr'>refellendos</span> <span class='ocrx_word' id='word_1_632' title='bbox 2596 4291 2844 4346; x_wconf 82' lang='lat' dir='ltr'>Arianos</span> <span class='ocrx_word' id='word_1_633' title='bbox 2863 4289 3006 4345; x_wconf 91' lang='lat' dir='ltr'>satis</span> <span class='ocrx_word' id='word_1_634' title='bbox 3027 4285 3585 4344; x_wconf 74' lang='lat' dir='ltr'>luculentanullam</span> 
     </span>
    </p>
   </div>
   <div class='ocr_carea' id='block_1_90' title="bbox 1945 4376 3585 4443">
    <p class='ocr_par' dir='ltr' id='par_1_90' title="bbox 1945 4376 3585 4443">
     <span class='ocr_line' id='line_1_90' title="bbox 1945 4376 3585 4443; baseline -0.002 -8"><span class='ocrx_word' id='word_1_635' title='bbox 1945 4386 2141 4436; x_wconf 89' lang='lat' dir='ltr'>tamen</span> <span class='ocrx_word' id='word_1_636' title='bbox 2173 4397 2244 4435; x_wconf 83' lang='lat' dir='ltr'>ex</span> <span class='ocrx_word' id='word_1_637' title='bbox 2277 4380 2376 4434; x_wconf 91' lang='lat' dir='ltr'>illo</span> <span class='ocrx_word' id='word_1_638' title='bbox 2399 4381 2757 4435; x_wconf 86' lang='lat' dir='ltr'>sententiam</span> <span class='ocrx_word' id='word_1_639' title='bbox 2788 4379 3069 4436; x_wconf 86' lang='lat' dir='ltr'>adversus</span> <span class='ocrx_word' id='word_1_640' title='bbox 3100 4395 3201 4434; x_wconf 91' lang='lat' dir='ltr'>eos</span> <span class='ocrx_word' id='word_1_641' title='bbox 3230 4376 3585 4443; x_wconf 81' lang='lat' dir='ltr'>adduxit,ne</span> 
     </span>
    </p>
   </div>
   <div class='ocr_carea' id='block_1_91' title="bbox 1942 4466 3586 4543">
    <p class='ocr_par' dir='ltr' id='par_1_91' title="bbox 1942 4466 3586 4543">
     <span class='ocr_line' id='line_1_91' title="bbox 1942 4466 3586 4543; baseline -0.002 -18"><span class='ocrx_word' id='word_1_642' title='bbox 1942 4470 2234 4543; x_wconf 86' lang='lat' dir='ltr'>lgnatium</span> <span class='ocrx_word' id='word_1_643' title='bbox 2267 4470 2461 4541; x_wconf 86' lang='lat' dir='ltr'>ipsum</span> <span class='ocrx_word' id='word_1_644' title='bbox 2492 4469 2855 4538; x_wconf 87' lang='lat' dir='ltr'>nominavit;</span> <span class='ocrx_word' id='word_1_645' title='bbox 2885 4474 2942 4524; x_wconf 89' lang='lat' dir='ltr'>et</span> <span class='ocrx_word' id='word_1_646' title='bbox 2958 4474 3159 4524; x_wconf 88' lang='lat' dir='ltr'>tamen</span> <span class='ocrx_word' id='word_1_647' title='bbox 3179 4466 3346 4522; x_wconf 88' lang='lat' dir='ltr'>illum</span> <span class='ocrx_word' id='word_1_648' title='bbox 3366 4466 3586 4538; x_wconf 89' lang='lat' dir='ltr'>optime</span> 
     </span>
    </p>
   </div>
   <div class='ocr_carea' id='block_1_92' title="bbox 1943 4555 3587 4626">
    <p class='ocr_par' dir='ltr' id='par_1_92' title="bbox 1943 4555 3587 4626">
     <span class='ocr_line' id='line_1_92' title="bbox 1943 4555 3587 4626; baseline -0.005 -10"><span class='ocrx_word' id='word_1_649' title='bbox 1943 4559 2122 4626; x_wconf 85' lang='lat' dir='ltr'>novit,</span> <span class='ocrx_word' id='word_1_650' title='bbox 2157 4566 2213 4614; x_wconf 91' lang='lat' dir='ltr'>et</span> <span class='ocrx_word' id='word_1_651' title='bbox 2246 4559 2431 4614; x_wconf 90' lang='lat' dir='ltr'>semel</span> <span class='ocrx_word' id='word_1_652' title='bbox 2461 4559 2535 4615; x_wconf 90' lang='lat' dir='ltr'>ad</span> <span class='ocrx_word' id='word_1_653' title='bbox 2588 4559 2836 4614; x_wconf 89' lang='lat' dir='ltr'>dilectos</span> <span class='ocrx_word' id='word_1_654' title='bbox 2869 4564 2927 4615; x_wconf 91' lang='lat' dir='ltr'>et</span> <span class='ocrx_word' id='word_1_655' title='bbox 2956 4558 3167 4613; x_wconf 88' lang='lat' dir='ltr'>fratres</span> <span class='ocrx_word' id='word_1_656' title='bbox 3198 4574 3337 4612; x_wconf 89' lang='lat' dir='ltr'>suos</span> <span class='ocrx_word' id='word_1_657' title='bbox 3370 4555 3587 4611; x_wconf 87' lang='lat' dir='ltr'>citavit.</span> 
     </span>
    </p>
   </div>
   <div class='ocr_carea' id='block_1_93' title="bbox 196 4634 3588 4721">
    <p class='ocr_par' dir='ltr' id='par_1_93' title="bbox 196 4634 3588 4721">
     <span class='ocr_line' id='line_1_93' title="bbox 196 4634 3588 4721; baseline -0.002 -18"><span class='ocrx_word' id='word_1_658' title='bbox 196 4663 309 4705; x_wconf 81' lang='lat' dir='ltr'>nam</span> <span class='ocrx_word' id='word_1_659' title='bbox 339 4634 619 4708; x_wconf 65' lang='lat' dir='ltr'>haeresim</span> <span class='ocrx_word' id='word_1_660' title='bbox 655 4648 879 4704; x_wconf 88' lang='lat' dir='ltr'>diserte</span> <span class='ocrx_word' id='word_1_661' title='bbox 902 4653 1334 4720; x_wconf 88' lang='lat' dir='ltr'>peterent,cum</span> <span class='ocrx_word' id='word_1_662' title='bbox 1366 4662 1465 4701; x_wconf 91' lang='lat' dir='ltr'>eas</span> <span class='ocrx_word' id='word_1_663' title='bbox 1495 4651 1632 4701; x_wconf 88' lang='lat' dir='ltr'>ante</span> <span class='ocrx_word' id='word_1_664' title='bbox 1664 4644 1827 4700; x_wconf 88' lang='lat' dir='ltr'>illius</span> <span class='ocrx_word' id='word_1_665' title='bbox 1857 4634 1901 4699; x_wconf 87' lang='lat' dir='ltr'><strong>D</strong></span> <span class='ocrx_word' id='word_1_666' title='bbox 1942 4651 2200 4704; x_wconf 70' lang='lat' dir='ltr'>Irenmus</span> <span class='ocrx_word' id='word_1_667' title='bbox 2226 4650 2451 4721; x_wconf 84' lang='lat' dir='ltr'>pariter</span> <span class='ocrx_word' id='word_1_668' title='bbox 2476 4649 2626 4703; x_wconf 84' lang='lat' dir='ltr'>nihil</span> <span class='ocrx_word' id='word_1_669' title='bbox 2649 4649 2927 4704; x_wconf 90' lang='lat' dir='ltr'>adversus</span> <span class='ocrx_word' id='word_1_670' title='bbox 2956 4646 3266 4702; x_wconf 82' lang='lat' dir='ltr'>haereticos</span> <span class='ocrx_word' id='word_1_671' title='bbox 3289 4663 3357 4700; x_wconf 84' lang='lat' dir='ltr'>ex</span> <span class='ocrx_word' id='word_1_672' title='bbox 3380 4643 3588 4716; x_wconf 84' lang='lat' dir='ltr'>Ignatii</span> 
     </span>
    </p>
   </div>
   <div class='ocr_carea' id='block_1_94' title="bbox 198 4732 1833 4808">
    <p class='ocr_par' dir='ltr' id='par_1_94' title="bbox 198 4732 1833 4808">
     <span class='ocr_line' id='line_1_94' title="bbox 198 4732 1833 4808; baseline -0.001 -18"><span class='ocrx_word' id='word_1_673' title='bbox 198 4736 460 4796; x_wconf 65' lang='lat' dir='ltr'>hmreseos</span> <span class='ocrx_word' id='word_1_674' title='bbox 490 4744 784 4796; x_wconf 85' lang='lat' dir='ltr'>exortum</span> <span class='ocrx_word' id='word_1_675' title='bbox 806 4737 1055 4808; x_wconf 87' lang='lat' dir='ltr'>scriptas</span> <span class='ocrx_word' id='word_1_676' title='bbox 1092 4734 1273 4790; x_wconf 87' lang='lat' dir='ltr'>fuisse</span> <span class='ocrx_word' id='word_1_677' title='bbox 1308 4734 1485 4789; x_wconf 90' lang='lat' dir='ltr'>etiam</span> <span class='ocrx_word' id='word_1_678' title='bbox 1510 4732 1833 4789; x_wconf 84' lang='lat' dir='ltr'>adversarii</span> 
     </span>
    </p>
   </div>
   <div class='ocr_carea' id='block_1_95' title="bbox 205 4821 1828 4895">
    <p class='ocr_par' dir='ltr' id='par_1_95' title="bbox 205 4821 1828 4895">
     <span class='ocr_line' id='line_1_95' title="bbox 205 4821 1828 4895; baseline -0.001 -16"><span class='ocrx_word' id='word_1_679' title='bbox 205 4842 379 4885; x_wconf 85' lang='lat' dir='ltr'>omnes</span> <span class='ocrx_word' id='word_1_680' title='bbox 409 4831 748 4885; x_wconf 67' lang='lat' dir='ltr'>fazeantur.</span> <span class='ocrx_word' id='word_1_681' title='bbox 780 4826 981 4880; x_wconf 83' lang='lat' dir='ltr'>Varios</span> <span class='ocrx_word' id='word_1_682' title='bbox 1013 4823 1110 4879; x_wconf 91' lang='lat' dir='ltr'>ille</span> <span class='ocrx_word' id='word_1_683' title='bbox 1149 4822 1389 4895; x_wconf 89' lang='lat' dir='ltr'>quidem</span> <span class='ocrx_word' id='word_1_684' title='bbox 1417 4821 1600 4877; x_wconf 89' lang='lat' dir='ltr'>libros</span> <span class='ocrx_word' id='word_1_685' title='bbox 1626 4821 1828 4877; x_wconf 81' lang='lat' dir='ltr'>adver-</span> 
     </span>
    </p>
   </div>
   <div class='ocr_carea' id='block_1_96' title="bbox 205 4910 1831 4985">
    <p class='ocr_par' dir='ltr' id='par_1_96' title="bbox 205 4910 1831 4985">
     <span class='ocr_line' id='line_1_96' title="bbox 205 4910 1831 4985; baseline -0.001 -17"><span class='ocrx_word' id='word_1_686' title='bbox 205 4934 281 4969; x_wconf 76' lang='lat' dir='ltr'>sus</span> <span class='ocrx_word' id='word_1_687' title='bbox 300 4921 542 4974; x_wconf 74' lang='lat' dir='ltr'>Arianos</span> <span class='ocrx_word' id='word_1_688' title='bbox 566 4914 1054 4985; x_wconf 66' lang='lat' dir='ltr'>fortiSsimosque</span> <span class='ocrx_word' id='word_1_689' title='bbox 1087 4910 1457 4982; x_wconf 78' lang='lat' dir='ltr'>conscripsit,</span> <span class='ocrx_word' id='word_1_690' title='bbox 1482 4911 1831 4967; x_wconf 87' lang='lat' dir='ltr'>auctoritate</span> 
     </span>
    </p>
   </div>
   <div class='ocr_carea' id='block_1_97' title="bbox 204 4999 1831 5079">
    <p class='ocr_par' dir='ltr' id='par_1_97' title="bbox 204 4999 1831 5079">
     <span class='ocr_line' id='line_1_97' title="bbox 204 4999 1831 5079; baseline -0.002 -20"><span class='ocrx_word' id='word_1_691' title='bbox 204 5010 366 5061; x_wconf 64' lang='lat' dir='ltr'>tamen</span> <span class='ocrx_word' id='word_1_692' title='bbox 401 5008 617 5079; x_wconf 80' lang='lat' dir='ltr'>lgnatii</span> <span class='ocrx_word' id='word_1_693' title='bbox 655 5020 966 5073; x_wconf 85' lang='lat' dir='ltr'>nunquam</span> <span class='ocrx_word' id='word_1_694' title='bbox 988 5020 1088 5058; x_wconf 89' lang='lat' dir='ltr'>eos</span> <span class='ocrx_word' id='word_1_695' title='bbox 1118 4999 1586 5073; x_wconf 89' lang='lat' dir='ltr'>premit,nullam</span> <span class='ocrx_word' id='word_1_696' title='bbox 1611 5016 1680 5055; x_wconf 84' lang='lat' dir='ltr'>ex</span> <span class='ocrx_word' id='word_1_697' title='bbox 1702 5002 1831 5072; x_wconf 85' lang='lat' dir='ltr'>ejus</span> 
     </span>
    </p>
   </div>
   <div class='ocr_carea' id='block_1_98' title="bbox 203 5090 1830 5167">
    <p class='ocr_par' dir='ltr' id='par_1_98' title="bbox 203 5090 1830 5167">
     <span class='ocr_line' id='line_1_98' title="bbox 203 5090 1830 5167; baseline 0.001 -23"><span class='ocrx_word' id='word_1_698' title='bbox 203 5097 401 5167; x_wconf 71' lang='lat' dir='ltr'>scriptis</span> <span class='ocrx_word' id='word_1_699' title='bbox 432 5094 896 5154; x_wconf 85' lang='lat' dir='ltr'>sententiamiis</span> <span class='ocrx_word' id='word_1_700' title='bbox 928 5091 1265 5164; x_wconf 86' lang='lat' dir='ltr'>opponit.ln</span> <span class='ocrx_word' id='word_1_701' title='bbox 1298 5090 1545 5161; x_wconf 82' lang='lat' dir='ltr'>epistola</span> <span class='ocrx_word' id='word_1_702' title='bbox 1563 5090 1830 5161; x_wconf 86' lang='lat' dir='ltr'>quadam,</span> 
     </span>
    </p>
   </div>
   <div class='ocr_carea' id='block_1_99' title="bbox 205 5179 1830 5258">
    <p class='ocr_par' dir='ltr' id='par_1_99' title="bbox 205 5179 1830 5258">
     <span class='ocr_line' id='line_1_99' title="bbox 205 5179 1830 5258; baseline 0.003 -27"><span class='ocrx_word' id='word_1_703' title='bbox 205 5185 310 5251; x_wconf 56' lang='grc' dir='ltr'>πρὸς</span> <span class='ocrx_word' id='word_1_704' title='bbox 357 5188 484 5249; x_wconf 68' lang='grc' dir='ltr'>τοῦς</span> <span class='ocrx_word' id='word_1_705' title='bbox 535 5188 746 5241; x_wconf 73' lang='grc' dir='ltr'>ἑαυτοῦ</span> <span class='ocrx_word' id='word_1_706' title='bbox 804 5182 1140 5258; x_wconf 65' lang='grc' dir='ltr'>γνωρίμους,</span> <span class='ocrx_word' id='word_1_707' title='bbox 1220 5182 1294 5236; x_wconf 86' lang='lat' dir='ltr'>ad</span> <span class='ocrx_word' id='word_1_708' title='bbox 1345 5179 1676 5249; x_wconf 78' lang='lat' dir='ltr'>familiares,</span> <span class='ocrx_word' id='word_1_709' title='bbox 1726 5199 1830 5236; x_wconf 83' lang='lat' dir='ltr'>seu</span> 
     </span>
    </p>
   </div>
   <div class='ocr_carea' id='block_1_100' title="bbox 204 5270 1833 5345">
    <p class='ocr_par' dir='ltr' id='par_1_100' title="bbox 204 5270 1833 5345">
     <span class='ocr_line' id='line_1_100' title="bbox 204 5270 1833 5345; baseline -0.001 -18"><span class='ocrx_word' id='word_1_710' title='bbox 204 5272 459 5345; x_wconf 66' lang='lat' dir='ltr'>disripulos</span> <span class='ocrx_word' id='word_1_711' title='bbox 498 5292 654 5337; x_wconf 78' lang='lat' dir='ltr'>suos.</span> <span class='ocrx_word' id='word_1_712' title='bbox 679 5280 747 5327; x_wconf 88' lang='lat' dir='ltr'>ut</span> <span class='ocrx_word' id='word_1_713' title='bbox 780 5289 909 5327; x_wconf 83' lang='lat' dir='ltr'>eam</span> <span class='ocrx_word' id='word_1_714' title='bbox 942 5271 1211 5342; x_wconf 85' lang='lat' dir='ltr'>indigitat</span> <span class='ocrx_word' id='word_1_715' title='bbox 1246 5271 1538 5337; x_wconf 88' lang='lat' dir='ltr'>Socrates,</span> <span class='ocrx_word' id='word_1_716' title='bbox 1571 5270 1833 5342; x_wconf 86' lang='lat' dir='ltr'>disputat</span> 
     </span>
    </p>
   </div>
   <div class='ocr_carea' id='block_1_101' title="bbox 207 5359 1830 5431">
    <p class='ocr_par' dir='ltr' id='par_1_101' title="bbox 207 5359 1830 5431">
     <span class='ocr_line' id='line_1_101' title="bbox 207 5359 1830 5431; baseline -0.002 -12"><span class='ocrx_word' id='word_1_717' title='bbox 207 5364 361 5427; x_wconf 59' lang='lat' dir='ltr'>primo</span> <span class='ocrx_word' id='word_1_718' title='bbox 391 5373 603 5421; x_wconf 87' lang='lat' dir='ltr'>contra</span> <span class='ocrx_word' id='word_1_719' title='bbox 640 5363 919 5427; x_wconf 77' lang='lat' dir='ltr'>Arianos,</span> <span class='ocrx_word' id='word_1_720' title='bbox 978 5360 1115 5415; x_wconf 88' lang='lat' dir='ltr'>dein</span> <span class='ocrx_word' id='word_1_721' title='bbox 1173 5376 1303 5415; x_wconf 91' lang='lat' dir='ltr'>cum</span> <span class='ocrx_word' id='word_1_722' title='bbox 1352 5359 1471 5413; x_wconf 90' lang='lat' dir='ltr'>illis</span> <span class='ocrx_word' id='word_1_723' title='bbox 1511 5360 1648 5430; x_wconf 88' lang='lat' dir='ltr'>agit,</span> <span class='ocrx_word' id='word_1_724' title='bbox 1682 5377 1830 5431; x_wconf 90' lang='lat' dir='ltr'>quos</span> 
     </span>
    </p>
   </div>
   <div class='ocr_carea' id='block_1_102' title="bbox 207 5448 1886 5523">
    <p class='ocr_par' dir='ltr' id='par_1_102' title="bbox 207 5448 1886 5523">
     <span class='ocr_line' id='line_1_102' title="bbox 207 5448 1886 5523; baseline 0 -18"><span class='ocrx_word' id='word_1_725' title='bbox 207 5452 417 5510; x_wconf 71' lang='lat' dir='ltr'>Arianos</span> <span class='ocrx_word' id='word_1_726' title='bbox 439 5473 574 5511; x_wconf 84' lang='lat' dir='ltr'>esse</span> <span class='ocrx_word' id='word_1_727' title='bbox 600 5458 808 5521; x_wconf 74' lang='lat' dir='ltr'>negat.</span> <span class='ocrx_word' id='word_1_728' title='bbox 844 5467 990 5520; x_wconf 82' lang='lat' dir='ltr'>quos</span> <span class='ocrx_word' id='word_1_729' title='bbox 1019 5450 1219 5505; x_wconf 89' lang='lat' dir='ltr'>omnia</span> <span class='ocrx_word' id='word_1_730' title='bbox 1250 5449 1365 5504; x_wconf 90' lang='lat' dir='ltr'>alia</span> <span class='ocrx_word' id='word_1_731' title='bbox 1411 5466 1446 5503; x_wconf 91' lang='lat' dir='ltr'>a</span> <span class='ocrx_word' id='word_1_732' title='bbox 1468 5448 1707 5506; x_wconf 76' lang='lat' dir='ltr'>Nicmna</span> <span class='ocrx_word' id='word_1_733' title='bbox 1736 5468 1830 5523; x_wconf 86' lang='lat' dir='ltr'>sy-</span> <span class='ocrx_word' id='word_1_734' title='bbox 1877 5456 1886 5463; x_wconf 79' lang='lat'><strong>&#39;</strong></span> 
     </span>
    </p>
   </div>
   <div class='ocr_carea' id='block_1_103' title="bbox 204 5538 1830 5617">
    <p class='ocr_par' dir='ltr' id='par_1_103' title="bbox 204 5538 1830 5617">
     <span class='ocr_line' id='line_1_103' title="bbox 204 5538 1830 5617; baseline 0.001 -25"><span class='ocrx_word' id='word_1_735' title='bbox 204 5543 328 5597; x_wconf 84' lang='lat' dir='ltr'>nodo</span> <span class='ocrx_word' id='word_1_736' title='bbox 356 5547 575 5617; x_wconf 86' lang='lat' dir='ltr'>scripta</span> <span class='ocrx_word' id='word_1_737' title='bbox 606 5541 908 5611; x_wconf 87' lang='lat' dir='ltr'>recipere,</span> <span class='ocrx_word' id='word_1_738' title='bbox 939 5545 1154 5611; x_wconf 84' lang='lat' dir='ltr'>praeter</span> <span class='ocrx_word' id='word_1_739' title='bbox 1181 5539 1418 5594; x_wconf 86' lang='lat' dir='ltr'>unicam</span> <span class='ocrx_word' id='word_1_740' title='bbox 1453 5554 1651 5594; x_wconf 85' lang='lat' dir='ltr'>vocem</span> <span class='ocrx_word' id='word_1_741' title='bbox 1694 5538 1830 5611; x_wconf 84' lang='grc' dir='ltr'>ὁμο-</span> 
     </span>
    </p>
   </div>
   <div class='ocr_carea' id='block_1_104' title="bbox 206 5627 1829 5703">
    <p class='ocr_par' dir='ltr' id='par_1_104' title="bbox 206 5627 1829 5703">
     <span class='ocr_line' id='line_1_104' title="bbox 206 5627 1829 5703; baseline 0.004 -23"><span class='ocrx_word' id='word_1_742' title='bbox 206 5627 353 5688; x_wconf 59' lang='grc' dir='ltr'>οὓς.ῠί</span> <span class='ocrx_word' id='word_1_743' title='bbox 384 5641 665 5702; x_wconf 85' lang='lat' dir='ltr'>testatur,</span> <span class='ocrx_word' id='word_1_744' title='bbox 704 5648 855 5702; x_wconf 88' lang='lat' dir='ltr'>quos</span> <span class='ocrx_word' id='word_1_745' title='bbox 907 5628 1244 5703; x_wconf 68' lang='grc' dir='ltr'>ἀγαπητούς,</span> <span class='ocrx_word' id='word_1_746' title='bbox 1295 5629 1517 5684; x_wconf 67' lang='lat' dir='ltr'>dilectos</span> <span class='ocrx_word' id='word_1_747' title='bbox 1549 5630 1829 5702; x_wconf 90' lang='lat' dir='ltr'>appellat,</span> 
     </span>
    </p>
   </div>
   <div class='ocr_carea' id='block_1_105' title="bbox 204 5719 1831 5795">
    <p class='ocr_par' dir='ltr' id='par_1_105' title="bbox 204 5719 1831 5795">
     <span class='ocr_line' id='line_1_105' title="bbox 204 5719 1831 5795; baseline 0.001 -20"><span class='ocrx_word' id='word_1_748' title='bbox 204 5722 261 5775; x_wconf 80' lang='lat' dir='ltr'>ad</span> <span class='ocrx_word' id='word_1_749' title='bbox 279 5742 412 5793; x_wconf 85' lang='lat' dir='ltr'>quos</span> <span class='ocrx_word' id='word_1_750' title='bbox 443 5736 729 5795; x_wconf 80' lang='lat' dir='ltr'>tanquam</span> <span class='ocrx_word' id='word_1_751' title='bbox 760 5724 937 5789; x_wconf 78' lang='lat' dir='ltr'>frater</span> <span class='ocrx_word' id='word_1_752' title='bbox 967 5722 1041 5775; x_wconf 87' lang='lat' dir='ltr'>ad</span> <span class='ocrx_word' id='word_1_753' title='bbox 1068 5724 1271 5789; x_wconf 77' lang='lat' dir='ltr'>fratres</span> <span class='ocrx_word' id='word_1_754' title='bbox 1297 5719 1582 5790; x_wconf 88' lang='lat' dir='ltr'>loquitur,</span> <span class='ocrx_word' id='word_1_755' title='bbox 1615 5720 1831 5791; x_wconf 88' lang='lat' dir='ltr'>quibus</span> 
     </span>
    </p>
   </div>
   <div class='ocr_carea' id='block_1_106' title="bbox 1944 4735 3592 4811">
    <p class='ocr_par' dir='ltr' id='par_1_106' title="bbox 1944 4735 3592 4811">
     <span class='ocr_line' id='line_1_106' title="bbox 1944 4735 3592 4811; baseline -0.004 -16"><span class='ocrx_word' id='word_1_756' title='bbox 1944 4737 2206 4810; x_wconf 85' lang='lat' dir='ltr'>epistolis</span> <span class='ocrx_word' id='word_1_757' title='bbox 2238 4738 2642 4811; x_wconf 86' lang='lat' dir='ltr'>deprompsit;</span> <span class='ocrx_word' id='word_1_758' title='bbox 2677 4755 2777 4794; x_wconf 88' lang='lat' dir='ltr'>eas</span> <span class='ocrx_word' id='word_1_759' title='bbox 2801 4745 2995 4794; x_wconf 86' lang='lat' dir='ltr'>tamen</span> <span class='ocrx_word' id='word_1_760' title='bbox 3048 4736 3267 4807; x_wconf 89' lang='lat' dir='ltr'>optime</span> <span class='ocrx_word' id='word_1_761' title='bbox 3318 4735 3496 4803; x_wconf 81' lang='lat' dir='ltr'>novit,</span> <span class='ocrx_word' id='word_1_762' title='bbox 3530 4738 3592 4789; x_wconf 92' lang='lat' dir='ltr'>et</span> 
     </span>
    </p>
   </div>
   <div class='ocr_carea' id='block_1_107' title="bbox 1943 4828 2598 4884">
    <p class='ocr_par' dir='ltr' id='par_1_107' title="bbox 1943 4828 2598 4884">
     <span class='ocr_line' id='line_1_107' title="bbox 1943 4828 2598 4884; baseline 0.002 -1"><span class='ocrx_word' id='word_1_763' title='bbox 1943 4828 2129 4884; x_wconf 89' lang='lat' dir='ltr'>semel</span> <span class='ocrx_word' id='word_1_764' title='bbox 2162 4828 2353 4884; x_wconf 91' lang='lat' dir='ltr'>obiter</span> <span class='ocrx_word' id='word_1_765' title='bbox 2378 4828 2598 4884; x_wconf 80' lang='lat' dir='ltr'>citavit.</span> 
     </span>
    </p>
   </div>
   <div class='ocr_carea' id='block_1_108' title="bbox 2012 4908 3587 4988">
    <p class='ocr_par' dir='ltr' id='par_1_108' title="bbox 2012 4908 3587 4988">
     <span class='ocr_line' id='line_1_108' title="bbox 2012 4908 3587 4988; baseline -0.004 -17"><span class='ocrx_word' id='word_1_766' title='bbox 2012 4916 2516 4973; x_wconf 80' lang='lat' dir='ltr'>At&#39;I‘heodoretus</span> <span class='ocrx_word' id='word_1_767' title='bbox 2545 4917 2740 4988; x_wconf 87' lang='lat' dir='ltr'>plura,</span> <span class='ocrx_word' id='word_1_768' title='bbox 2768 4921 2946 4981; x_wconf 85' lang='lat' dir='ltr'>recte,</span> <span class='ocrx_word' id='word_1_769' title='bbox 2981 4914 3082 4969; x_wconf 92' lang='lat' dir='ltr'>sed</span> <span class='ocrx_word' id='word_1_770' title='bbox 3144 4911 3284 4983; x_wconf 90' lang='lat' dir='ltr'>quid</span> <span class='ocrx_word' id='word_1_771' title='bbox 3344 4912 3454 4966; x_wconf 87' lang='lat' dir='ltr'>hoc</span> <span class='ocrx_word' id='word_1_772' title='bbox 3511 4908 3587 4966; x_wconf 91' lang='lat' dir='ltr'>ad</span> 
     </span>
    </p>
   </div>
   <div class='ocr_carea' id='block_1_109' title="bbox 1940 4998 3585 5076">
    <p class='ocr_par' dir='ltr' id='par_1_109' title="bbox 1940 4998 3585 5076">
     <span class='ocr_line' id='line_1_109' title="bbox 1940 4998 3585 5076; baseline -0.002 -17"><span class='ocrx_word' id='word_1_773' title='bbox 1940 5006 2231 5060; x_wconf 77' lang='lat' dir='ltr'>Irenaeum</span> <span class='ocrx_word' id='word_1_774' title='bbox 2251 5006 2277 5060; x_wconf 77' lang='lat'>&#39;?</span> <span class='ocrx_word' id='word_1_775' title='bbox 2306 5007 2406 5061; x_wconf 86' lang='lat' dir='ltr'>llic</span> <span class='ocrx_word' id='word_1_776' title='bbox 2438 5005 2826 5061; x_wconf 75' lang='lat' dir='ltr'>secundoille</span> <span class='ocrx_word' id='word_1_777' title='bbox 2859 5005 3064 5076; x_wconf 89' lang='lat' dir='ltr'>quinto</span> <span class='ocrx_word' id='word_1_778' title='bbox 3091 5001 3305 5057; x_wconf 77' lang='lat' dir='ltr'>saeculo</span> <span class='ocrx_word' id='word_1_779' title='bbox 3329 4998 3585 5071; x_wconf 86' lang='lat' dir='ltr'>scripsit.</span> 
     </span>
    </p>
   </div>
   <div class='ocr_carea' id='block_1_110' title="bbox 1940 5088 3588 5164">
    <p class='ocr_par' dir='ltr' id='par_1_110' title="bbox 1940 5088 3588 5164">
     <span class='ocr_line' id='line_1_110' title="bbox 1940 5088 3588 5164; baseline -0.004 -16"><span class='ocrx_word' id='word_1_780' title='bbox 1940 5096 2055 5149; x_wconf 88' lang='lat' dir='ltr'>Nos</span> <span class='ocrx_word' id='word_1_781' title='bbox 2085 5101 2284 5150; x_wconf 89' lang='lat' dir='ltr'>autem</span> <span class='ocrx_word' id='word_1_782' title='bbox 2311 5101 2447 5151; x_wconf 87' lang='lat' dir='ltr'>ante</span> <span class='ocrx_word' id='word_1_783' title='bbox 2479 5094 2811 5164; x_wconf 88' lang='lat' dir='ltr'>docuimus,</span> <span class='ocrx_word' id='word_1_784' title='bbox 2845 5095 3002 5149; x_wconf 88' lang='lat' dir='ltr'>circa</span> <span class='ocrx_word' id='word_1_785' title='bbox 3034 5094 3212 5148; x_wconf 82' lang='lat' dir='ltr'>ﬁnem</span> <span class='ocrx_word' id='word_1_786' title='bbox 3246 5088 3438 5162; x_wconf 89' lang='lat' dir='ltr'>quarti</span> <span class='ocrx_word' id='word_1_787' title='bbox 3474 5106 3588 5144; x_wconf 70' lang='lat' dir='ltr'>saa-</span> 
     </span>
    </p>
   </div>
   <div class='ocr_carea' id='block_1_111' title="bbox 1942 5183 3587 5257">
    <p class='ocr_par' dir='ltr' id='par_1_111' title="bbox 1942 5183 3587 5257">
     <span class='ocr_line' id='line_1_111' title="bbox 1942 5183 3587 5257; baseline -0.004 -19"><span class='ocrx_word' id='word_1_788' title='bbox 1942 5184 2056 5238; x_wconf 89' lang='lat' dir='ltr'>culi</span> <span class='ocrx_word' id='word_1_789' title='bbox 2076 5185 2337 5255; x_wconf 88' lang='lat' dir='ltr'>primum</span> <span class='ocrx_word' id='word_1_790' title='bbox 2361 5202 2429 5238; x_wconf 79' lang='lat' dir='ltr'>ex</span> <span class='ocrx_word' id='word_1_791' title='bbox 2460 5185 2634 5257; x_wconf 87' lang='lat' dir='ltr'>longa</span> <span class='ocrx_word' id='word_1_792' title='bbox 2666 5185 3027 5255; x_wconf 79' lang='lat' dir='ltr'>experientia</span> <span class='ocrx_word' id='word_1_793' title='bbox 3041 5183 3414 5238; x_wconf 86' lang='lat' dir='ltr'>observatum</span> <span class='ocrx_word' id='word_1_794' title='bbox 3435 5195 3587 5248; x_wconf 86' lang='lat' dir='ltr'>esse,</span> 
     </span>
    </p>
   </div>
   <div class='ocr_carea' id='block_1_112' title="bbox 1942 5270 3586 5343">
    <p class='ocr_par' dir='ltr' id='par_1_112' title="bbox 1942 5270 3586 5343">
     <span class='ocr_line' id='line_1_112' title="bbox 1942 5270 3586 5343; baseline -0.003 -17"><span class='ocrx_word' id='word_1_795' title='bbox 1942 5272 2195 5328; x_wconf 73' lang='lat' dir='ltr'>hmreses</span> <span class='ocrx_word' id='word_1_796' title='bbox 2226 5279 2284 5328; x_wconf 88' lang='lat' dir='ltr'>et</span> <span class='ocrx_word' id='word_1_797' title='bbox 2306 5272 2626 5327; x_wconf 81' lang='lat' dir='ltr'>schismata</span> <span class='ocrx_word' id='word_1_798' title='bbox 2648 5272 3148 5343; x_wconf 86' lang='lat' dir='ltr'>disputationibus</span> <span class='ocrx_word' id='word_1_799' title='bbox 3182 5270 3309 5325; x_wconf 90' lang='lat' dir='ltr'>tolli</span> <span class='ocrx_word' id='word_1_800' title='bbox 3335 5285 3455 5323; x_wconf 90' lang='lat' dir='ltr'>non</span> <span class='ocrx_word' id='word_1_801' title='bbox 3481 5284 3586 5339; x_wconf 89' lang='lat' dir='ltr'>po-</span> 
     </span>
    </p>
   </div>
   <div class='ocr_carea' id='block_1_113' title="bbox 1942 5353 3588 5427">
    <p class='ocr_par' dir='ltr' id='par_1_113' title="bbox 1942 5353 3588 5427">
     <span class='ocr_line' id='line_1_113' title="bbox 1942 5353 3588 5427; baseline -0.004 -13"><span class='ocrx_word' id='word_1_802' title='bbox 1942 5361 2160 5427; x_wconf 85' lang='lat' dir='ltr'>tuisse;</span> <span class='ocrx_word' id='word_1_803' title='bbox 2197 5367 2253 5417; x_wconf 86' lang='lat' dir='ltr'>et</span> <span class='ocrx_word' id='word_1_804' title='bbox 2279 5362 2678 5417; x_wconf 87' lang='lat' dir='ltr'>certissimum</span> <span class='ocrx_word' id='word_1_805' title='bbox 2713 5361 3041 5417; x_wconf 86' lang='lat' dir='ltr'>remedium</span> <span class='ocrx_word' id='word_1_806' title='bbox 3080 5360 3201 5413; x_wconf 80' lang='lat' dir='ltr'>fore</span> <span class='ocrx_word' id='word_1_807' title='bbox 3222 5356 3315 5415; x_wconf 77' lang='grc' dir='ltr'>τὰς</span> <span class='ocrx_word' id='word_1_808' title='bbox 3347 5353 3588 5417; x_wconf 73' lang='grc' dir='ltr'>ἐκδόσεις</span> 
     </span>
    </p>
   </div>
   <div class='ocr_carea' id='block_1_114' title="bbox 1940 5446 3585 5512">
    <p class='ocr_par' dir='ltr' id='par_1_114' title="bbox 1940 5446 3585 5512">
     <span class='ocr_line' id='line_1_114' title="bbox 1940 5446 3585 5512; baseline -0.002 -9"><span class='ocrx_word' id='word_1_809' title='bbox 1940 5454 2048 5503; x_wconf 81' lang='grc' dir='ltr'>τῶν</span> <span class='ocrx_word' id='word_1_810' title='bbox 2075 5448 2319 5504; x_wconf 70' lang='grc' dir='ltr'>παλαιῶν</span> <span class='ocrx_word' id='word_1_811' title='bbox 2354 5451 2414 5505; x_wconf 91' lang='lat' dir='ltr'>in</span> <span class='ocrx_word' id='word_1_812' title='bbox 2446 5452 2852 5506; x_wconf 72' lang='lat' dir='ltr'>testimonium</span> <span class='ocrx_word' id='word_1_813' title='bbox 2884 5448 3183 5506; x_wconf 89' lang='lat' dir='ltr'>adductas.</span> <span class='ocrx_word' id='word_1_814' title='bbox 3208 5446 3372 5512; x_wconf 86' lang='lat' dir='ltr'>Quod</span> <span class='ocrx_word' id='word_1_815' title='bbox 3395 5447 3585 5501; x_wconf 87' lang='lat' dir='ltr'>Theo-</span> 
     </span>
    </p>
   </div>
   <div class='ocr_carea' id='block_1_115' title="bbox 1941 5536 3587 5614">
    <p class='ocr_par' dir='ltr' id='par_1_115' title="bbox 1941 5536 3587 5614">
     <span class='ocr_line' id='line_1_115' title="bbox 1941 5536 3587 5614; baseline -0.005 -16"><span class='ocrx_word' id='word_1_816' title='bbox 1941 5543 2107 5598; x_wconf 90' lang='lat' dir='ltr'>dosio</span> <span class='ocrx_word' id='word_1_817' title='bbox 2140 5548 2198 5597; x_wconf 91' lang='lat' dir='ltr'>et</span> <span class='ocrx_word' id='word_1_818' title='bbox 2225 5542 2496 5598; x_wconf 87' lang='lat' dir='ltr'>Nectario</span> <span class='ocrx_word' id='word_1_819' title='bbox 2520 5542 2743 5614; x_wconf 90' lang='lat' dir='ltr'>primus</span> <span class='ocrx_word' id='word_1_820' title='bbox 2798 5540 3064 5596; x_wconf 90' lang='lat' dir='ltr'>omnium</span> <span class='ocrx_word' id='word_1_821' title='bbox 3122 5536 3419 5594; x_wconf 89' lang='lat' dir='ltr'>Sisinnius</span> <span class='ocrx_word' id='word_1_822' title='bbox 3451 5552 3587 5607; x_wconf 87' lang='lat' dir='ltr'>per-</span> 
     </span>
    </p>
   </div>
   <div class='ocr_carea' id='block_1_116' title="bbox 1942 5628 3591 5706">
    <p class='ocr_par' dir='ltr' id='par_1_116' title="bbox 1942 5628 3591 5706">
     <span class='ocr_line' id='line_1_116' title="bbox 1942 5628 3591 5706; baseline -0.007 -18"><span class='ocrx_word' id='word_1_823' title='bbox 1942 5633 2285 5689; x_wconf 87' lang='lat' dir='ltr'>suasit.Post</span> <span class='ocrx_word' id='word_1_824' title='bbox 2317 5633 2496 5706; x_wconf 81' lang='lat' dir='ltr'>igitur</span> <span class='ocrx_word' id='word_1_825' title='bbox 2526 5647 2790 5689; x_wconf 88' lang='lat' dir='ltr'>severam</span> <span class='ocrx_word' id='word_1_826' title='bbox 2817 5628 3129 5686; x_wconf 85' lang='lat' dir='ltr'>Theodosii</span> <span class='ocrx_word' id='word_1_827' title='bbox 3162 5629 3351 5699; x_wconf 84' lang='lat' dir='ltr'>legem</span> <span class='ocrx_word' id='word_1_828' title='bbox 3384 5631 3591 5681; x_wconf 88' lang='lat' dir='ltr'>contra</span> 
     </span>
    </p>
   </div>
   <div class='ocr_carea' id='block_1_117' title="bbox 1943 5712 3588 5796">
    <p class='ocr_par' dir='ltr' id='par_1_117' title="bbox 1943 5712 3588 5796">
     <span class='ocr_line' id='line_1_117' title="bbox 1943 5712 3588 5796; baseline -0.007 -20"><span class='ocrx_word' id='word_1_829' title='bbox 1943 5722 2253 5778; x_wconf 86' lang='lat' dir='ltr'>haereticos</span> <span class='ocrx_word' id='word_1_830' title='bbox 2275 5723 2569 5795; x_wconf 88' lang='lat' dir='ltr'>latam,illi</span> <span class='ocrx_word' id='word_1_831' title='bbox 2598 5719 2771 5796; x_wconf 88' lang='lat' dir='ltr'>paulo</span> <span class='ocrx_word' id='word_1_832' title='bbox 2804 5719 3194 5792; x_wconf 88' lang='lat' dir='ltr'>sapientiores</span> <span class='ocrx_word' id='word_1_833' title='bbox 3232 5712 3588 5788; x_wconf 78' lang='lat' dir='ltr'>.facti,admi—</span> 
     </span>
    </p>
   </div>
  </div>
