3972 6306
138 366 250 423 165

881 365 939 427 J.
988 364 1431 427 PEARSONII
1474 358 1800 423 VINDlCIz

1925 359 2367 421 ΟΝᾹΊῚΑΝίΕ.
2420 397 2485 404 --
2538 364 2740 422 PARS
2784 365 2833 422 Ι.

3450 366 3566 424 166

135 501 461 557 secundum
492 506 784 556 naturam
818 505 876 554 et
895 499 1317 565 conditionem,
1351 506 1454 555 aut
1473 498 1801 555 secundum
1832 497 1881 563 Α
1911 514 2072 566 τερος
2103 491 2306 570 ἔλεγεν.
2341 498 2624 564 Irenmus,
2656 498 2837 570 Papia
2858 499 3086 571 junior,
3119 503 3394 572 exemplo
3437 501 3567 574 ejus

138 593 420 647 doctrinae
474 590 940 663 magisterium:
994 615 1021 642 ‹‹
1053 592 1159 657 Qui
1210 593 1369 647 enim
1422 590 1665 645 edoctus
1713 592 1803 642 est

136 681 504 737 verbo.iilius
522 681 803 736 docentis
818 698 945 736 esse
963 681 1268 743 dicitur,et
1283 680 1383 736 ille
1409 679 1538 751 ejus
1558 684 1729 751 pater
1748 698 1799 734 ».

137 774 440 842 Utpostea
480 772 761 825 Clemens
814 771 1263 831 Alexandrinus,
1320 767 1512 824 αὐτίκα
1564 766 1798 840 πατέρας

136 860 263 920 τοὺς
298 857 1003 936 κατηχήσινταιςφχμὲν,θὶ
1029 860 1342 933 Gregorius
1364 860 1796 914 Nazianzenus:

281 975 465 1047 Αὐτὰρ
497 975 619 1040 suo?
650 973 838 1047 τοκξῖς
879 974 972 1047 μὲν
1000 973 1116 1028 ὅτοε
1148 972 1316 1028 καλὸν
1349 969 1671 1045 ἐξεδίδαξαν,

282 1053 326 1100 u
522 1046 562 1065 κν
632 1047 693 1080 ﬂ,
733 1043 845 1062 ’κικ
881 1043 889 1047 ⁷

337 1068 484 1107 καις
518 1068 545 1101 ο
596 1069 692 1107 ου,
730 1050 969 1119 εοιοαξα.

212 1161 300 1211 An
327 1162 530 1211 autem
555 1157 693 1227 quia
716 1173 747 1209 e
771 1156 1063 1212 veteribus
1086 1154 1400 1227 unumqui
1428 1153 1605 1207 simili
1627 1152 1800 1207 modo

141 1254 277 1300 ante
302 1246 501 1317 ipsum
524 1246 860 1315 Scripiurns
886 1246 1307 1316 interpretatus
1340 1250 1448 1311 est,
1484 1260 1556 1298 ne
1584 1257 1800 1297 novum

141 1352 387 1390 sensum
422 1334 541 1388 illis
575 1334 836 1389 afﬁxissc
867 1334 1183 1400 videretur,
1218 1332 1463 1388 adduxit
1493 1351 1503 1387 :
1541 1332 1673 1386 ideo
1701 1337 1802 1386 aut

142 1425 375 1496 aliquid
410 1441 481 1478 ex
514 1424 837 1493 lgnatianis
868 1424 1048 1478 citare
1098 1422 1391 1489 debuerit,
1424 1427 1525 1476 aut
1573 1437 1641 1476 ea
1688 1421 1801 1492 ipsi

143 1516 349 1586 ignota
388 1530 512 1568 non
545 1514 875 1568 concedere
921 1512 1261 1580 debeamus,
1294 1512 1356 1566 in
1406 1510 1621 1582 quibus
1660 1510 1803 1566 talia

142 1621 251 1659 nec
284 1603 544 1658 inveniri
575 1620 686 1658 nec
718 1601 1043 1675 exspectari
1074 1606 1393 1673 potuerunt
1419 1600 1449 1656 ‘I

211 1694 384 1760 Quod
419 1694 468 1748 si
494 1694 618 1748 haec
637 1692 713 1748 ad
736 1692 1092 1748 sententiam
1115 1691 1219 1746 viri
1244 1691 1570 1746 doctissimi
1590 1689 1801 1746 contir-

142 1785 430 1840 mandam
455 1800 667 1856 parum
685 1783 881 1838 valere
905 1782 1409 1848 videantur,certe
1435 1781 1660 1851 reliqua
1681 1798 1802 1835 om-

1912 585 2091 640 nimis
2149 594 2475 658 permotus,
2536 589 2809 659 qumsivit
2856 591 3078 660 pariter
3123 608 3159 646 a
3203 592 3566 658 senioribus,

1912 673 2054 743 quid
2085 673 2173 728 illi
2207 674 2557 731 audiverant
2589 676 2662 731 ab
2692 676 2786 741 iis,
2819 677 2919 747 qui
2946 678 3349 746 apostolorum
3381 678 3565 735 disci-

1912 763 2080 834 pulos
2111 765 2396 827 viderant,
2422 771 2481 820 et
2509 783 2643 822 cum
2674 767 2799 822 haec
2832 769 2956 823 viva
2991 786 3129 824 voce
3156 770 3389 840 prolata
3419 770 3564 826 sibi-

1911 870 2026 924 que
2049 854 2262 909 tradita
2280 855 2514 926 scriptis
2534 855 2998 928 praeferret,quae
3020 859 3094 914 ab
3117 858 3234 914 illis
3255 864 3566 931 acceperat

1911 942 2134 1014 pariter
2162 943 2422 1013 scripsit.
2455 946 2675 1000 Horum
2723 944 2905 1016 igitur
2953 947 3257 1002 seniorum
3306 949 3564 1003 auctori-

1913 1038 2031 1089 tate
2062 1040 2122 1088 et
2147 1033 2513 1098 testimonio,
2540 1034 2614 1089 ad
2644 1034 2997 1091 ﬁrmandam
3020 1037 3402 1093 traditionem
3423 1056 3566 1094 non-

1912 1137 2240 1189 nunquam,
2275 1124 2490 1194 sarpius
2521 1124 2593 1177 ad
2627 1141 2783 1180 suas.
2833 1128 2905 1181 de
2951 1128 3124 1182 annis
3171 1127 3384 1183 Christi
3415 1145 3563 1200 quos

1913 1211 2031 1282 egit
2060 1213 2119 1266 in
2154 1213 2346 1278 terris,
2380 1213 2453 1267 de
2486 1212 2602 1267 llllS
2646 1230 2792 1285 quos
2824 1214 3043 1271 ibidem
3077 1217 3293 1272 iterum
3324 1223 3562 1274 acturus

1913 1314 2022 1377 est,
2056 1308 2127 1364 de
2154 1316 2525 1367 mortuorum
2554 1316 2731 1375 statu,
2765 1311 2835 1367 de
2869 1312 3070 1368 bestia:
3128 1315 3562 1387 Apocalypticas

1911 1414 2181 1461 numero,
2202 1400 2460 1469 privatas
2479 1401 2792 1472 opiniones
2805 1402 2953 1457 stabi
2965 1403 3192 1458 liendas
3205 1405 3411 1462 utitur.
3447 1404 3561 1461 Sed

1911 1488 2055 1557 quid
2075 1486 2213 1543 inde
2234 1490 2504 1560 sequitur
2522 1490 2549 1544 ?
2569 1506 2642 1545 an
2665 1491 2811 1546 illud
2834 1491 2895 1546 in
2918 1492 3378 1563 primis,lrenaeo
3393 1494 3559 1566 igno-

1911 1582 1969 1633 ta
1994 1577 2174 1633 fuisse
2203 1579 2505 1650 Ignatiana
2535 1581 2758 1647 omnia,
2786 1581 2924 1651 quia
2958 1581 3111 1637 nihil
3162 1583 3233 1638 ab
3280 1599 3351 1639 eo
3406 1582 3561 1638 scri-

1910 1672 2076 1738 ptum
2107 1666 2263 1722 inter
2292 1669 2419 1724 haec
2439 1669 2639 1725 omnia
2671 1671 3010 1728 testimonia
3034 1672 3372 1743 reperitur?
3392 1671 3563 1729 mini-

1910 1772 2025 1812 me.
2062 1757 2354 1828 Ignatium
2388 1758 2699 1815 consulere
2740 1777 2859 1814 non
2907 1761 3100 1832 potuit
3146 1764 3425 1833 Irenaeus,
3460 1762 3562 1834 qui

143 1876 285 1929 nino
318 1847 498 1927 nihil.
535 1872 684 1928 sunt
734 1872 894 1928 enim
935 1877 1166 1927 tantum
1217 1847 1476 1927 virorum
1528 1847 1802 1942 q'uowm_
1836 1866 1883 1932 Β
1912 1847 2016 1902 illo
2051 1854 2280 1902 mortuo
2320 1853 2493 1903 natus
2543 1855 2650 1905 est.
2714 1851 2985 1905 Seniores
3032 1853 3254 1908 Irenaeo
3306 1855 3562 1910 recitent

142 1964 300 2029 dam,
338 1978 466 2017 non
492 1960 717 2032 scripto
750 1959 857 2016 sed
880 1960 1003 2016 viva
1019 1975 1157 2015 voce
1178 1959 1410 2031 prolata
1428 1958 1799 2023 testimonia;

143 2070 276 2124 quae
348 2056 514 2107 recte
575 2048 1119 2123 ἀπομνημονεῦματα,
1172 2050 1458 2106 Eusebius
1519 2050 1799 2122 appellat,

138 2142 245 2197 lib.
285 2159 337 2210 ν,
370 2158 504 2213 cap.
541 2141 592 2209 8,
630 2136 716 2192 mi
772 2137 1353 2211 ἀπομνημονευμάτων
1403 2137 1803 2194 Ἀποστολικοῦ

140 2250 289 2290 τινος
357 2222 760 2302 πρεσϐυτέρου,
838 2227 899 2280 οὗ
956 2223 1199 2299 τοῦνομα
1259 2231 1441 2301 σιωπῇ
1499 2225 1800 2300 παρέδωκε,

144 2317 508 2391 μνημονεύει.
544 2318 818 2374 Bullinus
848 2317 1140 2389 interpres
1166 2335 1179 2373 :
1214 2340 1241 2369 ‹‹
1273 2317 1383 2372 Sed
1408 2323 1466 2372 et
1495 2317 1804 2390 apostolici

141 2408 462 2481 cujusdam
481 2407 788 2479 viri,cujus
806 2423 1024 2463 nomen
1049 2406 1303 2474 reticuit,
1323 2408 1614 2463 sermonis
1633 2407 1799 2478 quasi

142 2500 498 2554 memoriter
520 2496 868 2552 meminit».
893 2497 984 2552 Sic
1007 2496 1183 2553 Marci
1206 2496 1581 2569 Evangelium
1604 2497 1805 2552 crede-

136 2590 279 2645 bant
302 2598 541 2644 veteres
560 2586 709 2641 nihil
740 2586 904 2642 aliud
929 2586 1111 2642 fuisse
1146 2602 1324 2658 quam
1354 2586 1512 2643 Petri
1544 2586 1802 2658 ἀπομνη-

138 2678 481 2749 ;m:a-$;utz.
512 2679 598 2732 Ita
632 2677 842 2748 Papias
873 2676 1027 2748 apud
1057 2676 1294 2745 Euseb,
1328 2675 1365 2731 l.
1404 2693 1488 2744 ιιι,
1531 2693 1659 2749 cap.
1692 2678 1799 2733 39:

138 2770 364 2837 Μὶρκος
411 2767 509 2841 μέν
536 2765 880 2840 ἑρμηνευτὴς
913 2762 1113 2839 Πέτρου
1163 2764 1481 2840 γενὸμενος,
1508 2764 1608 2819 ὅσα
1639 2765 1805 2837 ἐμνη-

140 2852 425 2930 advenam,
478 2849 721 2929 ἁκρτϐῶς
775 2851 1041 2930 ἔγραψε-η
1094 2861 1151 2911 et
1200 2873 1444 2911 rursus:
1494 2855 1657 2909 ’Ὠπε
1708 2854 1803 2909 οὗ·

138 2944 218 3001 δὶν
254 2947 480 3019 ἥμαρτε
516 2945 737 3019 Μάρκος
796 2942 971 3007 οὕτως
1013 2938 1126 2997 ἓνια
1176 2944 1390 3020 γράψας
1438 2944 1510 3004 ὡς
1558 2944 1805 3017 impun-

146 3038 395 3109 μὸιεευσε.
419 3040 492 3093 Ut
514 3036 716 3108 Cynici
751 3035 1059 3107 cujusdam
1077 3036 1253 3090 verba
1283 3036 1353 3091 de
1383 3036 1702 3105 Peregrino
1734 3053 1806 3091 ex

144 3128 437 3183 memoria
462 3127 712 3181 recitare
729 3142 791 3180 se
809 3124 1057 3179 tideliter
1070 3124 1802 3196 proﬁteturLucianus,mi

1912 1936 2055 2007 quid
2072 1936 2438 2003 audiverant,
2470 1938 2530 1993 id
2560 1939 2821 2008 Ignatius
2852 1940 2953 1996 diu
2984 1946 3121 1997 ante
3152 1942 3358 1998 bestiis
3388 1943 3558 1999 obla-

1906 2032 2002 2081 tus
2032 2026 2227 2081 facere
2260 2043 2374 2082 non
2410 2027 2617 2098 potuit.
2651 2029 2892 2085 Frustra
2912 2030 3090 2102 igitur
3117 2047 3253 2087 eum
3281 2033 3438 2088 inter
3462 2049 3558 2088 se-

1907 2114 2105 2169 niores
2135 2114 2270 2170 illos
2296 2131 2401 2171 sua
2423 2116 2702 2190 suffragia
2723 2119 3065 2174 aﬂ‘erentem
3080 2136 3330 2190 quaeras.
3348 2121 3557 2177 Senio-

1908 2219 2003 2259 res
2034 2203 2142 2271 illi,
2186 2205 2327 2275 quid
2380 2222 2518 2260 voce
2563 2206 2691 2261 viva
2732 2207 3098 2278 audiverant,
3143 2226 3265 2266 non
3310 2211 3451 2282 quid
3494 2211 3559 2269 in

1911 2293 2148 2365 scriptis
2180 2294 2464 2367 legerant,
2499 2302 2891 2352 narraverunt
2909 2314 2923 2365 ;
2951 2299 3172 2354 frustra
3192 2299 3371 2371 igitur
3385 2301 3566 2357 etiam

1910 2383 2268 2440 sententiam
2301 2384 2560 2456 aliquam
2606 2386 2679 2440 ab
2712 2386 2934 2456 Ignatio
2988 2388 3268 2461 scriptam
3319 2390 3393 2445 ab
3444 2391 3565 2446 illis

1912 2478 2215 2545 exspectes
2269 2474 2529 2546 Ignatius
2558 2475 2683 2547 ipse
2713 2476 2788 2531 ad
2830 2477 3052 2533 bestias
3100 2478 3556 2549 condemnatus,

1909 2569 1967 2619 et
1999 2562 2289 2619 Ecclesiae
2319 2564 2380 2619 in
2411 2564 2624 2619 itinere
2657 2566 3035 2635 confirmans,
3069 2585 3190 2623 non
3240 2574 3307 2624 ut
3348 2570 3556 2641 Papias

1909 2652 2139 2727 σμικρὸς
2173 2646 2245 2706 ὤν
2279 2651 2370 2707 τὸν
2404 2656 2552 2723 νοῦν,
2587 2655 2729 2725 quid
2759 2655 2831 2711 ab
2864 2656 3043 2728 hujus
3074 2663 3168 2712 vet
3198 2658 3356 2714 illius
3387 2676 3562 2729 apos-

1910 2742 2032 2810 toli,
2065 2742 2154 2797 vel
2177 2742 2453 2814 discipuli
2487 2760 2587 2799 ore
2611 2743 2697 2798 vel
2730 2743 2857 2815 ipse
2878 2743 2965 2798 vel
2989 2745 3091 2799 alii
3118 2748 3560 2817 acceperant,in

1910 2832 2191 2904 epistolas
2246 2832 2484 2903 scripsit
2513 2849 2528 2888 :
2580 2833 2720 2887 hinc
2749 2833 2930 2904 igitur
2958 2832 3153 2907 colligi
3184 2835 3349 2890 nullo
3383 2835 3558 2891 modo

1911 2925 2125 2992 potest,
2159 2920 2288 2991 ejus
2320 2920 2600 2990 epistolas
2631 2920 2703 2975 ab
2733 2921 2953 2976 Irenaeo
2988 2921 3217 2978 laudari
3257 2922 3557 2995 debuisse,

1909 3015 2013 3064 aut
2043 3026 2113 3064 eo
2143 3009 2384 3065 nomine
2418 3009 2531 3081 ipsi
2563 3009 2795 3082 ignotas
2822 3009 3030 3066 fuisse.

1984 3118 2253 3173 Nondum
2285 3118 2464 3190 igitur
2490 3135 2576 3173 res
2613 3121 2749 3174 satis
2798 3123 3047 3189 confecta
3097 3121 3276 3177 videri
3331 3122 3553 3194 debuit,

138 3216 203 3275 ὡς
236 3220 298 3269 ἂν
334 3216 453 3276 οῗός
489 3235 547 3269 τε
582 3214 629 3266 ὡ
662 3211 992 3287 πειράσομαί
1022 3233 1106 3267 σοι
1139 3211 1273 3267 αὐτὰ
1315 3212 1490 3267 ἐκεῖνα
1541 3212 1798 3287 ἀπομνη-

1920 3207 2014 3263 sed
2044 3224 2174 3263 eam
2206 3206 2378 3262 multo
2410 3208 2741 3263 Iuculentius
2772 3226 2839 3263 ea:
2868 3210 3105 3278 quodam
3137 3211 3376 3281 ejusdem
3403 3213 3559 3267 Scri-

140 3310 404 3378 μονεῦσαι
436 3305 513 3365 ὡς
547 3302 789 3376 ἐλέγετο.
828 3304 919 3359 Sic
952 3304 1127 3376 igitur
1158 3307 1416 3359 Irenaeus
1437 3304 1535 3359 lib.
1568 3322 1638 3373 iv,
1672 3320 1799 3380 cap.

138 3402 201 3452 5:
241 3422 267 3445 ις
306 3394 830 3463 Quemadmodum
863 3394 1056 3448 audivi
1080 3412 1114 3450 a
1142 3394 1399 3465 quodam
1432 3395 1801 3467 presbytero,

139 3488 232 3557 qui
256 3487 535 3541 audierat
549 3484 623 3538 ab
643 3484 736 3537 his
760 3482 860 3553 qui
885 3483 1181 3553 apostolos
1200 3483 1490 3554 viderant,
1519 3490 1575 3539 et
1606 3484 1678 3539 ab
1710 3484 1805 3539 his

141 3577 234 3647 qui
254 3575 595 3630 didicerant
618 3572 780 3627 ψυῢί
805 3571 1565 3644 diligenterobservandum
1582 3578 1674 3628 est
1691 3575 1808 3628 Ire-

142 3686 329 3722 mrum
363 3667 464 3719 hic
508 3664 688 3736 plane
741 3663 984 3734 Papiam
1042 3664 1225 3718 fuisse
1269 3664 1592 3734 imitatum,
1628 3682 1659 3720 a
1690 3680 1805 3735 quo

137 3757 474 3812 doctrinam
514 3752 675 3807 mille
703 3769 1000 3807 annorum
1032 3753 1288 3824 accepit;
1310 3752 1390 3808 sis
1411 3754 1570 3808 enim
1595 3753 1804 3824 Papias

139 3865 202 3900 ea
236 3845 551 3900 memoriae
586 3841 888 3897 mandavit
914 3858 1042 3912 qua:
1074 3858 1107 3897 a
1137 3841 1433 3897 veteribus
1464 3842 1576 3897 hoc
1628 3841 1804 3897 modo

138 3938 448 3999 didicerat,
476 3939 541 3987 ut
566 3932 692 4003 ipse
718 3932 789 3987 de
824 3948 886 3985 se
920 3937 1165 3987 testatur
1190 3948 1201 3986 :
1224 3929 1288 3986 Εἰ
1322 3926 1381 3984 δὲ
1412 3951 1517 3984 που
1545 3931 1632 3985 καὶ
1668 3951 1805 4005 παρ-

138 4022 545 4094 ηκολοῦειηκώς
573 4042 654 4082 τις
708 4025 823 4081 τοῖς
880 4013 1262 4095 πρεσϐυτέροις
1313 4017 1487 4089 ἔλθοι,
1529 4019 1657 4083 τοὺς
1696 4025 1804 4076 τῶν

139 4110 523 4188 πρεσϐδτὲρων
584 4112 860 4185 ἀνέκρινον
941 4108 1161 4184 λόγους,
1214 4111 1267 4165 τί
1326 4106 1603 4183 Ἀνδρέας,
1659 4108 1696 4181 ἤ
1754 4111 1807 4167 τί

145 4206 342 4279 [li-:93;
380 4202 551 4270 εἶπεν,
664 4200 713 4256 τί
749 4198 1048 4268 Φίλιππος,
1079 4197 1116 4270 ἤ
1144 4198 1195 4254 τί
1222 4203 1439 4273 Θωμᾶς,
1468 4195 1802 4272 ἤΊᾶκωϐος,

150 4296 178 4362 ἦ
209 4296 263 4350 τί
293 4292 590 4360 Ὶωέννης,
617 4289 652 4359 ἤ
682 4291 982 4359 Μοιτθαῖος,
1014 4286 1050 4358 ἤ
1077 4309 1161 4353 τις
1188 4284 1371 4363 ιἔτερος
1401 4293 1507 4343 τῶν
1553 4292 1651 4344 τοῦ
1696 4293 1807 4347 Κυ-

149 4382 264 4447 eis)
330 4384 622 4453 μαθητῶν,
704 4380 794 4432 ἅτε
872 4376 1157 4453 Ἀριστίων
1212 4378 1298 4432 καὶ
1362 4379 1390 4433 ὁ
1442 4373 1806 4454 πρεσϐύτερος

149 4473 407 4540 Ἰωάννης
440 4472 493 4523 οἳ
526 4472 623 4523 τοῦ
676 4467 878 4542 Κυρῖου
932 4467 1168 4540 μαθηταὶ
1215 4466 1479 4541 λέγουσιν·
1512 4469 1575 4523 οὐ
1608 4468 1712 4545 γὰρ
1739 4469 1808 4525 τὰ

1906 3300 2084 3368 ptoris
2108 3299 2221 3352 loco
2252 3298 2500 3370 probare
2536 3315 2597 3353 se
2624 3314 2797 3369 posse
2828 3306 2993 3371 putat
3024 3301 3107 3355 vir
3137 3301 3514 3358 doctissimus
3541 3316 3555 3372 ;

1916 3387 2035 3454 ille,
2069 3387 2293 3443 scilicet
2314 3404 2429 3457 quo
2463 3387 2532 3442 ad
2554 3388 2844 3444 Ecclesias
2866 3390 3012 3445 duas
3040 3391 3318 3462 epistolas
3341 3407 3563 3448 memo-

1912 3481 2024 3544 rat,
2057 3493 2235 3531 unam
2269 3477 2589 3532 Clementis
2622 3477 2695 3532 ad
2727 3478 3079 3548 Corinthios,
3113 3480 3363 3536 alteram
3391 3481 3562 3555 Polyo

1915 3567 2073 3637 carpi
2108 3565 2182 3620 ad
2233 3567 2664 3637 Philippenses.
2703 3568 2894 3632 Quare
2942 3568 3030 3625 hic
3062 3577 3244 3639 rogat,
3290 3588 3407 3639 cur,
3438 3574 3485 3627 si
3511 3576 3563 3630 ei

1913 3663 2074 3711 notus
2095 3660 2213 3709 erat
2242 3666 2424 3710 noster
2456 3655 2724 3723 Ignatius,
2762 3658 2915 3712 illius
2956 3658 3074 3713 loco
3107 3666 3214 3713 tam
3248 3667 3558 3731 opportuno

1917 3749 2136 3814 tamque
2189 3745 2486 3797 necessario
2544 3743 2727 3799 nullus
2783 3744 3142 3801 meminerit?
3193 3750 3564 3820 Respondeat

1917 3849 2034 3887 non
2066 3837 2184 3887 tam
2219 3847 2323 3901 pro
2356 3830 2526 3885 nobis
2558 3846 2734 3901 quam
2767 3848 2871 3901 pro
2906 3834 3100 3903 seipso
3124 3835 3251 3904 jam
3278 3837 3559 3896 lrenseus.

1915 3924 2032 3977 Nos
2063 3921 2221 3975 enim
2256 3919 2441 3974 multo
2473 3920 2721 3974 tutiores
2752 3936 2957 3974 sumus
2979 3938 3012 3976 a
3042 3922 3245 3976 Dallaei
3268 3927 3567 3995 conjectu-

1919 4012 2018 4077 ris,
2053 4025 2229 4081 quam
2263 4008 2317 4062 S.
2341 4010 2597 4063 Irenmus
2624 4008 2696 4063 ab
2727 4008 2993 4079 ejusdem
3027 4027 3295 4067 censura.
3331 4014 3423 4068 Sic
3453 4013 3561 4087 igi-

1916 4106 2013 4156 tur
2033 4099 2130 4153 ille
2152 4097 2255 4153 lib.
2279 4115 2359 4166 lll,
2381 4115 2506 4169 cap.
2534 4100 2564 4151 3
2591 4114 2604 4152 :
2630 4119 2657 4149 ‹‹
2684 4098 3077 4154 Traditionem
3102 4101 3300 4171 itaque
3322 4109 3564 4175 aposto-

1915 4193 2110 4249 lorum
2130 4192 2189 4246 in
2205 4195 2325 4245 toto
2341 4190 2561 4245 mundo
2584 4190 3021 4247 manifestatam
3034 4191 3114 4259 ,in
3128 4195 3287 4248 omni
3303 4195 3566 4254 Ecclesia

1918 4289 2087 4345 adest
2102 4289 2440 4361 perspicere
2464 4286 2740 4343 omnibus
2767 4288 2865 4359 qui
2896 4306 3030 4346 vera
3050 4290 3230 4346 velint
3252 4293 3490 4362 audire;
3511 4297 3571 4352 et

1918 4378 2207 4433 habemus
2230 4392 2622 4432 annumerare
2655 4392 2753 4432 eos
2776 4378 2875 4447 qui
2902 4378 2974 4433 ab
3005 4380 3289 4452 apostolis
3312 4382 3568 4439 instituti

1919 4466 2328 4540 suntepiSCOpi
2345 4467 2404 4520 in
2420 4465 2770 4535 ecclesiis,et
2784 4484 3156 4526 successores
3174 4487 3365 4527 eoru'n
3377 4490 3565 4545 usque

150 4560 203 4615 ἑκ
230 4566 341 4615 τῶν
385 4554 633 4633 βεῧλίων
674 4556 934 4611 τοποῦτὸν
1000 4576 1066 4627 με
1126 4554 1358 4632 ὠφελεῖν
1404 4553 1800 4629 ἀπελάμϐανον

1923 4556 1995 4612 ad
2018 4557 2253 4629 nos,qui
2278 4556 2427 4610 nihil
2449 4556 2559 4612 tale
2584 4557 3131 4631 docuerunt,neque
3146 4569 3564 4630 cognoverunt.

148 4652 268 4705 5.30.,
299 4652 371 4705 τὰ
398 4648 550 4722 παρὰ
584 4648 766 4716 ζώσης
794 4647 974 4723 φωνῆς
1006 4647 1095 4700 καὶ
1141 4648 1428 4715 μενούσης.
1481 4669 1509 4697 ‹‹
1549 4647 1715 4713 Quod
1764 4658 1812 4713 si

154 4743 276 4813 quis
310 4739 621 4797 interdum
649 4736 791 4791 mihi
818 4736 1164 4790 occurrebat
1196 4735 1294 4805 qui
1319 4753 1452 4791 cum
1478 4737 1811 4794 senioribus

151 4839 419 4886 versatus
448 4829 680 4893 fuisset,
717 4844 785 4880 ex
806 4842 873 4878 eo
904 4824 1135 4880 curiose
1168 4824 1515 4880 sciscitabar
1536 4842 1810 4896 quaenam

149 4926 345 4976 essent
370 4917 681 4974 seniorum
704 4915 899 4969 dicta:
933 4913 1074 4983 quid
1098 4913 1383 4983 Andreas,
1415 4914 1555 4984 quid
1578 4917 1809 4979 Petrus,

156 5012 289 5081 quid
344 5008 681 5079 Philippus,
717 5003 861 5075 quid
886 5004 1157 5061 Thomas,
1192 5002 1333 5073 quid
1366 5003 1634 5067 Jacobus,
1668 5003 1809 5074 quid

145 5098 580 5169 Joannes,quid
593 5096 903 5150 Mattbazus
917 5092 1057 5162 quid
1073 5094 1270 5147 cmteri
1286 5093 1419 5147 Dou,
1437 5093 1517 5147 ini
1534 5092 1808 5165 discipuli

151 5191 341 5247 dicere
384 5188 548 5244 soliti
582 5190 806 5247 essent,
842 5183 1124 5253 quidnam
1158 5183 1414 5237 Aristion
1448 5189 1505 5237 et
1550 5183 1807 5240 Joannes

150 5282 455 5351 presbyter
470 5274 747 5347 discipuli
766 5271 1001 5328 Domini
1019 5271 1547 5343 traderentNeque
1562 5273 1718 5328 enim
1738 5290 1806 5328 ex

147 5368 429 5425 librorum
448 5367 706 5423 lectione
724 5367 955 5418 tantam
972 5377 1062 5415 me
1075 5360 1391 5416 utilitatem
1409 5376 1618 5433 capere
1633 5378 1805 5434 posse

150 5458 874 5525 existimabam,~iuantam
892 5467 959 5506 ex
982 5451 1291 5507 hominum
1315 5449 1506 5507 adhuc
1525 5452 1805 5523 supersti-

147 5556 264 5605 tum
278 5551 406 5604 viva
417 5565 551 5603 voce
572 5542 831 5612 ».Quacsi
844 5541 921 5594 vit
939 5540 1147 5613 Papias
1164 5556 1196 5595 a
1211 5539 1544 5595 senioribus
1560 5540 1700 5611 quid
1714 5541 1802 5596 illi

147 5640 215 5693 ab
239 5640 513 5712 apostolis
544 5644 651 5695 aut
683 5630 999 5703 discipulis
1049 5629 1416 5693 audiverant,
1461 5636 1520 5685 et
1566 5646 1697 5701 qua:-
1729 5631 1801 5686 ab

148 5729 258 5784 illis
290 5735 597 5803 acceperat
620 5721 892 5795 scripsit,
927 5717 1015 5773 καὶ
1050 5715 1210 5790 υῧτω,
1255 5719 1470 5790 inquit,
1505 5718 1532 5772 ὁ
1563 5712 1796 5794 πρεσϐύ-

1924 4645 2098 4718 quale
2130 4646 2201 4700 ab
2226 4644 2310 4700 eis
2340 4644 2628 4700 deliratur
2661 4667 2707 4698 ».
2742 4647 2997 4703 Traditio
3030 4649 3209 4721 igitur
3239 4651 3563 4708 secundum

1922 4738 2211 4791 Irenmum
2235 4739 2361 4790 erat
2380 4735 2441 4789 in
2464 4735 2624 4790 omni
2650 4734 2909 4791 Ecclesia
2932 4739 3567 4805 Romana,Alexandri-

1921 4842 2014 4884 na.
2044 4823 2992 4894 Antiochena,Hierosolymitana,
3017 4827 3403 4899 reliquisque,
3426 4837 3483 4885 et
3513 4831 3564 4886 si

1921 4916 2219 4977 voluisset,
2254 4918 2484 4984 poterat
2515 4928 2829 4967 numerare
2885 4930 3092 4968 omnes
3137 4917 3443 4989 episcopos
3488 4918 3560 4974 ab

1919 5001 2198 5075 apostolis
2222 5000 2542 5064 institutos,
2566 5020 2593 5047 «
2617 5015 2764 5068 quos
2784 5014 3154 5055 successores
3173 5003 3560 5075 reliquerant,

1919 5110 2087 5148 suum
2112 5088 2584 5162 ipsorumlocum
2602 5088 2923 5159 magisterii
2953 5090 3270 5159 tradentes,
3304 5100 3564 5149 eteorum

1917 5186 2086 5239 etiam
2134 5196 2473 5236 successores.
2510 5178 2620 5234 Sed
2651 5178 2954 5249 quoniam,
2988 5181 3191 5250 inquit,
3226 5182 3285 5236 in
3318 5184 3427 5238 hoc
3460 5184 3562 5239 tali

1915 5272 2201 5328 volumine
2216 5272 2453 5341 longum
2466 5275 2555 5325 est
2567 5270 2809 5325 omnium
2824 5270 3208 5326 Ecclesiarum
3222 5290 3564 5329 enumerare

1915 5359 3357 5430 successiones;maxima:,etantiqua:,etomnibus
3371 5364 3566 5433 cogni-

1915 5459 2047 5517 tar,a
2068 5448 2511 5523 gloriosissimis
2539 5448 2771 5505 duobus
2795 5449 3078 5521 apostolis
3104 5452 3276 5507 Petro
3301 5458 3359 5506 et
3377 5453 3559 5511 Paulo

1912 5545 2109 5597 Horme
2124 5537 2381 5592 fundatm
2398 5542 2454 5591 et
2468 5540 2804 5593 constitutm
2822 5540 3100 5595 Ecclesia:
3115 5558 3243 5597 eam
3257 5558 3434 5613 quam
3456 5542 3561 5599 ha-

1912 5630 2011 5685 bet
2024 5629 2096 5684 ab
2112 5626 2395 5699 apostolis
2411 5625 2788 5682 traditionem
2807 5634 2946 5683 etan
2959 5631 3290 5687 nuntiatam
3307 5632 3563 5688 homini-

1913 5720 2021 5775 bus
2036 5718 2211 5775 ﬁdem
2223 5758 2236 5787 ,
2249 5731 2357 5789 per
2370 5716 2777 5772 successiones
2795 5716 3207 5790 episcoporum
3220 5722 3565 5792 pervenien-
