3972 6306
423 354 536 416 16Ἰ

1507 359 1568 415 S.
1617 355 2012 416 lGNA'I‘lUS.
2069 389 2136 400 -
2183 353 2796 418 PROLEGONENA.

3727 359 3836 418 168

424 491 544 543 tem
587 503 774 558 usque
806 489 881 543 ad
915 504 1024 544 nos
1044 487 1398 558 indicantes,
1421 489 1842 545 contundimus
1873 505 2081 545 omnes
2109 491 2162 558 Α
2196 491 2403 548 eadem
2425 507 2560 548 cum
2582 491 2865 547 Romanis
2904 491 3304 564 praedicasset,
3337 491 3496 564 quod
3523 491 3744 548 multos
3773 510 3841 549 ex

429 593 530 633 eos
550 599 600 634 ».
635 578 796 632 Tun‘c
819 578 976 633 inter
995 577 1144 634 alios
1158 580 1356 634 Roma:
1383 579 1692 652 episcopos
1712 579 2078 634 Clementem

429 683 604 722 enum
615 670 862 738 erat,qui
873 676 923 722 et
935 669 1072 722 vidit
1092 671 1231 738 ipsos
1251 669 1522 739 apostolos
1537 676 1590 724 et
1604 671 1834 724 contulit
1845 687 1965 725 cuiu
1981 673 2076 738 eis,

431 772 554 810 cum
573 757 752 810 adhuc
781 757 1118 812 insonantem
1143 758 1598 827 praedicationem
1627 759 2000 828 apostolorum
2025 767 2078 814 et

423 845 783 900 traditionem
809 851 934 900 ante
956 845 1136 900 oculos
1157 845 1396 912 haberet,
1421 846 1718 918 traditque
1750 850 1950 903 Romae
1977 848 2079 902 Ec-

425 933 671 988 clesiam
703 933 810 988 sub
834 935 945 989 hoc
977 933 1302 1000 Clemente,
1337 935 1645 1006 scripsisse
1669 923 1980 1007 epistolam
2003 937 2077 992 ad

425 1023 784 1088 Corinthios,
817 1025 892 1078 ad
917 1039 1107 1094 pacem
1137 1039 1224 1080 eos
1252 1031 1695 1094 congregantem,
1725 1033 1774 1080 et
1802 1043 2076 1097 reparan—

428 1118 532 1168 tem
563 1115 724 1182 ﬁdem
751 1129 956 1181 eorum,
989 1120 1041 1168 et
1073 1116 1494 1169 annuntiantem
1523 1131 1690 1185 quam
1719 1116 1788 1170 ab
1817 1118 2078 1186 apostolis

425 1209 706 1272 receperat
741 1203 1116 1258 traditionem.
1157 1203 1426 1258 Meminit
1451 1203 1630 1276 igitur
1669 1205 1988 1261 Clementis
2019 1211 2077 1261 et

427 1291 691 1362 epistola:
725 1291 832 1346 sub
862 1292 989 1364 ejus
1011 1292 1358 1363 pontiﬁcatu
1382 1293 1634 1364 scriptm,
1669 1311 1851 1366 quare
1875 1312 1994 1351 non
2019 1301 2076 1351 et

426 1379 634 1454 lgnatii
657 1382 684 1436 ‘2
714 1381 1042 1452 respondeo
1066 1381 1207 1453 quia
1245 1381 1506 1454 Ignatius
1530 1385 1729 1438 Romae
1762 1383 2074 1456 episcopus

423 1485 730 1540 nunquam
762 1469 887 1537 fuit,
925 1470 1032 1524 sub
1065 1486 1132 1524 eo
1160 1471 1424 1526 Ecclesia
1479 1473 1743 1528 Romana
1789 1473 2073 1546 epistolas

423 1557 680 1614 scribere
709 1576 826 1614 non
857 1561 1069 1631 potuit.
1099 1561 1312 1615 Statuit
1332 1567 1529 1616 antem
1561 1563 1818 1618 lrenasus
1848 1563 1920 1619 de
1953 1569 2075 1618 tra—

425 1647 649 1704 ditione
681 1649 754 1704 ad
787 1652 1107 1704 Romanam
1139 1649 1461 1706 Ecclesiam
1483 1653 1816 1723 pertinente
1841 1658 2070 1708 tantum

421 1737 608 1808 loqui.
643 1740 851 1792 Inerter
873 1755 937 1793 ac
961 1741 1256 1809 ﬂagitiose,
1298 1740 1452 1794 dicet
1497 1740 1749 1796 Dallaaus
1799 1743 2070 1798 fortasse.

420 1828 592 1884 Certe
623 1829 704 1883 ita
733 1827 872 1882 fecit
904 1829 1183 1896 tremens,
1212 1834 1270 1884 et
1295 1846 1399 1885 cur
1421 1829 1506 1886 sic
1526 1837 1938 1903 argumentum
1962 1831 2070 1888 ad-
2102 1855 2150 1923 Β

423 1933 626 1973 versus
657 1918 966 1974 haereticos
1025 1919 1386 1986 institueret,
1444 1921 1737 1977 rationem
1790 1922 2068 1992 reddidit,

422 2007 582 2078 quod
604 2013 834 2078 propter
851 2011 1222 2079 potentiorem
1251 2009 1414 2064 illius
1445 2008 1720 2066 Ecclesias
1736 2013 2072 2082 principali-

419 2103 605 2166 tatem,
641 2097 770 2168 ejus
793 2097 976 2152 solius
1002 2099 1236 2154 traditio
1264 2115 1474 2154 omnes
1494 2099 1803 2156 haereticos
1827 2101 2072 2157 confun-

421 2184 606 2241 deret.
642 2188 780 2252 Quas
813 2186 1056 2257 quidem
1087 2188 1238 2243 ratio
1271 2189 1588 2254 Irenreum,
1623 2191 1731 2246 etsi
1761 2191 1968 2262 Ignatii
2003 2207 2070 2248 eo

419 2272 534 2329 loci
566 2291 684 2329 non
711 2275 1071 2340 meminerit,
1095 2277 1250 2348 apud
1272 2294 1367 2332 me
1391 2277 2070 2350 flagitiosissimisilentii

419 2363 675 2420 crimine
699 2365 985 2432 absolvit;
1017 2365 1272 2422 viderint
1306 2367 1584 2423 Dallasani
1606 2369 1656 2424 si
1687 2369 1882 2424 adhuc
1901 2386 2069 2424 reum

423 2458 682 2510 teneant.
703 2455 778 2509 At
799 2459 1014 2526 praeter
1036 2457 1400 2512 Clementem
1423 2458 1598 2514 etiam
1614 2458 1919 2530 Polycarpi
1951 2475 2072 2514 me-

419 2543 596 2599 minit
618 2544 1002 2616 epistolmque
1026 2546 1154 2618 ejus
1181 2547 1256 2602 ad
1279 2548 1692 2620 Philippenses
1721 2565 1938 2621 :quare
1961 2550 2070 2622 igi-

417 2637 514 2688 tur
541 2649 662 2689 non
693 2640 756 2688 et
782 2634 1010 2706 lgnatii,
1045 2637 1367 2710 Polycarpo
1402 2639 1677 2706 senioris,
1732 2639 1902 2710 cujus
1932 2639 2068 2710 epi-

416 2724 583 2778 stolas
616 2723 702 2778 illi
734 2725 806 2778 ad
837 2725 1253 2796 Philippenses
1285 2733 1456 2782 erant
1484 2727 1781 2798 adjuncta:
1801 2729 1828 2784 ‘?
1867 2731 2070 2784 Memo-

415 2813 582 2868 randi
621 2821 762 2868 certe
814 2815 960 2869 ratio
1018 2818 1302 2887 utriusque
1345 2835 1454 2888 par
1495 2825 1635 2878 erat.
1683 2819 1892 2887 lgnatii
1943 2836 2068 2874 vero

417 2903 584 2957 etiam
634 2905 840 2973 potior.
892 2903 1246 2975 Priusquam
1300 2905 1632 2976 respondeo
1691 2906 1763 2960 de
1821 2907 2064 2975 Irenaeo,

418 3007 618 3061 quaero
651 2993 873 3062 pariter
903 2991 974 3048 de
1024 2993 1406 3048 Tertulliano.
1457 2994 1784 3062 Concedes,
1833 2997 2065 3066 opinor,

417 3096 552 3136 eum
585 3079 734 3136 bene
767 3084 1021 3150 novisse,
1051 3083 1334 3154 lgnatium
1369 3083 1551 3138 fuisse
1573 3085 1850 3140 Ecclesiae
1868 3086 2067 3140 Antio-

415 3167 618 3224 chense
673 3170 1015 3242 episcopum
1076 3176 1134 3226 et
1197 3171 1270 3225 ab
1355 3173 1640 3243 apostolis
1702 3173 2062 3242 ordinatum,

2191 581 2508 648 haereticis,
2532 587 2739 637 contra
2766 599 2913 654 quos
2936 581 2996 636 hi
3028 581 3164 638 libri
3199 582 3421 638 exarati
3445 587 3601 652 sunt,
3633 582 3708 638 ad
3736 599 3838 639 ca-

2192 670 2472 728 tholicam
2500 671 2677 727 ﬁdem
2708 673 2906 728 Romae
2939 673 3316 738 converterit,
3339 679 3397 727 et
3427 673 3706 728 Romanas
3737 674 3838 728 Ec-

2193 761 2388 815 clesia:
2408 760 2901 821 reconciliaverit.
2918 761 3074 832 quod
3097 761 3240 832 quid
3262 762 3314 816 S.
3347 763 3604 817 Joannes
3635 761 3706 818 de
3733 763 3838 817 Ce-

2191 849 2391 906 rintho
2417 851 2696 918 senserit,
2717 851 2858 924 qu_id
2884 851 3009 922 ipse
3037 851 3108 906 de
3138 851 3453 919 Marcione,
3477 857 3726 907 testatus
3745 851 3840 908 sit.

2192 940 2412 996 Horum
2427 957 2562 996 vero
2581 941 2730 996 nihil
2748 941 2819 995 de
2834 941 3058 1012 lgnatio
3077 940 3190 996 dici
3206 941 3696 1012 potuit.Epistolas
3721 941 3844 1012 qui-

2190 1029 2328 1086 dem
2352 1032 2481 1104 ejus
2505 1030 2700 1086 obiter
2719 1031 3012 1099 meminit,
3039 1032 3142 1087 sed
3164 1047 3238 1086 ne
3265 1033 3336 1101 μῦ
3360 1047 3430 1086 ex
3455 1030 3558 1085 illa
3571 1030 3841 1098 adducit;

2190 1135 2266 1175 ne
2287 1118 2348 1174 id
2379 1120 2620 1190 quidem
2639 1121 2783 1176 dicit
2805 1137 2936 1176 eam
2959 1121 3266 1176 continere
3291 1119 3558 1176 eamdem
3576 1119 3844 1176 traditio-

2189 1223 2329 1262 nem
2363 1225 2492 1279 qua;
2526 1207 2586 1263 in
2616 1210 2881 1265 Romana
2919 1208 3184 1264 Ecclesia
3227 1207 3502 1264 obtinuit.
3563 1207 3841 1279 Polycar-

2189 1313 2333 1368 pum
2356 1296 2556 1368 itaque
2579 1297 2712 1353 ideo
2734 1303 2963 1354 tantum
2983 1298 3200 1366 citavit,
3225 1298 3383 1370 quod
3410 1299 3609 1353 Romae
3633 1297 3839 1352 eadem

2189 1402 2324 1440 cum
2347 1387 2614 1442 Romana
2633 1387 2898 1442 Ecclesia
2915 1387 3204 1456 docuerit,
3223 1392 3281 1442 et
3299 1387 3596 1443 haereticis
3617 1385 3838 1442 ibidem

2188 1475 2494 1530 restiterit.
2530 1477 2645 1531 Nec
2677 1483 2804 1532 erat
2832 1477 3124 1546 utriusque
3151 1477 3480 1532 nominandi
3519 1493 3632 1548 par
3667 1478 3836 1532 ratio.

2259 1564 2424 1630 Quod
2455 1565 2720 1620 additvir
2741 1565 3140 1632 doctissimus,
3173 1567 3462 1621 Irenaeum
3496 1565 3558 1620 in
3591 1563 3842 1638 epistola

2187 1653 2262 1708 ad
2284 1653 2584 1709 Florinum
2617 1654 2924 1726 Polycarpi
2955 1656 3320 1710 mentionem
3339 1655 3570 1726 fecisse,
3593 1671 3713 1710 non
3736 1671 3840 1710 au-

2189 1749 2306 1798 tem
2340 1743 2573 1815 Ignatii,
2609 1744 2778 1816 cujus
2821 1743 3082 1816 epistolae
3132 1745 3320 1800 multa
3367 1749 3572 1800 contra
3617 1743 3844 1800 Florini

2185 1831 2620 1904 blasphemiam
2645 1833 2976 1904 continent,
3011 1834 3068 1888 id
3091 1835 3336 1890 omnino
3358 1833 3472 1889 vim
3491 1833 3719 1890 nullam
3743 1835 3844 1888 ha-

2181 1922 2300 1978 bet.
2333 1923 2708 1996 Blasphemia
2729 1942 2908 1995 quam
2933 1931 3074 1980 tunc
3097 1927 3380 1997 temporis
3414 1925 3687 1981 tuebatur
3708 1925 3845 1980 Flo-

2181 2012 2493 2085 rinus,ipsi
2517 2013 2838 2084 peculiaris
2860 2014 2988 2081 fuit,
3013 2020 3216 2086 utpote
3235 2031 3414 2087 quam
3441 2013 3708 2070 haeretici
3735 2013 3842 2085 qui

2183 2106 2347 2156 extra
2375 2101 2700 2158 Ecclesiam
2727 2109 3233 2175 erant,nunquam
3260 2103 3526 2175 profiteri
3540 2102 3665 2159 ausi
3691 2102 3838 2158 sint.

2181 2191 2392 2246 Postea
2423 2191 2686 2263 quidem,
2717 2197 2862 2248 teste
2895 2192 3168 2259 Eusebio,
3193 2191 3440 2249 descivit
3469 2189 3542 2248 ad
3575 2191 3842 2248 Valenti-

2181 2280 2419 2336 nianos.
2448 2280 2712 2352 Epistola
2736 2288 2935 2338 antem
2961 2281 3164 2338 [renaai
3184 2281 3593 2338 tantummodo
3613 2297 3722 2354 pro
3746 2297 3841 2337 ar-

2181 2375 2462 2444 gumento
2495 2371 2722 2442 habuit,
2756 2373 2912 2444 quod
2954 2375 3096 2428 Deus
3140 2388 3250 2428 non
3295 2371 3369 2427 sit
3420 2379 3612 2428 auctor
3652 2370 3838 2426 malo-

2180 2478 2300 2516 rum
2335 2460 2376 2530 4,
2410 2479 2548 2518 nam
2575 2462 2732 2531 licet,
2757 2463 2909 2518 alter
2931 2463 3136 2519 titulus
3164 2462 3291 2536 Περὶ
3316 2460 3622 2540 μοναρχίας
3640 2467 3843 2518 osten-

2179 2550 2320 2606 dere
2353 2552 2620 2608 videatur
2646 2553 2948 2610 Florinum
2983 2553 3099 2609 duo
3134 2553 3431 2625 principia
3451 2553 3744 2609 invexisse
3777 2556 3841 2608 et

2180 2639 2496 2694 Marcionis
2527 2657 2595 2695 ac
2625 2641 2910 2696 Cerdonis
2969 2639 3344 2712 dogmatibus
3393 2639 3738 2706 adhaesisse,
3773 2643 3851 2694 ut

2179 2727 2453 2784 observat
2475 2729 2856 2785 doctissimus
2881 2731 3178 2800 Valesius;
3203 2737 3546 2786 tamencum
3571 2731 3850 2786 Irenaeus

2179 2817 2306 2889 ipse
2339 2819 2612 2892 dogmata
2639 2819 2857 2875 Florini
2878 2827 3107 2876 asserat
3125 2820 3198 2876 ab
3222 2819 3517 2876 hwreticis
3531 2836 3848 2892 nunquam

2177 2907 2360 2963 fuisse
2393 2907 2631 2975 tradita,
2673 2916 2733 2964 et
2776 2909 3064 2966 Eusebius
3117 2910 3317 2968 addat.
3365 2908 3569 2980 ταύτης
3611 2908 3716 2984 γάρ
3747 2926 3842 2962 τοι

2175 2999 2276 3059 τῆς
2305 2995 2554 3070 γνώμης.
2590 2994 2746 3058 οὗτος
2781 2995 2956 3052 ἐδόκει
3009 2999 3380 3073 προασπῖζειν,
3430 2999 3660 3054 videtur
3711 3000 3845 3054 Ire-

2175 3102 2343 3142 naeus
2374 3087 2446 3143 de
2477 3087 2578 3143 illa
2606 3105 2669 3142 re
2702 3093 2934 3144 tantum
2967 3089 3300 3161 disputasse
3329 3090 3608 3146 adversus
3630 3087 3832 3144 Flori-

2177 3194 2357 3234 num:
2391 3201 2418 3229 «
2453 3181 2565 3248 An,
2597 3177 2843 3248 scilicet,
2868 3181 3021 3236 Deus
3048 3187 3255 3236 auctor
3277 3185 3433 3236 esset
3454 3179 3776 3236 malorum.
3807 3201 3840 3231 ››

711 3227 720 3235 .
875 3227 893 3242 .
1394 3227 1410 3243 .
1713 3227 1723 3228 κ
1788 3227 1791 3228 ν
2177 3227 2357 3234 -ν--η
2398 3227 2418 3229 -ν
2453 3227 2565 3248 ----,
2599 3227 2843 3248 mm",
2871 3227 3020 3236 -νκυ
3049 3227 3244 3236 "vw-
3281 3227 3776 3236 ν--η---υ---η---υ
3807 3227 3833 3231 --

412 3258 646 3316 etiamsi
681 3259 962 3330 epistolas
993 3260 1121 3330 ejus
1152 3261 1456 3331 ignorasse
1485 3267 1677 3332 putes.
1703 3263 1910 3326 Quaero
1950 3263 2062 3333 igi-
2097 3227 2137 3294 Ο
2176 3266 2660 3338 Atquammulta,
2682 3285 2905 3339 quaeso,
2933 3268 3005 3324 ad
3024 3269 3454 3340 blasphemiam
3473 3269 3533 3323 in
3549 3285 3616 3324 ea
3638 3285 3702 3324 re
3733 3285 3842 3325 re-

412 3347 510 3400 tur
539 3362 674 3402 cum
705 3348 997 3403 Ecclesias
1029 3348 1383 3420 apostolicus
1438 3357 1747 3417 memorat,
1799 3357 1878 3406 De
1920 3369 2064 3424 pra-

411 3435 711 3506 scriptione
741 3437 1139 3504 hereticorum,
1173 3457 1300 3510 cap.
1336 3441 1422 3497 32.
1449 3458 1554 3495 cur
1584 3442 1793 3513 Ignatii
1827 3449 1929 3498 aut
1957 3445 2060 3497 Ec-

414 3523 610 3580 clesiai
621 3526 1003 3581 Antiochense
1019 3543 1138 3583 non
1163 3529 1436 3584 meminit
1453 3529 1509 3584 ?«
1531 3531 1650 3585 Hoc
1669 3530 2060 3601 modo,inquit

411 3613 692 3669 Ecclesias
723 3615 1060 3686 apostolicae
1093 3634 1307 3674 census
1356 3637 1492 3674 suos
1545 3619 1860 3686 deferunt;
1911 3622 2096 3676 sicut-

413 3703 856 3774 Smyrnaaorum
872 3705 1133 3762 Ecclesia
1149 3708 1538 3780 Polycarpum
1563 3709 1633 3766 ab
1645 3693 1869 3766 Joanne
1887 3711 2062 3766 collo-

411 3798 608 3848 catum
635 3795 994 3863 refert,sicut
1013 3799 1411 3853 Romanorum
1438 3798 1796 3854 clementem
1825 3817 1860 3856 a
1894 3805 2058 3856 Petro

407 3882 746 3949 ordinatum
761 3885 969 3940 itidem
989 3886 1282 3942 ».Nullam
1300 3888 1475 3944 aliam
1490 3889 1814 3945 Ecclesiam
1831 3897 2061 3962 aposto-

397 3969 577 4042 licam
605 3974 1358 4040 nominavit.Quid?nonne
1377 3978 1544 4032 novit
1563 3980 1850 4049 lgnatium
1875 3980 2056 4051 Poly-

403 4077 582 4134 carpo
615 4061 798 4119 fuisse
828 4064 1128 4120 seniorem
1150 4065 1177 4120 ?
1227 4083 1426 4121 nonne
1471 4068 1826 4123 existimavit
1857 4069 1914 4124 S.
1946 4071 2053 4124 Pe-

397 4155 559 4209 trum
595 4151 777 4207 fuisse
808 4153 1138 4209 Antiochiae
1171 4155 1336 4225 prius
1368 4172 1542 4226 quam
1590 4159 1786 4212 Romae
1815 4159 1834 4212 t
1865 4159 2054 4222 Quare

396 4237 580 4308 igitur
608 4241 1043 4296 Antiochenam
1067 4243 1393 4298 Ecclesiam
1449 4252 1506 4299 et
1549 4247 1890 4318 episcopum
1927 4247 2054 4319 ejus

396 4325 693 4399 Ignatium
716 4345 836 4384 non
865 4333 1392 4388 commemoravit?
1413 4335 1629 4406 Nempe
1652 4337 1858 4391 inerter
1883 4343 1938 4391 et
1950 4341 2052 4406 ﬂa-

401 4418 598 4486 gitiose
626 4417 806 4472 fecit:
842 4425 1000 4474 certe
1056 4421 1341 4478 Irenaeum
1393 4423 1658 4479 imitatus
1709 4432 1764 4480 et
1816 4431 2052 4480 secutus

398 4510 506 4560 est.
544 4506 828 4571 Quocirca
861 4508 909 4562 si
934 4508 1062 4581 jam
1095 4527 1346 4582 quaeras,
1372 4530 1554 4584 quare
1587 4515 1845 4569 Irenmus
1881 4513 2051 4586 Poly-

2169 3357 2530 3431 tundendam
2543 3362 2876 3430 opportuna
2889 3358 3370 3430 epistolmlgnatii
3385 3357 3842 3414 continent?aut

2170 3450 2218 3504 si
2249 3451 2644 3515 continerent,
2677 3452 2836 3508 unde
2861 3451 3070 3507 liceret
3091 3451 3366 3523 colligere
3397 3451 3724 3507 sententias
3759 3467 3842 3506 ex

2169 3539 2242 3594 iis
2262 3539 2336 3594 ad
2358 3539 2750 3596 refellendum
2773 3541 3072 3596 Florinum
3095 3557 3412 3610 excerpere
3434 3539 3688 3596 voluisse
3714 3539 3842 3595 Ire-

2167 3645 2366 3685 naeum
2388 3630 2416 3684 ?
2447 3631 2613 3686 Certe
2645 3631 2720 3685 ab
2745 3630 3012 3700 exemplo
3033 3630 3342 3701 Polycarpi
3371 3631 3483 3684 hoc
3505 3629 3672 3684 nullo
3701 3646 3845 3686 mo-

2167 3719 2240 3775 do
2282 3720 2571 3789 sequitur.
2604 3719 2808 3774 Innuit
2853 3719 3092 3790 quidem
3121 3734 3257 3773 eum
3308 3717 3510 3790 plures
3540 3718 3844 3788 epistolas

2167 3808 2498 3878 scripsisse,
2553 3823 2627 3862 ne
2675 3823 2857 3862 unam
2911 3825 2984 3863 ex
3033 3824 3240 3866 earum
3292 3807 3415 3862 ulla
3463 3807 3843 3864 sententiam

2165 3897 2632 3968 adducitipsum
2656 3897 2948 3962 nominat,
2983 3897 3087 3954 sed
3119 3915 3188 3954 eo
3231 3897 3360 3952 loco
3379 3914 3494 3968 quo
3527 3897 3840 3968 πεφεισμὲ·

2162 4007 2292 4058 νως,
2319 4003 2489 4058 parce
2517 4003 2586 4042 ac
2635 3987 2827 4042 leviter
2854 4003 2990 4043 cum
3020 3988 3258 4042 Florino
3291 3987 3430 4060 agit,
3464 4005 3580 4059 quo
3621 3992 3845 4044 osten-

2161 4075 2538 4131 ditseniores
2572 4075 2840 4147 quicum
2875 4076 3161 4147 apostolis
3205 4077 3414 4132 versati
3466 4083 3622 4142 sunt,
3671 4076 3841 4132 nihil

2165 4164 2280 4220 tale
2313 4181 2450 4220 eum
2500 4165 2796 4222 docuisse.
2852 4167 3068 4220 Eorum
3120 4165 3422 4236 aliquibus
3467 4165 3838 4222 familiarem

2159 4253 2344 4308 fuisse
2368 4253 2674 4309 Florinum
2705 4259 2990 4319 noverat;
3049 4270 3236 4309 unum
3284 4271 3354 4310 ex
3401 4254 3474 4309 iis
3523 4253 3835 4323 nominat,

2160 4357 2378 4413 nempe
2406 4341 2796 4412 Polycarpum
2823 4359 2838 4409 ;
2872 4357 3128 4414 eumque
3161 4343 3456 4416 praecipue
3500 4342 3714 4415 seligit,
3752 4344 3838 4400 ob

2161 4431 2384 4486 multas
2417 4446 2564 4500 quas
2595 4430 2890 4503 signiﬁcat
2935 4432 3216 4488 rationes.
3273 4433 3492 4501 Primo,
3543 4437 3838 4504 respectu

2157 4519 2404 4589 Florini,
2429 4519 2528 4589 qui
2551 4519 2944 4592 Polycarpum
2968 4521 3259 4588 audierat,
3288 4521 3390 4577 sed
3409 4528 3621 4578 etcum
3646 4537 3717 4576 eo
3745 4522 3841 4578 si-

398 4594 561 4667 Carpi
578 4595 996 4664 meminit,non
1019 4605 1218 4656 autem
1237 4602 1444 4673 Ignatii
1463 4619 1476 4668 ;
1497 4619 1672 4658 causa
1695 4603 1754 4658 in
1778 4609 2056 4674 promptu

2208 4609 2287 4664 llll
2317 4610 2600 4677 Irenasus,
2635 4591 2914 4684 eidovadp
2949 4629 3028 4679 σε,
3076 4611 3291 4683 inquit,
3347 4614 3474 4672 παῖς
3517 4603 3591 4662 ὤν
3635 4603 3717 4663 ἔτι
3776 4611 3836 4664 ἐν

394 4689 486 4765 est
509 4701 525 4750 ;
559 4685 700 4754 quia
723 4687 1102 4744 traditionem
1127 4690 1312 4746 solius
1330 4692 1603 4748 Ecclesiae
1627 4695 1902 4748 Romanae
1916 4709 2048 4764 pro-

393 4779 696 4844 posuerat,
729 4776 803 4832 ad
837 4793 1016 4849 quam
1049 4780 1520 4836 confirmandam
1554 4781 1833 4836 adversus
1859 4783 2045 4836 haere-

395 4861 896 4933 ticos,auctoritas
923 4865 1228 4940 Polycarpi
1253 4870 1576 4940 plurimum
1589 4868 2048 4942 faciebat,lgna-

393 4951 821 5012 tiinihil.Hanc
844 4958 1137 5014 rationem
1162 4959 1285 5030 ipse
1309 4959 1552 5014 indicat.
1597 4983 1622 5008 ‹‹
1657 4961 1711 5013 Is
1743 4959 1922 5026 enim,
1959 4959 2046 5015 in-

391 5045 536 5112 quit,
563 5049 674 5108 est,
700 5047 800 5116 qui
825 5047 932 5102 sub
955 5049 1198 5104 Aniceto
1221 5065 1354 5104 cum
1379 5048 1714 5104 advenisset
1732 5049 1793 5103 in
1808 5049 2042 5120 Urbem,

386 5131 600 5187 multos
619 5150 686 5188 ex
703 5133 792 5189 his
806 5153 953 5206 quos
968 5139 1344 5209 praediximus
1358 5139 1668 5193 haereticos
1683 5141 1967 5195 convertit
1984 5141 2045 5196 in

389 5221 718 5278 Ecclesiam
734 5225 1043 5293 Dei,unam
1061 5233 1118 5282 et
1136 5227 1318 5282 solam
1337 5227 1486 5283 hanc
1503 5229 1802 5284 veritatem
1817 5246 1933 5284 ann
1943 5248 2047 5286 un-

393 5313 549 5368 tians
582 5313 656 5368 ab
688 5315 972 5385 apostolis
1003 5317 1340 5389 percepisse
1375 5333 1458 5387 se,
1483 5335 1657 5388 quam
1693 5325 1751 5374 et
1783 5321 2046 5376 Ecclesia

385 5401 633 5457 tradidit
659 5427 677 5449 ο
694 5402 799 5458 .Ad
825 5405 1297 5462 confirmandam
1329 5409 1610 5463 Romana:
1633 5408 1912 5464 Ecclesias
1934 5417 2048 5466 tra-

385 5487 674 5546 ditionem
707 5493 949 5548 adducit
980 5495 1394 5568 Polycarpum,
1430 5514 1606 5570 quem
1637 5497 1762 5569 ipse
1794 5497 2041 5565 viderat,

385 5579 545 5650 quod
577 5582 948 5638 venerandus
979 5583 1080 5640 ille
1116 5602 1294 5641 senex
1339 5589 1535 5642 Roma:
1584 5587 1838 5656 adesset,
1882 5588 2043 5659 quod

461 5698 485 5732 ‘
510 5698 634 5758 Jac.
666 5715 708 5768 ι,
747 5701 830 5754 l3.

2156 4698 2225 4768 τῇ
2257 4699 2404 4750 κάτω
2438 4694 2594 4768 Ἀσίᾳ
2623 4696 2770 4770 παρὰ
2796 4701 2876 4770 τῷ
2922 4696 3270 4773 Πολυκάρπῳ
3323 4697 3594 4772 λαμπρῶς
3643 4698 3838 4771 πράτ-

2152 4805 2315 4838 τοντα
2347 4783 2398 4838 ἐν
2432 4787 2500 4857 τῇ
2541 4783 2802 4859 βασιλικῇ
2851 4784 3021 4860 αὐλῇ,
3060 4785 3150 4841 καὶ
3194 4786 3536 4860 πειρώμενον
3597 4781 3835 4841 εὐδοκι-

2159 4877 2275 4946 μεῖν
2307 4877 2433 4946 παρ’
2466 4871 2632 4944 αὗτῷ.
2675 4896 2700 4928 ι
2735 4875 2859 4931 Vidi
2895 4877 3055 4932 enim
3091 4882 3142 4931 te
3177 4893 3309 4932 cum
3333 4877 3525 4932 adhuc
3550 4892 3698 4948 puer
3723 4893 3836 4933 es-

2156 4981 2277 5019 sem
2314 4965 2374 5018 in
2409 4963 2674 5018 inferiori
2699 4965 2837 5020 Asia
2865 4965 3023 5038 apud
3053 4966 3468 5037 Polycarpum,
3501 4964 3834 5036 splendide

2155 5058 2424 5125 agentem
2451 5053 2511 5107 in
2534 5053 2773 5124 palatio,
2801 5060 2860 5109 et
2885 5070 3240 5126 magnopere
3261 5053 3628 5109 laborantem
3663 5060 3738 5109 ut
3769 5061 3835 5111 te

2157 5141 2242 5195 illi
2261 5141 2619 5213 approbares
2635 5141 3263 5213 ».Secundo,respectu
3284 5145 3371 5196 sui
3398 5142 3604 5214 ipsius.
3631 5157 3836 5212 quem

2155 5235 2433 5300 tanquam
2459 5230 2749 5301 optimum
2777 5231 2974 5302 ejusce
3003 5233 3086 5286 rei
3109 5237 3324 5287 testem
3347 5231 3632 5302 depingit.
3651 5235 3838 5300 quod

2157 5337 2288 5390 quas
2315 5327 2453 5375 tunc
2475 5319 2699 5375 audivit
2719 5336 2754 5376 a
2774 5320 3119 5392 Polycarpo.
3137 5321 3366 5375 ﬁrmius
3384 5320 3682 5376 memoria:
3709 5323 3836 5378 θεὶ-

2157 5407 2476 5476 haererent,
2509 5425 2687 5480 quam
2721 5426 2852 5480 quas
2881 5426 3074 5482 nuper
3105 5410 3467 5466 acciderant.
3509 5409 3692 5464 Ταῦτα
3727 5410 3837 5465 καὶ

2155 5496 2281 5550 τότε
2339 5492 2648 5557 σπουδαίως
2703 5493 2905 5565 ἤκουον
2966 5496 3556 5572 ὑπομνηματιζόμενος
3605 5495 3711 5551 οὐκ
3770 5499 3831 5556 ἐν

2153 5583 2332 5660 χάρτῃ
2367 5582 2492 5640 ἄλλ’
2523 5587 2579 5640 ἐν
2612 5589 2680 5658 τῇ
2715 5584 2822 5659 ἐμῇ
2871 5583 3084 5661 καρδίᾳ,
3136 5587 3226 5641 καὶ
3274 5586 3353 5641 ἀεὶ
3411 5585 3541 5640 ’κῦτὰ
3588 5585 3832 5661 ἀεισμή.
