3972 6306
111 413 222 473 173

856 416 912 479 J.
958 415 1392 482 PEARSONII
1436 418 1805 481 VINDICLE
1850 420 2322 486 IGNATIANE.
2372 460 2447 471 -—
2494 427 2703 491 PARS
2747 431 2794 489 Ι.

3320 462 3325 463 ν
3410 437 3525 497 174

110 548 266 601 sium
290 564 463 605 suum
486 548 863 622 defenderet,
887 553 1593 626 corrupisset,locumque
1614 558 1773 612 hunc
1807 561 1850 629 Α
1887 555 2324 629 Graecos)etiam
2343 560 2572 634 logiceu
2595 563 2798 634 (quam
2823 581 2931 620 nos
2951 566 3306 624 rationalem
3330 586 3513 641 possu

113 653 174 692 ex
202 639 340 710 ejus
365 639 517 695 libro
543 643 1067 699 exterminandum
1091 644 1458 716 judicasset;
1483 648 1779 702 facessere
1884 661 2003 699 mus
2027 647 2535 719 dicere)quartoin
2552 667 2801 709 numero
2824 639 3543 725 posuerunt.»Necﬁtamen

112 742 225 783 etim
242 745 384 785 cum
398 732 812 788 morosissima
823 734 1160 807 etineptissi
1171 738 1481 793 macritica
1492 739 1777 809 suajubet

107 817 497 884 Dallzeus,etu
523 821 684 891 quod
702 823 765 878 in
787 823 1033 897 Origene
1052 826 1253 897 (quem
1270 843 1412 899 pace
1433 832 1534 882 tua
1556 824 1697 883 Dion
1710 846 1771 898 y-

108 906 186 962 sio
211 913 319 963 tuo
360 909 552 965 multo
583 911 915 968 doctiorem
962 914 1144 971 fuisse
1189 915 1382 971 virum
1415 917 1579 988 puto}
1612 923 1769 973 totus

106 996 398 1054 hactenus
417 998 576 1056 orbis
594 1018 767 1072 (equo
786 1003 984 1059 animo
998 1004 1222 1075 tulit,id
1247 1006 1308 1061 in
1330 1008 1604 1078 Dionysio
1630 1007 1766 1079 legi,

102 1087 240 1157 noli,
261 1088 477 1159 inquit,
496 1090 650 1147 ferre
675 1092 1224 1165 iniquius.»Auctor
1243 1096 1424 1169 igitur
1448 1097 1765 1169 expositio-

101 1194 238 1233 num
270 1180 337 1233 in
370 1180 681 1238 Canticum
723 1184 1108 1253 canticorum,
1142 1203 1278 1242 cum
1310 1193 1515 1244 contra
1545 1188 1763 1259 Diony-

102 1269 252 1323 sium
282 1270 499 1326 scribit
527 1272 1086 1348 Dallaeus,0rigenes
1111 1281 1217 1342 est,
1247 1282 1306 1335 et
1333 1277 1550 1345 locum,
1586 1294 1759 1350 quem

102 1355 483 1426 adduximus,
506 1360 569 1415 in
591 1362 805 1418 eodem
826 1364 1074 1436 Origene
1100 1371 1259 1421 totus
1289 1367 1577 1422 hactenus
1598 1368 1759 1423 orbis

102 1462 262 1517 equo
284 1448 494 1504 animo
518 1450 654 1506 tulit
679 1468 691 1505 :
725 1469 909 1522 quare
938 1454 1098 1509 idem
1130 1472 1250 1510 non
1271 1461 1380 1523 est,
1406 1472 1587 1526 quare
1613 1473 1721 1512 con
1740 1489 1756 1500 -

102 1543 176 1593 ira
206 1544 411 1595 totum
444 1540 653 1598 orbem
709 1543 928 1601 militat
984 1545 1260 1615 Dallzeus,
1308 1563 1440 1601 cum
1475 1548 1755 1603 adversus

105 1626 400 1698 lgnatium
426 1644 595 1686 arma
622 1632 852 1687 sumit?

151 1722 453 1775 Auctores
481 1738 617 1777 cum
652 1723 995 1779 auctoribus
1039 1725 1402 1782 contulimus
1428 1742 1441 1792 ;
1473 1743 1631 1782 nunc
1658 1744 1754 1783 ra-

98 1805 284 1863 tiones
346 1826 489 1865 cum
547 1812 884 1868 rationibus
941 1815 1340 1871 conferamus.
1394 1817 1611 1872 ercus
1638 1833 1750 1871 non

93 1897 253 1994 fuisse
274 1898 363 1994 uel
395 1899 528 1955 hinc
559 1900 792 1970 colliga:
817 1902 1026 1970 licebit,
1054 1904 1249 1976 inquit
1276 1906 1576 1972 Erasmus,
1601 1908 1750 1975 quod
1785 1929 1830 1994 Β

95 1985 416 2057 inPrologo
474 1991 610 2044 citat
669 1991 883 2046 Graecos
936 1993 1085 2047 velut
1138 1994 1365 2049 alienos.
1417 1994 1563 2049 Cum
1594 1996 1752 2067 apud

96 2074 340 2145 Graecos,
376 2077 598 2149 inquit,
631 2079 734 2149 qui
794 2080 1011 2135 eruditi
1042 2087 1100 2136 et
1131 2083 1429 2153 sapientes
1455 2083 1747 2139 videntur.

94 2163 366 2235 lmperite
395 2184 641 2222 ororsus
675 2173 733 2222 et
764 2169 986 2241 inepte.
1020 2171 1174 2226 Citat
1189 2172 1347 2227 enim
1371 2173 1586 2229 Gra’cos
1602 2173 1752 2228 velut

95 2252 296 2309 alienos
315 2271 443 2309 non
473 2271 509 2310 a
538 2255 762 2327 lingua,
796 2262 897 2312 aut
924 2263 1100 2330 gente
1133 2276 1260 2324 sua,
1294 2259 1399 2315 sed
1437 2258 1746 2332 religione.

96 2341 183 2397 ilic
213 2344 386 2398 enim
419 2345 637 2402 Grascos
668 2363 790 2402 non
819 2348 1032 2419 opponi
1068 2349 1306 2416 Latinis,
1332 2350 1437 2404 sed
1467 2350 1748 2405 Christia-

94 2432 437 2498 nis,certum
458 2433 658 2490 est.lta
685 2434 845 2490 enim
869 2438 1167 2507 sequitur:
1188 2459 1216 2485 ‹‹
1240 2439 1368 2491 Non
1393 2453 1528 2510 ergo
1546 2439 1749 2493 mirum

94 2523 311 2589 esset,si
341 2526 406 2577 et
425 2523 586 2593 apud
608 2524 845 2592 nos,ubi
869 2532 1088 2596 quanto
1112 2526 1310 2598 plures
1327 2527 1744 2597 simpliciores,

92 2613 237 2666 tanto
249 2611 467 2682 plures
480 2613 938 2683 etimperitiores
950 2614 1281 2671 videntur.»
1291 2616 1429 2681 Quae
1445 2616 1618 2672 verba
1628 2634 1749 2673 cer-

90 2704 266 2755 tenon
278 2700 357 2755 ad
374 2700 616 2757 Latinos
630 2708 730 2758 tau
742 2704 989 2771 tum,sed
1002 2705 1464 2761 Christianorum
1476 2707 1744 2761 omnium

92 2796 266 2845 cretus
289 2792 604 2860 pertinent
627 2806 641 2857 ;
667 2796 725 2847 et
745 2797 1032 2863 praeterea
1051 2794 1364 2867 Origenem
1388 2795 1560 2851 nobis
1589 2795 1744 2850 refe-

90 2886 240 2946 runt,
275 2880 383 2949 qui
417 2879 492 2935 de
525 2880 906 2952 simplicitate
938 2888 995 2937 et
1043 2882 1343 2954 imperitia
1372 2884 1591 2955 ubique
1620 2885 1744 2939 fere

86 2966 362 3038 loquitur.
383 2968 592 3038 Neque
613 2986 749 3025 vero
772 2971 1086 3041 quisquam
1112 2973 1342 3029 Graecos
1362 2973 1735 3044 frequentius

89 3058 326 3128 opponit
357 3058 739 3124 Christianis,
774 3075 952 3129 quam
998 3061 1283 3133 Origenes
1312 3080 1325 3130 ;
1359 3063 1529 3134 cujus
1557 3078 1742 3117 unum

88 3143 275 3202 locum
308 3148 774 3203 memerandum
805 3165 935 3205 esse
979 3150 1143 3217 duxi,
1178 3156 1243 3206 ut
1287 3152 1512 3224 pariter
1540 3168 1741 3207 emen-

90 3233 233 3295 dem.
266 3238 426 3292 Dum
454 3237 659 3292 evolvo
683 3240 1144 3297 commentarios
1175 3241 1235 3296 in
1260 3242 1313 3296 S'
1344 3243 1650 3311 Joannem,
1680 3242 1741 3296 in

88 3341 307 3398 nupera
357 3325 648 3397 editione,
681 3345 813 3401 pag.
846 3331 971 3397 211,
1003 3329 1171 3403 lego:
1205 3330 1294 3393 Ὠς
1341 3329 1546 3403 Πέτρου
1590 3326 1737 3385 διδάο

88 3432 299 3475 ειοντος
364 3414 447 3485 μή
508 3411 756 3477 καθελεῖν
811 3416 872 3476 ἅς
929 3423 1272 3489 προσκυνεῖν,
1331 3436 1513 3474 sensu
1568 3419 1741 3490 plane

86 3503 396 3561 nullo.Sed
419 3510 583 3559 recte
613 3505 917 3561 Ferrarius
947 3511 1220 3578 verterat,
1246 3528 1274 3557 «
1297 3508 1541 3579 perinde
1574 3507 1743 3578 quasi

84 3592 285 3649 Petrus
307 3593 615 3658 docuerit,
645 3610 765 3649 non
797 3599 1070 3665 oportere
1105 3613 1215 3652 nos
1244 3597 1559 3669 gentilium
1580 3613 1743 3652 more

86 3683 358 3749 adorare;
385 3705 416 3732 ››
443 3682 579 3738 ideo
600 3682 847 3739 Huetius
865 3682 1141 3740 editorad
1171 3686 1499 3758 marginem
1519 3691 1742 3754 monet,

85 3770 405 3844 legendum
430 3771 552 3825 κατ’
582 3769 824 3834 ἐθνικοὺς
844 3790 951 3844 pro
978 3772 1228 3828 καθελεῖν
1258 3774 1341 3839 ἅς,
1376 3792 1617 3831 sensum
1649 3792 1747 3847 po-

87 3862 209 3932 tius,
250 3878 441 3934 quam
476 3862 656 3917 verba
694 3863 1040 3935 respiciens,
1087 3869 1145 3919 et
1192 3865 1529 3921 Ferrarium
1560 3865 1746 3936 magis

91 3968 255 4021 quam
284 3952 612 4024 Origenem
642 3968 763 4023 pra:
793 3953 983 4009 oculis
1024 3954 1270 4009 habens.
1298 3955 1428 4026 lpse
1461 3954 1621 4010 enim
1649 3953 1748 4009 lit-

91 4044 213 4097 teras
247 4058 364 4113 pro
396 4036 653 4102 καθελεῖν
703 4041 765 4100 ἃς
813 4043 1230 4114 reponendum
1261 4043 1504 4099 omnino
1535 4043 1750 4099 docent

90 4128 544 4198 ua"ED.1;vac,
595 4136 654 4184 et
700 4131 785 4186 ita
812 4131 924 4203 legi
984 4148 1199 4188 moneo
1257 4132 1319 4187 in
1377 4150 1487 4189 ms.
1522 4139 1746 4204 nostro,

91 4218 377 4277 Huetiano
401 4218 609 4275 codice
638 4219 809 4292 longe
829 4222 1262 4291 praestantiore.
1287 4222 1531 4278 Interim
1555 4222 1751 4277 certis-

94 4310 301 4365 simum
333 4313 457 4379 est,
506 4309 719 4365 Graecos
773 4326 895 4385 non
950 4310 1194 4378 Latinis,
1250 4310 1352 4365 sed
1400 4311 1749 4367 Christianis

89 4399 387 4471 oppositos
412 4414 487 4453 eo
521 4397 651 4453 loco
681 4414 861 4469 quem
885 4398 1110 4457 indicat
1126 4401 1446 4467 Erasmus;
1480 4406 1538 4456 et
1563 4399 1749 4459 multo

88 4488 457 4556 probabilius
490 4503 564 4542 ex
620 4487 830 4543 eodem
882 4487 1105 4561 colligit
1143 4488 1415 4555 Huetius,
1447 4494 1750 4544 auctorem

86 4573 255 4649 hujus
286 4577 501 4649 aperis
531 4591 663 4632 esse
696 4576 1034 4648 Origenem,
1068 4576 1227 4648 quod
1256 4577 1355 4632 hic
1388 4593 1511 4632 non
1540 4576 1747 4632 obscu-

1886 739 2092 789 auctor
2120 735 2216 792 hic
2274 755 2335 794 se
2384 740 2656 796 Latinum
2710 744 3041 813 proﬁtetur.
3090 747 3237 803 Nam
3268 747 3370 804 illa
3401 765 3532 820 quas

1885 826 2118 881 unculis
2146 827 2515 896 inclusimus,
2551 831 2889 903 interpretis
2912 841 3071 903 sunt,
3098 852 3219 892 non
3251 839 3534 897 auctoris.

1880 913 2023 968 Cum
2056 916 2216 971 enim
2266 918 2484 987 Graeca,
2540 919 2753 975 litteris
2788 922 3027 992 quidem
3071 925 3310 996 Latinis,
3339 928 3534 984 verbis

1880 1008 2075 1058 autem
2114 1006 2327 1061 Grzrcis
2356 1008 2547 1078 primo
2571 1009 3028 1079 reddidisset,ne
3060 1013 3212 1069 forte
3241 1032 3277 1070 a
3307 1017 3530 1073 Latinis

1878 1106 1997 1145 non
2020 1092 2517 1165 intelligerentur,
2544 1103 2642 1152 aut
2663 1114 2738 1153 ne
2761 1099 2889 1170 ipse
2910 1117 3032 1156 non
3054 1101 3421 1160 intellexisse
3446 1106 3532 1160 vi-

1873 1180 2135 1247 deretur,
2169 1184 2377 1239 eadem
2423 1186 2623 1241 Latine
2666 1205 2872 1244 rursus
2913 1189 3291 1263 interpretari
3318 1195 3533 1265 voluit,

1874 1270 2031 1340 quod
2046 1276 2137 1326 est
2148 1274 2446 1329 veteribus
2460 1275 2884 1347 interpretibus
2897 1294 3185 1349 perquam
3205 1280 3520 1341 familiare.

1870 1358 2087 1415 Locum
2111 1367 2310 1417 autem
2338 1363 2532 1434 ipsum
2554 1364 2627 1419 ab
2652 1365 2900 1438 Origene
2922 1369 3209 1439 scriptum
3233 1371 3416 1426 fuisse
3430 1372 3525 1427 vel

1868 1448 2017 1505 illud
2038 1452 2250 1521 arguit,
2279 1452 2439 1522 quod
2459 1469 2595 1508 eum
2620 1454 3010 1526 Hieronymus
3031 1457 3105 1513 ad
3126 1459 3525 1516 Ecclesiasten

1867 1545 2169 1608 sequatur,
2202 1547 2286 1606 ut,
2318 1550 2458 1596 tunc
2497 1542 2874 1613 potissimum
2924 1562 3059 1601 cum
3091 1547 3361 1603 nondum
3392 1550 3523 1605 Ori-

1864 1627 2072 1699 genica
2092 1628 2239 1684 adeo
2263 1630 2711 1701 displicuerant,
2745 1632 2993 1691 solebat.
3025 1637 3107 1690 De
3136 1636 3326 1693 tribus
3358 1639 3520 1694 enim

1863 1714 2192 1771 Salomonis
2223 1717 2391 1772 libris
2427 1734 2628 1789 agens,
2661 1725 2721 1774 et
2770 1736 2973 1776 eorum
3004 1723 3300 1793 ordinem,
3335 1730 3394 1780 et
3422 1742 3521 1781 ar-

1859 1811 2141 1875 gumenta
2163 1823 2297 1861 cum
2316 1808 2567 1881 Origene
2588 1809 3022 1879 observans,ait
3046 1829 3059 1866 :
3081 1834 3109 1863 «
3126 1814 3283 1869 haud
3304 1816 3514 1886 procul

1860 1892 1933 1947 ab
1956 1894 2066 1949 hoc
2088 1896 2294 1951 ordine
2325 1896 2733 1954 doctrinarum
2756 1904 2816 1953 et
2835 1899 3169 1972 philosophi
3194 1906 3514 1959 sectatores

1860 1999 1997 2037 suos
2022 1985 2331 2055 erudiunt;
2356 1993 2420 2041 ut
2440 1987 2700 2058 primum
2719 1988 2977 2045 ethicam
2999 1989 3271 2060 doceant,
3294 1990 3511 2048 deinde

1855 2071 2164 2141 physicam
2195 2074 2684 2145 interpretentur,
2710 2082 2768 2131 et
2789 2093 2967 2147 quem
2988 2078 3050 2132 in
3070 2078 3164 2134 his
3185 2079 3510 2150 profecisse

1853 2163 2366 2231 perspexerint,ad
2380 2164 2728 2237 theologiam
2740 2182 2928 2236 usque
2946 2167 3515 2237 perducant.»Quem

1855 2246 2051 2304 locum
2098 2251 2147 2305 si
2197 2252 2258 2306 in
2303 2252 2501 2307 animo
2550 2253 2856 2309 habuisset
2896 2255 3185 2311 Henricus
3215 2255 3511 2325 Valesius,

1854 2354 2160 2410 nunquam
2205 2340 2367 2397 illam
2416 2341 2891 2399 observationem
2922 2344 2987 2400 in
3015 2343 3503 2402 adnotationibus

1853 2427 1927 2482 ad
1948 2429 2266 2485 Eusebium
2284 2432 2656 2502 protulisset:
2682 2453 2706 2484 α
2724 2433 2890 2490 Certe
2907 2433 2969 2488 in
2984 2433 3153 2489 libris
3171 2435 3513 2508 Hieronymi

1852 2531 2159 2586 nunquam
2200 2519 2559 2591 theologiam
2607 2521 2724 2575 dici
2771 2521 3056 2591 reperies,
3105 2521 3209 2576 sed
3240 2523 3439 2578 Graece
3477 2545 3507 2573 ››

1852 2602 2363 2679 θεολογίαν.Νθῳιθ
2379 2610 2427 2664 si
2441 2610 2756 2681 cogitasset
2771 2610 3194 2683 Hieronymum
3209 2612 3269 2667 in
3283 2613 3506 2684 episto-

1851 2694 1906 2750 la
1932 2697 2051 2763 155,
2077 2697 2345 2769 Origenis
2370 2698 2529 2754 hunc
2560 2698 2757 2753 locum
2782 2699 3073 2754 exrimere
3108 2700 3385 2769 voluisse,
3408 2702 3502 2757 le-

1852 2785 2108 2840 ctionem
2138 2786 2361 2842 codicis
2400 2787 2742 2843 Memmiaui
2785 2786 3027 2856 vulgatae
3053 2788 3252 2844 statim
3280 2794 3505 2859 praetu-

1850 2876 2038 2947 lisset,
2085 2884 2188 2933 aut
2229 2879 2383 2934 hanc
2425 2883 2542 2935 sine
2591 2896 2746 2934 sensu
2786 2880 3066 2935 theoricen
3097 2880 3378 2936 exhibere
3408 2879 3503 2934 di-

1850 2968 2037 3023 xisset
2090 2968 2282 3024 Verba
2311 2969 2655 3041 Hieronymi
2704 2974 2844 3025 sunt
2877 2992 2905 3019 ‹‹
2937 2969 3278 3042 Philosophi
3309 2970 3502 3026 solent

1850 3055 2280 3127 disputationes
2299 3074 2436 3113 suas
2448 3059 2509 3113 in
2526 3058 3116 3130 physicam,ethicam
3129 3059 3500 3131 logicamque

1850 3146 2055 3216 partiri
2082 3164 2095 3213 ;
2128 3147 2210 3202 ita
2238 3153 2298 3201 et
2326 3147 2564 3218 eloquia
2597 3147 2795 3203 divina
2822 3153 2926 3202 aut
2956 3148 3027 3202 de
3056 3153 3271 3202 natura
3299 3147 3506 3220 dispu-

1850 3238 2069 3302 tare,ut
2100 3234 2161 3288 in
2193 3236 2403 3289 Genesi
2429 3242 2488 3290 et
2506 3236 2857 3292 Ecclesiaste
2884 3252 2898 3303 ;
2922 3243 3027 3292 aut
3046 3237 3117 3291 de
3148 3237 3507 3303 moribus,ut

1778 3298 1821 3365 C
1850 3323 1911 3376 in
1940 3298 2293 3393 Proverbiis,
2322 3331 2380 3379 et
2400 3325 2461 3380 in
2487 3326 2766 3382 omnibus
2787 3298 3039 3398 sparsim
3072 3325 3241 3381 libris
3266 3343 3279 3393 ;
3312 3298 3508 3382 aut'de

1852 3411 2061 3485 logica,
2089 3430 2195 3486 pro
2228 3431 2345 3487 qua
2372 3417 2557 3471 nostri
2592 3416 2899 3472 theoricen
2930 3415 3043 3473 sibi
3088 3408 3411 3485 vindieant,
3441 3420 3510 3472 ut

1854 3501 1917 3555 in
1941 3502 2179 3557 Cantico
2203 3504 2571 3559 canticorum
2592 3510 2651 3559 et
2684 3506 2747 3560 in
2785 3505 3134 3578 Evangeliis.
3164 3529 3185 3554 ι
3207 3507 3346 3570 Quae
3367 3521 3505 3563 cum

1855 3607 1929 3646 ex
1958 3592 2206 3664 Origene
2256 3594 2441 3665 petita
2499 3595 2688 3665 quivis
2746 3596 3062 3667 intelligat,
3096 3595 3402 3652 theoricen
3434 3610 3504 3651 eo

1852 3683 1967 3739 loci
1998 3685 2119 3756 pati
2150 3686 2282 3756 quis
2313 3704 2433 3742 non
2463 3689 2700 3759 poterit,
2736 3689 2836 3758 qui
2878 3704 3009 3744 eam
3049 3689 3133 3744 ita
3162 3689 3399 3744 definiri
3430 3688 3504 3743 ab

1855 3774 2101 3845 Origene
2123 3776 2316 3830 novit:
2349 3797 2368 3823 ι
2394 3776 2723 3846 lnspectiva
2742 3776 2977 3845 dicitur,
3002 3794 3120 3847 qua
3142 3776 3510 3848 supergressi

1857 3861 2113 3917 visibilia
2130 3863 2200 3917 de
2219 3862 2430 3918 divinis
2453 3864 2681 3935 aliquid
2714 3872 2771 3918 et
2792 3864 3130 3919 caelestibus
3152 3864 3513 3935 contempla-

1857 3968 2010 4018 mur,
2056 3968 2243 4022 eaque
2289 3953 2415 4007 sola
2463 3956 2659 4008 mente
2708 3953 3102 4008 intuemur?»
3154 3953 3289 4007 Haec
3334 3953 3515 4023 igitur

1856 4042 2099 4097 omnino
2123 4041 2387 4113 Origenis
2419 4047 2577 4113 sunt,
2602 4047 2659 4097 et
2684 4058 2752 4095 ex
2776 4059 2843 4097 eo
2866 4040 3064 4096 hausit
3093 4040 3507 4111 Hieronymus.

1929 4130 2039 4185 Sed
2072 4131 2234 4198 idem,
2268 4131 2463 4201 inquit
2483 4133 2824 4197 Erasmus,«
2852 4130 3040 4200 liquet
3060 4147 3130 4185 ex
3151 4130 3505 4200 interpreta-

1858 4220 2018 4275 tione
2056 4221 2296 4289 amoris,
2320 4221 2644 4289 charitatis,
2669 4220 3007 4276 dilectionis
3026 4224 3097 4289 _et
3124 4217 3441 4291 cupidinis.
3477 4238 3505 4267 »

1859 4309 2095 4363 Minime
2127 4325 2280 4364 vero.
2316 4311 2442 4363 Non
2475 4310 2634 4364 enim
2657 4309 2867 4365 harum
2894 4314 3148 4379 quatuor
3178 4324 3387 4363 vocum
3417 4308 3510 4363 in-

1858 4399 2345 4470 terpretationem
2367 4400 2548 4455 tradit
2567 4399 2907 4469 auctor,sed
2928 4416 2997 4456 ea
3019 4404 3252 4456 tantum
3269 4398 3515 4455 adhibet

1858 4489 2154 4561 interpres
2183 4489 2257 4545 ad
2308 4491 2678 4561 exprimenta
2730 4490 2847 4546 duo
2897 4490 3203 4559 vocabula,
3247 4505 3381 4560 quae
3409 4505 3516 4543 au-

1859 4583 1986 4633 ctor
2013 4579 2169 4633 inter
2227 4596 2290 4634 se
2347 4580 2595 4644 confert,
2654 4576 2829 4653 ἕρωτα
2887 4580 3117 4637 scilicet
3173 4584 3233 4633 et
3271 4575 3511 4651 ἀγάπην,

89 4664 161 4719 ris
190 4665 399 4721 verbis
445 4663 727 4720 laudetur
754 4664 1018 4720 Platonis
1064 4665 1460 4737 Symposium,
1491 4666 1594 4721 ubi
1622 4663 1744 4737 περὶ
1781 4661 1824 4724 D
1860 4660 2037 4742 ἔρῳτα
2068 4674 2266 4723 autem
2318 4675 2420 4723 aut
2476 4686 2737 4736 amorem,
2768 4676 2871 4725 aut
2926 4670 3262 4740 cupidinem,
3295 4665 3507 4740 ἀγάπην

86 4755 321 4825 Ἑρωτος
348 4753 501 4825 agit,
526 4768 705 4824 quem
736 4752 931 4825 ipsum
964 4753 1181 4809 librum
1210 4753 1412 4810 laudat
1434 4754 1591 4810 idem
1615 4754 1748 4808 Ori-

90 4849 350 4913 genes,et
380 4842 586 4898 locum
617 4841 690 4898 de
719 4845 957 4911 Amore,
977 4843 1234 4900 adversus
1260 4844 1469 4901 Celsum
1496 4843 1745 4900 libro.1v.

91 4933 241 4989 Adeo
271 4932 613 4988 infeliciter
668 4932 731 4987 in
790 4933 902 4988 hoc
958 4938 1308 5004 argumento
1365 4938 1627 4990 versatus
1658 4941 1748 4991 est

90 5022 390 5079 Erasmus.

154 5113 367 5170 Melius
400 5111 714 5182 aliquanto
762 5110 917 5168 hanc
958 5111 1353 5182 objectiouem
1403 5117 1571 5184 urget
1599 5116 1748 5185 Bay-

91 5204 320 5260 naudus
351 5201 925 5258 Jesuita.«Latinum
948 5217 1010 5256 se
1032 5207 1238 5256 auctor
1253 5202 1378 5272 ipse
1400 5201 1492 5257 bis
1512 5204 1751 5274 profiteu

92 5298 177 5348 tur
200 5311 390 5367 agens
419 5292 495 5348 de
527 5292 717 5365 logica
760 5292 824 5346 in
872 5290 1262 5362 philosOphiaa
1290 5290 1594 5348 divisione.
1630 5294 1750 5349 Illic

88 5385 229 5439 cum
274 5385 486 5439 diserte
535 5380 726 5439 Latini
769 5381 974 5437 Graecis
1021 5386 1394 5451 opponuntur.
1438 5382 1751 5442 Generales

89 5469 440 5543 disciplina),
462 5471 687 5544 quibus
709 5469 787 5526 ad
810 5485 1013 5525 rerum
1054 5468 1366 5522 scientiam
1389 5471 1749 5539 pervenitur,

84 5568 203 5619 tres
222 5568 365 5619 sunt
386 5579 533 5637 quas
555 5561 795 5633 (Graeci)
820 5560 1097 5623 ethicam,
1130 5558 1436 5630 physicam
1458 5564 1517 5614 et
1537 5560 1754 5616 theori-

87 5667 194 5708 cen
212 5653 669 5727 appellaverunt
694 5651 857 5724 ;(nos
876 5650 983 5705 has
1006 5647 1205 5704 dicere
1223 5663 1538 5719 possumus
1559 5666 1750 5706 moru-

88 5739 559 5811 lem,naturalem
580 5749 644 5802 et
669 5735 1391 5811 inspectivam).Nonuulli
1411 5753 1554 5794 sane
1572 5739 1754 5812 (apud

1857 4763 1959 4813 aut
1986 4758 2357 4826 dilectionem,
2389 4765 2492 4814 aut
2540 4760 2861 4815 charitatcm
2893 4760 3192 4815 transfert.
3227 4757 3509 4828 Origenes

1860 4845 2100 4918 quidem
2131 4847 2446 4918 Scripturaa
2478 4848 2609 4904 loca
2638 4865 2744 4920 pro
2776 4864 2938 4903 more
2971 4865 3076 4903 suo
3107 4850 3507 4916 congesserat,

1858 4941 1925 4991 ut
1950 4934 2162 5009 ἀγάπην
2193 4937 2352 4992 idem
2404 4937 2745 4993 ostenderet
2794 4936 3182 5007 scriptoribus
3213 4934 3396 4989 sacris
3426 4933 3510 4986 si-

1858 5026 2160 5099 gnificare,
2187 5025 2344 5096 quod
2369 5027 2525 5099 apud
2547 5026 2692 5082 alios
2711 5018 2968 5098 ἔρως.Αὰ
2991 5026 3115 5079 haec
3148 5028 3346 5079 autem
3376 5021 3509 5078 loca

1860 5114 2212 5185 explicanda
2241 5131 2482 5170 necesse
2516 5114 2722 5169 habuit
2750 5114 3045 5184 interpres
3074 5112 3343 5167 charitati
3365 5111 3509 5166 dile-

1859 5204 2093 5258 ctionem
2124 5203 2361 5266 addere,
2399 5204 2537 5272 quia
2560 5219 2711 5271 saepe
2746 5201 2986 5256 verbum
3013 5200 3226 5274 ἀγαπᾷν
3260 5215 3507 5270 usurpa-

1861 5292 1939 5346 vit
1968 5298 2192 5359 auctor,
2217 5290 2422 5360 quales
2463 5291 2525 5344 in
2558 5290 2777 5344 Latinis
2821 5290 3083 5343 charitati
3114 5304 3233 5342 non
3262 5302 3510 5357 respon-

1861 5381 2119 5435 det.H:.ec
2142 5396 2210 5433 ex
2230 5379 2356 5449 ipso
2381 5379 2510 5434 loco
2532 5380 2675 5433 satis
2693 5378 3025 5432 luculenter
3042 5380 3347 5449 apparent.
3371 5396 3398 5423 ‹‹
3420 5374 3514 5430 Vi-

1862 5471 2035 5525 detur
2054 5474 2251 5523 autem
2277 5469 2419 5524 mihi
2444 5469 2602 5539 quod
2634 5468 2829 5522 divina
2864 5468 3164 5538 Scriptura
3185 5465 3385 5521 volens
3416 5481 3510 5520 ca-

1862 5576 1995 5615 vere
2014 5575 2085 5613 ne
2110 5558 2307 5629 lapsus
2328 5558 2541 5630 aliquis
2560 5556 2892 5630 legentibus
2907 5556 3015 5611 sub
3033 5554 3254 5611 amoris
3272 5548 3522 5610 nomine

1861 5655 2228 5718 nasceretur,
2259 5666 2365 5720 pro
2390 5647 2819 5704 inﬁrmioribus
2849 5646 3208 5719 quibusque,
3239 5661 3377 5702 eum
3408 5644 3509 5716 qui

1863 5739 2018 5810 apud
2036 5737 2336 5808 sapientes
2350 5738 2546 5794 saeculi
2562 5736 2798 5809 cupido,
2817 5753 2921 5792 seu
2942 5752 3112 5792 amor
3140 5735 3378 5802 dicitur,
3401 5734 3519 5789 ho—
