3972 6306
439 413 554 474 1Ἱὸ

1503 405 1567 464 S.
1617 399 2019 462 IGSATIUS.
2067 429 2143 440 --
2185 397 2794 462 PBOLEGUMENA.

3740 400 3854 460 176

434 531 696 602 nestiori
711 541 996 598 vocabulo
1013 538 1363 596 charitatem
1385 536 1475 592 vel
1496 536 1880 591 dilectionem
1903 531 2094 588 nomi-
2119 537 2174 603 Α
2203 531 2379 604 plane
2413 550 2475 589 se
2506 541 2748 607 superet
2793 535 3097 607 Origenes.
3145 533 3339 591 Tertio
3383 548 3561 590 nemo
3591 549 3851 605 unquam

435 651 635 692 nasse.
658 632 832 689 Verbi
863 631 1051 704 gratia
1079 635 1145 686 ut
1183 645 1317 684 cum
1341 627 1489 682 dixit
1513 625 1586 682 de
1608 627 1805 680 Isaac:
1841 646 1870 673 »
1896 625 1965 678 Et
1993 639 2092 678 ac-
2199 623 2378 678 toties
2398 640 2580 696 opera
2595 641 2702 682 sua
2723 625 2886 698 prius
2910 625 3132 697 scripta
3156 623 3434 694 laudavit,
3467 641 3536 680 ac
3557 623 3856 695 Origenes.

439 726 598 796 cepit
626 723 972 791 Hebeccam,
1031 727 1092 774 et
1147 720 1301 774 facta
1331 723 1423 772 est
1478 716 1532 770 ei
1590 731 1758 782 uxor,
1794 718 1852 768 et
1882 711 2097 767 dilexit

447 831 580 871 eam
602 814 644 880 ⁸,
680 835 708 864 ››
742 812 951 886 ἀγαπᾷν
1012 809 1242 880 diligere
1298 813 1456 863 recte
1515 805 1782 870 vertitur,
1815 809 1872 859 et
1911 801 2090 876 ἀγάπη

443 904 772 974 antiquitus
803 919 923 958 non
963 901 1161 956 minus
1209 899 1429 955 dilectio
1463 914 1640 970 quam
1688 895 1928 950 Charitas
1960 890 2095 946 red-

445 993 715 1050 debatur.
752 990 1048 1048 Glossaria
1089 994 1324 1046 vetera:
1371 989 1610 1054 dilectio,
1654 983 1854 1056 ἀγάπη·
1892 981 2096 1056 ἀγάπη,

444 1083 688 1139 dilectio.
721 1081 1115 1137 Tertullianus
1155 1079 1226 1136 de
1277 1078 1477 1151 agapis
1521 1082 1786 1132 veterum
1816 1071 2094 1129 Christia-

443 1189 689 1230 norum:
710 1174 924 1228 «Cana
935 1176 1141 1227 nostra
1152 1169 1223 1226 de
1239 1187 1375 1226 nom
1385 1168 1480 1224 ine
1500 1167 1792 1222 rationem
1805 1163 1897 1222 sui
1911 1169 2100 1218 osten-

445 1261 561 1320 dit:
583 1263 645 1319 id
667 1269 907 1319 vocatur
927 1261 1086 1334 quod
1115 1259 1342 1317 dilectio
1363 1258 1517 1331 apud
1541 1259 1793 1313 Graecos.
1824 1255 1889 1310 Ut
1917 1259 2099 1308 autem

444 1353 720 1410 charitati
767 1351 1168 1420 dilectionem,
1229 1353 1311 1405 ita
1366 1355 1419 1404 et
1477 1347 1665 1404 amori
1696 1343 2038 1417 cupidinem
2069 1361 2098 1392 ››

445 1441 736 1514 adjunxit.
790 1440 1146 1498 Glossarium
1197 1446 1402 1495 vetus:
1453 1437 1656 1509 Ἔρως,
1698 1451 1851 1490 amor
1880 1431 2097 1504 cupido.

445 1533 612 1598 Quod
641 1538 780 1589 ante
809 1549 945 1589 eum
978 1533 1171 1588 fecere
1196 1525 1869 1601 Hieronymus,homilia
1887 1524 2101 1596 prima,

446 1645 474 1674 ‹‹
492 1623 788 1694 spirituali
809 1622 1092 1694 cupidine
1113 1621 1204 1676 vel
1217 1637 1419 1676 amore
1438 1617 1814 1674 accendatur.
1828 1616 1992 1670 wHac
2005 1630 2104 1668 au-

449 1717 572 1768 tem
589 1719 656 1768 ut
675 1718 978 1769 auctorem
1005 1712 1279 1768 Latinum
1302 1709 1548 1765 minime
1569 1706 1848 1780 produnt,
1872 1705 1955 1760 ita
1985 1702 2106 1759 Ori-

449 1817 661 1875 genem
707 1803 905 1874 ipsum
951 1801 1148 1874 potius
1211 1803 1513 1855 auctorem
1544 1797 1728 1852 fuisse
1759 1793 2103 1859 ostendunt,

451 1891 554 1962 qui
585 1892 648 1946 in
677 1891 916 1963 scriptis
960 1889 1082 1945 illis
1124 1906 1256 1960 qua
1287 1888 1596 1954 habemus,
1627 1879 1803 1956 ἔρωτα
1833 1886 1895 1939 in
1927 1882 2105 1938 rebus

451 1980 670 2036 divinis
719 1987 838 2037 tam
885 1981 1232 2052 frequenter
1281 1981 1561 2050 usurpat:
1593 1981 1651 2031 et
1699 1991 1877 2046 quem
1905 1975 1966 2028 in
1997 1973 2107 2028 hac

450 2071 579 2144 ipsa
607 2089 695 2138 re,
725 2072 812 2127 uti
847 2071 1020 2140 solet,
1053 2070 1322 2126 imitatur
1352 2069 1406 2123 S.
1431 2067 1744 2140 Gregorius
1781 2067 2104 2137 Nyssenus,

449 2159 512 2216 in
543 2162 784 2218 Cantica
829 2160 1076 2216 homilia
1127 2160 1350 2231 prima:
1414 2152 1662 2210 Ἐπειδὰν
1715 2152 1893 2209 τοίνυν
1943 2149 2107 2227 σοφία

450 2248 594 2305 icti»
623 2252 658 2318 ἡ
691 2247 960 2318 λαλοῦσα,
999 2248 1282 2325 ἀγάπησον
1313 2246 1438 2301 ὅσον
1471 2245 1693 2300 δᾶνασαι
1725 2243 1775 2317 ἐξ
1806 2241 1946 2313 ’ὀλης
1971 2260 2107 2315 καρ-

452 2336 572 2401 δίας
627 2359 688 2394 τε
741 2338 832 2393 καὶ
900 2335 1201 2410 δυνάμεως,
1262 2335 1598 2409 ἐπιθύμησον
1675 2334 1806 2389 ’ὅσον
1864 2335 2094 2407 χωρεῖς·

451 2430 794 2504 πρὸστίθημι
836 2425 895 2483 δὲ
947 2426 1160 2502 θαρῥῶν
1212 2431 1328 2488 τοῖς
1389 2425 1596 2501 ῥήμασι
1653 2422 1867 2485 τούτοις
1897 2420 2104 2487 καὶτὸ,

455 2517 772 2593 ἐράσθητι.‹‹
801 2520 946 2575 Cum
969 2534 1105 2591 ergo
1137 2517 1212 2572 sit
1243 2532 1374 2588 qua
1394 2516 1659 2588 loquitur
1681 2513 1992 2586 sapientia,
2016 2511 2105 2566 di-

455 2607 572 2682 lige
603 2614 893 2681 quantum
924 2613 1112 2680 potes,
1145 2625 1213 2662 ex
1247 2611 1366 2661 toto
1396 2605 1572 2662 corde
1604 2611 1661 2660 et
1690 2604 1830 2659 totis
1860 2602 2103 2667 viribus;

457 2699 810 2771 concupisce
833 2702 1122 2770 quantum
1144 2701 1313 2768 potes
1334 2712 1544 2768 capere
1569 2711 1582 2749 :
1609 2693 1762 2750 addo
1784 2698 1983 2748 autem
2005 2707 2106 2746 au-

458 2789 662 2846 dacter
691 2788 783 2844 his
813 2803 1048 2860 quoque
1080 2787 1272 2842 verbis
1297 2803 1309 2841 :
1343 2789 1510 2841 Ama.
1539 2807 1567 2835 »
1590 2785 1771 2840 Plane
1797 2789 1864 2838 ut
1891 2783 1954 2838 in
1983 2796 2105 2836 ver-

459 2880 624 2935 sione
646 2878 1106 2950 Hieronymiana
1135 2876 1397 2931 homilia
1426 2875 1632 2947 prima
1665 2872 1954 2945 Origenis,
1991 2892 2018 2921 ι(
2049 2875 2108 2926 et

457 2973 524 3023 ut
553 2968 776 3039 aliquid
825 2967 1140 3023 audentius
1191 2965 1404 3032 dicam,
1453 2962 1702 3036 spiritali
1743 2961 2019 3033 cupidine
2049 2963 2108 3014 et

457 3073 657 3114 amore
689 3057 1068 3114 accendatur.
1093 3079 1122 3108 ››

523 3148 690 3213 Quod
719 3154 918 3204 autem
949 3148 1012 3201 in
1037 3147 1341 3202 nonnullis
1363 3145 1530 3201 libris
1552 3145 1662 3198 hoc
1686 3159 1835 3213 opus
1864 3141 1926 3195 in
1955 3141 2108 3196 Can-

455 3239 640 3294 ticum
695 3239 1050 3308 Hieronymo
1109 3236 1422 3303 tribuatur,
1485 3239 1544 3289 et
1600 3250 1634 3287 a
1693 3229 2019 3286 Lombardo
2049 3232 2110 3284 et

2202 713 2443 778 Quoties
2464 716 2624 770 enim
2650 715 2968 788 Scriptura
2997 715 3195 771 locum
3239 713 3432 770 obiter
3459 713 3623 779 citat,
3655 712 3729 768 ad
3760 729 3831 768 ex
3849 743 3861 753 -

2203 802 2528 872 positiones
2545 822 2682 860 suas
2703 805 2985 861 lectorem
3008 803 3280 877 ablegare
3305 802 3642 860 soletJdem
3665 801 3728 858 in
3750 803 3858 858 hoc

2205 908 2382 962 opere
2423 894 2768 964 frequenter
2803 895 3117 967 prastitit;
3175 895 3321 951 citat
3371 895 3533 950 enim
3579 892 3854 948 homilias

2207 999 2342 1037 suas
2373 982 2434 1037 in
2464 985 2734 1056 Emodum,
2759 990 2819 1040 et
2843 987 3063 1041 Judices
3094 985 3302 1052 semel,
3329 985 3392 1039 in
3421 986 3682 1040 Numeros
3713 999 3855 1053 qua-

2207 1079 2332 1143 ter;
2367 1077 2789 1148 explicationes
2833 1079 2894 1134 in
2940 1081 3259 1135 Leviticum.
3311 1083 3370 1134 et
3398 1075 3863 1134 commentarios

2206 1163 2268 1219 in
2297 1167 2503 1222 Novum
2536 1170 2958 1225 Testamentum.
2991 1171 3230 1238 Quarto,
3263 1167 3502 1240 Origeni
3539 1167 3725 1223 moris
3774 1169 3866 1221 est

2205 1254 2448 1326 propria
2477 1257 2724 1314 nomina
2753 1258 3039 1314 Hebraica
3069 1257 3533 1330 interpretari,et
3557 1273 3628 1312 ex
3659 1271 3866 1312 eorum

2205 1343 2800 1416 interpretationibus
2841 1364 3050 1403 sensus
3102 1347 3500 1420 tropologicos
3550 1343 3865 1417 expiscari.

2207 1433 2421 1489 Nullibi
2453 1436 2828 1508 frequentius
2859 1454 3037 1509 quam
3069 1438 3132 1494 in
3165 1437 3260 1493 his
3289 1439 3466 1493 tomis
3487 1437 3598 1492 hoc
3619 1435 3774 1492 facit.
3797 1435 3866 1490 In

2206 1523 2449 1596 prologo
2472 1525 2686 1597 inquit,
2711 1551 2738 1577 ‹‹
2759 1526 2940 1582 Israel
2958 1527 3032 1582 ob
3060 1527 3393 1582 divinorum
3419 1523 3871 1595 contemplatio-

2209 1629 2349 1669 nem
2370 1615 2711 1672 nominatus
2729 1617 3080 1684 est.Zareth,
3101 1613 3617 1672 alienadescensio
3639 1629 3652 1680 ;
3672 1611 3868 1668 Debo—

2207 1703 2334 1772 rah,
2383 1704 2510 1776 apis
2569 1705 2650 1778 (ut
2697 1707 2886 1762 homil.
2910 1707 2946 1762 5
2975 1709 3035 1762 in
3065 1705 3364 1778 ludices);
3413 1705 3657 1771 Barach,
3693 1719 3874 1759 coru-

2209 1794 2392 1849 scatio
2417 1798 2500 1864 (ut
2519 1795 2708 1850 eadem
2739 1795 2938 1866 hom),
2971 1796 3272 1861 Salomon,
3305 1794 3875 1867 pacificus.Homilia

2204 1884 2410 1952 prima,
2447 1884 2626 1948 Eden,
2662 1884 2891 1942 delicia
2918 1903 2932 1954 ;
2963 1887 3220 1956 secunda,
3244 1885 3452 1954 Cedar,
3477 1883 3744 1956 nigredo,
3775 1881 3876 1938 vel

2213 1974 2562 2032 obscuritas.
2598 1976 2988 2047 Hierusalem,
3020 1977 3167 2033 visio
3218 1975 3384 2050 pacis
3431 1976 3514 2046 (ut
3543 1975 3770 2030 homilia
3797 1977 3866 2028 21

2213 2067 2272 2120 in
2299 2066 2561 2134 Josuam,
2584 2067 2656 2123 de
2677 2068 3004 2124 Jerusalem
3035 2068 3380 2140 frequenter
3403 2065 3682 2135 diximus,
3710 2063 3878 2136 quod

2217 2155 2348 2210 visio
2371 2157 2529 2226 pacis
2576 2155 3046 2228 interpretatur).
3099 2155 3512 2222 Abdimelech,
3541 2170 3745 2210 servus
3775 2168 3882 2208 re-

2213 2260 2351 2316 gum
2377 2260 2390 2312 ;
2425 2244 2852 2313 Mambre,visio
2880 2263 2894 2314 ;
2926 2246 3258 2316 cherubim,
3281 2245 3588 2318 plenitudo
3607 2243 3885 2300 scientia

2215 2333 2372 2389 Dei»
2395 2333 2484 2405 (ut
2507 2334 2570 2390 in
2599 2335 2968 2392 Dzechielem
3008 2334 3252 2392 homilia
3273 2339 3350 2404 2).
3377 2335 3654 2405 Bngaddi,
3685 2333 3885 2390 oculus

2215 2425 2537 2479 tentationz's
2579 2441 2710 2480 mea:
2759 2427 2846 2494 (ut
2875 2426 2936 2480 in
2967 2425 3217 2481 homilia
3238 2429 3272 2480 2
3293 2425 3356 2481 in
3379 2424 3589 2481 Cantia.
3623 2423 3697 2480 ab
3729 2424 3882 2480 Hie-

2213 2528 2463 2582 ronymo
2494 2515 2726 2585 versa):
2762 2515 2955 2584 tertia,
2989 2515 3412 2583 Bethel,domus
3438 2514 3558 2570 Dei.
3593 2513 3884 2584 Quisquis

2215 2609 2412 2658 autem
2437 2605 2589 2660 mira
2611 2604 2713 2660 illa
2735 2605 3124 2672 theoremata,
3154 2621 3284 2676 qua
3315 2622 3386 2661 ex
3419 2605 3491 2660 iis
3522 2605 3886 2675 interpreta-

2214 2692 2477 2749 tionibus
2499 2693 2740 2750 deducit
2769 2701 2996 2761 auctor,
3023 2695 3424 2766 perpenderit,
3447 2693 3672 2750 nemini
3703 2698 3882 2749 certe

2213 2787 2612 2854 praterquam
2637 2783 2877 2856 Origeni
2922 2785 3100 2841 hosce
3131 2783 3593 2840 commentarios
3621 2781 3883 2837 tribuet.

2215 2871 2450 2937 Quinto,-
2475 2873 2805 2942 peculiares
2827 2873 3100 2944 quadam
3123 2873 3436 2946 opiniones
3457 2871 3687 2945 Origeni
3705 2871 3889 2926 attri-

2213 2958 2372 3014 buta
2397 2967 2555 3030 sunt,
2581 2963 2911 3032 prasertim
2933 2961 3005 3018 de
3027 2962 3228 3018 anima
3249 2967 3310 3018 et
3333 2962 3578 3034 angelis,
3597 2978 3632 3016 a
3653 2959 3890 3031 quibus

2218 3052 2519 3124 pracipue
2543 3053 2733 3108 Latini
2765 3053 3185 3110 abhorrebant.
3211 3054 3310 3108 Ha
3335 3059 3532 3108 autem
3563 3050 3794 3122 ubique
3819 3050 3890 3104 in

2215 3141 2328 3195 hoc
2345 3141 2628 3211 opusculo
2651 3149 3086 3215 proponuntur.
3111 3143 3375 3213 Denique
3399 3143 3678 3214 Origenes
3700 3141 3766 3195 in
3791 3147 3898 3195 to-

2220 3229 2334 3284 mis
2360 3231 2502 3294 suis,
2529 3231 2627 3286 ubi
2655 3233 2729 3287 ad
2753 3232 3068 3304 mysticum
3093 3249 3336 3288 sensum
3358 3231 3782 3302 explicandum
3823 3247 3898 3285 se

458 3329 701 3397 Thoma,
730 3328 941 3382 harum
973 3343 1176 3382 rerum
1207 3323 1690 3397 imperitissimis,
1732 3321 1842 3376 sub
1872 3317 2114 3374 nomine
2146 3317 2190 3383 C
2218 3319 2495 3391 applicat,
2529 3337 2686 3392 sape
2718 3322 2994 3393 precibus
3033 3321 3108 3377 ad
3158 3322 3342 3376 Deum
3370 3337 3433 3376 se
3465 3320 3782 3388 convertit,
3819 3325 3902 3375 ut

452 3417 748 3473 Ambrosii
778 3417 1011 3484 citetur,
1042 3432 1163 3470 non
1194 3413 1334 3470 inde
1385 3413 1662 3482 efﬁcitur,
1695 3409 1786 3466 vel
1835 3410 1994 3464 hunc
2025 3422 2114 3477 vel

452 3507 626 3563 illum
654 3505 834 3579 hujus
890 3506 1086 3578 aperis
1143 3509 1450 3560 auctorem
1505 3501 1710 3567 fuisse,
1751 3516 1887 3555 cum
1917 3497 2114 3554 neutri

461 3593 614 3650 illud
643 3598 979 3666 competere
1010 3607 1183 3664 posse
1216 3607 1422 3645 omnes
1462 3589 1669 3644 sciant.
1707 3586 1820 3642 Sed
1849 3585 1988 3640 inde
2012 3584 2114 3654 ju-

465 3685 613 3740 stior
642 3683 901 3755 suspicio
925 3687 1034 3751 est,
1055 3697 1186 3736 esse
1207 3679 1359 3736 illud
1382 3678 1576 3750 potius
1611 3677 1796 3749 ipsius
1827 3672 2112 3746 Origenis,

463 3775 603 3845 quia
630 3772 976 3828 Ambrosius
1007 3777 1066 3826 et
1095 3770 1486 3841 Hieronymus
1527 3767 1795 3839 Origenis
1835 3764 2022 3820 multa
2053 3763 2114 3816 in

464 3863 736 3918 Latinum
767 3877 1106 3918 sermonem
1135 3863 1570 3914 converterunt.

537 3953 691 4009 Nihil
720 3952 899 4025 igitur
925 3950 1124 4006 valent
1151 3948 1413 4005 rationes
1444 3954 1650 4004 contra
1677 3946 1990 4018 Origenem
2020 3941 2112 3998 al-

461 4042 632 4110 lata;
667 4049 728 4097 at
755 4041 873 4096 illa
905 4057 1051 4112 quas
1080 4056 1186 4112 pro
1227 4057 1294 4096 eo
1328 4039 1664 4108 alferemus,
1717 4042 1852 4092 sunt
1881 4033 2116 4090 validis-

458 4134 643 4188 sima.
672 4131 1049 4200 Quacunque
1079 4129 1239 4184 enim
1291 4129 1363 4184 de
1415 4145 1592 4200 opere
1647 4126 1847 4197 aliquo
1877 4123 2110 4196 Origeni

457 4217 808 4276 ascribendo
840 4218 955 4274 dici
979 4223 1250 4289 possunt,
1273 4218 1412 4273 huic
1433 4218 1494 4272 in
1513 4217 1723 4288 primis
1745 4217 2108 4285 competunt.

457 4312 658 4379 Neque
681 4309 920 4374 mirum,
935 4312 1162 4374 cum,ut
1183 4307 1326 4362 olim
1345 4305 1671 4361 observavit
1693 4304 2106 4374 Hieronymus,

461 4419 482 4450 ι
517 4398 798 4468 Origenes
827 4411 963 4452 cum
993 4397 1055 4452 in
1085 4397 1317 4453 cateris
1355 4397 1525 4452 libris
1556 4411 1762 4452 omnes
1791 4395 2016 4461 vicerit,
2046 4394 2110 4450 in

455 4487 694 4545 Cantico
725 4487 1095 4542 canticorum
1145 4488 1269 4558 ipse
1319 4503 1381 4542 se
1432 4487 1586 4542 vicit.
1645 4508 1664 4535 1
1720 4487 1864 4540 Nam
1892 4485 2106 4556 primo,

459 4577 769 4632 character
798 4576 1291 4648 Origenianorum
1326 4583 1488 4632 vetus
1521 4582 1630 4643 est,
1661 4575 1933 4648 pluribus
1963 4591 2104 4630 mss.

2223 3409 2411 3481 gratia
2433 3409 2532 3464 Dei
2555 3411 2887 3467 illustratus
2907 3411 3009 3467 illa
3027 3416 3330 3483 magna,ut
3348 3410 3628 3482 appellat,
3661 3417 3906 3481 myste-

2223 3501 2311 3554 ria
2338 3499 2679 3571 perspiciat.
2712 3501 2877 3565 Quod
2907 3501 3001 3556 hic
3059 3501 3278 3572 sapius
3325 3500 3408 3555 ﬁt.
3441 3501 3495 3555 Si
3528 3500 3706 3572 igitur
3736 3499 3902 3555 libri

2223 3590 2558 3658 materiam,
2586 3591 2947 3662 modumque
2968 3590 3261 3647 tractandi
3287 3595 3642 3662 spectemus,
3669 3591 3907 3648 omnia

2223 3682 2533 3752 Origenem
2559 3683 2752 3738 solum
2787 3682 3044 3754 sapiunt.

2294 3773 2589 3827 Praterea
2619 3778 2758 3827 sunt
2787 3779 2842 3826 et
2872 3772 2990 3826 alia
3020 3787 3150 3842 qua
3200 3772 3379 3826 hosce
3411 3771 3908 3828 commentarios

2224 3878 2345 3916 non
2376 3861 2620 3917 alterius
2651 3877 2778 3916 esse
2828 3878 3006 3932 quam
3051 3861 3319 3932 Origenis
3360 3861 3604 3916 omnino
3630 3862 3918 3917 convin-

2224 3957 2384 4008 cunt.
2411 3951 2678 4006 Homilia
2724 3951 2855 4006 dua
2894 3951 3230 4006 Adamantii
3263 3951 3324 4004 in
3351 3951 3661 4007 Canticum
3683 3952 3914 4008 canti-

2223 4057 2428 4098 corum
2460 4047 2600 4096 sunt
2623 4039 2697 4096 ab
2729 4041 3082 4112 Hieronymo
3110 4039 3368 4097 ﬁdeliter
3393 4056 3595 4105 versa,
3617 4044 3673 4093 et
3703 4056 3913 4112 papas

2222 4132 2472 4186 Damaso
2504 4129 2812 4198 dedicata,
2847 4135 3024 4200 atque
3056 4146 3092 4185 a
3121 4129 3357 4184 Huffino
3398 4129 3630 4202 agnita.
3656 4131 3912 4186 Earum

2222 4227 2417 4276 autem
2451 4219 2763 4274 sententia
2807 4218 3152 4274 consimiles
3215 4224 3275 4273 et
3327 4233 3622 4290 germana
3653 4216 3912 4276 harum

2219 4315 2360 4364 sunt
2382 4325 2514 4380 qua
2535 4308 2597 4363 in
2621 4309 2731 4364 hoc
2752 4323 2928 4379 opere
2950 4308 3353 4375 continentur,
3371 4313 3439 4362 ut
3463 4307 3524 4362 in
3544 4304 3766 4363 eadem
3797 4308 3914 4364 in-

2219 4398 2368 4454 cude
2411 4399 2731 4454 formatum
2781 4414 2911 4452 esse
2957 4402 3276 4469 utrumque
3297 4402 3614 4468 appareat;
3644 4396 3740 4452 uti
3778 4399 3916 4454 oh-

2219 4488 2468 4543 servavit
2512 4486 2890 4542 doctissimus
2932 4487 3198 4553 Huetius,
3233 4487 3333 4558 qui
3365 4502 3482 4541 non
3521 4501 3711 4558 pauca
3749 4487 3920 4546 loca

2217 4578 2533 4650 congessit,
2559 4582 2617 4631 et
2647 4576 2835 4632 multo
2858 4576 3030 4648 plura
3064 4593 3381 4649 congerere
3410 4577 3729 4648 potuisset.
3773 4580 3918 4637 Sed

454 4669 516 4723 in
549 4667 800 4739 collegio
824 4669 876 4724 S.
907 4669 1065 4722 Petri
1089 4668 1244 4738 apud
1266 4668 1780 4738 Cantabrigienses
1806 4667 2103 4739 praﬁxus,
2137 4687 2183 4750 Ι)
2218 4683 2458 4721 omnem
2491 4665 2837 4736 scrupulum
2870 4665 3022 4720 tollit
3049 4664 3418 4722 luculentum
3449 4665 3724 4736 Origenis
3763 4667 3924 4725 fra-

453 4781 480 4810 ‹‹
497 4759 1147 4830 cognosciturOrigenis
1163 4775 1358 4813 sermo
1373 4758 1843 4829 perauctoritatu
1857 4774 1908 4811 m
1925 4756 2107 4812 abun-

455 4847 740 4905 dantiam.
769 4870 796 4898 ››
820 4847 1034 4903 Nullibi
1061 4855 1260 4903 autem
1283 4847 1656 4902 manifestior
1675 4847 1771 4902 hic
1799 4846 2108 4902 character

452 4955 632 5012 quam
664 4940 726 4994 in
759 4939 870 4994 hoc
901 4955 1078 5010 opere
1107 4955 1118 4992 :
1153 4939 1213 4992 in
1248 4955 1363 5008 quo
1396 4943 1602 4992 auctor
1629 4953 1865 5008 semper
1892 4953 2106 4992 excur-

450 5030 614 5088 rit.et
644 5029 770 5083 loca
829 5029 883 5084 S.
939 5028 1257 5098 Scriptura
1306 5027 1705 5098 undecunque
1753 5025 2014 5094 adducit,
2047 5032 2106 5080 et

451 5117 525 5173 ad
556 5117 924 5188 propositum
977 5133 1149 5171 suum
1184 5117 1382 5170 trahit.
1418 5117 1705 5181 Secundo,
1739 5114 2106 5186 tropologica

448 5207 668 5278 ubique
692 5209 952 5262 sectatur
972 5206 1622 5278 Origenes,notantibus
1644 5206 1920 5262 omnibus
1939 5205 2102 5260 Chri-

449 5295 680 5362 stianis,
715 5295 842 5367 ipso
865 5295 1044 5350 etiam
1066 5295 1411 5366 Porphyrio.
1436 5297 1573 5352 Tres
1595 5301 1796 5350 autem
1817 5299 2102 5366 perpetuo

450 5401 662 5440 sensus
711 5385 774 5439 in
805 5389 928 5440 toto
960 5384 1072 5439 hoc
1105 5401 1283 5456 opere
1313 5385 1694 5456 persequitur
1729 5383 2101 5452 historicum,

448 5473 904 5545 tropologicum,
938 5471 1320 5546 anagogicum
1348 5491 1361 5540 ;
1417 5490 1613 5545 neque
1659 5474 1834 5529 aliter
1863 5473 2106 5544 exponit

443 5561 681 5634 reliqua
714 5561 1032 5635 Scriptura
1063 5561 1194 5620 loca
1223 5578 1355 5635 qua
1379 5562 1622 5620 adducit
1650 5563 1844 5619 obiter
1868 5578 1882 5616 :
1913 5567 1980 5617 ut
2007 5561 2106 5616 hic

516 5765 540 5803 ⁸
563 5767 712 5829 Gen.
747 5785 903 5840 xxxv,
935 5772 1024 5827 67.

2215 4761 2543 4827 gmentum,
2577 4754 2734 4830 quod
2757 4754 2956 4810 Grace
2999 4755 3324 4811 etiamnum
3354 4754 3430 4810 ad
3460 4754 3640 4810 finem
3672 4757 3920 4816 Philo-

2215 4843 2371 4900 caliae
2401 4849 2610 4914 exstat,
2643 4840 2702 4897 ἐκ
2729 4845 2828 4896 τοῦ
2889 4843 2938 4917 β’
2988 4841 3163 4918 τόμον.»
3207 4846 3316 4897 τῶν
3347 4841 3426 4906 εἷς
3452 4841 3514 4896 τὸ
3543 4846 3740 4914 νᾼονμα
3775 4851 3918 4905 τῶν

2213 4933 2468 5005 dena:th
2482 4955 2530 5001 ,‹‹
2547 4950 2614 4988 ex
2627 4933 2888 4989 secundo
2903 4938 3064 4988 tomo
3083 4933 3713 4990 commentariorumin
3731 4937 3928 4996 Can-

2215 5025 2397 5080 ticum
2433 5023 2796 5078 canticorum
2824 5045 2850 5071 ››
2890 5023 3258 5096 decerptum.
3295 5024 3440 5079 Huic
3471 5023 3631 5080 enim
3665 5023 3926 5087 Graaco

2212 5115 2540 5185 fragmento
2571 5112 2746 5182 plane
2777 5113 3140 5184 respondent
3183 5113 3385 5168 Latina
3415 5130 3546 5184 qua
3577 5112 3929 5178 habemus

2212 5205 2272 5260 in
2305 5205 2484 5275 hujus
2515 5202 2712 5274 operis
2741 5201 2987 5258 homilia
3012 5203 3290 5258 secunda.
3325 5203 3486 5258 Licet
3515 5202 3676 5257 enim
3717 5210 3940 5277 prior

2212 5291 2529 5364 fragmenti
2559 5307 2698 5362 pars
2727 5290 2974 5346 liberius
3024 5291 3145 5346 illic
3191 5297 3539 5364 exponatur,
3571 5297 3938 5363 posterior

2211 5388 2414 5438 tamen
2472 5380 2734 5452 pressius
2764 5380 3068 5435 redditur:
3101 5386 3162 5435 et
3191 5380 3251 5436 in
3301 5381 3433 5452 ipsa
3483 5380 3668 5451 priori
3709 5397 3938 5455 parte

2215 5470 2319 5526 illa
2347 5469 2664 5542 fragmenti
2693 5469 2892 5537 verba,
2939 5465 3081 5522 οὕτω
3113 5465 3171 5521 δὲ
3198 5468 3290 5522 καὶ
3325 5469 3540 5540 μήποτε
3571 5465 3940 5542 σκληρύνει

2213 5557 2415 5632 Κύριος
2469 5557 2570 5626 τὴν
2627 5552 2850 5632 καρδίαν
2898 5554 3126 5632 Φαραώ,
3176 5557 3249 5613 ab
3291 5557 3396 5613 illo
3426 5562 3621 5614 vetere
3653 5567 3942 5627 melius
