3972 6306
162 418 275 479 117

908 413 969 473 J.
1000 411 1422 473 PEARSONII
1465 408 1838 471 VlNDICI/E
1885 412 2371 475 lGNATlAN/E.
2420 449 2492 462 —
2537 415 2738 478 PARS
2771 421 2821 478 Ι.

3471 423 3586 483 178

162 553 548 623 exponuntur
569 563 755 620 quam
777 546 1042 603 aTarino
1065 561 1292 627 nupero
1342 545 1684 617 interprete.
1718 546 1823 599 Ta-
1856 547 1905 613 Α
1937 544 2073 601 dam
2105 547 2286 605 fuisse
2318 554 2614 607 coactum.
2663 552 3138 624 Transcripserat
3180 554 3339 610 hunc
3386 556 3585 628 ipsum

163 643 332 697 riuus
356 641 444 695 ita
470 638 686 693 vertit:
721 638 806 693 Ita
834 653 1120 708 nunquam
1153 637 1410 692 Dominus
1460 652 1555 689 cor
1602 635 1830 690 indurat

167 731 513 795 Pharaonis,
546 728 708 799 quod
739 743 776 782 a
802 732 1004 782 mente
1032 725 1369 781 Adamantii
1423 724 1686 781 alienum
1718 728 1827 778 est.

166 823 347 875 Vetus
397 819 722 889 interpres,
756 817 1051 872 secundum
1083 815 1201 873 haec
1245 830 1375 884 ergo
1406 818 1637 883 fortasse
1667 819 1719 867 et
1747 816 1832 867 in-

166 912 397 966 durasse
427 909 634 963 dicitur
664 912 808 962 Dens
837 922 928 961 cor
954 906 1282 960 Pharaonis.
1341 906 1518 959 Recte
1547 920 1560 957 :
1616 902 1830 972 μήποτε

167 1002 350 1069 enim,
384 1016 495 1053 vox
519 996 757 1071 Origeni
798 995 1125 1067 sepissime
1154 999 1460 1065 usurpata,
1484 1010 1602 1048 non
1637 993 1829 1065 signi—

163 1092 307 1147 ﬁcat
335 1103 646 1159 nunquam,
682 1086 787 1141 sed
816 1088 1091 1154 fortasse:
1127 1083 1237 1139 sub
1259 1099 1329 1139 ea
1359 1084 1520 1138 enim
1545 1081 1828 1153 loquendi

161 1179 429 1236 formula
479 1176 883 1249 expositiones
923 1190 1060 1231 suas
1107 1173 1449 1228 dubitanter
1495 1187 1828 1244 proponere

164 1269 391 1340 ubique
423 1268 552 1322 fere
582 1265 735 1321 solet
772 1264 1185 1320 Adamantius.

237 1358 659 1414 Certissimum
691 1355 874 1427 igitur
903 1358 989 1409 est
1018 1352 1169 1408 illud
1206 1367 1353 1423 opus
1384 1352 1446 1406 in
1496 1352 1827 1419 Canticum,

163 1467 231 1505 ex
264 1465 386 1520 quo
421 1446 781 1519 septentiam
804 1443 1311 1516 transcripsimus,
1335 1447 1395 1497 et
1419 1441 1828 1497 testimonium

165 1556 265 1611 pro
300 1538 537 1609 lgnatio
569 1541 773 1591 nostro
816 1533 1220 1597 adhibuimus,
1254 1548 1384 1587 esse
1413 1532 1602 1603 ipsius
1628 1532 1828 1602 Orige-

162 1632 278 1695 nis,
312 1646 441 1683 non
476 1627 664 1683 Latini
725 1626 978 1697 alicujus
1022 1624 1299 1680 auctoris.
1346 1623 1511 1689 Quod
1543 1627 1609 1678 ut
1637 1622 1830 1678 adhuc

165 1718 555 1774 manifestius
611 1720 919 1788 appareat,
978 1713 1126 1769 dabo
1175 1714 1352 1769 etiam
1401 1713 1827 1783 interpretem;

169 1824 351 1880 quem
400 1806 710 1861 Rufﬂnum
761 1820 892 1859 esse
923 1820 1143 1871 assero,
1178 1818 1300 1858 non
1330 1807 1559 1857 tantum
1593 1800 1829 1870 conjec-

163 1898 337 1965 turis,
360 1912 518 1968 quas
551 1894 800 1950 Huetius
847 1893 1154 1964 amplexus
1199 1896 1308 1961 est,
1360 1895 1684 1962 permotus,
1726 1888 1829 1944 sed

163 1989 347 2043 etiam
376 1987 604 2042 idoneo
652 1983 993 2039 testimonio
1037 1982 1334 2047 suffultus,
1385 1980 1545 2052 quod
1600 1980 1827 2051 praebet

160 2076 578 2143 Cassiodorus,
612 2075 713 2145 qui
742 2077 981 2129 centum
1013 2075 1150 2145 post
1176 2070 1398 2127 Bullini
1432 2074 1683 2125 mortem
1716 2084 1825 2124 an-

162 2168 251 2222 uis
284 2167 453 2221 vixit.
487 2166 545 2219 Is
577 2164 760 2229 enim,
797 2162 900 2218 lib.
934 2165 1011 2217 De
1037 2161 1212 2216 divin.
1247 2161 1393 2228 lect.,
1425 2175 1553 2231 cap.
1589 2159 1820 2230 quinto,

163 2257 273 2311 hhc
300 2254 490 2311 habet
504 2272 555 2308 ια
583 2256 647 2308 In
663 2252 906 2308 Cantico
931 2251 1296 2307 canticorum
1314 2249 1545 2305 duabus
1558 2247 1822 2303 homiliis

158 2345 604 2419 expositionem
624 2341 896 2415 Origenis
912 2342 1069 2397 idem
1087 2343 1141 2396 S.
1170 2339 1585 2410 Hieronymus,
1601 2338 1822 2393 Latium

162 2436 373 2508 lingua:
397 2432 839 2505 multiplicator
855 2431 1255 2504 egregius,sua
1278 2429 1474 2495 nobis,
1489 2433 1554 2482 ut
1573 2443 1824 2483 consue-

156 2522 567 2597 rit,probabili
584 2520 973 2576 translatione
986 2517 1308 2590 prospexit.
1329 2519 1484 2582 Quas
1505 2516 1646 2570 item
1678 2514 1823 2569 Buf-

157 2615 645 2684 ﬁnus,interpres
659 2606 1459 2681 eloquentissimus,adjectis
1473 2603 1823 2677 quibusdam

159 2704 318 2761 locis.
356 2718 559 2772 usque
579 2700 655 2755 ad
671 2699 822 2755 illud
841 2703 1205 2770 praeceptum
1222 2696 1383 2766 quod
1409 2695 1522 2750 ait:
1559 2716 1587 2744 «
1620 2693 1821 2764 Capite

158 2796 327 2850 nobis
355 2793 572 2864 vulpes
593 2790 845 2862 pusillas
869 2788 1333 2844 exterminantes
1365 2785 1567 2840 vineas
1586 2786 1628 2852 ⁸,
1659 2806 1686 2833 ››
1721 2785 1824 2838 tri-

162 2887 249 2939 bus
278 2883 448 2938 libris
475 2882 647 2936 latius
675 2879 998 2949 explicavit.
1031 2877 1308 2942 Quamvis
1334 2875 1494 2930 enim
1545 2875 1671 2927 haec
1719 2872 1823 2927 ob-

162 2990 325 3029 scere
358 2972 529 3026 dicta
558 2970 683 3024 sint
710 2985 746 3024 a
774 2966 1145 3033 Cassiodoro,
1177 2964 1319 3020 satis
1346 2970 1544 3019 tamen
1584 2963 1695 3017 hoc
1734 2962 1825 3033 ip-

162 3079 288 3117 sum
322 3077 483 3135 opus
515 3058 763 3124 indicat,
789 3056 946 3127 quod
974 3056 1037 3111 in
1067 3055 1169 3111 illo
1198 3053 1489 3110 versiculo
1514 3069 1527 3108 :
1563 3074 1593 3103 «
1623 3051 1823 3123 Capite

160 3151 327 3206 nobis
356 3150 578 3221 vulpes
610 3146 860 3218 pusillas
890 3145 1357 3201 exterminantes
1374 3142 1822 3208 vineas,desinit.

162 3242 281 3295 Non
305 3245 399 3294 est
433 3238 622 3310 igitur
645 3234 807 3306 quod
854 3234 987 3304 quis
1017 3232 1456 3304 suspicionibus
1496 3229 1821 3300 indulgeat,

168 3329 390 3385 Επειεωί
414 3326 656 3399 judicio
678 3325 866 3380 fretus
894 3345 915 3372 ι
949 3323 1118 3393 (utin
1136 3338 1203 3377 re
1228 3320 1529 3376 consimili
1559 3319 1630 3374 de
1657 3320 1824 3373 Inno-

166 3421 335 3476 centii
347 3417 630 3492 epistolis
644 3416 793 3471 dixit
806 3414 1383 3483 Blondellus),multo
1401 3412 1601 3466 minus
1624 3414 1825 3464 Amer-

160 3509 367 3576 bachii,
400 3508 505 3563 hic
535 3505 906 3571 fluctuantis,
940 3502 1212 3573 nihilque
1239 3500 1401 3557 aliud
1420 3500 1717 3555 affirmate
1734 3514 1824 3553 as-

162 3599 431 3665 serentis,
468 3596 592 3651 nisi
624 3595 786 3666 quod
807 3599 868 3649 et
894 3593 1004 3665 ipsi
1032 3591 1374 3647 asserimus.
1416 3592 1502 3644 Ita
1524 3588 1682 3644 enim
1716 3586 1818 3641 ille

160 3690 508 3760 prelatione
531 3687 610 3741 ad
629 3692 857 3740 tomum
875 3683 1193 3755 septimum
1214 3681 1580 3752 Hieronymi:
1601 3702 1628 3730 «
1649 3681 1824 3736 Caste-

162 3796 282 3835 rum
314 3779 390 3833 de
423 3775 698 3833 homiliis
730 3778 985 3845 quatuor
1004 3774 1066 3827 in
1092 3772 1333 3828 Cantica
1355 3772 1721 3826 canticorum
1744 3788 1821 3826 an

166 3872 273 3927 sint
301 3869 613 3940 Origenis,
647 3882 859 3931 necne,
892 3864 1031 3919 nolo
1062 3864 1123 3918 in
1152 3863 1466 3934 praisentia
1486 3861 1820 3933 disputare;

162 3968 312 4017 certe
343 3958 548 4016 multa
581 3960 722 4011 sunt
749 3971 881 4026 quae
914 3970 983 4009 ea
1007 3952 1197 4008 Latini
1225 3952 1485 4007 hominis
1518 3968 1668 4017 esse,
1701 3968 1823 4008 non

163 4052 333 4107 (irasci
366 4045 794 4119 comprobent.
829 4043 981 4099 Illud
1013 4042 1203 4097 ausim
1236 4041 1554 4108 afﬁrmare,
1587 4041 1823 4097 etiamsi

165 4140 333 4196 Graeci
364 4134 647 4193 hominis
696 4133 836 4200 sint,
868 4132 1297 4202 Hieronymum
1327 4147 1447 4185 non
1474 4131 1720 4186 vertisse
1754 4152 1806 4186 ››.

164 4230 319 4294 Quod
345 4234 411 4283 et
436 4242 560 4281 nos
602 4222 988 4279 afﬁrmamus.

222 4320 305 4375 Ad
337 4318 619 4391 primum
650 4310 921 4383 Origenis
968 4310 1375 4366 testimonium
1433 4309 1823 4365 refellendum

165 4425 294 4465 usus
315 4415 415 4465 est
437 4404 802 4462 auctoritate
822 4402 1050 4457 Erasmi
1071 4402 1160 4456 vir
1199 4400 1596 4469 doctissimus,
1628 4400 1701 4455 ad
1732 4416 1824 4455 se-

168 4500 419 4555 cundum
458 4491 822 4550 elevandum
854 4507 959 4546 suo
980 4490 1223 4563 quidem
1245 4491 1452 4559 Marte,
1485 4506 1595 4545 nec
1624 4490 1824 4545 minus

169 4588 486 4645 infeliciter
516 4580 919 4655 progreditur.
950 4579 1149 4634 Primo
1172 4578 1555 4635 homiliarum
1584 4578 1827 4651 triginta

174 4629 474 4645 ..ηυηνηω
520 4629 918 4655 παρη----η
950 4629 971 4634 -
998 4629 1142 4634 -__--
1174 4629 1440 4635 __-______
1462 4629 1554 4634 om
1592 4629 1825 4651 ,ηπ-,-

174 4695 365 4735 novem
392 4678 467 4732 in
487 4676 715 4729 Lucam
732 4675 1029 4726 auctorem
1051 4670 1175 4725 vult
1201 4686 1330 4724 esso
1345 4669 1617 4724 Latinum
1637 4668 1824 4739 :quod
1854 4629 1900 4695 Β

171 4775 221 4822 et
244 4786 344 4841 per
372 4783 443 4823 se
478 4763 730 4829 mirum,
761 4765 820 4815 et
849 4764 985 4815 ante
1016 4759 1174 4814 hunc
1204 4758 1382 4823 diem,
1408 4758 1638 4830 opinor,
1662 4759 1825 4814 inau-

173 4857 345 4914 ditum
377 4860 500 4912 est.
534 4851 873 4908 Latinorum
910 4850 1181 4904 natalium
1210 4848 1419 4903 indicia
1457 4864 1586 4918 quae
1617 4847 1824 4918 depre-

174 4944 365 5002 hendit
394 4946 534 4999 haec
579 4943 739 4995 sunt.
794 4938 1012 5001 Primo,
1066 4938 1333 5005 observat,
1386 4937 1602 5008 inquit,
1634 4935 1827 5010 gratia

174 5037 397 5104 plenam,
425 5034 549 5090 Gre
565 5046 626 5086 ce
645 5024 1099 5102 κεχαριτωμένην
1120 5028 1251 5082 dici.
1286 5026 1400 5082 Sed
1439 5027 1594 5097 quis,
1625 5040 1825 5096 quaeso

180 5125 434 5181 observat
452 5122 483 5177 ‘P
502 5124 738 5186 auctor,
762 5134 838 5172 an
854 5117 1150 5188 interpres
1165 5117 1193 5171 ‘?
1214 5117 1498 5171 Neutrum
1512 5115 1826 5179 dicit,satis

179 5224 377 5271 tante:
441 5211 554 5268 sed
617 5207 853 5263 homilia
900 5206 1164 5273 observat,
1199 5205 1356 5276 quod
1399 5206 1546 5259 mire
1578 5205 1824 5275 dictum,

179 5309 331 5376 atque
360 5302 511 5359 inde
546 5294 877 5362 concludit,
927 5302 1204 5350 auctorem
1251 5311 1362 5350 non
1418 5296 1684 5361 Graecum,
1734 5295 1828 5350 sed

183 5395 415 5450 tantum
445 5394 639 5462 fuisse.
696 5390 816 5459 Ego
864 5389 1067 5456 aperte
1110 5384 1243 5438 dico
1294 5385 1350 5439 S.
1403 5385 1827 5455 Hieronymum

185 5482 423 5541 homilia:
458 5482 857 5553 interpretem
892 5475 1005 5529 hoc
1037 5474 1229 5528 obiter
1248 5474 1611 5543 observasse,
1646 5479 1704 5529 et
1730 5491 1827 5530 ne-

186 5576 436 5631 cessitate
466 5571 732 5645 quadam
766 5565 845 5623 ad
868 5564 1049 5619 talem
1067 5564 1539 5621 observationem
1566 5564 1828 5623 inseren-

243 5744 265 5779 ‘
288 5745 450 5802 Cant.
481 5763 541 5813 ιι,
576 5748 666 5800 15.
749 5740 771 5776 ⁷
801 5735 1012 5793 Matth.
1043 5751 1196 5803 xxxv,
1229 5737 1318 5795 28.

1937 632 2135 688 locum
2168 651 2239 689 ex
2270 637 2519 709 Origene
2566 639 2702 694 anle
2754 657 2889 695 eum
2940 641 2995 696 S.
3048 642 3410 713 Ambrosius,
3461 645 3587 700 sola

1935 725 2208 781 versione
2239 734 2572 784 contentus.
2596 730 2708 785 Sed
2729 747 2865 786 cum
2890 732 3261 790 observasset
3279 735 3584 808 Origenes,

1936 829 2138 869 vocem
2161 815 2221 869 in
2248 816 2605 872 salutatione
2628 836 2872 890 prorsus
2898 820 3242 878 inusitatam
3257 840 3589 891 esse,eam-

1937 920 2052 973 que
2085 904 2479 974 Hieronymus
2511 908 2885 976 reddidisset,
2917 913 3103 978 gratia
3144 913 3389 981 plenam,
3436 913 3587 970 duo-

1936 991 2067 1058 bus,
2102 994 2350 1062 scilicet,
2395 997 2721 1057 vocabulis,
2762 1013 3015 1068 quorum
3060 1005 3338 1055 neutrum
3386 1016 3588 1058 rarum

1943 1087 2303 1148 est,necesse
2327 1084 2533 1140 habuit
2558 1086 2952 1157 addere,quod
2980 1090 3169 1146 Graece
3198 1091 3403 1146 dicitur
3415 1110 3588 1164 κεχα-

1938 1169 2236 1245 ριτωμένη.
2272 1174 2543 1229 Secundo
2574 1176 2689 1231 ista
2713 1178 2918 1248 objicit
2948 1194 3018 1232 ex
3048 1178 3293 1235 homilia
3332 1182 3539 1252 quinta
3567 1198 3582 1238 :

1935 1265 2055 1331 Ego
2085 1269 2267 1317 autem
2295 1280 2414 1319 sum
2443 1259 2665 1335 ἂλογος,
2698 1267 2847 1337 quod
2872 1268 2997 1323 licet
3038 1270 3267 1324 Latinus
3293 1269 3458 1325 aliter
3482 1286 3577 1325 ea:-

1929 1356 2209 1423 presserit,
2264 1360 2447 1409 tamen
2499 1359 2729 1425 proprie
2776 1360 3071 1426 transferri
3104 1366 3309 1429 potest,
3360 1359 3583 1430 absque

1936 1459 2209 1498 sermone
2239 1445 2328 1499 vel
2357 1445 2606 1499 ratione.
2633 1447 2744 1501 Sed
2767 1453 2825 1502 et
2848 1448 2942 1502 hic
2976 1453 3099 1503 tum
3131 1456 3434 1505 auctorem
3454 1450 3586 1506 Ori-

1935 1548 2169 1604 genem,
2202 1538 2328 1587 tum
2371 1533 2755 1605 interpretem
2799 1537 3223 1609 Hieronymum
3272 1540 3582 1597 habemus.

1933 1623 2158 1677 Mutum
2191 1624 2402 1694 probat
2426 1630 2632 1679 auctor
2667 1626 2953 1696 populum
2988 1628 3395 1693 lsraeliticum,
3429 1627 3589 1700 quod

1935 1728 2295 1780 sermonem,
2329 1712 2387 1765 id
2420 1718 2509 1767 est
2529 1714 3231 1786 Christum,rejecissent;
3254 1717 3433 1788 idque
3456 1717 3586 1789 plu-

1934 1800 2102 1855 ribus
2133 1801 2453 1872 Scriptura
2490 1802 2635 1857 locis
2662 1804 2954 1874 explicat:
2988 1805 3146 1876 quod
3175 1807 3347 1876 plane
3379 1808 3580 1877 Orige-

1936 1890 2136 1945 nicum
2169 1896 2275 1945 est.
2304 1891 2454 1946 Citat
2484 1891 2584 1946 illa
2614 1893 2686 1947 de
2714 1895 2932 1964 Moyse,
2985 1894 3165 1950 Exod.
3198 1913 3250 1966 ν,
3284 1899 3387 1950 12ε
3439 1894 3581 1969 Ἐγὼ

1936 1977 1992 2033 δὲ
2023 1976 2223 2054 ἄλογός
2252 1978 2386 2051 εἰμι.
2422 1982 2717 2052 Interpres
2747 1982 2887 2052 quia
2919 1984 3069 2038 nihil
3116 1985 3233 2040 tale
3264 1985 3327 2042 in
3358 1985 3580 2040 Latinis

1933 2069 2237 2124 codicibus
2270 2071 2553 2141 scriptum
2586 2071 2898 2140 inveniret,
2931 2073 3035 2128 sed
3069 2074 3265 2145 potius
3309 2074 3483 2141 forte,
3516 2074 3576 2130 id

1932 2160 2092 2231 quod
2120 2175 2281 2214 nunc
2314 2159 2585 2232 legimus,
2620 2177 2741 2216 cum
2780 2162 3192 2219 incircumcisus
3242 2164 3402 2219 labiis
3450 2167 3576 2235 sim,

1931 2253 1997 2303 ut
2026 2253 2085 2304 et
2114 2248 2359 2304 Hebraea
2389 2255 2622 2318 sonant,
2657 2256 2715 2304 et
2762 2250 3179 2307 Theodotionis
3226 2253 3439 2319 versio,
3487 2254 3581 2309 vel

1933 2338 2085 2393 tardi
2103 2341 2384 2408 sermonis,
2417 2344 2484 2393 ut
2512 2340 2822 2411 antiquitis
2853 2341 3430 2414 legebatur,necesse
3460 2359 3581 2415 pu-

1931 2430 2076 2483 tavit
2097 2429 2170 2483 ad
2188 2429 2499 2501 Origenem
2524 2436 2680 2487 recte
2703 2431 3059 2503 capiendum
3074 2434 3584 2505 admonere,quod

1934 2518 2057 2573 licet
2099 2522 2322 2574 Latinus
2352 2520 2519 2575 aliter
2551 2524 2879 2591 expresserit
2908 2522 3072 2577 illam
3101 2539 3306 2579 vocem
3354 2520 3581 2598 ἄλογος,

1932 2613 2131 2663 tamen
2173 2611 2402 2678 proprie
2458 2611 2751 2679 transferri
2791 2617 2972 2680 potest
3013 2611 3236 2683 absque
3282 2630 3582 2682 sermone,

1933 2697 2052 2752 sive
2084 2698 2331 2752 ratione.
2367 2699 2435 2752 Et
2461 2692 2571 2753 hoc
2601 2699 2776 2769 plane
2810 2700 3336 2773 Hieronymianum
3368 2707 3478 2771 est,
3519 2707 3587 2760 ut

1933 2803 2136 2841 omnes
2171 2791 2409 2841 norunt.
2444 2788 2574 2858 Ipse
2605 2792 2762 2842 certe
2812 2789 3225 2860 Hieronymus,
3278 2790 3352 2845 ad
3402 2795 3579 2862 caput

1930 2893 2059 2932 κων
2091 2876 2298 2932 Ezech.
2334 2891 2347 2929 :
2390 2878 2461 2930 Et
2520 2876 2578 2930 in
2635 2878 2827 2932 Exodo
2876 2877 3088 2933 locutus
3143 2886 3219 2935 est
3278 2882 3484 2953 Moyses
3521 2883 3582 2936 in

1933 2972 2223 3036 conspectu
2260 2965 2495 3032 Domini,
2528 2966 2754 3021 dicens:
2812 2988 2841 3016 «
2873 2969 3019 3022 Ecce
3067 2967 3173 3023 filii
3223 2970 3405 3024 Israel
3454 2987 3577 3026 non

1934 3056 2252 3111 audierunt
2282 3072 2396 3123 me,
2431 3055 2727 3126 quomodo
2757 3056 2960 3111 audiet
3004 3074 3099 3112 me
3146 3059 3374 3116 Pharao
3400 3059 3428 3114 ‘2
3477 3076 3580 3132 ego

1934 3149 2131 3199 autem
2164 3161 2295 3199 sum
2329 3144 2481 3199 tardi
2516 3145 2845 3200 sermonis:
2879 3166 2906 3196 »
2940 3163 3046 3217 pro
3084 3164 3191 3217 quo
3221 3146 3364 3203 LXX
3388 3149 3582 3204 dixere

1932 3233 2076 3306 Ἐγὼ
2109 3229 2165 3286 δὲ
2193 3230 2402 3307 ἄλογός
2460 3231 2596 3306 εἰμι,
2648 3236 2797 3305 quod
2842 3237 3034 3292 melius
3085 3236 3318 3292 habetur
3364 3236 3424 3292 in
3480 3240 3584 3294 He-

1938 3327 2104 3393 bram,
2139 3340 2242 3396 ego
2274 3324 2727 3382 incircumcisus
2758 3343 2887 3381 sum
2932 3327 3127 3384 labiis.
3170 3329 3385 3395 Tertio,
3435 3330 3583 3400 ejus-

1935 3415 2077 3479 dem,
2108 3415 2322 3485 inquit,
2356 3421 2432 3470 est
2463 3418 2766 3485 eommatis,
2799 3417 2947 3485 quod
2966 3416 3214 3472 cadaver
3244 3434 3278 3473 a
3303 3434 3442 3473 casu
3475 3435 3585 3473 no-

1933 3520 2072 3559 men
2094 3504 2394 3575 accepisse
2413 3506 2679 3572 observat,
2716 3504 2921 3560 homil.
2951 3506 3037 3561 16.
3061 3508 3183 3562 Imo
3204 3508 3332 3562 hinc
3357 3507 3583 3563 nullam

1935 3609 2070 3649 cum
2093 3593 2570 3665 praecedentibus
2593 3594 3427 3666 similitudinem,habent,sed
3449 3602 3588 3653 sunt

1934 3699 2083 3754 pura
2111 3682 2437 3748 translatio,
2498 3682 2617 3737 sive
2666 3682 2828 3738 nuda
2885 3685 3220 3740 Graecorum
3270 3686 3584 3741 verborum

1932 3773 2209 3828 redditio.
2242 3773 2508 3844 Explicat
2537 3790 2604 3827 eo
2664 3772 2793 3827 loco
2842 3774 3199 3829 versiculum
3247 3776 3315 3829 34
3362 3793 3489 3848 cap.
3544 3793 3583 3832 η

1933 3863 2150 3934 Evang.
2185 3861 2510 3917 secundum
2543 3861 2597 3915 S.
2651 3862 2887 3928 Lucam,
2920 3857 3039 3914 ἰδοὺ
3073 3859 3230 3923 οὗτος
3280 3867 3452 3917 κεῖται
3504 3862 3581 3924 εἷς

1933 3953 2176 4005 πτῶσινε
2208 3952 2346 4005 Ecce
2377 3950 2466 4002 hic
2514 3953 2725 4020 positus
2771 3956 2848 4004 est
2892 3952 2957 4004 in
3001 3950 3241 4006 rainam.
3299 3952 3581 4023 Origenes

1933 4057 2098 4096 more
2129 4056 2273 4107 suo;
2308 4044 2367 4094 et
2390 4039 2628 4094 tandem
2661 4039 2800 4095 huic
2838 4039 3095 4111 applicat
3124 4039 3321 4095 locum
3362 4042 3417 4095 S.
3444 4043 3583 4097 Mat—

1936 4130 2072 4185 thaei
2099 4146 2111 4184 :
2140 4132 2211 4183 Et
2254 4130 2319 4183 de
2374 4129 2476 4183 hac
2522 4130 2690 4183 ruina
2736 4129 2988 4184 dicitur:
3033 4128 3209 4185 Ὅπου
3267 4127 3373 4204 γὰρ
3424 4125 3512 4182 saw
3540 4126 3580 4203 ᾖ

1933 4218 1995 4272 τὸ
2030 4221 2251 4289 πτῶμα,
2286 4215 2398 4272 ἐκεῖ
2455 4218 2887 4294 συναχθήσονται
2947 4218 2997 4272 oi
3046 4217 3217 4287 ἀετοί,
3272 4220 3583 4290 ubicunque

1934 4310 2108 4377 fuerit
2138 4308 2389 4373 cadaver,
2422 4306 2504 4362 ibi
2556 4310 3035 4378 congregabantur
3079 4308 3288 4379 aquilae
3324 4309 3365 4363 ".
3417 4307 3585 4374 Quod

1935 4415 2011 4453 ne
2043 4404 2309 4454 coactum
2344 4398 2519 4452 nimis
2550 4398 2835 4467 videatur,
2867 4398 3112 4467 addidit,
3132 4401 3333 4471 πτῶμα
3352 4398 3456 4473 γὰρ
3476 4396 3585 4452 ἀπὸ

1935 4490 2195 4551 πτώσεως
2228 4486 2462 4565 λέγεται,
2493 4491 2727 4547 cadaver
2774 4495 2979 4563 quippe
3004 4508 3038 4547 a
3069 4509 3197 4549 casu
3243 4509 3441 4548 nomen
3491 4509 3585 4548 ac—

1938 4585 2099 4650 cepit.
2133 4580 2312 4645 Quale
2344 4580 2569 4652 aliquid
2599 4580 2755 4652 apud
2786 4582 3165 4653 Hippolytum
3187 4581 3348 4654 legas
3378 4580 3581 4637 libello

1933 4671 2005 4726 de
2028 4669 2409 4725 Antichristo.
2432 4671 2669 4739 Quarto,
2695 4670 2936 4740 ejusdem
2965 4673 3248 4727 commatis
3296 4687 3425 4726 esse
3458 4670 3584 4726 vult

1931 4758 2078 4813 illud
2113 4774 2183 4812 ex
2215 4758 2373 4813 hom.
2408 4762 2496 4813 22.
2533 4758 2692 4829 quod
2723 4760 2943 4815 Graecus
2968 4776 3140 4814 sermo
3172 4760 3293 4827 hoc,
3326 4760 3475 4831 quod
3503 4765 3581 4816 est

1931 4851 2171 4902 converti
2221 4850 2280 4901 in
2339 4847 2569 4917 lapides,
2616 4849 3022 4917 signiﬁcantius
3064 4854 3223 4903 sonat
3270 4844 3577 4901 ἀπολιθοῦ-

1934 4937 2073 4991 σθαι.
2110 4937 2221 4993 Sed
2253 4942 2409 4992 totus
2439 4937 2545 4992 ille
2602 4943 2881 4993 tractatus
2928 4937 2998 4991 de
3051 4938 3406 4993 suscitandis
3436 4939 3579 4994 filiis

1932 5026 2180 5081 Abrahae
2213 5043 2281 5080 ex
2309 5025 2607 5097 lapidibus
2628 5026 2803 5098 plane
2834 5026 3177 5098 Origenicus
3210 5031 3334 5093 est;
3367 5032 3427 5082 et
3454 5028 3583 5083 haec

1933 5115 2130 5175 verba.
2154 5132 2283 5185 quae
2308 5116 2646 5188 parenthesi
2668 5115 2892 5170 includi
2915 5116 3152 5182 debent,
3176 5117 3490 5173 manifeste
3512 5117 3584 5174 ab

1934 5205 2259 5276 interprete
2290 5204 2644 5276 Hieronymo
2690 5209 2827 5260 sunt
2875 5205 3099 5259 inserta
3146 5206 3379 5273 Quinto,
3431 5213 3587 5263 notat

1929 5295 2194 5367 judicem
2227 5294 2380 5364 apud
2412 5296 2644 5350 Graecos
2676 5311 2809 5350 cum
2870 5293 3117 5351 articulo
3158 5297 3437 5366 positum,
3484 5297 3584 5367 qui

1938 5382 2362 5455 singularitatis
2394 5382 2757 5453 significator
2785 5388 2892 5451 est,
2923 5390 2972 5438 et
3000 5400 3129 5437 mos:
3159 5383 3451 5438 discrimen
3482 5401 3587 5440 no-

1936 5475 2098 5529 minis
2126 5473 2211 5526 vel
2239 5488 2359 5525 cum
2403 5473 2638 5526 articulo
2668 5473 2753 5526 vel
2777 5475 2979 5543 absque
2998 5474 3234 5529 articulo
3255 5474 3429 5543 positi
3449 5474 3587 5530 dicit

1941 5562 2095 5634 apud
2127 5564 2356 5616 Graecos
2382 5560 2569 5633 magis
2596 5560 2847 5633 intelligi
2879 5562 3081 5619 homil.
3115 5564 3202 5619 35.
3236 5563 3348 5620 Sed
3393 5563 3584 5621 facilis
