3972 6306
395 389 511 451 1⁸19

1471 383 1534 444 S.
1581 381 1982 447 IGNA'I‘IUS.
2035 414 2104 429 -
2148 381 2750 444 PROLEGOMENA.

3697 383 3814 444 180

392 522 752 596 responsio:
786 524 992 577 auctor
1021 518 1283 575 homiliaa
1315 521 1483 576 notat
1510 518 1762 588 judicem
1809 533 1930 574 eum
1960 532 2052 572 ar-
2078 515 2416 586 ASabaoth
2444 515 2702 588 primum
2731 514 2946 572 celum
2975 514 3332 572 manifesiat.
3382 515 3603 574 Eodem
3633 515 3812 572 modo

398 612 566 674 tieulo
587 613 875 682 positum;
905 609 1203 680 interpres
1231 607 1418 673 addit,
1451 607 1602 677 apud
1648 607 1882 675 Grzcos,
1915 606 2056 677 quia

399 701 556 775 apud
587 699 825 755 Latinos
855 715 976 753 non
1007 697 1250 769 ponitur
1300 695 1608 751 articulus.
1659 695 1910 767 Exponit
1959 695 2055 750 hic

397 790 682 863 Origenes
693 787 1047 843 versiculum
1065 788 1288 856 58,cap.
1311 801 1388 840 xu
1415 785 1709 857 Evangelii
1727 784 2055 840 secundum

402 881 638 935 Lucam.
674 877 956 932 Observat
1010 871 1093 928 ἐπ’
1142 872 1387 950 ἄρχοντα
1437 873 1551 929 dici
1600 873 1730 929 sine
1779 874 2055 941 articulo,

399 966 538 1042 πρὸς
565 965 658 1020 τὸν
695 965 900 1040 Κριτήν
935 981 1070 1020 cum
1098 963 1350 1019 articulo
1379 981 1392 1016 :
1450 963 1591 1018 inde
1635 963 1860 1036 colligit
1900 965 2061 1034 prin-

401 1060 578 1129 cipem
636 1071 765 1112 esse
822 1070 1014 1110 unum
1070 1053 1439 1126 angelorum,
1493 1053 1593 1124 qui
1661 1053 1836 1108 multi
1895 1057 2054 1123 sunt,

393 1147 644 1219 judicem
674 1161 806 1201 esse
829 1143 1000 1199 illum
1030 1143 1297 1210 unicum,
1327 1143 1528 1198 Jesum
1580 1143 1898 1198 Christum.
1943 1144 2061 1199 Hoc

405 1237 585 1308 plane
607 1233 988 1307 Origenicum
1020 1238 1130 1287 est.
1166 1233 1347 1287 Nemo
1383 1231 1540 1286 enim
1573 1231 1744 1287 toties
1770 1232 1887 1288 vim
1919 1233 2064 1288 arti-

408 1325 525 1382 culi
553 1328 722 1396 urget
751 1340 818 1380 ac
851 1321 1264 1378 Adamantius.
1301 1321 1696 1393 Hieronymus
1727 1338 1863 1376 cum
1903 1321 2064 1378 vide-

408 1417 502 1469 ret
529 1412 836 1467 hominem
869 1411 1092 1466 Latinaa
1123 1413 1358 1465 tantum
1383 1409 1601 1482 linguas
1641 1409 1898 1482 peritum
1938 1411 2064 1466 haec

411 1517 626 1574 capere
644 1517 765 1556 non
789 1499 1074 1572 potuisse,
1093 1499 1322 1555 notavit
1340 1499 1439 1554 hoc
1461 1500 1614 1568 apud
1639 1501 1856 1558 Graecos
1883 1503 2065 1571 magis

404 1589 670 1658 intelligi.
698 1591 1032 1655 Postremo,
1066 1587 1282 1658 inquit,
1319 1588 1377 1642 in
1406 1587 1592 1643 eadem
1625 1588 1856 1644 homilia
1884 1595 2064 1645 monet

405 1679 822 1751 quadrantem,
849 1677 969 1732 sive
994 1677 1292 1732 minutum
1317 1679 1512 1732 Graiae
1533 1683 1693 1733 tenue
1713 1677 1828 1734 dici
1868 1696 2058 1750 posse.

407 1770 606 1824 Recte.
643 1765 942 1822 Habemus
973 1770 1174 1821 autem
1197 1770 1256 1820 et
1275 1765 1372 1820 hic
1397 1771 1701 1822 auctorem
1723 1767 2058 1840 Origenem,

2161 611 2220 661 et
2247 605 2540 663 Jacob.....
2576 607 2729 662 sicut
2757 605 3086 662 secundum
3117 606 3492 662 Latiuitatem
3526 607 3812 662 Dominus

2160 695 2444 750 virtutum
2466 698 2523 750 et
2545 699 2714 765 pater
2739 694 3005 750 omnium
3025 715 3076 750 ».
3097 696 3230 750 Haec
3251 711 3393 752 sane
3417 695 3603 750 Latini
3623 693 3814 750 homi-

2163 783 2277 851 nis,
2309 800 2431 838 non
2459 783 2738 841 auctoris.
2785 783 2890 838 sed
2943 783 3306 856 interpretis.
3359 784 3618 839 Irenmus
3650 783 3813 840 enim

2165 873 2366 929 Latine
2399 890 2520 929 non
2551 873 2824 946 scripsit;
2858 873 2988 946 ejus
3016 878 3218 928 tamen
3247 873 3375 928 haec
3421 873 3626 929 omnia
3673 878 3816 928 sunt

2164 967 2453 1034 praeterea
2482 979 2614 1036 quas
2644 963 2938 1035 interpres
2974 962 3224 1019 addidit.

2235 1053 2347 1108 Sed
2377 1054 2496 1108 sive
2528 1055 2781 1122 Graecus,
2817 1053 2936 1108 sive
2969 1053 3206 1109 Latinus
3248 1053 3428 1110 fuerit
3473 1053 3570 1110 hic
3617 1052 3817 1110 homi-

2165 1144 2381 1200 liarum
2413 1147 2640 1209 auctor,
2671 1143 2973 1216 Origenes,
3025 1142 3238 1198 Dallseo
3279 1142 3505 1215 judice,
3531 1158 3658 1197 esse
3683 1159 3813 1202 non

2164 1235 2376 1307 potuit.
2407 1235 2552 1290 Nam
2583 1235 2651 1290 ab
2681 1237 2800 1305 ipso
2829 1234 3084 1304 Origenis
3139 1236 3322 1304 genio,
3371 1251 3518 1290 more
3547 1251 3611 1290 ac
3651 1251 3815 1290 sensu

2165 1326 2415 1398 quaedam
2443 1331 2568 1382 sunt
2595 1327 2658 1381 in
2687 1325 2874 1382 eodem
2904 1340 3064 1396 opere
3093 1326 3298 1380 aliena.
3345 1326 3483 1391 Qum
3525 1325 3814 1380 hactenus

2165 1414 2419 1471 vidimus
2465 1419 2606 1470 sunt
2656 1415 2833 1487 plane
2875 1414 3250 1488 Origeniana,
3311 1430 3586 1485 quasnam
3637 1414 3818 1486 igitur

2165 1509 2304 1560 sunt
2359 1520 2492 1574 quae
2549 1502 2901 1560 Adamantio
2958 1509 3297 1576 competere
3345 1521 3466 1558 non
3519 1503 3818 1576 possunt?

2165 1593 2382 1661 Primo,
2406 1593 2652 1649 homilia
2666 1596 2762 1648 25:
2787 1593 3030 1664 Spiritus
3053 1595 3110 1650 S.
3135 1593 3342 1648 dicitur
3361 1593 3536 1649 tertia
3558 1608 3818 1665 persona

2164 1698 2199 1738 a
2217 1683 2390 1736 Patre
2415 1686 2475 1737 et
2501 1681 2668 1736 Filio.
2695 1683 2800 1746 Qui
2829 1684 2905 1737 sic
2925 1682 3210 1738 distinctus
3231 1697 3480 1752 persona
3524 1684 3584 1737 in
3609 1680 3820 1738 divinis

2165 1786 2290 1827 usus
2318 1772 2388 1826 ab
2417 1772 2652 1840 Origene
2681 1771 2895 1826 alienus
2923 1777 3020 1826 est.
3072 1773 3147 1825 At
3193 1772 3306 1826 hoc
3353 1771 3484 1843 ipso
3535 1770 3662 1826 loco
3709 1787 3821 1826 au-

409 1857 797 1947 interpretem
829 1855 1276 1947 Hieronymum.
1311 1855 1597 1947 Origenes
1633 1855 2062 1947 dumexplicat
2091 1881 2136 1947 Β
2168 1866 2291 1916 ctor
2324 1861 2408 1915 ita
2433 1860 2700 1931 loquitur
2747 1865 2807 1915 et
2853 1859 3038 1915 alium
3091 1876 3269 1931 quam
3313 1860 3624 1932 Origenem
3675 1876 3818 1916 eum

409 1961 479 2001 ea
504 1944 704 2010 verba,
732 1938 836 2004 ἕως
868 1939 930 1996 οὗ
963 1941 1054 1996 καὶ
1085 1941 1146 1997 τὸ
1178 1939 1408 2016 ἔσχατον
1443 1939 1640 1998 λεπτὸν
1673 1942 1916 2018 ἀποδῷς,
1967 1947 2048 2002 lu-

2235 1951 2348 2007 isse
2379 1969 2500 2007 non
2533 1951 2759 2008 credas.
2799 1951 2946 2006 Dicit
2975 1951 3206 2022 aliquos
3253 1968 3360 2022 per
3414 1951 3818 2008 inordinatam

407 2030 515 2102 dit,
547 2035 613 2085 ut
641 2029 814 2100 solet,
847 2029 908 2084 in
941 2046 1078 2084 voce
1111 2024 1331 2098 λεπτὸν,
1362 2035 1420 2085 et
1449 2030 1714 2086 ostendit
1751 2040 2062 2104 peccatum

409 2135 538 2176 esse
569 2119 660 2175 vel
689 2118 908 2190 pingue
941 2124 1000 2173 et
1024 2134 1313 2188 crassum,
1357 2118 1447 2174 vel
1496 2123 1672 2176 tenue
1723 2127 1781 2176 et
1823 2122 2060 2177 subtile.

415 2208 571 2264 Vidit
601 2207 994 2278 Hieronymus
1027 2207 1153 2261 haec
1183 2223 1217 2262 a
1248 2207 1470 2262 Latinis
1501 2208 1754 2283 intelligi
1800 2228 1923 2266 non
1953 2228 2060 2283 po-

407 2297 593 2353 tuisse
623 2296 715 2350 vel
739 2313 846 2368 per
865 2296 1252 2366 quadrantem,
1283 2294 1370 2354 vel
1393 2299 1690 2364 minutum,
1715 2301 2064 2371 monuitque

413 2385 474 2442 id
505 2384 664 2456 quod
690 2385 966 2439 minutum
997 2383 1232 2450 dicitur,
1266 2385 1462 2440 Greece
1495 2393 1655 2442 tenue
1702 2387 1818 2443 dici
1867 2406 2062 2460 posse,

414 2473 573 2531 unde
605 2490 735 2544 qua:
768 2477 1101 2544 sequuntur
1131 2472 1372 2528 tandem
1397 2474 1646 2548 intelligi
1687 2484 1953 2548 possunt.

485 2585 515 2614 «
540 2563 696 2628 Haec,
719 2563 924 2632 inquit,
949 2567 1251 2618 auctorem
1272 2564 1468 2620 Graece
1491 2565 1799 2636 scripsisse
1823 2574 2060 2640 negant,

411 2668 528 2725 qua
547 2651 746 2724 lingua
762 2655 970 2706 notum
995 2657 1086 2706 est
1111 2651 1423 2725 Origenem
1465 2655 1669 2710 omnia
1693 2673 1799 2712 sua
1825 2674 2063 2729 compo-

407 2739 617 2796 suisse.
647 2741 759 2794 Imo
782 2756 910 2796 vero
939 2746 1241 2796 auctorem
1265 2743 1460 2799 Graece
1482 2744 1790 2816 scripsisse
1819 2763 1926 2802 non
1959 2764 2066 2804 ne-

408 2835 626 2903 gante,
653 2829 758 2885 sed
783 2830 1195 2886 tantummodo
1227 2831 1611 2904 interpretem
1639 2851 1712 2889 ex
1741 2836 1954 2891 Graecis
2003 2837 2066 2892 in

411 2918 620 2976 Latina
650 2919 1044 2986 transtulisse,
1077 2925 1156 2988 et,
1205 2921 1308 2976 ubi
1355 2938 1502 2992 opus
1549 2929 1724 2991 esset,
1781 2927 2067 2982 versionis

415 3024 536 3063 sum
567 3008 859 3064 rationem
889 3008 1242 3076 reddidisse,
1275 3026 1391 3080 quo
1422 3011 1574 3066 nihil
1599 3012 1756 3084 apud
1787 3015 2064 3086 antiquos

409 3097 768 3168 interpretes
797 3095 1148 3152 familiarius
1167 3095 1644 3164 fuit,ostendunt.
1672 3100 2067 3158 Bellarminus

409 3189 728 3258 tractatum
754 3185 1050 3255 quintum,
1067 3183 1334 3255 adeoque
1357 3185 1619 3256 reliquos
1641 3187 1702 3242 in
1725 3189 2060 3246 Matthasum

413 3273 640 3348 putavit
669 3289 798 3328 esse
833 3272 1020 3327 Latini
1051 3273 1310 3328 auctoris
1348 3290 1359 3327 :
1407 3275 1512 3330 sed
1552 3293 1662 3331 non
1708 3281 1870 3347 ﬁrma
1914 3281 2060 3336 mihi

419 3363 654 3420 videtur
683 3361 814 3433 ejus
845 3362 1018 3430 ratio,
1051 3362 1247 3434 inquit
1289 3363 1576 3423 Labbeus.
1625 3369 1692 3422 Et
1735 3373 1862 3424 erat
1911 3378 2067 3427 certe

419 3451 852 3519 inﬁrmissima,
883 3455 948 3508 ut
977 3467 1139 3506 nunc
1163 3459 1409 3524 apparet
1439 3471 1506 3510 ex
1537 3459 1961 3520 commentario
1995 3459 2068 3516 ab

418 3540 630 3596 Huetio
661 3540 858 3595 Grasce
890 3539 1068 3596 edito.
1100 3542 1198 3609 gEt
1241 3542 1418 3615 digna
1466 3551 1605 3600 sunt
1655 3547 1848 3603 Huetii
1891 3547 2070 3604 verba.

411 3645 544 3701 qum
569 3647 602 3685 a
631 3629 844 3686 talibus
867 3630 1276 3703 hypercriticis
1297 3633 1682 3692 observentur
1705 3653 1718 3691 :
1744 3659 1772 3688 «
1795 3639 2068 3702 Quamvis

412 3721 526 3779 hoc
542 3721 883 3777 Bellarmini
891 3721 1184 3792 judicium
1197 3723 1391 3796 palam
1407 3726 1867 3784 refellatcodicis
1885 3731 2070 3788 Graeci

415 3806 611 3877 lectio,
633 3826 702 3866 ea
719 3816 919 3866 tamen
951 3810 998 3865 si
1017 3827 1376 3884 careremus,
1400 3831 1519 3870 non
1535 3816 1667 3888 plus
1689 3817 2068 3874 valeretillud

408 3897 701 3956 adversus
733 3899 891 3956 hunc
923 3899 1262 3957 Adamantii
1293 3902 1538 3974 librum,
1570 3922 1748 3978 quam
1786 3907 2066 3970 adversus

419 3987 706 4061 reliquos,
737 4006 887 4062 quos
917 3995 1182 4046 veterum
1212 3991 1604 4066 interpretum
1636 3995 1830 4052 studio
1862 3998 2065 4054 Latine

406 4078 680 4136 redditos
714 4077 1005 4152 legimus:
1041 4079 1100 4134 in
1129 4080 1204 4136 iis
1221 4082 1518 4154 siquidem
1539 4085 1886 4156 frequenter
1905 4087 2067 4160 ejus-

403 4167 566 4224 modi
611 4173 934 4224 occurrunt
963 4169 1366 4228 additamenta
1388 4172 1775 4246 interpretum
1797 4193 1916 4231 suae
1949 4177 2066 4232 lin-

407 4273 536 4331 guai
559 4257 904 4312 hominibus
928 4259 1391 4328 gratiﬁcantium
1409 4264 1670 4335 ».Neque
1692 4265 1816 4321 haec
1843 4265 1914 4322 de
1939 4267 2064 4321 Ori-

408 4345 678 4417 genianis
704 4351 935 4401 tantum
956 4363 1092 4404 vera
1114 4354 1269 4404 sunt.
1289 4351 1460 4422 Apud
1483 4353 1754 4408 Latinum
1778 4355 2064 4410 Irenaeum

409 4437 664 4511 legimus
695 4454 706 4491 :
737 4459 764 4489 ‹‹
789 4439 1044 4506 Eunaee,
1069 4439 1128 4494 id
1149 4446 1239 4496 est
1260 4442 1620 4512 cogitationi.
1648 4445 1890 4499 Hermes
1915 4446 2068 4501 sicut

2168 2041 2516 2097 charitatem
2547 2041 2746 2096 dicere
2775 2041 3024 2096 Paulum
3074 2041 3278 2096 sedere
3309 2057 3346 2096 a
3373 2040 3614 2109 dextris,
3667 2042 3818 2097 Mar-

2169 2131 2401 2188 cionem
2433 2131 2750 2188 asinistris
2800 2131 3137 2196 Salvatoris,
3187 2136 3246 2185 et
3291 2147 3398 2202 per
3445 2130 3820 2198 advocatum,

2171 2221 2453 2292 Spiritum
2485 2221 2767 2276 veritatis.
2801 2221 3130 2291 intelligere
3161 2220 3493 2292 apostolum
3527 2220 3781 2276 Paulum
3808 2235 3826 2276 :

2173 2330 2200 2358 «
2225 2310 2389 2374 Quod
2412 2309 2954 2380 quidem,inquit,in
2974 2309 3237 2365 Ecclesia
3253 2311 3532 2380 patimur.
3548 2309 3832 2380 Plerique

2171 2401 2332 2456 enim
2356 2401 2498 2456 dum
2521 2401 2652 2472 plus
2679 2417 2788 2455 nos
2819 2399 3074 2472 diligunt
3110 2415 3290 2471 quam
3339 2416 3662 2468 meremur,
3699 2399 3835 2455 haec

2159 2489 3120 2560 jactantetloquuntur,sermones
3137 2495 3374 2546 nostros
3387 2490 3834 2562 doctrinamque

2168 2579 2499 2645 laudantes,
2525 2595 2655 2650 quas
2679 2579 3047 2634 conscientia
3069 2585 3270 2634 nostra
3296 2596 3416 2634 non
3447 2580 3674 2652 recipit.
3707 2583 3831 2638 Alii

2168 2685 2304 2723 vero
2337 2673 2619 2723 tractatus
2649 2674 2884 2724 nostros
2915 2668 3348 2724 calumniantes
3380 2685 3450 2724 ea
3467 2671 3690 2726 sentire
3709 2688 3826 2728 nos

2169 2757 2723 2827 criminantur.quae
2737 2773 3042 2827 nunquam
3059 2757 3316 2814 sensisse
3339 2774 3449 2814 nos
3466 2759 3739 2814 novimus
3767 2782 3796 2809 »ι
3811 2803 3827 2816 .

2169 2847 2306 2911 Quae
2332 2845 2404 2901 de
2427 2847 2622 2918 seipso
2646 2846 2959 2918 Origenem
2989 2847 3298 2917 scripsisse
3320 2847 3454 2918 quis
3474 2864 3595 2904 non
3621 2849 3782 2906 videt
3797 2850 3830 2905 ?

2170 2935 2282 2991 Sed
2313 2935 2506 2990 obiter
2531 2935 2790 3007 appellat
2823 2934 3106 3006 Spiritum
3138 2937 3195 2992 S.
3254 2939 3480 2992 tertiam
3525 2953 3830 3008 personam

2168 3041 2210 3080 α
2230 3027 2393 3080 Patre
2423 3031 2475 3080 et
2502 3025 2644 3080 Filio
2669 3042 2690 3088 ;
2720 3041 2794 3080 an
2827 3029 3027 3080 autem
3056 3025 3341 3098 Origenes
3372 3025 3454 3081 ita
3484 3026 3646 3097 loqui
3695 3044 3827 3084 non

2171 3115 2365 3186 potuit
2384 3115 2412 3168 ’ἔ
2443 3114 2634 3169 Latini
2664 3116 2870 3170 Patres
2902 3113 3194 3168 ὗπόστάσιν
3216 3132 3512 3186 personam
3569 3123 3836 3172 transtu-

2175 3203 2394 3258 lerunt.
2426 3204 2563 3258 Tres
2593 3209 2792 3258 autem
2824 3203 2886 3258 in
2945 3203 3158 3260 divinis
3213 3203 3538 3265 ὑπόστάσεις
3587 3222 3838 3276 semper

2175 3293 2413 3366 agnovit
2444 3293 2744 3364 Origenes.
2777 3293 2908 3364 Ipse
2939 3293 3198 3348 secundo
3231 3300 3390 3350 tomo
3424 3295 3484 3350 in
3513 3298 3784 3352 Joannem
3815 3313 3832 3352 :

2173 3381 2365 3452 Ἡμεῖς
2411 3381 2593 3451 μέντοι
2640 3401 2704 3454 γε
2753 3385 2900 3450 τρεῖς
2961 3381 3280 3444 ὑποστάσεις
3339 3383 3655 3455 πειθόμενοι
3701 3403 3840 3457 τυγ-

2173 3469 2376 3547 χάνειν,
2408 3469 2499 3524 τὸν
2533 3467 2760 3541 Πατέρα,
2795 3468 2884 3524 καὶ
2915 3469 3006 3523 τὸν
3042 3470 3186 3536 Υἱὸν,
3221 3471 3310 3524 καὶ
3355 3472 3418 3525 τὸ
3465 3467 3620 3544 ἅγιον
3654 3477 3837 3528 11νεῦ-

2177 3576 2250 3626 μα
2283 3557 2389 3628 (ita
2418 3557 2530 3628 legi
2564 3558 2626 3612 in
2677 3574 2788 3612 ms.
2841 3563 3091 3622 nostro;
3143 3564 3201 3611 et
3259 3560 3526 3630 agnoscit
3577 3562 3836 3618 Huetius

2173 3647 2272 3702 illa
2301 3647 2476 3703 verba
2503 3645 2718 3699 καὶτὸν
2759 3645 2883 3698 Υἱόν
2934 3645 2996 3700 in
3040 3645 3300 3702 editione
3343 3665 3448 3703 sua
3500 3667 3606 3721 per
3657 3657 3836 3724 typo-

2172 3737 2377 3807 graphi
2399 3736 2691 3790 incuriam
2715 3751 2844 3790 esse
2863 3735 3306 3806 praetermissa);
3323 3737 3626 3795 Ferrarius
3648 3740 3841 3796 inter-

2170 3841 2335 3898 pres:
2366 3827 2472 3882 Nos
2501 3831 2686 3880 autem
2724 3825 2823 3894 qui
2866 3829 2971 3880 tres
3022 3840 3310 3894 personas,
3361 3828 3577 3883 Patrem
3627 3836 3680 3884 et
3728 3833 3834 3886 Fi-

2173 3915 2308 3971 lium
2361 3922 2528 3984 atque
2579 3914 2854 3984 Spiritum
2909 3914 2967 3968 S.
3029 3930 3136 3970 esse
3204 3917 3492 3973 credimus.
3556 3917 3838 3977 Plurima

2172 4010 2312 4061 sunt
2341 4005 2404 4060 in
2437 4003 2656 4060 Latinis
2687 4002 2954 4076 Origenis
2984 4003 3056 4060 de
3097 4004 3378 4062 Trinitate
3405 4024 3800 4078 personarum
3819 4054 3836 4081 ,

2173 4091 2276 4147 sed
2307 4099 2582 4164 suspecta
2611 4109 2680 4149 ea
2705 4093 2914 4148 Huetio
2937 4093 3078 4149 facit
3097 4093 3257 4150 ﬂuxa
3287 4097 3504 4152 Hufﬁni
3539 4097 3838 4170 interpre-

2174 4180 2246 4236 tis
2278 4180 2447 4236 ﬁdes.
2481 4181 2549 4234 Et
2579 4181 2817 4252 quidem
2845 4181 2944 4236 ubi
2976 4181 3048 4237 de
3095 4182 3321 4239 unitate
3365 4185 3685 4254 Trinitatis,
3719 4195 3838 4245 aut

2173 4269 2508 4340 aequalitate
2541 4286 2933 4340 personarum
2957 4271 3168 4342 agitur,
3193 4273 3406 4328 merito
3427 4275 3834 4334 difﬁdendum

2173 4365 2262 4414 est
2307 4360 2658 4430 interpreti;
2711 4360 2784 4415 de
2833 4361 3116 4416 Trinitate
3161 4369 3358 4420 autem
3411 4368 3831 4425 tantummodo

2170 4446 2457 4518 loquenti,
2492 4447 2641 4503 ratio
2671 4449 2839 4504 nulla
2869 4455 2960 4505 est
2991 4467 3098 4506 cur
3124 4451 3486 4510 difﬁdamus.
3537 4457 3602 4511 In
3652 4463 3830 4514 sexto

415 4527 616 4582 Graeco
647 4541 921 4582 sermone
945 4529 1316 4600 exprimitur,
1343 4527 1648 4601 Αἰμυλίους
1666 4551 1723 4584 τε
1744 4529 1942 4606 λόγους
1973 4533 2048 4587 κα“

2236 4553 2330 4592 mo
2361 4536 2420 4592 in
2447 4539 2716 4592 Joannem
2765 4539 3090 4596 etiamnum
3139 4541 3390 4616 legimus
3439 4548 3828 4616 προσκυνητὴν

413 4611 712 4670 ἐπίκλοπον
741 4613 875 4682 ἦθος
909 4613 990 4670 ἐπ’
1023 4614 1218 4678 αὐτοὺς
1249 4616 1502 4686 κάτθετο,
1534 4625 1600 4674 ut
1627 4621 1738 4675 hoc
1783 4620 1909 4692 ipso
1963 4623 2048 4678 La-

2235 4621 2396 4693 ›ιάδα,
2429 4627 2776 4684 adorandum
2807 4629 3176 4686 Trinitatem:
3204 4611 3385 4704 idque
3417 4611 3554 4690 ante
3611 4611 3833 4692 obser-

413 4703 538 4760 tino
571 4721 842 4760 sermone
873 4704 1142 4762 dicamus
1170 4727 1221 4773 ››,
1261 4705 1685 4763 iraudulentiae.
1721 4708 1834 4764 sive
1883 4711 2056 4766 sedu-

411 4793 624 4850 ctionis
636 4793 895 4859 verba,et
911 4793 1354 4850 subinvolantes
1372 4811 1568 4850 mores
1584 4796 1798 4852 indidit
1810 4821 1836 4848 α
1853 4816 2058 4856 eorum

411 4883 684 4940 sensibus
705 4884 779 4939 ad
801 4883 1206 4939 seducendum
1229 4883 1438 4940 stultos
1468 4884 1800 4958 hominum,
1832 4894 1899 4945 ut
1932 4906 2056 4945 cre-

409 4972 555 5030 dant
584 4973 902 5046 ﬁgmentis.
949 4973 1130 5029 Mater
1159 4973 1340 5040 enim,
1372 4973 1484 5030 hoc
1516 4980 1606 5030 est
1634 4975 1791 5044 Leto,
1826 4979 2056 5036 occulto

409 5063 730 5118 commovit
751 5078 850 5118 eos
877 5079 890 5127 ;
917 5061 1074 5118 unde
1097 5066 1156 5116 et
1176 5061 1312 5118 Leto
1336 5070 1679 5136 nuncupata
1709 5072 1817 5136 est,
1850 5085 2057 5124 secun-

409 5151 552 5208 dum
574 5151 755 5208 Graeci
771 5149 1064 5206 sermonis
1082 5150 1561 5222 signiﬁcantiam.
1586 5177 1612 5203 »
1634 5157 1882 5214 Rursus:
1902 5180 1930 5209 (ι
1951 5159 2056 5214 llo-

407 5257 608 5299 merus
639 5245 814 5312 poeta
843 5239 1030 5294 dixit:
1062 5237 1130 5294 Οἱ
1172 5233 1229 5292 δὲ
1261 5239 1374 5293 θεοὶ
1421 5240 1529 5315 πὰρ
1576 5242 1706 5313 Ζηνὶ
1757 5247 2056 5318 καθήμενοι

403 5328 720 5405 ἠγορόωντο
755 5325 974 5400 Χρυσὲῳ
1019 5324 1070 5379 ἐν
1123 5323 1360 5402 δαπέδῳ.
1411 5332 1576 5398 Quod
1621 5335 1822 5390 Latine
1871 5337 2057 5394 inter-

403 5418 774 5492 pretabimur
796 5439 848 5485 ››,
881 5415 962 5472 dii
994 5421 1193 5474 autem
1227 5421 1382 5492 apud
1429 5422 1628 5480 Jovem
1677 5424 2055 5484 considentes

407 5506 738 5564 tractabant
767 5505 830 5560 in
852 5521 1030 5562 aureo
1061 5505 1211 5564 loco.
1235 5511 1426 5581 Atque
1444 5510 1693 5568 iterum:
1725 5537 1744 5562 -
1767 5513 2057 5572 Similiter

405 5593 733 5651 etSabaoth
763 5611 869 5667 per
889 5599 931 5648 Ω
957 5595 1197 5666 quidem
1229 5597 1484 5655 Graacam
1518 5601 1582 5656 in
1614 5601 1841 5672 syllaba
1861 5605 2052 5659 novis-

2168 4722 2401 4772 vaverat
2429 4717 2486 4771 S.
2521 4716 2770 4773 Basilius
2799 4719 2838 4774 l.
2873 4725 2989 4774 iDc
3017 4722 3236 4790 Spiritu
3264 4721 3320 4776 S.
3354 4741 3483 4796 cap.
3517 4727 3605 4779 29.
3660 4727 3832 4784 Nihil

2171 4807 2327 4862 enim
2360 4806 2580 4862 certius
2613 4812 2700 4862 est
2725 4825 2903 4880 quam
2935 4809 3244 4881 Origenem
3294 4817 3414 4868 tres
3443 4830 3729 4884 personas
3762 4817 3833 4874 in

2169 4897 2383 4954 divinis
2441 4899 2767 4970 agnovisse,
2819 4905 2878 4955 et
2935 4905 3142 4956 contra
3190 4917 3291 4958 eos
3335 4903 3668 4976 disputasse
3720 4911 3834 4980 qui

2168 5005 2346 5044 unam
2383 4985 2670 5042 ὑπόστασιν
2701 4989 3082 5058 asserebant;
3108 4991 3266 5062 quod
3287 4992 3336 5048 si
3359 5009 3458 5049 eas
3489 4995 3836 5056 substantia

2167 5076 2478 5133 distinctas
2509 5082 2570 5132 et
2599 5078 2924 5150 inaequales
2953 5078 3176 5149 docuit,
3211 5097 3278 5136 eo
3311 5082 3440 5154 ipso
3471 5085 3658 5158 magis
3689 5105 3837 5143 cer-

2170 5171 2294 5222 tum
2325 5173 2432 5222 est.
2465 5167 2537 5221 Ut
2565 5171 2762 5222 autem
2784 5167 3230 5226 distinctionem
3255 5169 3338 5226 ita
3367 5172 3546 5228 etiam
3571 5179 3629 5228 et
3658 5177 3836 5234 ordi-

2169 5271 2306 5310 nem
2336 5254 2602 5318 tradidit,
2635 5255 2736 5326 qui
2759 5255 2794 5310 l.
2832 5272 2862 5309 v
2891 5257 3146 5314 adversus
3177 5260 3388 5316 Celsum
3447 5279 3568 5317 non
3601 5265 3835 5324 veritus

2171 5349 2262 5400 est
2279 5343 2476 5400 dicere
2498 5345 2798 5400 Christum
2819 5341 3066 5419 δεύτερον
3106 5353 3258 5418 Θεόν,
3289 5354 3584 5409 secundum
3617 5356 3792 5413 Deum
3815 5375 3832 5424 ;

2167 5440 2224 5520 et
2253 5450 2433 5504 quem
2465 5433 2646 5489 tradit
2666 5434 3056 5507 Hieronymus
3087 5437 3162 5493 ad
3195 5439 3446 5508 Avitum,
3481 5443 3542 5499 in
3573 5444 3613 5498 l.
3639 5462 3654 5500 ι
3691 5447 3833 5520 Περί

2163 5519 2350 5596 ἀρχῶν
2385 5522 2678 5592 docuisse,
2701 5545 2724 5576 α
2741 5524 2958 5580 Filium
2979 5542 3215 5598 quoque
3237 5529 3530 5588 minorem
3547 5519 3826 5602 Patre,eo

2163 5612 2322 5680 quod
2340 5611 2636 5667 secundus
2661 5613 2734 5667 ab
2758 5611 2858 5668 illo
2885 5613 2981 5683 sit,
3006 5621 3064 5669 et
3089 5615 3371 5687 Spiritum
3390 5623 3447 5676 S.
3469 5621 3823 5682 inferiorem

411 5685 562 5742 sima
618 5683 934 5756 scribitur;
992 5703 1099 5759 per
1145 5687 1188 5743 Ο
1232 5693 1432 5748 autem
1481 5691 1741 5748 Graecam
1787 5699 1854 5750 ut
1907 5700 2052 5769 puta
2159 5699 2305 5756 Filio
2333 5699 2393 5756 in
2426 5701 2646 5757 sanctis
2685 5701 3020 5774 quibusque
3067 5683 3374 5764 versari».
3425 5711 3548 5768 lmo
3601 5714 3818 5772 eadem
