3972 6306
141 381 251 440 181

888 379 946 440 J.
990 379 1143 439 PEA
1161 374 1413 439 RSONll
1467 373 1832 436 VINDICIAZ
1874 372 2348 434 lGNA'l‘lANJE.
2395 408 2473 417 —
2515 373 2716 435 PARS
2760 374 2804 436 Ι.

3454 375 3566 437 182

136 513 391 587 epistola
417 506 920 584 Hieronymus,de
951 509 1339 566 Adamantio:
1373 533 1393 560 ι
1425 507 1685 563 Tertium
1709 504 1796 560 di-
1828 504 1883 571 Α
1910 503 2279 561 lentissimus
2312 548 2326 573 ,
2375 507 2631 561 Joannes
2688 506 2981 578 Lightfoot
3011 549 3026 575 ,
3082 506 3143 562 in
3202 478 3575 564 canonicatu

139 603 366 677 gnitate
388 606 447 657 et
464 602 860 672 honore,post
883 602 1116 655 Patrem
1145 594 1804 668 etFilium,asseritSpi-

143 694 325 748 ritum
358 693 415 747 S.
435 712 463 740 η
482 691 636 747 Satis
656 690 841 762 igitur
861 690 1171 762 principiis
1194 688 1460 761 Origenis
1483 690 1802 742 consenta-

141 798 323 838 neum
358 787 451 836 est
480 780 766 852 Spiritum
787 780 844 835 S.
863 796 1126 835 asserere
1162 801 1189 829 ‹‹
1222 779 1458 833 tertiam
1487 788 1802 848 personam

140 890 173 928 a
200 874 381 927 Patre
420 878 480 925 et
497 870 1212 940 Filio.»Secundo,objicit
1237 888 1260 916 α
1284 882 1573 939 personas
1593 866 1799 937 longos

141 978 454 1018 sermones
474 961 632 1016 inter
645 977 705 1015 se
721 964 1256 1025 serentes,»contra
1268 973 1494 1012 morem
1509 953 1797 1026 Origenis,

142 1048 604 1120 qualis,inquit,«
625 1046 732 1102 illa
752 1045 1217 1101 estChristicum
1241 1040 1799 1098 tentatorecollocu-

141 1140 252 1193 tio:
279 1160 309 1185 ››
334 1134 691 1208 Respondeo
726 1135 854 1201 tibi,
880 1152 914 1188 o
944 1132 1270 1204 versipellis
1301 1136 1359 1186 et
1387 1145 1669 1201 nequam,
1694 1126 1796 1199 qui

141 1245 233 1284 me
263 1234 503 1282 tentare
524 1242 647 1280 non
659 1224 957 1290 metuis,et
975 1225 1422 1279 mteraﬂaetera
1450 1226 1647 1275 autem
1671 1220 1798 1273 hmo

143 1315 560 1373 tantummodo
594 1318 789 1380 sunt,«
823 1313 973 1368 alius
1003 1319 1093 1368 est
1121 1312 1291 1384 panis
1320 1326 1514 1366 sermo
1548 1309 1669 1376 Dei,
1693 1307 1795 1378 qui

139 1407 394 1461 viviﬁcat
420 1405 752 1459 hominem.
792 1426 810 1451 ι
846 1403 1002 1457 Proh
1031 1403 1239 1473 longos
1268 1414 1573 1455 sermones
1599 1398 1610 1452 !
1645 1396 1794 1468 proh

139 1496 430 1569 prolixam
456 1492 908 1549 collocutionem
933 1491 946 1545 ἔ
971 1490 1083 1546 Sed
1113 1490 1401 1562 prolixior
1423 1512 1449 1538 ιι
1475 1486 1669 1558 angeli
1691 1503 1791 1541 cu-

139 1586 325 1643 stodis
347 1586 423 1641 ad
447 1583 782 1656 principem
824 1582 1096 1654 angelum
1129 1582 1315 1636 oratio
1340 1599 1356 1647 ;
1383 1601 1410 1631 »
1433 1580 1552 1635 imo
1585 1578 1793 1634 infelix

138 1676 393 1733 Dallaeus
416 1674 520 1746 qui
541 1674 940 1740 adversarium,
973 1688 1007 1726 a
1033 1670 1301 1743 principe
1354 1669 1535 1741 hujus
1584 1666 1786 1723 saeculi

136 1768 411 1833 missum,
470 1768 844 1834 quaarentem
894 1760 1268 1817 occasionem
1325 1746 1698 1823 insidiarum,
1740 1757 1787 1811 si

1912 592 2132 650 Eliensi
2163 595 2388 666 collega
2417 600 2639 665 noster,
2700 596 2774 650 ad
2816 596 3195 667 Evangelium
3226 597 3282 650 S.
3314 597 3563 653 Joannis

1913 702 2039 756 cap.
2065 704 2136 754 ιν,
2160 702 2307 740 vers.
2350 690 2435 754 i5,
2490 687 2592 742 ubi
2626 686 2842 742 mulier
2891 687 3258 742 Samaritana
3289 689 3559 745 Messiam

1912 776 2200 832 nominat.
2234 778 2528 832 Praeterea
2550 783 2609 830 et
2628 778 2888 847 juvenis,
2915 783 2972 832 et
3009 777 3083 832 ad
3113 777 3399 849 populum
3432 780 3558 834 haec

1911 865 2149 936 scripsit
2173 866 2461 937 Origenes
2494 892 2507 931 ;
2540 882 2658 921 non
2722 866 2900 938 igitur
2958 872 3098 922 tunc
3148 866 3398 922 fortasse
3449 885 3554 923 no-

1910 960 2090 1020 verat,
2124 960 2227 1009 aut
2255 960 2414 1011 certe
2467 973 2588 1011 non
2622 950 2889 1011 necesse
2938 956 3147 1011 habuit
3193 958 3556 1013 sententiam

1909 1045 2363 1102 Sadducaaorum
2406 1046 2769 1118 peculiarem
2800 1050 3006 1101 notare
3042 1063 3055 1099 :
3089 1046 3361 1103 observat
3392 1047 3555 1102 enim

1909 1136 2259 1191 Sadducmos
2316 1140 2546 1190 tantum
2598 1138 2909 1204 portionem
2971 1136 3289 1191 Iudaeorum
3345 1136 3548 1191 fuisse.

1907 1229 2213 1297 Utcunque
2247 1231 2404 1281 totus
2435 1227 2533 1281 hic
2576 1230 2861 1281 tractatus
2891 1226 3086 1295 ipsum
3118 1226 3428 1295 Origenem
3459 1238 3550 1282 sa-

1906 1316 2027 1387 pit;
2060 1332 2127 1370 ac
2157 1316 2452 1386 praecipue
2484 1316 2676 1385 prima
2698 1314 2796 1368 illa
2820 1314 3119 1369 sententia
3149 1331 3162 1369 :
3187 1336 3216 1364 «
3246 1314 3353 1379 Qui
3377 1319 3552 1370 erunt

1906 1406 2059 1460 sicut
2087 1404 2302 1475 angeli,
2330 1404 2535 1474 utique
2595 1403 2788 1475 angeli
2822 1410 3015 1459 erunt.
3050 1425 3077 1452 »
3108 1404 3231 1458 Imo
3262 1404 3388 1457 haec
3422 1404 3552 1476 ipsa

1904 1493 2175 1564 quaestio,
2235 1509 2412 1563 quam
2478 1493 2758 1547 molestam
2816 1497 2985 1547 vocat
3042 1491 3303 1546 homilia;
3345 1498 3551 1547 auctor

1904 1582 2173 1653 (scilicet,
2224 1582 2319 1636 ubi
2374 1583 2640 1650 scriptum
2698 1587 2797 1649 est,
2856 1584 2991 1651 quia
3042 1603 3071 1630 «
3103 1597 3298 1651 neque
3322 1582 3551 1638 nubent

1903 1686 2096 1741 neque
2127 1668 2486 1725 nubentur10
2507 1669 2534 1723 ‘I
2560 1676 2759 1735 >>).non
2775 1675 2864 1724 est
2891 1670 3135 1725 alterius
3158 1687 3337 1741 quam
3355 1672 3549 1743 Orige-

1902 1761 2015 1815 nis.
2050 1759 2333 1814 Eamdem
2364 1759 2523 1813 enim
2556 1759 2680 1829 ipse
2712 1759 2990 1829 praponit
3021 1757 3082 1813 in
3104 1760 3546 1823 commentariis

132 1873 248 1927 quo
280 1854 462 1909 modo
483 1868 594 1906 nos
637 1851 977 1906 subvertere
999 1853 1197 1921 queat,
1229 1849 1486 1917 angelum
1514 1846 1788 1902 custodem
1820 1870 1868 1935 B
1900 1849 1974 1905 ad
2005 1849 2365 1915 Matthaaum,
2398 1864 2648 1919 eamque
2704 1864 2951 1917 operose
2998 1847 3191 1912 solvit,
3223 1849 3545 1904 ostendens

130 1945 289 2001 facit.
324 1946 511 1998 Totus
534 1942 646 1997 iste
677 1941 846 1996 locus
878 1945 997 1994 tam
1028 1956 1175 2010 pure
1204 1943 1293 1993 est
1325 1936 1691 2009 Origenicus,
1724 1938 1792 1990 ut
1822 1933 1838 1935 θ
1898 1938 2495 1993 hancsententiamin
2514 1937 2830 2007 Scripturis
2845 1953 2963 1991 non
2979 1937 3221 2007 quidem
3238 1933 3541 2006 αὐτολεξεῖ,

132 2036 218 2090 his
242 2051 342 2089 me
377 2032 690 2088 immorari
719 2028 1325 2102 pudeat.'l‘ertio,cum
1351 2026 1631 2099 Origenes
1660 2025 1788 2096 ipse

131 2125 280 2179 solos
312 2124 507 2178 libros
536 2121 686 2193 legis
715 2119 1019 2175 admisisse
1041 2115 1395 2173 Sadducaaos
1432 2115 1661 2183 doceat,
1681 2115 1790 2168 ho—

132 2214 284 2270 milia
307 2212 545 2280 39,loca
576 2227 647 2266 ex
667 2209 820 2265 Isaia
841 2207 1160 2263 etPsalmis
1174 2203 1584 2273 citans,addit:
1606 2226 1633 2253 «
1648 2204 1788 2269 Quae

133 2304 329 2360 omnia
380 2300 775 2373 corporaliter
822 2296 1292 2373 intelligentibus
1320 2293 1659 2349 Sadducmis
1685 2293 1787 2363 qui

134 2400 303 2450 erant
332 2372 536 2464 portio
557 2388 919 2454 Iudaeorum,
942 2387 1087 2442 dicit
1110 2372 1376 2440 Salvator
1397 2402 1410 2438 :
1437 2406 1465 2433 »
1489 2406 1515 2433 ‹‹
1536 2381 1787 2440 Nescitis

135 2485 497 2556 Scripturas,
530 2495 725 2550 neque
756 2478 1030 2533 virtutem
1065 2477 1166 2531 Dei
1195 2475 1238 2529 ⁸.
1275 2497 1303 2525 ››
1348 2473 1460 2528 Sed
1492 2489 1613 2528 non
1644 2471 1789 2527 dicit

124 2575 211 2631 hic
241 2574 537 2646 Origenes
558 2569 620 2624 id
656 2569 817 2640 quod
842 2568 1202 2623 contrarium
1226 2570 1317 2621 est
1344 2564 1601 2635 cuipiam
1628 2562 1786 2633 quod

122 2664 254 2719 alibi
288 2662 539 2727 docuit;
574 2674 695 2714 non
740 2659 900 2713 enim
958 2656 1216 2711 affirmat
1265 2652 1620 2709 Sadducaaos
1649 2667 1783 2723 pro-

124 2755 333 2824 phetas
367 2752 432 2805 in
465 2764 759 2805 canonem
820 2747 1257 2817 Scripturarum
1286 2742 1602 2813 recepisse.
1663 2741 1783 2794 Hoc

122 2849 356 2899 tantum
389 2838 923 2906 dicit,Sadducaaos
956 2834 1106 2890 male
1132 2834 1498 2889 intellexisse
1521 2831 1779 2903 prophe-

120 2940 239 2997 tas;
263 2934 607 3005 potuerunt
628 2932 828 2982 autem
848 2931 905 2980 et
925 2925 1276 2998 intelligere,
1314 2928 1371 2977 et
1392 2924 1570 2977 etiam
1601 2921 1778 2991 male,

121 3039 183 3077 ea
212 3037 351 3093 qum
385 3036 497 3091 pro
530 3017 715 3072 sacris
742 3014 1058 3086 Scripturis
1090 3030 1206 3068 non
1239 3013 1521 3067 habuere.
1557 3010 1778 3065 Saddu-

124 3111 222 3166 caei
249 3110 508 3183 quidem
540 3107 864 3163 Samaritas
895 3104 1078 3160 secuti
1112 3108 1269 3169 sunt,
1304 3102 1472 3173 ὅμοια
1503 3097 1779 3173 Σαμαρεί-

121 3219 229 3259 ταις
257 3201 630 3273 φρονοῦντες,
664 3201 723 3250 et
773 3194 841 3247 τὰ
878 3193 1053 3247 πάντα
1096 3190 1193 3245 ἵσα
1251 3188 1611 3263 Σαμαρείταις
1679 3210 1781 3264 φυ-

126 3288 446 3355 λάττουσιν,
507 3292 574 3341 ut
628 3285 895 3357 loquitur
938 3283 1322 3356 Epiphanius.
1375 3283 1444 3335 Et
1499 3280 1778 3352 rejecisse

126 3380 369 3453 quidem
421 3393 527 3432 eos
559 3373 993 3429 Pharisaaorum
1051 3368 1396 3445 δευτερώσεις
1427 3387 1499 3424 ex
1528 3368 1779 3440 Josepho

122 3477 300 3543 patet.
329 3466 451 3523 Sed
484 3474 694 3525 nisu:
728 3469 787 3518 et
816 3472 1032 3523 num:
1054 3462 1352 3532 praphetas
1382 3464 1441 3514 et
1491 3459 1781 3529 hagiogra-

116 3562 248 3631 phus
278 3559 348 3613 in
371 3554 734 3623 traditiones
764 3551 897 3623 quis
926 3550 1080 3606 ferat
1110 3549 1454 3606 numerari?
1482 3549 1779 3619 Interpres

121 3648 363 3721 quidem
395 3643 694 3717 Origenis,
739 3657 914 3713 quem
947 3642 1119 3696 affert
1157 3639 1431 3706 Dallaaus,
1477 3637 1620 3692 dicit
1678 3653 1779 3691 eos

123 3755 319 3795 sacras
351 3735 693 3805 Scripturas
726 3737 891 3786 extra
916 3730 1097 3785 libros
1129 3728 1410 3784 Mosaicos
1430 3744 1551 3781 non
1580 3727 1775 3796 legere,

120 3829 217 3885 sed
242 3829 460 3884 Graeca
481 3826 700 3896 negant
728 3828 959 3877 tantum
1002 3817 1321 3892 προσίεσθαι
1351 3817 1442 3872 vel
1470 3812 1775 3890 παραδέχε-

119 3920 259 3985 εθαι,
292 3914 557 3977 scilicet,
581 3913 642 3967 in
688 3910 1105 3967 controversiis
1138 3909 1274 3964 fidei
1305 3906 1778 3964 determinandis

118 4010 435 4064 admittere.
472 4003 592 4057 Hoc
624 4001 784 4057 enim
815 3998 1205 4054 fundamento
1234 3997 1326 4052 usi
1360 4001 1519 4061 sunt,
1543 3996 1776 4051 nullum

120 4095 447 4153 articulum
483 4090 622 4145 fidei
667 4086 1100 4144 admittendum
1135 4102 1285 4154 esse,
1319 4085 1419 4156 qui
1450 4101 1571 4139 non
1602 4101 1673 4139 ex
1702 4084 1778 4137 li-

116 4187 230 4243 bris
262 4182 553 4241 Mosaicis
581 4179 820 4252 probari
850 4176 1361 4249 posset.Reliquos
1393 4179 1590 4230 autem
1623 4173 1773 4229 Scri-

118 4282 305 4349 pturaa
340 4272 535 4329 libros
565 4269 680 4340 ipsi
711 4265 1004 4337 legebant,
1028 4270 1087 4321 et
1106 4267 1189 4320 ita
1208 4264 1775 4335 interpretabantur,

116 4372 174 4421 ut
196 4362 608 4421 fundamento
638 4374 746 4413 suo
776 4355 1181 4411 contradicere
1238 4368 1358 4408 non
1413 4352 1774 4407 viderentur.

114 4454 313 4510 Inltm
347 4463 564 4506 eorum
595 4444 1115 4516 interpretationes
1147 4459 1181 4499 a
1210 4441 1494 4497 Rabbinis
1525 4440 1781 4496 afferun-

118 4551 224 4599 tur.
257 4540 667 4599 UtAbenezra
685 4534 760 4592 ad
808 4538 985 4605 caput
1014 4531 1277 4587 Danielis
1326 4547 1427 4599 xu,
1463 4533 1551 4595 31,
1587 4541 1777 4619 map-ig

1895 2028 2031 2099 ipsis
2055 2028 2256 2097 verbis,
2290 2027 2393 2082 sed
2414 2023 2467 2079 ἐν
2496 2023 2856 2099 τροπολογίᾳ,
2877 2026 3213 2095 tropologice
3229 2026 3544 2096 contineri,

1896 2123 2072 2188 atque
2102 2117 2242 2171 hinc
2265 2116 2411 2170 mire
2444 2115 2810 2171 contendens
2839 2114 3262 2187 tropologicam
3283 2115 3547 2187 Scriptu-

1895 2227 1977 2265 rae
2008 2209 2438 2281 expositionem
2488 2224 2618 2262 esse
2650 2223 2894 2279 prorsus
2937 2207 3360 2275 necessariam,
3388 2208 3547 2278 quod

1897 2299 1971 2365 ei,
2006 2299 2106 2370 qui
2130 2298 2284 2353 hanc
2316 2314 2436 2352 non
2487 2296 2767 2363 admittit,
2799 2296 2889 2350 vel
2942 2295 3141 2351 locum
3200 2301 3543 2368 corruptum

1895 2387 2306 2460 pronuntiare,
2338 2386 2431 2441 vel
2451 2386 2702 2452 Christo,
2728 2385 2898 2456 quasi
2927 2401 3130 2441 verum
3159 2402 3283 2440 non
3307 2384 3543 2455 dixerit,

1895 2476 2053 2533 haud
2083 2476 2346 2543 credere,
2377 2475 2465 2531 vel
2494 2476 2568 2531 ad
2589 2475 2775 2530 libros
2806 2475 3173 2546 apocryphos
3204 2475 3541 2548 confugere,

1894 2583 2137 2622 necesse
2170 2567 2264 2623 sit.
2299 2565 2571 2621 Ostendit
2599 2565 2752 2619 hanc
2785 2563 3178 2634 quaestionem
3232 2582 3304 2619 ex
3349 2564 3542 2620 verbis

1893 2658 2106 2713 Christi
2133 2656 2291 2728 apud
2320 2656 2658 2711 Mattheeum
2690 2661 2868 2725 atque
2894 2656 3172 2723 Marcum,
3197 2671 3318 2709 non
3340 2661 3541 2711 autem

1894 2762 1965 2800 ex
1995 2744 2114 2798 illis
2132 2744 2289 2815 apud
2309 2744 2524 2798 Lucam
2557 2742 2720 2797 oriri.
2755 2744 2824 2796 Et
2845 2741 3087 2812 quidem
3112 2743 3174 2796 in
3203 2742 3451 2798 homilia
3479 2743 3542 2797 in

1893 2833 2359 2900 Lucam,omittit
2381 2833 2555 2887 verba
2587 2833 2774 2900 Lucas,
2807 2847 3134 2901 eorumque
3156 2831 3285 2886 loco
3320 2831 3542 2888 substi-

1892 2924 2005 2978 tuit
2024 2922 2201 2978 verba
2221 2922 2570 2988 Matthwimt
2590 2921 2743 2975 hanc
2765 2920 3155 2990 quaestionem
3178 2921 3536 2978 introducat.

1962 3029 2250 3085 Firmiora
2279 3027 2449 3083 nobis
2506 3044 2613 3099 pro
2668 3026 2916 3097 Origene
2947 3031 3297 3098 argumenta
3327 3031 3386 3082 et
3430 3046 3536 3100 pro

1891 3120 2212 3191 interprete
2246 3118 2601 3189 Hieronymo
2620 3116 2899 3171 adversus
2929 3115 3201 3179 Latinum
3234 3119 3538 3173 auctorem

1820 3232 1862 3294 ο
1895 3213 2240 3279 suppetunt.
2265 3206 2319 3260 S.
2348 3206 2741 3277 Hieronymus
2772 3204 2834 3259 in
2864 3204 3138 3277 Catalogo
3170 3204 3326 3259 inter
3355 3222 3538 3277 opera

1894 3314 1929 3353 θ.
1955 3314 2015 3352 se
2042 3297 2287 3361 edita,m
2318 3298 2518 3351 Lucam
2547 3294 2800 3349 homilias
2832 3296 3066 3363 triginta
3081 3310 3273 3349 novem
3293 3295 3534 3364 recitat;

1887 3385 2162 3441 homilias
2192 3388 2393 3440 autem
2418 3384 2546 3455 ipse
2572 3398 2879 3454 nunquam
2909 3382 3165 3454 scripsit.
3199 3384 3266 3437 In
3294 3384 3533 3457 prologo

1887 3475 1962 3530 ad
1992 3473 2236 3529 Paulam
2270 3478 2328 3527 et
2354 3472 2738 3527 Eustochium
2788 3472 3049 3527 ostendit
3077 3488 3138 3527 se
3170 3488 3270 3528 eas
3301 3489 3374 3527 ex
3405 3473 3532 3528 Ori-

1885 3580 2033 3638 gene
2057 3562 2430 3618 transtulisse
2459 3561 2553 3616 his
2581 3560 2775 3616 verbis
2799 3578 2812 3615 :
2835 3584 2853 3610 ι
2872 3560 3265 3626 Quamobrem
3280 3561 3532 3633 petistis,

1887 3659 1971 3723 ut,
1994 3651 2350 3723 contemptis
2380 3650 2716 3706 istiusmodi
2747 3650 2940 3722 nugis,
2964 3651 3172 3706 saltem
3206 3652 3446 3724 triginta
3475 3657 3535 3707 et

1887 3759 2097 3798 novem
2126 3741 2465 3796 Adamantii
2499 3740 2687 3794 nostri
2718 3740 2780 3793 in
2810 3739 3024 3794 Lucam
3056 3740 3355 3809 homilias,
3380 3741 3534 3798 sicut

1885 3832 1948 3885 in
1971 3831 2170 3885 Graeco
2215 3827 2529 3893 habentur,
2566 3826 2938 3896 interpreter.
2973 3825 3277 3880 Molestam
3308 3843 3435 3881 rem
3474 3833 3534 3883 et

1890 3923 2179 3974 tormento
2195 3913 2771 3980 similem,alieno,ut
2785 3913 2868 3967 ait
2887 3913 3533 3982 Tullius,stomacho,et

1885 4022 2007 4061 non
2025 4022 2129 4061 suo
2162 4003 2418 4059 scribere
2441 4018 2645 4074 :quam
2664 4005 2863 4055 tamen
2886 4000 3103 4055 idcirco
3132 4015 3290 4054 nunc
3307 3998 3531 4068 faciam,

1887 4095 2026 4166 quia
2066 4093 2417 4149 sublimiora
2445 4108 2565 4147 non
2598 4090 2895 4162 poscitis.»
2931 4090 3096 4143 Hunc
3118 4093 3315 4143 autem
3340 4086 3532 4159 ipsius

1888 4182 2231 4255 Hieronymi
2262 4180 2574 4252 prologum
2606 4180 2787 4234 fuisse
2810 4184 3037 4233 certum
3060 4177 3317 4248 est,quia
3341 4181 3532 4232 totum

1886 4274 1946 4328 in
1980 4289 2147 4328 suam
2178 4271 2531 4326 invectivam
2562 4269 2935 4340 transcripsit
2974 4269 3265 4338 Rufﬁnus,
3298 4274 3357 4324 et
3390 4266 3533 4324 satis

1888 4378 2088 4418 severe
2121 4360 2452 4432 exagitavit.
2477 4360 2623 4425 Imo,
2645 4357 2803 4429 quod
2836 4358 2974 4413 huic
3006 4358 3095 4412 liti
3131 4358 3309 4414 finem
3342 4359 3534 4430 impo-

1887 4464 2027 4503 nere
2059 4447 2374 4510 debet,nec
2405 4445 2526 4500 ulla
2554 4445 2777 4517 ingenii
2808 4445 2857 4499 vi
2892 4444 3095 4501 evitari
3125 4450 3340 4516 potest,
3373 4444 3533 4501 idem

1886 4536 2411 4602 Rufﬁnus,vivente
2426 4534 2620 4590 adhuc
2637 4534 2993 4605 Hieronymo
3016 4551 3083 4589 ac
3110 4551 3397 4607 responsa
3408 4551 3531 4590 me-

117 4642 267 4694 mn
329 4631 612 4701 sapientes
668 4642 696 4680 e
732 4599 1050 4681 Sadditczis
1097 4637 1284 4677 caecos
1350 4626 1536 4685 vocat,
1618 4599 1775 4691 quod
1805 4599 1852 4663 D
1886 4626 2131 4692 ditante,
2166 4599 2308 4696 quid
2340 4626 2401 4678 in
2442 4625 2551 4679 hoc
2584 4624 2709 4694 ipso
2742 4599 2917 4695 opere
2954 4623 3135 4678 infide
3167 4599 3536 4680 transtulerit

118 4733 350 4811 'a‘rp'on
383 4717 728 4811 acciperent
757 4713 828 4811 de
853 4715 1067 4811 blecca.
1086 4711 1349 4811 ‘Eosdem
1382 4710 1603 4811 pariter
1629 4708 1779 4764 deri-

125 4801 241 4875 det,
274 4807 446 4881 quod
474 4806 672 4865 locum
698 4804 926 4858 Levitici
983 4801 1139 4856 male
1193 4803 1577 4871 exponerent,
1631 4808 1780 4862 mw

129 4913 297 4965 non
322 4914 397 4953 ex
422 4895 583 4951 libro
616 4895 784 4948 Ezrm.
815 4891 979 4947 Idem
1010 4889 1396 4962 reprehendit
1423 4887 1776 4959 Japhethum

134 4993 248 5046 Ben
280 4989 372 5044 Eli
394 4984 808 5041 Sadducaaum.
833 4986 903 5036 ut
930 4979 1183 5047 videtur,
1212 4979 1370 5049 quod
1427 4978 1640 5033 ultima
1677 4978 1779 5031 Da-

132 5080 302 5135 nielis
326 5076 508 5132 verba
537 5080 736 5137 TD?!“
922 5053 1097 5153 151:5
1129 5077 1340 5134 D’D’ﬂ,
1362 5089 1389 5117 (ί
1424 5072 1481 5122 et
1510 5082 1782 5137 resurges

137 5170 193 5224 in
214 5174 375 5225 sorte
398 5173 503 5221 tua
521 5165 585 5218 in
612 5162 732 5216 line
761 5160 995 5215 dierum
1015 5159 1059 5226 9,
1094 5184 1120 5208 η
1147 5158 1405 5214 absurda
1424 5158 1780 5228 interpreta-

137 5261 288 5315 tione
319 5254 581 5312 illudere
614 5254 954 5315 conaretur,
986 5265 1226 5319 nempe,
1268 5248 1315 5302 si
1370 5248 1519 5302 forte
1551 5252 1692 5300 tunc
1722 5247 1784 5300 in

136 5351 267 5404 vivis
312 5346 521 5402 fueris.
588 5345 655 5396 Et
713 5338 1095 5395 Talmudistm
1149 5337 1585 5408 disputationes
1630 5352 1783 5407 saepe

137 5439 414 5504 referunt,
437 5436 499 5490 in
532 5430 754 5504 quibus
784 5427 1085 5483 Sadduca-i
1118 5432 1175 5481 et
1205 5425 1509 5481 Samarites
1540 5441 1788 5496 respon-

141 5529 277 5585 dent
296 5527 369 5583 ad
397 5526 532 5582 loca
552 5539 629 5579 ex
654 5517 962 5593 prophetis
992 5522 1051 5572 et
1078 5515 1491 5589 hagiographis
1512 5513 1787 5581 adducta,

140 5626 203 5676 ut
232 5636 417 5690 nuper
443 5610 766 5673 adnotavit
794 5609 881 5661 vir
912 5624 1108 5664 rerum
1142 5607 1620 5663 Talmudicarum
1678 5605 1790 5662 cal-

206 5710 227 5746 ι
250 5709 447 5768 Matth,
474 5720 625 5774 mi,
661 5702 753 5755 29.
787 5699 809 5733 θ
839 5698 983 5753 Dan.
1016 5714 1112 5765 xu,
1150 5698 1234 5754 l3.
1270 5698 1310 5732 ιο
1341 5698 1542 5752 Matth.
1569 5713 1669 5768 χιι,
1699 5698 1784 5755 25.

1887 4714 2146 4771 ostendit
2167 4719 2267 4768 aut
2289 4712 2701 4768 innuit.Verba
2733 4713 2860 4781 ejus
2890 4717 3062 4767 sunt:
3085 4734 3113 4761 ‹‹
3139 4706 3385 4769 Sécutus
3406 4730 3536 4769 sum

1889 4805 2046 4875 quod
2066 4810 2120 4859 te
2138 4804 2397 4858 videram
2426 4803 2487 4856 in
2512 4802 2775 4857 homiliis
2804 4803 3134 4857 secundum
3167 4804 3332 4857 Lucas
3352 4804 3535 4858 Evan-

1889 4895 2110 4966 gelium
2142 4892 2475 4959 fecisse,ubi
2500 4890 2571 4945 de
2602 4891 2748 4945 Filio
2780 4889 2883 4944 Dei
2916 4890 2977 4944 in
3009 4891 3207 4944 Graeco
3238 4907 3360 4945 non
3377 4896 3537 4945 recte

1891 4985 2199 5039 inveneras
2232 4980 2800 5054 prseterierisjnillo
2832 4980 2964 5034 loco
2997 4979 3095 5033 ubi
3119 4980 3263 5034 dicit
3292 4996 3305 5034 :
3332 5001 3360 5030 »
3388 4981 3536 5036 «Ma-

1892 5075 2133 5147 gniﬁcat
2163 5073 2365 5127 anima
2394 5087 2526 5125 mea
2557 5070 2895 5133 Dominum,
2930 5068 3241 5124 exsultavit
3299 5069 3540 5141 spiritus

1892 5180 2062 5219 meus
2094 5163 2153 5215 in
2172 5163 2285 5216 Deo
2306 5160 2548 5215 salutari
2568 5176 2700 5214 meo
2717 5157 2817 5226 '1,»
2843 5180 2870 5207 «
2894 5158 3050 5212 nosti
3074 5158 3211 5227 quia
3235 5159 3306 5212 de
3320 5159 3536 5230 anima,

1895 5251 2082 5308 sicubi
2115 5251 2217 5304 illa
2236 5267 2366 5319 qum
2400 5248 2594 5303 solent
2627 5247 2741 5301 dici
2772 5263 2890 5301 non
2914 5247 3304 5317 prteterieris;
3339 5247 3440 5301 sed
3473 5263 3543 5302 ea

1896 5341 2088 5396 adhuc
2119 5339 2297 5395 etiam
2322 5354 2391 5392 ex
2417 5342 2471 5391 te
2495 5336 2711 5390 additis
2742 5335 2919 5390 etiam
2942 5336 3373 5391 assertionibus
3393 5336 3541 5390 luci-

1897 5430 2028 5485 dius
2062 5425 2461 5499 scripseris,ut
2491 5424 2550 5476 in
2583 5423 2686 5476 illo
2719 5423 2881 5477 loco:
2906 5445 2981 5473 ››‹‹
3010 5427 3156 5479 Ecce
3188 5429 3251 5479 ut
3280 5424 3434 5479 facta
3451 5428 3542 5479 est

1898 5535 2006 5574 vox
2034 5513 2408 5572 salutationis
2441 5518 2554 5567 tuas
2615 5511 2678 5565 in
2730 5510 2971 5565 auribus
3029 5513 3197 5581 meis,
3230 5513 3542 5570 exsultavit

1899 5607 2097 5663 infans
2135 5606 2198 5660 in
2228 5611 2395 5660 utero
2428 5618 2558 5657 meo
2594 5598 2659 5667 η,
2691 5621 2718 5650 ››
2754 5601 2848 5655 ubi
2903 5598 3037 5654 dicis
3088 5602 3239 5671 quod
3261 5619 3381 5659 non
3412 5609 3540 5660 erat

1903 5700 1945 5734 “
1980 5698 2113 5752 Luc.
2152 5713 2190 5766 1,
2223 5698 2310 5751 46.
2348 5694 2391 5727 ¹²
2421 5695 2555 5748 Luc.
2590 5708 2629 5757 1,
2662 5692 2751 5746 44.
