3974 6296
402 335 518 396 183

1462 327 1526 386 S.
1574 324 1960 385 IGNATIY'S.
2009 358 2084 367 -—
2126 323 2726 384 PROLEGOMENA.

3698 318 3814 380 18L

401 469 516 526 hoc
546 464 906 542 principium
950 460 1296 520 substantia:
1354 459 1507 533 ejus,
1560 461 1626 514 de
1685 466 1779 514 tuo
1810 457 2050 528 addidis,
2082 462 2136 527 Α
2237 458 2379 511 Cum
2415 456 2541 512 haec
2572 461 2699 512 tum
2756 455 2830 512 de
2860 461 3119 525 auctore,
3181 459 3304 510 tum
3356 453 3428 510 de
3485 453 3814 527 interprete

403 563 581 630 atque
613 560 860 613 naturas.
897 576 927 605 «
960 554 1094 610 Haec
1139 557 1196 608 et
1252 549 1417 606 mille
1465 549 1582 606 alia
1613 549 1705 604 his
1738 547 1960 604 similia
1990 546 2051 602 in

403 644 997 720 interpretationibus
1029 643 1164 709 tuis,
1199 642 1316 696 sive
1348 641 1409 695 in
1441 639 1534 694 his
1564 639 1708 711 ipsis
1765 636 2051 704 bomiliis,

403 739 523 796 sive
555 738 616 793 in
657 733 932 800 Jeremia,
971 731 1062 788 vel
1119 732 1182 786 in
1238 731 1410 800 Isaia,
1471 728 1729 784 maxime
1760 731 1958 782 autem
1989 725 2052 780 in

405 829 711 887 Ezechiele
741 825 1108 884 subtraxisti.

479 919 757 987 Queritur
784 918 964 991 igitur
995 914 1271 972 Ruffinus
1321 913 1382 966 in
1437 912 1530 966 his
1583 910 1728 982 ipsis
1786 907 2054 963 homiliis

410 1009 682 1084 quaedam
715 1024 844 1079 qua)
877 1006 936 1060 in
968 1003 1184 1059 Grmcis
1227 1007 1397 1057 erant
1427 999 1712 1074 Origenis,
1749 998 1820 1053 ab
1853 999 2058 1052 Hiero—

412 1115 591 1173 nymo
619 1098 799 1154 fuisse
828 1096 1147 1160 subtracta,
1182 1092 1454 1165 quaadam
1505 1095 1750 1151 mutata,
1785 1086 2058 1159 quaedam

413 1206 543 1263 quas
603 1189 663 1243 in
723 1185 939 1242 Grmcis
989 1201 1108 1239 non
1158 1189 1328 1238 erant
1383 1179 1584 1236 addita
1642 1195 1655 1233 :
1717 1179 1848 1233 loca
1930 1177 2061 1248 ipsa

409 1279 634 1336 notavit
661 1282 746 1343 ut,
777 1292 910 1332 cum
934 1275 1133 1330 Grmca
1189 1275 1512 1335 exstarent,
1543 1269 1714 1326 facile
1760 1267 2063 1340 perspice-

409 1374 875 1424 renturzunum
909 1363 1088 1418 etiam
1140 1361 1408 1417 recitavit
1456 1377 1526 1414 ex
1581 1359 1708 1432 ipsa
1765 1356 2058 1421 versione,

415 1458 516 1531 qui
545 1457 874 1514 etiamnum
926 1452 1175 1508 homilia
1231 1455 1441 1522 quarta
1471 1453 1680 1516 exstat,
1738 1447 1841 1503 ubi
1871 1445 2066 1502 adhuc

416 1547 706 1622 legimus:
740 1546 888 1600 Ecce
921 1545 1089 1606 enim,
1149 1543 1230 1596 ait
1285 1539 1582 1604 Elisabeth,
1617 1560 1644 1586 «
1699 1543 1766 1593 ut
1793 1537 1949 1592 facta
1978 1538 2066 1590 est

421 1636 698 1694 salutatio
729 1639 828 1690 tua
853 1632 914 1688 in
947 1647 1120 1687 aures
1178 1647 1359 1694 meas,
1393 1627 1706 1684 exsultavit
1755 1627 1816 1682 in
1852 1623 2064 1697 gaudio

423 1725 622 1782 infans
651 1725 712 1779 in
746 1729 912 1780 utero
927 1737 1078 1776 meo.
1101 1741 1127 1768 ››
1148 1743 1176 1770 ‹‹
1201 1719 1407 1774 Adhuc
1423 1718 1483 1772 in
1502 1717 1710 1772 matris
1731 1721 1899 1770 utero
1919 1717 2063 1778 erat,

2159 545 2306 602 adeo
2337 545 2652 618 perspicua
2677 545 2816 612 sint,
2851 543 3194 600 Blondellus
3217 547 3416 598 tamen
3438 560 3557 599 non
3589 544 3812 600 veritus

2162 637 2488 704 est,harum
2506 635 2568 690 in
2603 635 2820 690 Lucam
2840 633 3224 690 homiliarum
3254 633 3646 705 interpretem
3666 633 3817 689 Buf-

2163 728 2350 782 finum
2381 725 2614 792 dicere;
2647 731 2706 781 et
2734 726 2796 780 in
2817 725 3133 781 levissimis
3153 725 3310 780 notis
3341 725 3462 780 suis
3494 724 3567 779 ad
3590 725 3816 796 episto-

2165 816 2275 870 lam
2297 815 2612 872 clarissimi
2632 814 3050 870 Vossiiasserit
3068 837 3096 864 ‹‹
3121 816 3248 886 ejus
3272 831 3400 868 esse
3424 814 3818 886 probare,ho-

2165 905 2394 960 miliam
2417 911 2664 972 sextam,
2700 928 2720 956 ι
2751 921 2824 958 ex
2853 921 2970 974 qua
2998 909 3270 959 nostrum
3303 903 3523 975 petitur
3553 903 3822 959 testimo-

2167 994 2393 1062 nium,«
2418 1011 2536 1048 non
2555 993 3040 1063 Ruffini,somnia
3069 1010 3176 1049 sua
3204 991 3819 1065 Origeniafﬂngentis,

2168 1084 2271 1139 sed
2289 1084 2558 1156 Origenis
2580 1083 2766 1155 ipsius
2798 1099 2941 1138 esse.
2958 1087 3064 1138 »Αἰ
3084 1100 3194 1137 nos
3216 1081 3326 1137 hoc
3348 1083 3544 1154 ipsum
3559 1082 3829 1137 cumula-

2169 1174 2396 1230 tissime
2427 1174 2805 1244 probavimus
2832 1179 2899 1228 ut
2927 1178 3212 1244 appareat
3241 1173 3366 1228 haec
3389 1189 3516 1227 esse
3544 1189 3661 1226 non
3683 1171 3827 1228 Buf-

2173 1264 2275 1318 tini
2310 1268 2565 1332 somnia,
2600 1263 2702 1318 sed
2728 1262 3036 1317 Blondelli.
3071 1261 3222 1326 Quid
3252 1263 3412 1316 enim
3435 1260 3565 1316 ?An
3597 1261 3822 1317 Ruffini

2173 1354 2586 1427 interpretatio
2641 1370 2770 1408 esse
2808 1359 3022 1424 potest,
3055 1369 3231 1424 quam
3279 1353 3332 1407 S.
3367 1354 3762 1425 Hieronymus
3796 1371 3830 1409 a

2173 1445 2494 1516 semetipso
2525 1443 2741 1498 factam
2772 1460 2891 1498 non
2923 1442 3110 1498 semel
3139 1447 3411 1512 testatur,
3437 1447 3494 1497 et
3523 1459 3702 1514 quam
3727 1444 3832 1499 diu

2175 1535 2384 1603 edidit,
2419 1540 2739 1604 antequam
2771 1533 3044 1588 Rufﬂnus
3074 1531 3166 1586 vel
3197 1548 3382 1587 unum
3409 1531 3723 1588 verbulum
3757 1551 3830 1589 ex

2175 1624 2426 1697 Origene
2467 1623 2527 1678 in
2585 1639 2921 1678 sermonem
2955 1621 3228 1677 Latinum
3260 1621 3650 1678 transtulerat
3677 1621 3706 1679 ἱ)
3737 1625 3832 1679 An

2179 1713 2399 1770 ltuffini
2434 1729 2559 1768 esse
2591 1717 2806 1785 potest,
2833 1728 3010 1783 quam
3029 1711 3302 1766 Hufflnus
3325 1711 3450 1784 ipse
3469 1711 3832 1785 Hieronymo

423 1821 480 1872 et
501 1815 630 1889 jam
665 1813 944 1886 Spiritum
977 1811 1032 1866 S.
1053 1813 1380 1880 acceperat.
1413 1809 1539 1862 Non
1559 1806 1716 1862 enim
1740 1805 1888 1860 illud
1911 1804 2068 1876 prin-
2102 1833 2148 1898 Β
2181 1802 2408 1872 tribuit,
2442 1809 2501 1858 et
2559 1802 2619 1857 in
2650 1803 2927 1857 Invectiva
2979 1818 3086 1856 sua
3116 1799 3262 1856 adeo
3295 1799 3598 1898 exagitat?
3619 1801 3836 1857 Fateor

421 1905 642 1978 cipium
689 1908 820 1960 erat
835 1901 1182 1958 substantiae
1215 1899 1343 1971 ejus
1373 1903 1549 1970 atque
1591 1901 1838 1952 naturae.
1875 1915 1901 1943 »
1935 1895 2070 1948 Haec

421 1994 597 2052 verba
627 2011 698 2049 ex
749 1990 1212 2064 Hieronymiana
1242 1987 1509 2060 Origenis
1563 1983 1830 2042 versione
1863 1982 2075 2038 recitat

423 2082 726 2160 σῦγχρονος
773 2081 1065 2147 Bufiinus,
1124 2094 1254 2149 quas
1312 2093 1383 2132 ex
1439 2075 1692 2148 Origene
1749 2071 2072 2142 transtulit,

427 2191 559 2246 quas
589 2190 624 2227 a
655 2171 850 2244 seipso
881 2167 1114 2225 addidit
1141 2167 1458 2238 interpres,
1492 2169 1680 2232 notat,
1705 2163 1950 2232 scilicet,
1973 2161 2077 2216 illa

425 2263 622 2331 verba,
653 2269 822 2331 atque
849 2264 1084 2313 naturai.
1115 2257 1233 2311 Nos
1282 2260 1340 2311 et
1369 2271 1500 2326 qua:
1533 2253 1800 2326 Origenis
1831 2255 1989 2318 sunt,
2020 2255 2078 2305 et

427 2367 559 2423 quas
591 2347 930 2420 interpretis
962 2346 1286 2402 etiamnum
1319 2343 1626 2400 habemus.
1667 2341 2076 2397 Certissimum

425 2443 604 2517 igitur
634 2447 722 2496 est
753 2441 862 2495 bas
889 2435 1168 2493 homilias
1198 2451 1328 2490 esse
1359 2433 1649 2506 Origenis,
1675 2437 1733 2486 et
1764 2431 1836 2487 ab
1868 2429 2075 2485 Hiero-

424 2549 604 2605 nymo
632 2546 873 2595 versas;
907 2543 1017 2584 nec
1047 2529 1242 2598 potest
1270 2542 1398 2580 esse
1431 2523 1757 2596 quidquam
1782 2521 1843 2576 in
1897 2519 2076 2576 rebus

421 2617 772 2694 hujusmodi
805 2617 918 2672 hoc
937 2618 1288 2687 argumento
1317 2611 1639 2667 efficacius.

499 2707 588 2764 Ad
611 2708 898 2778 majorem
922 2709 1124 2760 tamen
1145 2701 1659 2757 conﬁrmationem
1682 2701 1806 2754 hinc
1826 2697 2074 2754 ulterius

433 2797 570 2856 addi
593 2795 1298 2870 possunt,Hieronymum
1316 2813 1344 2842 «
1367 2791 1527 2845 ultra
1543 2793 1612 2844 70
1634 2789 1868 2843 libellos
1881 2787 2077 2859 Orige-

429 2889 706 2960 nis,quos
722 2883 1086 2942 bomiliticos
1104 2878 1825 2955 appellavit,transtulisse
1843 2878 1904 2932 in
1928 2875 2078 2932 Lati-

429 2993 597 3044 num,
636 2998 656 3025 ι
679 2980 743 3030 ut
793 2975 977 3030 refert
1019 2972 1290 3028 Rufﬂnus
1323 2970 1381 3024 in
1415 2969 1762 3042 prmfatione
1792 2965 1865 3021 ad
1894 2965 2076 3021 libros

428 3064 558 3140 Περὶ
583 3063 792 3143 ἀρχῶν.
818 3063 1058 3118 Fatetur
1087 3061 1198 3115 hoc
1229 3060 1623 3131 Hieronymus
1654 3057 1780 3128 ipse
1811 3054 2080 3127 apologis.

423 3154 1061 3233 prima.«Septuaginta
1082 3153 1266 3208 libros
1279 3151 1500 3221 ejus,ut
1521 3168 1688 3205 meus
1702 3148 2072 3205 necessarius

427 3245 866 3313 criminatur,in
879 3243 1152 3298 Latinum
1165 3246 1476 3304 verteram,
1497 3245 1556 3294 et
1579 3241 1762 3296 multa
1775 3239 1846 3294 de
1872 3239 2065 3294 tomis.

426 3339 737 3408 Nunquam
756 3334 828 3389 de
845 3349 1021 3404 opere
1039 3348 1163 3386 meo
1178 3331 1289 3385 fuit
1306 3331 1554 3400 qumstio
1571 3347 1586 3395 ς
1606 3345 1896 3399 nunquam
1909 3331 2082 3384 Roma

425 3431 705 3484 commota
719 3429 822 3478 est.
836 3423 1041 3477 nNotat
1059 3421 1210 3476 Βυῑῆ
1220 3437 1330 3474 nus
1347 3419 1406 3474 in
1429 3420 1714 3474 invectiva
1733 3417 2006 3474 homilias
2018 3418 2078 3472 in

428 3513 734 3582 Lucam,in
751 3512 960 3568 Isaiam
972 3510 1306 3580 ,Jeremiam
1331 3516 1508 3580 atque
1531 3509 2081 3564 Ezechielem.Hier—

429 3602 827 3678 onymusipse
860 3603 1112 3655 testatur
1136 3599 1202 3652 14
1223 3602 1452 3653 tantum
1485 3599 1544 3653 in
1575 3599 1887 3654 Jeremiam
1922 3602 2080 3651 etto-

432 3695 616 3750 tidem
644 3692 706 3747 in
731 3689 1095 3746 Ezechielem
1109 3705 1170 3744 se
1191 3687 1781 3744 transtulisse.Verba
1795 3685 1924 3757 ejus
1942 3691 2082 3742 sunt

428 3785 490 3841 in
512 3781 756 3856 prologo
790 3779 862 3836 ad
891 3777 1262 3834 Ezechielem
1293 3795 1305 3832 :
1339 3800 1365 3827 ‹‹
1399 3777 1604 3850 Itaque
1639 3781 1772 3850 post
1793 3782 2082 3848 quatuor-

431 3873 624 3930 decim
657 3869 937 3926 homilias
962 3869 1022 3922 in
1043 3865 1913 3939 Jeremiam,quasjampridem
1937 3881 2078 3920 con-

430 3963 562 4020 fuso
587 3959 794 4018 ordine
811 3960 1232 4030 interpretatus
1263 3961 1482 4024 sum,et
1501 3957 1605 4011 has
1630 3955 2080 4026 quatuordecim

430 4055 492 4110 in
522 4050 889 4109 Ezechielem
926 4064 1033 4120 per
1063 4045 1375 4102 intervalla
1405 4045 1616 4100 dictavi
1643 4062 1656 4112 ;
1682 4067 1708 4092 ιι
1744 4050 1801 4100 et
1829 4044 1890 4099 in
1919 4046 2084 4100 Cata~

428 4145 560 4218 logo
587 4160 600 4198 :
627 4165 654 4194 ‹‹
682 4143 749 4196 In
778 4142 1093 4196 Jeremiam
1127 4135 1635 4191 etinEzechielem
1667 4134 2080 4190 homiliasOri-

433 4235 599 4310 genis
627 4231 832 4305 viginti
867 4235 1172 4299 octo,quas
1190 4227 1260 4282 de
1275 4228 1471 4282 Graaco
1504 4227 1563 4280 in
1597 4225 1862 4282 Latinum
1878 4227 2082 4282 verti.»

432 4322 698 4381 Homilize
731 4325 930 4375 autem
950 4318 1011 4372 in
1034 4316 1247 4372 Isaiam
1271 4315 1682 4372 tantummodo
1698 4333 1906 4371 novem
1924 4321 2082 4382 sunt;

434 4411 648 4486 quibus
683 4409 730 4463 si
756 4407 938 4464 addas
971 4405 1120 4460 duas
1153 4405 1212 4458 in
1271 4404 1600 4473 Canticum,
1628 4405 1820 4460 adhuc
1853 4411 2084 4461 tantum

433 4507 572 4559 sunt
603 4498 844 4572 triginta
869 4511 1101 4550 novem.
1141 4494 1297 4549 Ultra
1328 4493 1506 4565 igitur
1537 4495 1746 4550 libellos
1763 4499 1830 4549 '70
1861 4495 1933 4550 ab
1957 4495 2086 4550 Hie-

2178 1891 2456 1964 equidem
2487 1891 2789 1947 Huffinum
2835 1890 2910 1946 ad
2933 1891 3116 1945 finem
3158 1906 3310 1963 pene
3339 1889 3466 1944 vitae
3498 1907 3618 1945 suae
3651 1891 3834 1946 inter-

2177 1981 2543 2054 pretationes
2575 1997 2710 2036 suas
2733 1980 2841 2036 sub
2865 1979 3209 2052 Hieronymi
3263 1979 3506 2035 nomine
3541 1979 3829 2036 edidisse.

2177 2072 2290 2127 Sed
2319 2072 2431 2127 hoc
2453 2071 2525 2126 de
2556 2070 2818 2126 homiliis
2849 2070 2911 2126 in
2944 2070 3158 2126 Lucam
3189 2069 3305 2126 dici
3328 2089 3446 2128 non
3465 2071 3832 2143 potest,quia

2179 2167 2236 2217 et
2265 2163 2391 2234 ipse
2426 2162 2816 2234 Hieronymus
2846 2177 2946 2215 eos
2988 2160 3274 2231 agnoscit,
3307 2166 3366 2216 et
3416 2161 3524 2216 sub
3576 2177 3830 2217 numero

2179 2252 2551 2324 septuaginta
2567 2251 2950 2306 homiliarum
2970 2267 3004 2306 a
3035 2267 3096 2306 se
3117 2267 3418 2307 versarum
3439 2250 3839 2324 ponit,etpro-

2177 2341 2346 2414 logus
2375 2339 2719 2412 Hieronymi
2741 2339 3027 2396 Invectivae
3058 2340 3279 2398 Ruffini
3306 2340 3566 2396 insertus
3593 2339 3837 2413 legitur,

2181 2446 2358 2500 quam
2391 2427 2664 2484 Bullinus
2693 2433 2816 2482 tum
2849 2428 3106 2500 scripsit,
3142 2445 3278 2484 cum
3309 2428 3535 2485 nullam
3562 2429 3841 2501 Origenis

2181 2518 2488 2574 homiliam
2503 2517 2956 2588 attigisset,cum
2975 2517 3194 2573 librum
3218 2517 3346 2591 Περὶ
3375 2517 3561 2593 ἀρχῶν
3579 2525 3843 2574 tantum—

2179 2607 2355 2664 modo
2369 2606 2787 2677 transtulisset,
2799 2606 2924 2678 ipso
2944 2607 3166 2662 fatente
3189 2609 3659 2679 Hieronymo.Ita
3672 2609 3842 2666 enim

2183 2699 2280 2755 ille
2312 2685 2583 2770 apologia
2605 2697 2830 2770 prima:
2857 2718 2885 2746 ‹‹
2909 2699 3025 2771 Ego
3055 2713 3164 2769 per
3186 2703 3269 2753 tot
3289 2713 3477 2754 annos
3501 2703 3620 2754 tam
3642 2699 3846 2756 multa

2181 2795 2534 2844 convertens
2557 2803 2868 2858 nunquam
2898 2787 3180 2843 seandalo
3213 2787 3296 2844 fui
3331 2805 3345 2843 :
3379 2792 3442 2844 tu
3467 2787 3540 2844 ad
3571 2789 3843 2861 primum

2183 2885 2239 2933 et
2269 2877 2460 2934 solum
2494 2895 2663 2949 opus,
2697 2877 2931 2949 ignotus
2963 2878 3149 2948 prius,
3186 2877 3516 2933 temeritate
3548 2878 3740 2934 factus
3768 2897 3839 2936 es

2181 2968 2497 3025 nobilis.Et
2528 2984 2716 3024 rursus
2735 2965 2971 3023 secunda
2995 2984 3006 3022 :
3028 2968 3127 3023 Vis
3152 2969 3463 3042 Origenem
3483 2969 3540 3024 in
3559 2969 3842 3026 Latinum

2179 3068 2404 3118 vertere
2435 3061 2462 3116 ‘2
2491 3060 2674 3116 habes
2719 3059 2939 3115 multas
2969 3059 3246 3117 homilias
3276 3061 3408 3134 ejus
3460 3066 3515 3116 et
3548 3067 3740 3118 tomos
3776 3063 3844 3117 in

2186 3152 2401 3225 quibus
2419 3150 2662 3206 moralis
2677 3154 2960 3206 tractatur
2975 3149 3230 3219 locus,et
3243 3151 3678 3224 Scripturarum
3696 3169 3848 3226 pan—

2189 3202 2321 3225 Ὶ““““”
2340 3202 2398 3206 ’”“
2419 3202 2506 3206 *⁷⁷*
2525 3202 2538 3205 ⁷
2557 3202 2656 3205 “““““
2683 3202 2716 3204 ’ἡ
2736 3202 2791 3206 ⁷⁷-
2810 3202 2950 3206 ““”“””
2976 3202 3026 3206 ’⁷
3047 3202 3495 3224 “-”1’“Ἰ“’“Γ“““
3512 3202 3563 3207 “”“
3584 3202 3678 3206 ““”’
3698 3202 3822 3226 1"“-

2113 3202 2155 3269 (ἶ
2189 3243 2411 3298 duntur
2433 3241 2720 3296 obscura:
2747 3240 2869 3294 hanc
2900 3239 3312 3312 interpretare,
3347 3241 3474 3298 hanc
3491 3241 3850 3316 rogantibus

2191 3331 2404 3387 tribue.
2430 3329 2575 3396 Quid
2591 3329 2818 3402 primus
2840 3329 3010 3386 labor
3025 3336 3158 3386 tuus
3180 3329 3474 3403 incipitab
3491 3331 3736 3387 infamia
3756 3332 3790 3387 ?
3818 3353 3850 3382 »

2191 3424 2522 3492 Antequam
2555 3419 2732 3492 igitur
2775 3419 3100 3492 quidquam
3157 3421 3495 3492 scripsisset
3545 3420 3852 3490 Rufﬁnus,

2191 3511 2363 3566 editas
2394 3515 2534 3565 sunt
2564 3509 2820 3565 homilias
2861 3509 3126 3582 Origenis
3160 3509 3221 3564 in
3255 3511 3468 3565 Lucam
3511 3509 3852 3584 interprete

2192 3602 2550 3672 Hieronymo
2575 3617 2588 3668 ;
2623 3600 2847 3655 ewdem
2877 3599 2939 3654 in
2968 3601 3246 3655 Inrcclira
3275 3599 3494 3654 Huffini
3547 3600 3853 3673 sugillataa

2191 3693 2672 3760 sunt,antequam
2695 3689 2969 3744 Bullinus
2991 3687 3316 3760 quidquam
3331 3687 3600 3761 Origenis
3621 3697 3855 3762 przcter

2191 3777 2410 3834 librum
2436 3774 2568 3851 Περὶ
2591 3775 2785 3851 ἀρχῶν
2816 3778 2878 3833 in
2909 3778 3185 3834 Latinum
3208 3778 3630 3834 transtulisset.

2261 3871 2330 3923 Et
2360 3873 2561 3923 tamen
2609 3867 2864 3923 Dallteus
2895 3867 2969 3923 ad
3026 3867 3137 3922 hoc
3193 3865 3485 3923 Blondelli
3533 3869 3851 3926 somnium

2192 3958 2508 4030 confugere
2540 3957 2778 4013 tandem
2836 3964 3076 4012 coactus
3114 3962 3222 4013 est.
3253 3959 3399 4013 Nam
3433 3975 3565 4015 cum
3627 3959 3854 4029 liquere

2193 4047 2439 4103 dixisset
2469 4069 2497 4098 «
2529 4047 2741 4102 harum
2768 4047 3150 4103 homiliarum
3176 4047 3360 4104 alium
3405 4048 3586 4103 fuisse
3635 4055 3853 4106 aucto-

2191 4155 2318 4193 rem
2351 4154 2526 4209 quam
2562 4137 2933 4208 Origenem,»
2959 4138 3018 4193 id
3050 4143 3249 4192 tamen
3283 4137 3422 4193 viris
3445 4137 3692 4193 eruditis
3713 4155 3860 4208 per-

2194 4227 2428 4284 suaderi
2459 4227 2706 4282 minime
2734 4228 2996 4300 potuisse
3034 4231 3286 4299 putaret.
3343 4229 3541 4282 statim
3591 4228 3859 4299 addidit,

2195 4341 2220 4367 ‹‹
2246 4334 2320 4372 ne
2344 4317 2503 4372 hunc
2531 4316 2676 4371 illud
2707 4316 3138 4387 afferam,quod
3157 4316 3300 4371 satis
3325 4322 3556 4372 constat
3573 4317 3862 4388 Origenis

2195 4421 2324 4476 qua:
2358 4404 2559 4459 Latine
2604 4409 2834 4459 tantum
2866 4409 3118 4471 exstant,
3153 4420 3187 4458 a
3243 4404 3478 4459 Ruftino
3510 4410 3568 4458 et
3598 4402 3730 4458 aliis
3765 4405 3865 4462 in-

2195 4493 2555 4565 terpretibus
2587 4494 2666 4549 ita
2696 4494 2880 4548 fuisse
2899 4493 3346 4566 interpolata,ut
3377 4511 3446 4548 ex
3469 4494 3538 4548 iis
3571 4494 3658 4547 vix
3681 4501 3861 4552 certo

434 4605 684 4662 ronymo
719 4603 919 4641 versos
953 4583 1216 4640 invenire
1247 4600 1548 4654 nunquam
1572 4585 1792 4654 poteris
1821 4584 1934 4638 nisi
1967 4583 2087 4638 illis
2123 4579 2165 4642 Ῐ)
2198 4584 2383 4656 possit
2415 4583 2660 4656 intelligi
2685 4584 2828 4654 quid
2856 4601 2986 4638 vere
3008 4585 3084 4638 sit
3114 4581 3696 4654 Origenicum.»Cum
3722 4601 3866 4641 cer-

435 4679 676 4752 triginta
707 4691 917 4732 novem
948 4673 1228 4729 homilias
1262 4673 1319 4727 in
1355 4675 1568 4730 Lucam
1598 4675 1831 4730 Huffino
1851 4691 2080 4730 memo-

439 4775 598 4826 ratas
623 4765 1072 4832 adnumeres,ut
1101 4770 1158 4817 et
1195 4761 1297 4817 ille
1329 4765 1678 4819 numeravit.
1699 4765 1888 4830 Quare
1915 4767 2083 4819 Eras-

435 4875 598 4917 mum
630 4872 803 4914 suum
836 4853 988 4909 male
1019 4853 1116 4907 hic
1147 4851 1369 4906 deserit
1393 4852 1772 4924 Dallaaus,qui
1801 4854 1860 4908 in
1887 4852 2083 4909 indice

435 4952 691 5023 Operum
729 4941 1072 5014 Hieronymi
1106 4941 1210 4996 has
1227 4941 1385 5014 ipsas
1402 4943 1674 4998 homilias
1693 4943 1849 4999 inter
1864 4961 2082 5018 γνησια,

436 5039 496 5096 id
527 5041 617 5094 est
643 5052 730 5101 ea,
765 5050 896 5105 qua:
928 5048 1060 5086 vere
1086 5036 1223 5087 sunt
1246 5033 1607 5105 Hieronymi,
1630 5050 1742 5100 seu,
1768 5034 1838 5089 de
1871 5032 2086 5104 quibus

441 5126 611 5184 nulla
639 5122 932 5180 dubitatio
965 5121 1060 5190 sit,
1075 5121 1220 5192 quin
1250 5121 1322 5177 ab
1342 5123 1698 5196 Hieronymo
1731 5123 1850 5179 sint
1869 5123 2086 5193 edita,»

436 5218 724 5280 numerat.
758 5211 849 5267 his
879 5209 1110 5266 verbis:
1148 5232 1168 5259 ι
1208 5211 1476 5269 Homilies
1500 5213 1561 5268 in
1596 5213 1809 5268 Lucam
1849 5212 2088 5286 triginta

435 5322 649 5364 novem
680 5302 751 5358 ab
784 5301 1141 5373 Hieronymo
1167 5301 1488 5359 translatae.
1521 5304 1586 5357 In
1616 5301 1960 5374 praefatione
1985 5319 2088 5358 nu-

433 5412 634 5452 merus
668 5396 759 5448 est
789 5390 1061 5447 omissus.
1095 5391 1188 5446 Sic
1219 5397 1418 5447 autem
1450 5391 1706 5446 refertur
1735 5389 1830 5446 hic
1859 5391 2026 5448 locus
2055 5409 2092 5449 a

436 5484 674 5541 Ruffino
747 5479 1048 5536 invectiva;
1121 5497 1242 5536 suae
1315 5480 1467 5536 libro
1521 5480 1802 5548 secundo,
1869 5501 1897 5530 »
1971 5480 2092 5537 sal-

435 5580 558 5629 tem
588 5571 830 5644 triginta
883 5587 1090 5626 novem
1127 5569 1464 5625 Adamantii
1523 5569 1704 5624 nostri
1765 5570 1824 5626 in
1874 5572 2090 5628 Lucam

438 5661 740 5730 homilias,
801 5661 951 5722 sicut
1019 5659 1079 5714 in
1149 5661 1345 5714 Grmco
1410 5659 1726 5728 habentur,
1797 5661 2089 5733 interpre-

443 5757 562 5813 tor.

2193 4679 2316 4728 tum
2347 4672 2558 4728 sitnon
2577 4673 3013 4739 Bufﬁnum,sed
3047 4673 3468 4742 Hieronymum
3502 4673 3712 4728 harum
3734 4674 3866 4731 110-

2192 4763 2494 4818 miliarum
2526 4779 2652 4817 esse
2685 4763 3068 4835 interpretem
3095 4779 3108 4826 ;
3143 4764 3192 4818 si
3243 4782 3379 4820 vero
3412 4764 3864 4834 Hieronymum

2194 4853 2350 4908 inter
2380 4853 2516 4907 alios
2573 4855 2899 4924 interpretes
2951 4860 3154 4924 ponat,
3205 4857 3306 4926 qui
3376 4856 3686 4927 Origenem
3721 4860 3864 4912 tam

2193 4941 2345 4998 fcede
2377 4941 2835 5015 interpolarunt,
2861 4943 3178 4999 manifesta
3237 4950 3327 5000 est
3375 4944 3692 5000 calumnia.
3729 4945 3865 5002 Ha-

2195 5031 2404 5088 bemus
2437 5033 2844 5088 novemdecim
2857 5033 3138 5088 homilias
3150 5035 3497 5106 Origenisjn
3526 5035 3871 5093 .Ierezniam

2195 5125 2390 5178 Graece
2426 5140 2440 5188 ;
2476 5122 2762 5178 habemus
2791 5137 2997 5178 earum
3029 5122 3346 5179 duodecim
3380 5142 3448 5179 ex
3489 5125 3874 5196 interpreta-

2198 5214 2360 5269 tione
2390 5212 2726 5285 Hieronymi
2759 5213 2960 5268 Latine
2996 5227 3010 5278 ;
3072 5213 3199 5269 haec
3249 5217 3450 5270 autem
3500 5215 3880 5286 interpreta-

2202 5304 2280 5358 tio
2313 5308 2430 5359 tam
2481 5303 2632 5358 bene
2663 5303 2878 5358 Graecis
2905 5302 3243 5374 respondet,
3275 5309 3342 5358 ut
3398 5303 3577 5359 aliam
3635 5303 3878 5364 addere

2199 5392 2443 5448 Huetius
2469 5393 2874 5448 necessarium
2900 5409 3018 5447 non
3051 5393 3293 5465 putarit,
3327 5393 3594 5464 adeoque
3619 5409 3719 5450 eas
3737 5395 3884 5452 edi-

2200 5482 2376 5550 derit,
2407 5482 2732 5554 interprete
2783 5481 3161 5550 Hieronymo.
3212 5484 3494 5548 Quaenam
3529 5489 3728 5538 autem
3792 5503 3880 5543 ex

2201 5573 2272 5626 iis
2305 5572 2386 5628 ita
2414 5570 2782 5644 interpolatae
2841 5576 3002 5640 sunt,
3052 5593 3073 5620 ι
3126 5571 3338 5642 utquid
3367 5572 3443 5627 sit
3473 5573 3878 5646 Origenicum

2202 5661 2454 5734 intelligi
2485 5677 2604 5716 non
2663 5659 2963 5732 possit?»
3018 5661 3180 5716 Idem
3238 5662 3482 5717 omnino
3529 5661 3600 5716 de
3659 5663 3878 5724 homi.

2200 5749 2299 5806 liis
2329 5749 2392 5808 in
2421 5751 2636 5808 Lucam
2687 5748 3088 5819 sentiendum,
3138 5750 3201 5808 in
3249 5750 3464 5824 quibus
3495 5749 3649 5811 nihil
3675 5753 3877 5816 addi.
