3974 6296
181 381 279 441 189

888 376 944 440 J.
992 378 1413 441 PEARSONll
1458 380 1833 444 VINDIGIA".
1876 379 2370 444 lGNATIANIE.
2423 415 2496 425 —
2538 382 2755 445 PARS
2796 384 2845 444 Ι.

3452 385 3569 447 190

175 518 424 586 Asiatica,
456 533 586 588 quas
614 520 803 573 totam
835 516 1146 589 epistolam
1174 534 1355 589 quam
1378 518 1582 575 citavit
1609 522 1793 576 Euse-
1826 517 1881 586 Α
1986 519 2160 577 Levia
2190 520 2319 577 haec
2340 529 2478 579 sunt
2509 542 2630 596 pra;
2661 523 2734 580 iis
2758 540 2890 596 quae
2919 518 3382 597 sequunturﬂib
3404 524 3564 581 enim

178 607 310 671 hius,
341 623 444 679 per
474 612 558 663 tot
587 606 811 662 saecula
842 605 1077 678 publice
1106 606 1361 681 legebat.

237 698 455 768 Optime
481 697 660 770 igitur
675 697 841 751 novit
858 695 1165 765 Eusebius,
1188 696 1318 752 loca
1344 698 1470 753 haec
1496 697 1803 770 Polycarpi

176 792 227 842 et
250 788 445 841 lrenaai
477 785 883 842 indubitatum
907 785 1222 858 lgnatianis
1244 787 1512 858 epistolis
1545 789 1806 844 testimo-

176 877 318 932 nium
351 876 611 948 przebere
640 893 652 930 :
695 892 890 947 neque
945 875 1062 932 alia
1116 876 1399 932 adhibere
1430 877 1634 945 voluit,
1667 877 1807 933 licet

176 968 285 1021 sine
312 966 469 1021 omni
501 966 682 1021 dubio
711 965 882 1037 plura
913 965 1222 1038 potuisset.
1250 968 1390 1021 Post
1410 966 1572 1021 enim
1602 967 1803 1023 animo

173 1061 492 1127 conceptam
522 1056 676 1110 hanc
709 1055 1072 1127 opinionem,
1106 1072 1393 1126 quorsum
1431 1056 1581 1111 alios
1606 1062 1801 1128 poste—

172 1148 336 1201 riores
355 1145 740 1202 nominaret?
765 1162 870 1200 cur
889 1152 1104 1218 praeter
1129 1146 1373 1201 solitum
1404 1162 1632 1201 morem
1656 1146 1718 1201 in
1740 1162 1803 1201 re

171 1236 391 1291 minime
403 1242 784 1290 controversa
802 1240 979 1289 testes
997 1240 1344 1307 congereret
1359 1241 1536 1306 atque
1549 1234 1806 1290 conden-

173 1326 351 1381 saret?
378 1324 688 1380 lntirmum
721 1323 899 1397 igitur
936 1329 1351 1396 argumentum
1400 1329 1490 1379 est
1517 1323 1677 1395 quod
1708 1324 1802 1379 hic

172 1415 424 1471 adversus
471 1414 742 1487 Origenis
791 1413 1131 1470 testimonia
1178 1413 1363 1469 nectit
1404 1413 1679 1469 Dallaaus.
1726 1415 1803 1468 De

173 1506 383 1574 Origene
411 1506 631 1560 nullum
690 1506 915 1559 verbum
969 1508 1123 1574 fecit.
1185 1507 1480 1571 Quorsum
1533 1506 1692 1562 enim
1731 1506 1805 1561 de

176 1596 397 1668 Origene
436 1594 618 1649 verba
673 1595 916 1661 faceret,
975 1610 1111 1649 cum
1167 1595 1618 1667 antiquissimos
1666 1595 1802 1650 illos

174 1684 537 1755 Polycarpum
565 1689 624 1737 et
648 1684 939 1738 lrenasum
965 1683 1381 1739 nominasset?
1404 1706 1431 1734 ‹‹
1452 1684 1564 1738 Sed
1586 1684 1635 1739 si
1657 1682 1800 1754 quid

170 1772 257 1827 ille
294 1773 363 1828 ad
409 1774 525 1828 hoc
559 1771 721 1843 quod
752 1772 872 1845 agit
899 1772 1044 1827 utile
1097 1772 1364 1840 dixisset,
1398 1772 1494 1827 hic
1523 1790 1644 1828 non
1675 1776 1802 1828 erat

170 1861 493 1926 omissurus,
530 1878 650 1932 quo
682 1877 858 1917 nemo
885 1877 1149 1931 unquam
1181 1862 1505 1917 studiosius
1533 1862 1799 1934 Origenis
1828 1885 1876 1951 Β

169 1948 327 2005 libros
347 1951 550 2024 legit.»
574 1950 734 2022 Legit
753 1948 995 2020 quidem
1013 1955 1071 2004 et
1094 1967 1380 2022 perquam
1405 1950 1800 2018 smdiose;sex

171 2041 327 2095 etiam
374 2040 565 2095 libros
616 2039 1012 2111 apologeticos
1069 2039 1277 2108 edidit,
1309 2056 1588 2112 magnam
1618 2039 1797 2095 etiam

167 2134 367 2199 partem
409 2129 556 2185 libri
608 2129 761 2183 sexti
818 2129 1071 2184 Historia:
1115 2128 1499 2186 ecclesiasticw
1547 2129 1608 2183 in
1641 2127 1797 2184 illius

168 2218 317 2273 rebus
338 2218 695 2275 enarrandis
725 2217 1132 2289 consumpsit:
1166 2217 1295 2289 ejus
1324 2218 1507 2274 libros
1538 2235 1694 2290 saepe
1723 2218 1798 2273 ad

167 2307 446 2363 historiam
478 2306 674 2379 ipsius
704 2305 1115 2363 illustrandam
1167 2306 1431 2373 advocat,
1464 2313 1523 2362 et
1551 2306 1694 2377 quid
1723 2306 1796 2361 de

163 2396 306 2451 libris
335 2397 725 2468 S.Scripturaa
758 2396 1031 2461 senserit,
1061 2411 1238 2466 quam
1270 2396 1343 2450 de
1369 2396 1651 2467 apostolis
1682 2401 1797 2450 tra-

166 2485 419 2541 ditionem
452 2490 774 2557 acceperat
803 2491 1062 2552 enarrat,
1089 2501 1226 2540 eum
1256 2489 1458 2540 tamen
1487 2500 1795 2555 nunquam

166 2580 351 2631 testem
382 2575 665 2632 adhibuit
694 2574 770 2629 ad
799 2574 989 2629 ullum
1046 2574 1510 2646 apostolicorum
1536 2575 1795 2629 virorum

167 2666 427 2737 scriptum
485 2664 992 2720 conﬁrmandum.
1052 2666 1241 2730 Quare
1308 2668 1508 2719 autem
1564 2680 1686 2718 non
1734 2663 1796 2717 in

166 2753 365 2826 lgnatio
397 2770 537 2811 eum
602 2753 928 2820 omitteret,
978 2769 1156 2823 quem
1211 2753 1275 2806 in
1329 2751 1605 2807 omnibus
1662 2750 1796 2806 aliis

163 2845 357 2901 omisit.
387 2845 579 2916 Leges
617 2860 768 2914 quas
817 2842 942 2913 ipse
986 2842 1060 2898 ad
1109 2841 1535 2897 discernendos
1565 2839 1793 2913 dijudi-

160 2934 473 3006 candosque
504 2939 778 2988 veterum
809 2932 991 2987 libros
1027 2932 1253 2998 ﬁxerat,
1297 2931 1391 2987 hic
1416 2931 1594 3002 plane
1625 2931 1797 3002 peni-

161 3029 344 3095 tusque
372 3022 752 3088 observavit;
784 3019 1071 3095 ἀρχαίους,
1109 3020 1356 3085 scilicet,
1387 3018 1792 3095 κεχρημένους,

162 3112 531 3185 Polycarpum
585 3117 647 3165 et
692 3112 986 3165 lrenmum
1017 3110 1363 3165 nominavit.
1398 3110 1566 3165 Sarta
1593 3109 1793 3179 itaque

160 3206 291 3256 tecta
318 3208 404 3256 est
427 3199 677 3256 Eusebii
720 3198 1048 3272 diligentia,
1082 3198 1239 3254 salva
1266 3197 1583 3270 prudentia
1610 3202 1788 3269 atque

152 3288 449 3360 judicium:
488 3289 699 3346 nullus
731 3289 827 3343 hic
858 3305 1044 3354 error,
1078 3287 1247 3343 nulla
1297 3288 1590 3356 oscitatio,
1624 3288 1791 3344 nulla

159 3378 541 3446 hallucinatio,
578 3395 732 3450 quas
769 3377 1024 3433 Dallmus
1072 3378 1200 3433 sine
1248 3377 1369 3433 ullo
1401 3377 1788 3433 fundamento

161 3474 262 3525 tam
306 3471 642 3528 liberaliter
683 3470 943 3524 Historia
973 3470 1347 3526 ecclesiasticas
1377 3469 1535 3525 Patri
1562 3468 1788 3524 tribuit.

160 3558 305 3616 Nullo
334 3562 602 3633 denique
636 3558 813 3614 modo
836 3557 1193 3614 testimoniis
1215 3575 1285 3613 ex
1304 3559 1552 3629 Origene
1578 3558 1794 3629 produ—

157 3649 249 3704 ctis
276 3650 633 3722 praajudicat
688 3647 926 3703 Eusebii
980 3647 1303 3703 silentium.
1347 3646 1602 3703 Aliunde
1633 3648 1791 3702 enim

155 3742 277 3796 satis
306 3749 466 3799 certo
498 3740 784 3797 novimus
827 3743 1145 3810 utrumque
1177 3740 1286 3794 hoc
1320 3756 1467 3810 opus
1498 3756 1629 3794 esse
1661 3755 1792 3794 vere

152 3832 523 3907 Origenicum.
533 3830 1012 3888 Commentarios
1029 3830 1091 3885 in
1103 3830 1411 3885 Canticum
1425 3830 1794 3885 canticorum

155 3923 437 3995 scripsisse
468 3926 735 3978 testatur
764 3920 819 3975 S.
864 3919 1179 3991 Gregorius
1223 3920 1526 3990 Nyssenus
1558 3919 1620 3973 in
1644 3934 1797 3988 pra:-

153 4013 279 4066 mio:
312 4011 374 4068 Ei
436 4009 520 4079 δὲ,
571 4012 679 4064 τοῦ
732 4006 1034 4081 Ὠριγένους
1093 4006 1406 4084 φιλοπόνως
1455 4005 1580 4081 περὶ
1612 4007 1674 4061 τὸ
1707 4007 1797 4079 βι-

154 4091 286 4155 ϐλίον
311 4105 471 4157 τοῦτο
534 4092 974 4163 σπουδάσαντος,
1031 4095 1118 4150 οιαὶ
1173 4098 1337 4168 ἡμεῖς
1388 4098 1570 4175 γραφῇ
1620 4115 1793 4169 παρα-

150 4183 318 4244 δοῦναι
356 4191 450 4245 τὸν
496 4187 679 4244 πόνον
732 4186 893 4255 ἡμῶν
955 4185 1441 4259 προεθυμήθημεν,
1498 4182 1797 4259 ἐγκαλείτω

162 4275 328 4350 μηδείς
347 4305 373 4333 ‹‹
399 4279 572 4347 Quod
611 4277 660 4332 si
689 4293 826 4332 cum
848 4276 1130 4348 Origenes
1150 4276 1476 4347 plurimum
1500 4276 1721 4331 laboris
1742 4283 1801 4332 et

154 4370 308 4425 studii
328 4372 387 4426 in
409 4372 575 4427 hunc
606 4366 882 4421 libellum
903 4364 1359 4434 contulerit,nos
1380 4380 1615 4436 quoque
1639 4365 1797 4436 quod

153 4472 181 4512 a
194 4459 349 4515 nobis
366 4466 453 4516 est
472 4458 856 4515 elaboratum
871 4454 1086 4510 litteris
1104 4453 1387 4510 mandare
1403 4453 1678 4510 lubenter
1689 4460 1800 4510 sta-

158 4550 442 4617 tuerimus,
466 4563 660 4604 nemo
683 4562 794 4600 nos
812 4548 1104 4600 accuset.»
1134 4544 1251 4597 Hoc
1273 4560 1420 4614 opus
1438 4542 1594 4613 quod
1620 4543 1767 4599 habe

1911 625 2077 664 error
2104 611 2283 666 unius
2304 614 2540 669 Eusebii
2571 620 2754 670 totam
2790 614 3114 670 Ecclesiam
3146 614 3363 669 Christi
3387 632 3567 672 occu-

1911 700 2085 769 pavit,
2114 699 2353 756 infeciti
2388 704 2585 758 Primo
2618 703 2979 759 Athanasius
3027 721 3164 760 eum
3214 705 3429 773 hausit,
3462 705 3565 776 qui

1911 811 1937 838 α
1963 789 2260 860 egregium
2283 792 2602 862 quemdam
2628 792 2847 856 locum,
2873 798 2933 848 et
2954 810 3076 848 sum
3097 809 3290 849 causas
3312 794 3565 848 utilissi-

1909 893 2073 932 mum
2097 877 2157 932 in
2177 880 2442 951 epistolis
2468 888 2677 937 nactus
2697 882 3073 954 lgnatii,eum
3092 884 3334 939 nomine
3356 883 3567 939 lauda-

1910 965 2008 1033 vit,
2030 967 2122 1019 sed
2151 966 2247 1022 ille
2269 966 2553 1039 deceptus
2575 974 2701 1035 est;
2726 969 2879 1024 nihil
2909 970 3129 1040 quidem
3160 970 3422 1042 peccavit
3441 970 3565 1039 (hoc

1910 1054 2153 1124 largitur
2182 1058 2268 1109 vir
2294 1056 2682 1129 doctissimus),
2731 1060 2825 1115 sed
2869 1060 2943 1114 ab
2983 1059 3235 1115 Eusebio
3265 1064 3564 1115 ostentata

1908 1144 2257 1201 auctoritate
2280 1146 2525 1202 delusus
2547 1152 2655 1202 est.
2684 1150 2817 1203 Tum
2836 1165 2960 1203 vero
2981 1148 3121 1203 hinc
3142 1148 3215 1205 ab
3236 1148 3559 1204 Athanasio

1911 1233 2079 1289 illinc
2122 1234 2194 1289 ab
2225 1236 2476 1291 Eusebio
2499 1240 2708 1306 factum
2738 1244 2817 1292 est
2841 1245 2905 1292 ut
2923 1238 3095 1310 pauci
3122 1238 3403 1309 deinceps
3431 1238 3560 1293 fue-

1906 1322 2030 1376 rint
2051 1323 2151 1394 qui
2176 1340 2245 1379 ea
2264 1324 2414 1380 falsa
2433 1342 2561 1381 esse
2586 1326 3010 1382 existimarent.
3046 1349 3072 1374 n
3091 1327 3232 1382 Tota
3251 1327 3378 1382 haee
3407 1343 3558 1383 con-

1900 1410 2815 1487 jecturarum,suspicionumque
2830 1417 3134 1489 congeries
3147 1416 3311 1471 nullo
3324 1417 3560 1487 negotio

1908 1499 2191 1557 difﬂatur.
2217 1504 2342 1569 Qua
2371 1504 2531 1559 enim
2564 1505 2779 1561 ﬁducia
2808 1506 3165 1561 Athanasius
3197 1505 3269 1562 ab
3300 1505 3555 1560 Eusebio

1911 1590 2155 1646 delusus
2180 1590 2362 1647 fuisse
2386 1592 2624 1661 dicitur,
2649 1595 2750 1665 qui
2772 1594 3167 1666 Polycarpum
3187 1604 3248 1649 et
3270 1596 3562 1649 Irenaeum

1905 1696 2025 1734 non
2049 1680 2245 1736 minus
2267 1698 2445 1752 quam
2474 1683 2762 1738 Eusebius
2798 1683 3067 1755 legerat?
3090 1686 3206 1740 Cur
3233 1683 3554 1739 Athanasio

1906 1784 2025 1824 non
2042 1769 2239 1825 minus
2262 1787 2440 1841 quam
2462 1772 2736 1841 Eusebio,
2764 1772 3073 1843 imponere
3094 1778 3419 1843 potuerunt
3442 1775 3522 1827 Po
3538 1802 3556 1815 ο

1905 1861 2183 1931 lycarpus
2228 1863 2286 1913 et
2333 1862 2614 1928 Irenaaus,
2676 1861 2724 1915 si
2779 1860 2924 1915 illud
2975 1877 3179 1916 revera
3209 1862 3407 1917 testati
3435 1877 3557 1916 non

1906 1948 2024 2002 sint
2049 1948 2206 2019 quod
2235 1949 2423 2004 nostri
2464 1966 2565 2004 eos
2594 1954 2838 2004 testatos
2873 1966 3003 2005 esse
3051 1949 3306 2005 dicunt?
3330 1952 3422 2005 An
3451 1950 3554 2005 ille

1903 2037 2156 2093 Eusebio
2179 2038 2521 2110 diligentior
2550 2044 2650 2093 aut
2667 2039 2728 2093 in
2750 2038 2925 2094 rebus
2947 2039 3290 2111 hujusmodi
3326 2040 3557 2111 perspi-

1904 2126 2100 2182 cacior
2128 2126 2242 2183 fuit
2260 2127 2287 2181 ‘2
2333 2129 2455 2182 lmo
2487 2127 2786 2198 quomodo
2816 2128 3107 2183 Eusebius
3152 2128 3458 2197 lgnatiana
3487 2145 3559 2183 ex

1905 2217 2165 2271 tenebris
2196 2217 2257 2271 in
2289 2216 2485 2272 lucem
2516 2216 2839 2274 Athanasio
2863 2216 3200 2285 induxerat,
3224 2217 3326 2287 qui
3348 2218 3558 2273 eadem

1903 2307 1966 2362 in
1995 2306 2244 2379 Origene
2299 2311 2435 2361 ante
2491 2306 2760 2379 legerat?
2816 2306 3116 2363 Asseritur
3146 2307 3217 2362 ab
3249 2306 3555 2362 Albertino

1903 2401 2080 2467 atque
2112 2396 2291 2451 etiam
2332 2395 2573 2461 Dallaao,
2624 2394 3221 2468 pseudo-Dionysium
3252 2396 3557 2468 lgnatiana

1904 2501 2011 2541 sua
2038 2485 2111 2540 ab
2132 2485 2383 2557 Origene
2415 2485 2722 2552 hausisse;
2777 2502 2882 2540 cur
2912 2502 3033 2541 non
3064 2485 3137 2540 ab
3170 2486 3378 2541 eodem
3427 2485 3552 2557 epi-

1904 2573 2083 2629 stolas
2141 2574 2249 2629 has
2306 2573 2376 2629 ab
2436 2574 2659 2644 lgnatio
2719 2574 2970 2645 scriptas
3023 2573 3206 2628 fuisse
3264 2573 3555 2629 didicerat

1904 2663 2260 2718 Athanasius
2275 2663 2303 2717 ‘l
2327 2679 2433 2717 cur
2454 2678 2575 2717 non
2597 2663 2670 2717 ab
2699 2662 2797 2717 illo
2819 2669 3013 2718 vetere
3043 2664 3352 2734 scriptore,
3381 2678 3416 2718 a
3435 2679 3551 2734 quo

1904 2770 2011 2809 sua
2038 2754 2343 2826 lgnatiana
2383 2758 2722 2824 sumpserat
2750 2752 3022 2819 Basilius,
3056 2753 3377 2808 Athanasio
3410 2769 3548 2821 syn-

1902 2844 2164 2898 clironus
2181 2841 2208 2897 ‘I
2229 2842 2360 2896 llaec
2381 2841 2583 2896 omnia
2598 2841 2811 2912 legisse
2831 2841 3219 2897 Athanasium
3246 2857 3423 2896 nemo
3447 2840 3553 2896 du-

1903 2932 2088 2987 bitat:
2139 2931 2375 2986 Eusebii
2425 2935 2624 2985 autem
2668 2930 2977 2984 Historiam
3006 2929 3425 2984 ecclesiasticam
3454 2932 3557 2983 aut

1904 3021 2219 3093 diligenter
2257 3020 2562 3086 evolvisse,
2586 3024 2687 3074 aut
2718 3018 2985 3089 omnino,
3019 3035 3153 3074 eum
3184 3018 3299 3074 ista
3326 3018 3553 3074 scribe-

1902 3110 2233 3179 ret,vidisse
2293 3125 2415 3164 non
2465 3113 2714 3165 constat.
2750 3109 3044 3180 Scriptam
3074 3123 3205 3163 eam
3238 3107 3418 3163 fuisse
3450 3124 3555 3179 po-

1903 3200 2140 3255 stremis
2167 3199 2402 3255 Eusebii
2433 3198 2822 3269 temporibus,
2856 3198 3014 3253 circa
3042 3213 3266 3253 annum
3296 3199 3399 3252 330
3430 3197 3558 3253 vult

1902 3290 2172 3345 Dallaaus.
2207 3292 2357 3344 Ante
2415 3304 2550 3343 eum
2608 3303 2831 3343 annum
2863 3303 2898 3342 a
2929 3286 3259 3343 Meletianis
3287 3292 3346 3341 et
3374 3286 3557 3342 Euse-

1898 3380 2094 3434 bianis
2110 3379 2268 3450 apud
2284 3377 2740 3433 Constantinum
2758 3382 3084 3445 vexatus,et
3104 3376 3176 3432 ab
3198 3375 3558 3432 Alexandria

1899 3467 2458 3539 Constantinopolin
2475 3471 2748 3523 evocatus
2766 3468 3025 3522 est.Post
3045 3482 3180 3521 eum
3200 3482 3422 3521 annum
3444 3470 3558 3521 sta-

1903 3559 2009 3613 tim
2033 3559 2104 3613 de
2128 3558 2309 3614 calice
2348 3557 2533 3612 fracto
2585 3561 2644 3611 et
2686 3556 2934 3611 Arsenio
2963 3556 3160 3619 occiso
3202 3561 3552 3613 accusatur:

1902 3649 2195 3720 proximo,
2227 3646 2537 3711 Dalmatio,
2570 3645 2672 3717 qui
2722 3646 2775 3699 ei
2817 3646 3144 3701 Antiochiae
3168 3645 3353 3717 judex
3382 3644 3555 3700 datus

1905 3744 2014 3802 est,
2047 3751 2286 3791 causam
2320 3752 2487 3790 suam
2519 3734 2770 3806 probare
2796 3740 3055 3799 coactus,
3088 3735 3152 3789 in
3183 3733 3551 3805 exquirendo

1903 3825 2150 3882 Arsenio
2183 3829 2504 3894 occupatus
2535 3828 2645 3878 est.
2668 3824 2812 3877 Tum
2843 3838 2978 3877 vero
3011 3822 3333 3877 concilium
3362 3824 3555 3879 Cassa-

1905 3932 2022 3971 reaa
2053 3913 2369 3980 indictum,
2402 3928 2507 3983 pro
2529 3910 2857 3981 spervenire
2904 3910 3036 3964 ideo
3068 3910 3382 3974 recusavit,
3414 3911 3558 3980 quia

1906 4005 2066 4060 idem
2096 4001 2404 4067 Eusebius,
2438 4000 2540 4071 qui
2571 4016 2694 4055 non
2725 3998 2827 4053 diu
2858 4003 2995 4053 ante
3025 3996 3328 4052 Historiam
3357 3995 3561 4052 edide-

1906 4098 2018 4161 rat,
2053 4092 2181 4163 ejus
2214 4090 2328 4145 loci
2363 4088 2671 4161 episcopus
2703 4091 2895 4143 esset:
2948 4102 3085 4141 mox
3115 4084 3247 4156 Tyri
3279 4083 3335 4138 in
3368 4085 3567 4139 conci-

1907 4183 1988 4238 lio
2037 4182 2240 4237 adesse
2293 4184 2552 4248 coactus,
2602 4178 2712 4234 sub
2754 4175 2959 4249 judice
3010 4177 3166 4231 inter
3206 4174 3354 4230 alios
3384 4173 3564 4229 etiam

1906 4271 2158 4328 Eusebio
2183 4276 2407 4333 nostro,
2428 4267 2768 4339 ibidemque
2787 4265 3239 4331 condemnatus,
3269 4262 3410 4319 inde
3440 4262 3563 4319 ela-

1908 4378 2069 4433 psus,
2095 4359 2357 4431 confugit
2378 4354 3080 4428 Constantinopolim,ubi
3105 4353 3304 4410 statim
3327 4357 3566 4409 senten-

1910 4451 2051 4507 tiam
2082 4447 2462 4521 relegationis
2493 4445 2809 4517 accepit,et
2829 4446 2889 4499 in
2913 4444 3129 4500 Gallias
3152 4445 3322 4499 exsul
3346 4442 3561 4499 missus

1906 4545 2017 4595 est.
2075 4539 2399 4595 Restitutus
2460 4535 2700 4607 quidem
2759 4534 3180 4590 Alexandriam
3213 4533 3424 4605 pergit,
3458 4531 3561 4588 ubi

160 4652 291 4707 mus,
312 4655 519 4695 eorum
564 4640 804 4709 partem
837 4649 964 4689 esse
996 4637 1165 4688 extra
1193 4648 1434 4687 omnem
1465 4638 1806 4687 controver-
1837 4625 1882 4689 D
1908 4635 2109 4685 tamen
2131 4627 2231 4683 diu
2250 4642 2495 4681 securus
2517 4641 2639 4679 non
2660 4624 2806 4689 fuit;
2832 4623 2934 4678 sed
2958 4622 3376 4678 haereticorum
3398 4619 3559 4676 domi

159 4728 283 4784 siam
311 4734 567 4802 ponunt,
602 4730 665 4782 et
697 4723 948 4795 Nysseni
981 4722 1271 4795 expositio
1300 4738 1582 4789 consona,
1615 4728 1677 4778 et
1702 4738 1797 4778 res

159 4817 285 4888 ipsa,
313 4825 370 4874 et
394 4818 814 4889 fragmentum
843 4813 1041 4867 Grmce
1063 4812 1126 4867 in
1148 4810 1466 4867 Philocaiia
1495 4828 1798 4868 conserva-

156 4910 280 4976 tum,
320 4915 374 4963 et
420 4901 776 4964 Cassiodori
804 4901 876 4957 de
908 4901 1145 4958 Ruffino
1172 4901 1496 4973 interprete
1528 4901 1792 4956 testimo-

156 4996 565 5054 nium.Pariter
597 4991 880 5050 homilias
908 4991 970 5047 in
1000 4991 1057 5048 S.
1082 4991 1294 5047 Lucam
1328 4990 1638 5062 scripsisse
1667 4990 1793 5047 Ori-

154 5100 335 5157 genem
362 5093 602 5143 certum
640 5087 754 5149 est,
805 5080 964 5152 quod
994 5086 1054 5137 et
1100 5096 1200 5136 eas
1231 5080 1356 5151 ipse
1386 5078 1589 5136 laudet
1616 5080 1793 5135 tomis

156 5188 201 5227 ιη
243 5177 551 5232 Μαιιθιίειιιη
583 5178 641 5228 et
667 5172 958 5238 Joannem,
1005 5173 1063 5224 et
1108 5173 1352 5223 testetur
1406 5167 1793 5239 Hieronymus

154 5263 215 5318 ad
235 5266 475 5322 Paulum
507 5270 571 5322 et
605 5259 1015 5317 Eustochium.
1057 5278 1077 5308 ι
1110 5259 1509 5325 Quamobrem
1537 5259 1789 5332 petistis,

154 5359 224 5417 ut,
251 5354 605 5427 contemptis
634 5348 977 5406 istiusmodi
1009 5348 1199 5422 nugis,
1221 5348 1431 5404 saltem
1463 5349 1704 5420 triginta
1734 5353 1792 5405 et

153 5456 335 5500 novem
354 5439 704 5501 Adamantii
725 5438 916 5494 nostri
939 5438 999 5493 in
1016 5438 1232 5494 Lucam
1249 5437 1707 5507 homilias,sicut
1727 5439 1790 5494 in

157 5531 325 5589 Graeco
344 5534 671 5595 habentur,
691 5529 1064 5599 interpreter.
1087 5548 1113 5577 η
1133 5528 1262 5600 Ipse
1281 5534 1481 5583 autem
1501 5527 1612 5582 hoc
1632 5544 1692 5583 se
1712 5528 1791 5583 fe-

150 5620 281 5678 cisse
300 5623 509 5681 asserit
535 5638 551 5687 ;
580 5618 869 5676 habemus
899 5616 1168 5689 Origcnis
1197 5616 1478 5673 homilias
1508 5634 1579 5672 ex
1608 5617 1791 5673 inter-

154 5712 455 5777 pretatione
484 5707 867 5780 Hieronymi,
900 5705 1055 5762 sicut
1076 5706 1139 5762 in
1168 5707 1368 5763 Graeco
1399 5704 1789 5763 habebantur.

1907 4724 2053 4773 aestu
2084 4717 2336 4789 agitatus
2357 4714 2697 4787 pontiﬁcem
2723 4716 3056 4769 Romanum
3087 4712 3434 4783 appellat,et
3452 4727 3559 4766 no-

1908 4807 1995 4863 vis
2025 4802 2540 4862 criminationibus
2586 4807 2830 4858 onustus
2855 4804 3100 4857 Romam
3133 4799 3553 4871 proficiscitur.

1905 4900 2034 4953 Mox
2088 4896 2151 4951 in
2201 4893 2424 4967 synodo
2486 4892 2856 4946 Antiochena
2905 4889 3210 4961 depositus
3241 4893 3351 4954 est,
3383 4888 3556 4958 eique

1905 4988 2185 5043 sutl‘ectus
2217 4982 2546 5056 Gregorius.
2584 4982 2648 5034 In
2692 4978 3009 5036 Occidente
3053 4978 3232 5049 igitur
3259 4993 3365 5049 per
3394 4993 3557 5032 com-

1903 5078 2100 5150 plures
2118 5092 2305 5132 annos
2330 5072 2619 5141 subsistit,
2642 5069 2741 5126 ubi
2765 5069 3237 5125 Eusebianorum
3268 5073 3370 5125 aut
3399 5068 3557 5123 fama

1896 5172 2003 5223 aut
2015 5183 2154 5222 cura
2167 5163 2333 5220 nulla
2362 5160 2698 5218 Serdicensi
2719 5158 2941 5232 synodo
2956 5157 3285 5225 interfuit,a
3299 5173 3416 5228 qua
3433 5173 3553 5212 suae

1903 5255 2027 5311 sedi
2050 5253 2381 5320 restitutus,
2406 5248 2828 5305 Alexandriam
2852 5253 3050 5303 tamen
3082 5246 3293 5301 reverti
3326 5245 3419 5299 vix
3450 5244 3552 5299 diu

1901 5350 2105 5418 postea
2123 5359 2301 5399 ausus
2324 5348 2413 5396 est
2437 5358 2449 5394 :
2485 5340 2673 5411 primo
2696 5339 2987 5405 Naissum,
3022 5336 3159 5393 dein
3191 5334 3548 5407 Aquileiam,

1902 5450 2137 5492 rursum
2166 5431 2385 5488 Gallias
2442 5435 2649 5501 postea
2703 5428 3077 5484 Antiochiam
3118 5424 3339 5499 petivit.
3374 5426 3549 5479 Post-

1901 5540 2076 5597 quam
2102 5522 2239 5578 illuc
2272 5522 2639 5592 pervenerat,
2663 5517 2982 5588 omniaque
3014 5518 3077 5572 in
3107 5512 3369 5572 Ecclesia
3397 5531 3552 5586 prte-

1899 5615 2059 5671 clare
2092 5612 2485 5682 disposuerat,
2518 5605 2780 5661 edictum
2828 5621 2933 5676 pro
2983 5603 3391 5661 dammatione
3423 5602 3553 5671 ejus

1901 5723 1936 5763 a
1965 5702 2307 5761 Constantio
2340 5699 2516 5756 exiit:
2547 5702 2604 5753 et
2669 5711 2799 5751 mox
2855 5695 3087 5767 Syriani
3121 5693 3384 5750 exercitu
3415 5693 3552 5748 Ale-
