3974 6296
396 356 500 418 191

1453 357 1518 418 S.
1567 353 1958 420 lGNA'l‘lUS.
2009 393 2083 406 -
2130 359 2740 426 PROLEGOMENA.

3686 364 3803 426 192

389 491 654 551 xandriee
675 507 991 568 oppressus
1030 491 1168 566 fuga
1197 491 1434 566 elapsus
1465 494 1574 560 est,
1606 496 1666 548 et
1696 491 2035 550 introducto
2065 495 2116 564 Α
2147 495 2300 552 tium
2319 501 2481 554 recte
2503 497 2836 570 scripsisse,
2864 517 2894 548 »
2923 499 3052 554 tum
3074 497 3252 554 etiam
3277 503 3332 552 et
3355 497 3525 561 alios,
3547 496 3650 568 qui
3685 494 3802 567 ipsi

392 585 726 658 Georgio,in
759 601 1024 642 eremum
1059 582 1427 641 secessitzubi
1459 583 1564 640 diu
1589 591 1854 642 versatus
1879 586 2037 643 et'.ab

391 676 652 732 hostium
691 676 881 732 oculis
913 676 1151 748 penitus
1176 679 1435 746 ereptus,
1451 675 1642 732 multa
1660 677 2036 750 conscripsit,

391 766 494 822 illa
523 765 876 838 praesertim,
898 765 958 820 in
987 765 1202 838 quibus
1234 763 1588 838 S.lgnatium
1611 765 2038 832 laudavit.Quis

389 857 517 929 jam
551 856 846 912 dubitabit
896 855 1286 912 Athanasium
1313 860 1417 911 aut
1447 855 1506 911 in
1531 855 1773 911 Historia
1801 855 2038 912 Eusebii

393 947 647 1002 multum
677 947 863 1002 fuisse
896 951 1212 1011 versatum,
1234 949 1557 1017 antequam
1587 946 1700 1001 ista
1729 945 2036 1014 scriberet,

391 1041 494 1090 aut
521 1053 591 1092 ex
623 1035 781 1090 illius
798 1034 1148 1092 auctoritate
1173 1033 1407 1090 dilectis
1430 1034 1552 1090 suis
1577 1035 1856 1092 fratribus
1876 1037 2041 1109 Igna-

393 1125 540 1180 tium
573 1123 993 1180 commendare
1025 1123 1278 1180 voluisse
1301 1123 1328 1178 ?
1358 1125 1472 1196 Ego
1503 1123 1745 1194 quidem
1772 1141 1886 1182 non
1933 1127 2041 1180 du-

393 1215 508 1270 bito
539 1213 699 1285 quin,
732 1229 865 1270 cum
901 1215 958 1270 S.
992 1215 1283 1286 Ignatium
1313 1214 1530 1278 citavit,
1565 1230 1688 1269 non
1719 1231 1792 1270 ex
1837 1221 2039 1271 aucto-

392 1303 566 1358 ritate
607 1303 868 1368 Eusebii,
903 1320 1035 1374 quas
1075 1304 1264 1358 sentio
1299 1319 1476 1374 quam
1507 1302 1686 1359 fuerit
1714 1305 1871 1376 apud
1901 1321 2040 1361 eum

394 1391 624 1462 exigua,
657 1393 764 1448 sed
809 1413 838 1442 ‹‹
871 1409 976 1464 pro
1009 1409 1116 1448 sua
1145 1392 1428 1464 singulari
1477 1392 1788 1464 sapientia,
1821 1393 1883 1449 id
1912 1411 2042 1467 pro-

395 1481 775 1551 nuntiaverit,
799 1481 958 1552 quod
989 1482 1117 1553 ipsa
1137 1485 1278 1537 tunc
1307 1483 1682 1554 apertissima
1711 1500 1805 1539 res
1834 1483 2042 1554 reique

397 1572 548 1627 ratio
579 1571 664 1626 illi
695 1571 994 1644 persuasit
1043 1593 1068 1620 »

465 1660 725 1716 Tandem
783 1677 918 1716 vero
977 1661 1366 1732 persentisco,
1425 1677 1608 1733 quare
1655 1677 1768 1717 non
1791 1679 2041 1732 peccasse

395 1751 782 1807 Athanasium
812 1749 1097 1824 largiatur
1117 1751 1401 1807 Dallaaus:
1429 1757 1698 1808 autumat
1727 1751 1886 1808 enim
1904 1769 2042 1809 eum

2145 587 2444 644 contraria
2464 589 2742 644 statuisse
2765 587 3116 645 verbotenus
3133 588 3469 654 videantur,
3495 587 3705 658 quidni
3737 590 3797 642 et

2142 675 2441 732 Nicasnam
2471 677 2785 748 synodum,
2836 681 2896 732 et
2941 677 3102 732 illam
3131 693 3262 746 quae
3297 675 3542 732 Paulum
3573 675 3801 730 conde-

2144 765 2388 834 mnavit,
2420 766 2803 824 admittamus
2824 766 2854 822 ?
2881 768 2952 824 Ut
3009 767 3097 821 illi
3157 767 3332 821 aliter
3361 763 3680 840 ἀγέννητον,
3716 765 3803 820 ita

2143 855 2234 911 has
2265 855 2436 912 aliter
2463 855 2758 927 ὁμοούσιον
2783 863 3158 928 acceperunt.
3192 855 3346 912 Nihil
3379 870 3641 924 unquam
3675 852 3801 908 dici

2144 946 2340 1018 potuit
2368 951 2472 1002 aut
2499 947 2572 1002 de
2601 963 2739 1002 vero
2779 953 2838 1002 et
2885 947 3216 1002 indubitate
3258 953 3499 1001 auctore
3530 944 3802 1014 epistolae

2145 1035 2561 1106 confidentius,
2595 1041 2696 1092 aut
2723 1036 2796 1092 de
2828 1036 2958 1108 ipso
3004 1037 3230 1109 lgnatio
3262 1035 3764 1090 honorificentius
3790 1049 3806 1090 :

2145 1126 2299 1182 nihil
2332 1125 2490 1197 quod
2540 1133 2844 1198 suspectam
2905 1143 2968 1182 ac
3019 1128 3299 1194 defensam
3325 1142 3359 1182 a
3387 1125 3607 1180 nostris
3631 1126 3808 1194 Igna-

2145 1217 2426 1272 tianorum
2480 1221 2670 1272 contra
2727 1215 3104 1272 dissentientes
3147 1215 3539 1271 auctoritatem
3572 1213 3806 1268 ﬁrmius

2147 1304 2413 1362 stabilire
2446 1305 2668 1378 possit;
2701 1306 2848 1376 quod
2877 1305 2980 1360 illa
3007 1306 3315 1360 doctissimi
3347 1303 3707 1369 ﬂammandi,
3739 1307 3810 1358 ut

2149 1395 2364 1452 Dallaeo
2391 1395 2642 1462 videtur,
2672 1411 2805 1451 sane
2831 1397 3146 1464 magniﬁca,
3179 1401 3244 1450 ut
3293 1393 3461 1460 mihi,
3495 1398 3553 1448 et
3582 1405 3720 1446 vera
3749 1395 3814 1446 et

2149 1485 2438 1552 modesta,
2459 1485 2630 1556 plane
2678 1487 3010 1556 signiﬁcant.
3061 1487 3190 1540 Post
3237 1483 3548 1547 Eusebium,
3583 1481 3804 1552 inquit,

2151 1575 2488 1630 Athanasius
2515 1577 2745 1645 Magnus
2773 1591 2932 1630 suum
2985 1575 3157 1630 etiam
3203 1575 3420 1644 Ignatio
3443 1577 3632 1627 nostro
3679 1569 3800 1640 cly-

2139 1681 2304 1736 peum
2339 1665 2602 1719 obtendit.
2631 1665 2748 1736 Ego
2779 1663 2932 1718 nihil
2982 1663 3044 1719 in
3089 1663 3182 1718 his
3227 1661 3418 1717 verbis
3447 1661 3809 1730 magnificum

2148 1755 2402 1826 reperio,
2436 1753 2552 1810 nisi
2581 1753 2732 1810 forte
2763 1753 2921 1825 quod
2951 1752 3344 1808 Athanasium
3367 1755 3580 1806 testem
3611 1749 3806 1804 citans

393 1841 805 1935 tantummodo
827 1861 864 1935 «_
879 1857 1098 1896 nomen
1113 1841 1271 1911 quod
1284 1841 1549 1912 epistola:
1571 1841 1965 1914 praeferebant
1984 1847 2044 1899 et
2073 1869 2120 1935 Β
2151 1860 2287 1900 eum
2313 1846 2577 1913 Magnum
2603 1848 2792 1912 vocat,
2825 1843 2926 1913 qui
2958 1841 3166 1898 titulus
3213 1841 3304 1896 illi
3357 1856 3591 1912 semper
3621 1837 3808 1894 ascri-

392 1930 550 2002 apud
570 1930 939 1986 adversarios
951 1936 1258 2003 receptum
1282 1952 1311 1982 »
1335 1931 1825 1998 erat,retinuisse:
1843 1949 1910 1988 eo
1934 1933 2044 1990 sci-

400 2019 541 2077 licet
569 2020 772 2090 modo,
799 2037 915 2092 quo
942 2021 1270 2077 Salmasius
1327 2025 1386 2078 et
1441 2021 1778 2079 Blondellus
1830 2023 2042 2096 Ignatii

398 2109 645 2166 nomine
674 2109 770 2166 usi
801 2113 960 2176 sunt,
991 2115 1052 2164 et
1081 2109 1362 2181 epistolas
1392 2110 1827 2184 citarunt;quas
1841 2117 2042 2168 tamen

399 2199 587 2267 fictas,
623 2199 874 2270 spurias,
907 2198 1316 2271 supposititias
1355 2203 1414 2254 et
1440 2199 1672 2272 ineptas
1701 2201 1992 2273 putabant
2023 2217 2038 2257 :

400 2285 652 2358 proinde
701 2285 924 2358 lgnatio
967 2291 1170 2342 nostro
1220 2285 1495 2359 clypeum
1523 2304 1646 2343 non
1677 2287 2040 2358 obtendisse,

407 2373 637 2430 nullam
669 2373 932 2444 epistolis
963 2373 1091 2445 ejus
1121 2375 1534 2431 auctoritatem
1562 2368 1864 2433 tribuisse.
1899 2378 2042 2435 Mira

403 2464 648 2536 quidem
693 2463 821 2519 haec
872 2470 1032 2532 sunt,
1065 2470 1124 2520 et
1154 2481 1286 2537 quas
1315 2481 1350 2520 a
1395 2465 1656 2535 nemine,
1707 2472 1774 2522 ut
1801 2467 2032 2538 opinor,

395 2553 717 2628 Ignatianis
737 2553 826 2610 vel
846 2553 1424 2622 infensissimo,ferri
1451 2561 1719 2628 possunt.
1744 2557 2040 2628 Quidquid

402 2643 506 2699 ille
537 2643 610 2698 de
643 2643 739 2700 SS.
770 2644 1046 2700 Patribus
1067 2645 1344 2711 senserit,
1376 2661 1498 2702 non
1544 2652 1704 2702 certe
1742 2647 1804 2701 in
1834 2648 1944 2703 hac
1975 2664 2040 2704 re

397 2733 454 2788 S.
492 2732 846 2788 Athanasius
877 2733 950 2789 ad
985 2750 1121 2790 eum
1154 2735 1416 2802 modum,
1453 2751 1569 2807 quo
1623 2735 1947 2792 Salmasius
1983 2741 2044 2793 et

393 2821 758 2891 Blondellus,
790 2821 1074 2893 loquitur.
1110 2823 1299 2879 Verba
1332 2841 1402 2880 ex
1453 2825 1708 2896 epistola
1745 2826 1872 2896 ejus
1903 2842 2042 2896 pro-

394 2911 700 2980 ducturus,
731 2912 813 2968 ita
851 2912 1174 2984 praefatur:
1235 2911 1480 2986 Ιγνάτιος
1530 2916 1620 2967 οὖν
1661 2914 1691 2968 ὁ
1728 2914 1866 2968 κατὰ
1911 2913 2040 2977 τοὺς

399 2998 742 3061 ἀποστόλους
795 2997 850 3054 ὲν
909 2998 1219 3076 Ἀντιοχείᾳ
1295 3001 1646 3066 κατασταθεὶς
1721 2999 2038 3071 ἐπίσκοπος,

392 3085 482 3144 καὶ
517 3087 719 3164 μάρτυς
749 3093 847 3144 τοῦ
878 3090 1112 3162 Χριστοῦ
1142 3089 1454 3166 γενόμενος,
1509 3091 1732 3168 γράφων
1779 3091 1902 3165 περὶ
1943 3095 2040 3148 τοῦ

397 3177 600 3251 Κυρίου
651 3177 888 3254 εἴρηκεν.
947 3202 974 3230 ‹‹
1009 3181 1268 3252 lgnatius
1311 3181 1490 3254 igitur
1543 3186 1680 3254 post
1733 3181 2036 3254 apostolos

393 3237 720 3325 Antiochia;
751 3237 1107 3325 constitutus
1135 3237 1792 3342 episcopus,et‘martyr
1818 3237 2034 3328 Christi
2075 3237 2118 3304 ο

390 3361 602 3428 factus,
631 3359 896 3414 scribens
926 3359 1000 3414 de
1031 3359 1280 3416 Domino
1311 3360 1477 3416 dixit.

463 3449 684 3504 Asserit
701 3448 877 3522 igitur
887 3465 1023 3504 eum
1036 3449 1206 3521 cujus
1221 3467 1322 3506 sen
1333 3455 1428 3508 ten
1437 3451 1472 3505 ti
1481 3451 1862 3509 amfratribus
1873 3469 2036 3508 com-

395 3539 806 3594 municaturus
837 3543 1143 3606 esset,non
1173 3540 1708 3612 impostorem,non
1735 3542 2036 3615 vulgarem

395 3629 678 3699 aliquem,
701 3633 804 3683 aut
831 3645 861 3683 θ
889 3628 1060 3684 trivio
1090 3629 1571 3702 scriptorem,sed
1589 3631 1780 3688 virum
1802 3637 2036 3703 aposto-

399 3719 662 3788 licum,et
687 3718 846 3790 quod
878 3719 1070 3791 majus
1101 3719 1325 3791 aliquid
1357 3725 1468 3787 est,
1493 3721 1901 3790 Antiochense,
1925 3724 2036 3779 hoc

397 3816 506 3874 est,
539 3809 923 3882 amplissimae
961 3810 1240 3868 Ecclesiae
1267 3812 1700 3885 episcopum,et
1727 3815 1886 3886 quod
1907 3831 2038 3871 ma-

397 3901 624 3956 ximum
658 3905 765 3966 est,
789 3907 1113 3972 martyrem
1135 3902 1352 3958 Christi
1383 3903 1588 3959 fuisse.
1631 3905 1696 3960 In
1726 3903 1828 3961 illa
1855 3921 2038 3976 quam

397 4005 466 4046 ex
524 3991 746 4061 Ignatio
803 3990 1046 4047 adducit
1102 3991 1420 4062 sententia,
1479 3991 1744 4049 Christus
1823 3993 2040 4050 dicitur

401 4076 710 4155 ἀγέννητος,
758 4081 861 4136 sed
911 4081 1058 4136 alios
1087 4085 1221 4152 post
1277 4083 1570 4155 Ignatium
1606 4082 1782 4138 aliter
1808 4082 2038 4140 locutos

402 4188 528 4228 esse
563 4169 842 4237 ostendit,
899 4163 954 4222 ἓν
980 4168 1042 4222 τὸ
1089 4167 1378 4243 ἀγέννητον
1413 4169 1442 4223 ὁ
1477 4171 1686 4245 Ηατήρ.
1718 4173 1864 4228 Tum
1894 4189 2032 4230 vero

398 4266 634 4332 quantm
665 4259 1033 4314 auctoritatis
1055 4261 1310 4332 lgnatius
1339 4260 1495 4332 apud
1517 4277 1579 4339 se
1599 4261 2040 4334 fuerit,quantaa

401 4348 552 4420 apud
583 4349 792 4403 fratres
821 4363 959 4402 suos
981 4351 1040 4404 et
1068 4347 1315 4404 dilectos
1337 4365 1466 4404 esse
1487 4349 1760 4406 debuerit
1786 4353 2041 4423 apertis-

403 4439 550 4494 sime
577 4437 947 4494 demonstrat
1003 4435 1068 4490 El
1105 4435 1198 4508 μὶν
1227 4433 1337 4504 οὖν,
1372 4438 1586 4508 inquit,
1626 4437 1717 4492 καὶ
1745 4439 1884 4513 πρὸς
1910 4439 2040 4494 τού-

397 4545 525 4587 τους
585 4523 834 4584 ἐναντίως
891 4520 1226 4596 διακείμεθα,
1283 4521 1422 4580 ἔστω
1468 4525 1556 4579 καὶ
1605 4526 1742 4598 πρὸς
1783 4525 2042 4593 συνόδους

2149 1937 2287 2006 ptus
2335 1949 2496 1989 nunc
2542 1931 2723 1988 nimis
2771 1931 3132 1988 honoriﬁcus
3179 1929 3451 1996 videtur;
3501 1935 3604 1985 aut
3643 1925 3812 2000 quod

2149 2023 2446 2094 Ignatium
2474 2027 2728 2078 nostrum
2756 2020 3035 2094 appellat,
3065 2036 3245 2092 quem
3277 2025 3479 2075 tamen
3508 2019 3598 2073 illi
3627 2033 3808 2074 suum

2151 2128 2280 2169 esse
2312 2111 2546 2168 nolunt.
2578 2113 2723 2167 Nam
2754 2110 2914 2181 quod
2949 2109 3332 2178 Athanasius,
3366 2109 3414 2164 si
3446 2124 3648 2164 revera
3677 2123 3812 2162 ma-

2149 2219 2298 2276 gnus
2328 2203 2426 2270 sit,
2457 2201 2682 2272 Ignatio
2713 2204 2940 2267 nostro,
2963 2200 3013 2256 si
3037 2205 3244 2256 noster
3271 2198 3390 2254 dici
3419 2197 3606 2270 possit
3624 2212 3812 2266 quem

2147 2308 2257 2348 nos
2280 2282 2676 2358 defendimus,
2691 2289 3100 2346 testimonium
3129 2305 3302 2344 suum
3327 2289 3538 2344 oﬁerat
3555 2292 3612 2342 et
3633 2283 3813 2356 quasi

2147 2383 2396 2450 clypeum
2419 2380 2681 2434 obtendat
2705 2378 2988 2436 adversus
3008 2377 3332 2434 hodiernos
3353 2376 3559 2450 Ignatii
3581 2377 3813 2446 hostes,

2148 2471 2351 2544 negari
2377 2486 2498 2525 non
2529 2474 2728 2541 potest
2797 2469 3063 2539 Clypeum
3105 2483 3266 2524 suum
3308 2465 3652 2522 obtendisse
3684 2465 3815 2521 vult

2150 2561 2326 2616 etiam
2361 2559 2447 2614 vir
2477 2557 2880 2627 doctissimus,
2933 2557 3036 2612 sed
3084 2558 3330 2620 veritati,
3379 2571 3501 2612 non
3534 2555 3809 2628 Ignatio;

2149 2650 2253 2706 sed
2283 2654 2492 2705 contra
2515 2650 2856 2706 Arianorum
2877 2649 3005 2716 tela,
3029 2663 3151 2702 non
3173 2651 3382 2702 contra
3410 2647 3608 2700 hostes
3633 2646 3810 2716 lgna-

2149 2740 2237 2795 tii.
2273 2741 2346 2794 At
2374 2737 2674 2810 quomodo
2703 2737 2938 2793 veritati
2971 2744 3111 2792 tunc
3153 2735 3478 2792 obtendere
3509 2734 3721 2805 potuit,
3758 2735 3812 2789 si

2149 2847 2308 2887 nunc
2340 2829 2684 2903 Ignatianis,
2715 2828 2954 2900 quando
2979 2829 3042 2884 in
3071 2827 3318 2882 dubium
3347 2833 3650 2882 vocantur.
3687 2841 3818 2880 non

2151 2919 2479 2977 obtendat?
2509 2920 2734 2976 Veritas
2765 2919 2978 2974 Christi
3003 2918 3394 2988 impostorum
3427 2932 3538 2987 cpe
3566 2931 3686 2970 non
3719 2915 3815 2970 in-

2149 3011 2344 3084 diget:
2407 3027 2599 3082 neque
2657 3009 3004 3081 apistolicus
3061 3009 3319 3080 lgnatius
3366 3013 3426 3061 et
3463 3023 3568 3078 pro
3601 3006 3818 3076 clypeo

2149 3117 2281 3157 esse
2309 3101 2521 3173 potuit,
2543 3099 2656 3154 nisi
2679 3104 2738 3154 et
2768 3099 2867 3155 ille
2893 3115 3066 3154 verus
3087 3105 3266 3159 esset,
3291 3095 3660 3168 apostolicus
3691 3095 3818 3150 sei-

2148 3189 2310 3257 licet,
2343 3195 2402 3244 et
2429 3189 2765 3260 episcopus,
2801 3193 2860 3244 et
2903 3192 3144 3258 martyr.
3179 3192 3243 3241 ut
3283 3201 3418 3241 eum
3451 3183 3821 3240 Athanasius

2147 3279 2448 3336 describit.
2469 3277 2637 3344 Quod
2667 3282 2867 3334 autem
2899 3278 3103 3349 clypeo
3128 3277 3239 3332 hoc
3261 3291 3434 3332 usum
3457 3273 3582 3329 vult
3601 3279 3826 3330 contra

2148 3371 2486 3425 Arianorum
2515 3367 2644 3435 tela,
2674 3367 2856 3440 plane
2883 3366 3098 3422 falsum
3145 3371 3252 3421 est.
3280 3363 3505 3435 Saepius
3526 3363 3818 3421 adversus

2148 3455 2392 3512 Arianos
2423 3455 2690 3526 disputat
2717 3454 2790 3510 de
2821 3471 2962 3510 voce
2991 3450 3318 3528 ἀγὲννητος,
3357 3465 3666 3522 nunquam
3697 3465 3812 3505 au-

2144 3551 2266 3602 tem
2295 3546 2360 3600 in
2391 3561 2462 3601 ea
2483 3561 2550 3601 re
2579 3545 2923 3601 testimonio
2955 3543 3166 3616 Ignatii
3197 3543 3406 3598 utitur.
3441 3542 3511 3596 Et
3535 3539 3814 3596 oratione

2145 3641 2356 3694 contra
2384 3635 2631 3691 Arianos
2661 3633 2948 3698 secunda,
3000 3634 3170 3688 docet
3201 3650 3303 3688 eos
3335 3647 3467 3688 eam
3497 3647 3701 3686 vocem
3733 3629 3816 3686 ab

2147 3726 2399 3782 ethnicis
2429 3725 2718 3786 hausisse,
2751 3727 2810 3780 et
2839 3723 3088 3796 opponit
3115 3721 3239 3777 illis
3269 3721 3568 3778 Asterium
3603 3736 3819 3792 suum,

2098 3853 2100 3855 ›
2145 3815 2377 3870 Arianm
2399 3815 2696 3870 haereseos
2718 3812 3096 3868 defensorem
3116 3811 3260 3882 (non
3273 3808 3815 3880 autemlgnatium)

2147 3905 2248 3978 qui
2297 3902 2486 3980 σοφίαν
2545 3905 2640 3956 τοῦ
2695 3905 2830 3958 Θεοῦ
2887 3900 3178 3975 ἀγέννητον
3242 3901 3492 3969 dixerat,
3534 3897 3812 3970 quamvis

2145 3995 2302 4051 idem
2333 3993 2514 4050 etiam
2543 3988 2597 4047 ἔν
2625 3990 2757 4046 εἶναι
2796 3992 2860 4046 τὸ
2915 3989 3201 4064 ἀγέννητον
3235 3990 3607 4046 asseruisset.
3639 3989 3711 4042 Et
3738 3987 3813 4044 in

2148 4083 2398 4156 epistola
2417 4083 2490 4139 de
2511 4080 2722 4155 synodi
2750 4081 3002 4137 Nicmnaa
3025 4081 3286 4149 decreto,
3311 4085 3518 4135 contra
3537 4077 3654 4134 alia
3671 4075 3812 4132 Arii

2147 4174 2423 4248 dogmata
2450 4172 2786 4245 Origenem,
2819 4177 3139 4242 utrumque
3170 4170 3516 4242 Dionysium
3538 4174 3597 4224 et
3615 4167 3816 4223 Theo-

2147 4269 2422 4338 gnostum
2453 4262 2630 4330 citat;
2667 4261 2956 4335 lgnatium
2996 4276 3191 4331 neque
3214 4259 3496 4315 adversus
3527 4257 3658 4324 ista,
3691 4271 3817 4312 ne—

2150 4369 2265 4425 que
2295 4350 2364 4408 in
2389 4351 2788 4424 disputatione
2819 4351 2892 4407 de
2923 4367 3060 4406 voce
3091 4347 3495 4422 ἀγέννητος,ίίθ
3525 4363 3643 4418 qua
3669 4345 3815 4403 fuse

2149 4442 2536 4516 agit,omnino
2552 4440 2936 4498 nominat.Ad
2961 4440 3176 4495 fratres
3197 4443 3429 4494 tantum
3454 4442 3514 4492 et
3529 4435 3818 4507 dilectos,

2152 4537 2210 4589 et
2237 4532 2432 4590 eidem
2457 4548 2594 4589 cum
2623 4532 2752 4602 ipso
2775 4530 3059 4586 doctrina)
3081 4529 3156 4584 de
3177 4533 3392 4585 natura
3412 4525 3628 4581 Christi
3658 4540 3816 4580 con-

398 4617 535 4688 ἡμῖν
561 4615 594 4682 ἡ
633 4615 858 4688 nixum
887 4614 944 4669 Si
960 4613 1210 4688 igituret
1239 4614 1332 4672 his
1360 4615 1846 4684 adversamur,sit
1863 4619 2036 4678 nobis
2065 4611 2114 4678 Β
2148 4622 2493 4692 sentientes,
2527 4620 2873 4678 auctoritate
2919 4619 3128 4692 Ignatii
3178 4618 3405 4674 utitur:
3438 4631 3631 4686 neque
3662 4619 3816 4671 tan-

400 4707 576 4762 etiam
601 4704 878 4760 adversus
901 4703 1157 4775 synodos
1178 4705 1456 4777 pugna.Si
1473 4706 1689 4762 horum
1719 4710 2046 4768 sententias

402 4811 522 4850 non
545 4793 923 4865 recipiamus,
950 4793 1000 4847 si
1032 4793 1103 4849 de
1135 4809 1340 4850 earum
1371 4795 1724 4852 auctoritate
1755 4801 1860 4852 aut
1891 4801 2044 4856 veri-

405 4891 520 4942 tate
575 4884 941 4952 dubitemus,
973 4881 1021 4938 si
1079 4884 1262 4941 tantis
1323 4885 1597 4940 Patribus
1652 4886 2040 4961 refragemur,

405 4978 685 5032 adversus
709 4975 884 5030 etiam
918 4975 1176 5046 synodos
1206 4989 1373 5030 arma
1403 4991 1728 5045 sumamus,
1760 4978 1852 5034 vel
1873 4979 2042 5037 illam

403 5083 532 5139 quae
565 5067 814 5121 Paulum
863 5065 1338 5130 Samosatenum,
1371 5065 1462 5120 vel
1493 5066 1646 5122 hanc
1671 5067 1875 5138 etiam,
1911 5088 2040 5142 quae

402 5156 604 5211 Arium
659 5154 1097 5224 condemnavit,
1155 5169 1530 5226 respuamus,
1601 5158 2042 5218 conculcemus.

398 5245 564 5302 Haud
596 5244 754 5300 enim
785 5260 1008 5300 renuo:
1034 5259 1228 5314 neque
1251 5245 1446 5316 major
1465 5245 1611 5301 mihi
1643 5253 1862 5317 est,aut
1877 5249 2042 5307 vobis

403 5353 527 5393 esse
559 5334 972 5407 debet,harum
997 5333 1548 5407 synodorumquam
1572 5353 1780 5394 eorum
1801 5339 2042 5396 Patrum

401 5428 740 5485 auctoritas.
807 5424 874 5482 Ei
930 5421 990 5477 δὲ
1033 5424 1136 5491 τήν
1185 5419 1235 5477 ἐν
1265 5424 1486 5498 Χριστῷ
1533 5423 1714 5480 πίστιν
1743 5425 1923 5483 αὐτῶν
1953 5447 2043 5504 γι·-

401 5519 702 5580 νώσκοντες
759 5515 1097 5589 πεπείσμεθα
1152 5511 1234 5568 ὅτι
1283 5513 1373 5570 καὶ
1425 5515 1455 5570 ὁ
1489 5515 1754 5592 μακάριος
1779 5517 2044 5592 Ἰγνάτιος

406 5611 582 5684 ὀρθῶς
609 5605 871 5686 ἔγραψε.«
902 5607 964 5663 Si
996 5611 1197 5664 autem
1228 5623 1436 5663 eorum
1460 5607 1523 5663 in
1552 5608 1784 5664 Christo
1817 5609 1932 5666 ﬁde
1951 5626 2048 5668 co-

404 5707 773 5776 gnosccntes,
800 5714 1147 5774 persuasum
1181 5697 1472 5754 habemus
1487 5703 1610 5754 tum
1623 5699 1860 5755 beatum
1875 5701 2043 5772 lgna-

2153 4728 2330 4784 quam
2360 4709 2648 4783 scriptoris
2675 4708 2888 4780 alioqui
2922 4707 3102 4770 dubii,
3137 4706 3242 4764 sed
3293 4712 3352 4762 et
3380 4703 3538 4778 apud
3567 4719 3692 4768 eos,
3725 4703 3816 4761 ad

2153 4819 2302 4874 quos
2323 4801 2659 4872 scripserat,
2688 4799 2933 4870 recepti,
2961 4802 3020 4852 et
3047 4797 3119 4852 ab
3153 4797 3284 4869 ipso
3305 4794 3500 4850 modis
3520 4792 3815 4851 omnibus

2153 4891 2366 4956 ornati,
2399 4905 2592 4962 neque
2651 4905 2786 4945 cum
2845 4888 2958 4944 ista
3023 4886 3330 4946 scriberet,
3363 4901 3398 4939 α
3427 4883 3708 4954 quopiam
3739 4883 3822 4942 in

2155 4981 2401 5037 dubium
2430 4979 2638 5036 vocati.
2671 4979 2963 5044 Quorsum
3009 4977 3190 5050 igitur
3231 4974 3330 5031 hic
3359 4971 3715 5030 Salmasium
3747 4977 3823 5032 et

2155 5069 2529 5127 Blondellum
2561 5069 2824 5137 advocat,
2874 5067 3042 5140 quasi
3095 5065 3222 5140 pari
3275 5064 3451 5122 modo
3505 5061 3818 5136 Ignatium

2155 5159 2529 5232 epistolicum
2561 5159 2865 5223 citassent,
2893 5172 3068 5227 quem
3102 5154 3371 5227 spurium
3401 5157 3462 5209 et
3489 5151 3823 5224 suppositi-

2155 5250 2304 5305 tium
2336 5247 2758 5305 crediderunt?
2790 5247 2913 5304 Imo
2943 5263 3125 5316 quare
3175 5244 3356 5300 etiam
3411 5242 3588 5298 simul
3619 5242 3816 5298 Ham—

2154 5338 2753 5408 mondum,tanquam
2779 5357 2806 5387 ιι
2833 5337 3064 5392 tristem
3085 5341 3142 5390 et
3163 5349 3455 5396 severum,
3471 5332 3816 5402 etjoculari

2155 5427 2802 5492 animadversione,imo
2815 5427 2954 5500 joco
2975 5433 3093 5481 tam
3117 5424 3304 5481 diluto
3322 5429 3498 5494 atque
3517 5424 3689 5497 longe
3712 5441 3820 5496 pe-

2155 5518 2262 5574 tito
2280 5538 2307 5566 »
2319 5523 2582 5574 utentem
2596 5515 2868 5589 suggillet
2879 5513 3060 5580 ?Quid
3072 5531 3208 5570 vero
3223 5519 3311 5570 est
3323 5513 3481 5584 quod
3500 5514 3823 5573 Hammon-

2154 5607 2318 5674 dum,
2347 5607 2540 5663 virum
2597 5621 2739 5662 sane
2769 5605 3066 5676 optimum
3096 5603 3653 5675 doetissimumque,
3684 5608 3820 5666 tam

2155 5695 2374 5753 tristem
2403 5701 2457 5750 et
2482 5710 2731 5752 severum
2758 5693 2942 5750 fuisse
2972 5692 3210 5764 arguit?
3247 5692 3382 5763 quis
3412 5691 3534 5762 ille,
3568 5694 3820 5771 amabo,
