3974 6296
194 430 306 491 193

913 428 970 488 J.
1015 424 1451 490 PEARSONII
1496 423 1863 488 VINDICIE

1976 423 2397 485 ὶΝΑἸῚΛΝΑΞ.
2444 457 2519 468 --
2563 427 2764 486 PARS
2810 427 2856 486 l.

3503 430 3618 492 194

184 568 342 637 jocus
390 570 513 620 tam
570 563 782 619 dilatus
829 567 1069 634 tamque
1115 564 1274 633 longe
1315 567 1528 633 petitus
1554 563 1582 616 ?
1629 562 1850 632 Nempe

1976 556 2235 630 ίμαρτίαν
2262 554 2451 636 ’ἔφησε
2476 583 2504 612 ι(
2534 560 2632 615 Vir
2653 559 2896 632 quidam
2922 565 3163 619 sanctus
3182 562 3243 617 id
3270 561 3437 632 dixit,
3461 565 3620 635 quod

194 656 419 728 putavit
448 654 831 721 Salmasium,
865 653 965 724 qui
997 659 1119 708 tam
1151 652 1311 709 varie
1332 652 1406 707 de
1436 651 1662 724 Ignatio
1693 650 1858 705 locu-

197 754 285 801 tus
314 751 427 812 est,
479 749 744 799 mentem
800 750 1110 811 mutasse;
1167 742 1327 812 quod
1375 744 1476 813 qui
1528 738 1860 796 Satmasium

195 839 342 891 novit
372 851 487 889 non
511 834 680 902 facile
709 834 915 889 credet.
940 831 1091 897 Quid
1112 832 1293 899 igitur
1309 832 1336 886 ?
1361 846 1561 886 annon
1577 828 1858 885 Claudius

196 925 500 981 Sarravius
531 927 773 978 senator
817 921 1186 990 Parisiensis,
1232 922 1399 976 novit
1454 917 1862 976 Salmasium?

195 1032 392 1070 nonne
415 1012 551 1083 ejus
579 1012 785 1068 omnia
806 1011 1130 1067 admiratus
1157 1016 1269 1078 est,
1303 1015 1363 1065 et
1383 1010 1682 1082 praecipue
1712 1007 1860 1064 illud

197 1120 339 1175 Opus
363 1103 438 1157 de
461 1099 727 1173 primatu
754 1116 943 1172 papas,
973 1099 1067 1155 cui
1088 1100 1202 1154 hoc
1228 1098 1484 1170 elogium
1516 1096 1856 1169 inscripsit:

196 1194 255 1248 Si
304 1206 514 1262 pergas
579 1192 702 1245 istis
758 1190 1029 1245 machinis
1089 1189 1286 1244 Urbem
1341 1194 1650 1254 concutere,
1713 1186 1863 1241 brevi

200 1298 335 1339 sum
363 1297 507 1337 suo
540 1297 575 1334 Α
608 1295 845 1335 summa
875 1270 1074 1333 non?
1102 1280 1173 1333 Et
1216 1283 1416 1334 tamen
1448 1293 1716 1332 summus
1766 1275 1863 1332 hic

206 1371 476 1428 Salmasii
494 1370 725 1424 amicus
737 1372 915 1439 atque
936 1368 1279 1430 fautor.non
1296 1366 1515 1422 veritus
1536 1373 1625 1421 est
1642 1388 1670 1415 «
1692 1365 1863 1420 istius

206 1460 454 1517 Veneris
476 1473 723 1529 carpere
752 1455 1245 1511 sandalium.Non
1265 1456 1476 1528 placet,
1491 1453 1865 1525 inquit,quod

213 1566 277 1606 ea
294 1551 670 1620 inapparatu
692 1545 917 1618 culpes,
945 1562 1078 1616 quae
1101 1545 1161 1599 in
1184 1545 1314 1616 ipso
1340 1560 1517 1616 opere
1549 1544 1865 1599 laudas.De

209 1638 532 1712 lgnatianis
550 1633 819 1707 epistolis
841 1634 1132 1706 intelligo,
1157 1651 1306 1707 quas
1336 1634 1399 1689 in
1428 1639 1733 1706 apparatu,
1765 1632 1867 1704 qui

207 1729 367 1801 prior
396 1726 643 1798 legitur,
676 1724 891 1779 merito
920 1727 1022 1789 τῆς
1050 1726 1264 1785 νοθείας
1284 1722 1560 1789 revincis,
1584 1727 1644 1777 et
1670 1726 1869 1777 tamen

216 1833 419 1874 earum
436 1813 793 1871 auctoritate
817 1811 1169 1884 saepiuscule
1188 1812 1376 1868 uteris
1391 1810 1562 1882 quasi
1584 1810 1870 1877 essentia-

204 1907 445 1979 gitimaa,
467 1920 582 1959 nec
605 1901 813 1958 titulus
836 1907 1139 1958 auctorem
1159 1900 1535 1957 mentiretur.
1554 1899 1771 1955 Saltem
1795 1899 1869 1955 de

208 1999 318 2053 ista
348 2003 452 2050 tua
475 1993 792 2049 sententiae
816 1991 1145 2047 mutatione
1164 1991 1390 2062 aliquid
1406 1991 1797 2063 signiﬁcasses
1813 2010 1865 2047 η.

205 2086 484 2141 Judicent
499 2083 627 2155 jam
657 2081 873 2137 eruditi
897 2096 974 2137 an
995 2080 1424 2148 Hammondus,
1457 2097 1534 2136 an
1564 2080 1868 2136 Sarravius

208 2172 451 2229 mollius
485 2170 780 2241 carpserit
808 2169 981 2224 istius
1010 2167 1259 2224 Veneris
1298 2167 1634 2224 sandalium
1664 2183 1676 2222 :
1710 2167 1868 2222 inte-

207 2264 316 2317 rim
350 2259 797 2316 Hammondum
828 2258 1144 2313 absolvunt
1170 2257 1530 2314 Athanasius
1559 2262 1619 2313 et
1666 2257 1866 2313 Sarra-

205 2354 349 2409 vius.
396 2350 612 2406 Nullus
670 2349 960 2420 impostor
1006 2347 1327 2404 Eusebium
1377 2347 1616 2419 delusit,
1667 2344 1868 2403 nullus

203 2441 500 2497 Eusebius
530 2437 947 2494 Athanasium.

854 2566 1087 2623 CAPUT
1124 2564 1217 2621 IX.

205 2677 545 2735 Testimonia
571 2675 631 2731 S.
666 2673 1039 2744 Chrysostomi
1065 2673 1133 2728 ab
1164 2672 1566 2745 objectionibus
1580 2673 1865 2745 uindican-

265 2757 385 2805 tur.
424 2749 675 2803 Primum
701 2748 761 2800 in
787 2743 1124 2816 panegyrico
1153 2743 1485 2814 ex’epistola
1534 2744 1608 2799 ad
1662 2746 1866 2799 Roma-

269 2836 395 2876 nos.
430 2817 859 2888 Chrysostomns
903 2817 1159 2887 epistolas
1196 2817 1405 2885 Ignatii
1431 2831 1528 2870 nec
1560 2817 1862 2888 ignoravit,

262 2907 367 2948 nec
399 2886 751 2959 contempsit.
781 2886 1122 2945 Sententiam
1167 2903 1281 2959 non
1323 2904 1392 2942 ea:
1439 2886 1617 2951 Actis,
1665 2888 1759 2959 sed
1797 2904 1866 2942 ea:

260 2964 506 3034 epistola
520 2958 817 3034 excerpsit.
853 2958 1639 3034 Cyprianusaﬂlirysostomo
1664 2958 1865 3034 tamta-

264 3030 377 3091 tizs.
405 3032 723 3090 Secundum
750 3048 819 3086 ea:
838 3032 1074 3103 epistola
1100 3032 1175 3085 ad
1220 3031 1609 3103 Polycarpum.
1648 3030 1862 3103 oratio,

263 3108 423 3178 quod
450 3120 597 3161 unus
624 3105 787 3178 sit‘V.
819 3101 973 3178 etAf.
1039 3101 1371 3178 Testamenti
1420 3109 1634 3178 auctor,
1664 3101 1862 3178 _§'hry_-_

264 3173 511 3234 sostomo
550 3174 866 3231 ascribitw'.
925 3173 1269 3245 Conjecturis
1315 3174 1517 3229 Savzlii
1563 3180 1617 3227 et
1664 3174 1864 3228 Usserii

268 3249 666 3319 respondetur.

264 3358 400 3411 Duo
433 3353 783 3411 testimonia
805 3370 834 3409 e
860 3353 912 3407 S.
940 3353 1357 3425 Chrysostomo
1384 3351 1864 3417 eduximus,licet

200 3447 453 3503 Dallzeus
487 3444 927 3501 Hammondum
960 3443 1182 3509 laudet,
1238 3443 1397 3515 quod
1444 3443 1605 3498 hunc
1651 3448 1865 3499 testem

199 3535 475 3591 omiserit
501 3552 517 3600 ;
551 3533 692 3589 ctin
725 3550 792 3587 eo
818 3532 1070 3588 maxime
1092 3532 1436 3605 triumphet,
1456 3532 1614 3603 quod
1637 3532 1697 3586 in
1714 3549 1864 3603 pras-

197 3624 349 3681 clara
384 3624 684 3689 oratione,
710 3639 889 3694 quam
913 3621 984 3676 de
1017 3622 1300 3693 martyrio
1324 3622 1379 3677 S.
1404 3621 1614 3692 Ignatii
1631 3621 1862 3689 habuit,

195 3714 588 3787 epistolamm
624 3712 756 3784 ejus
786 3711 1022 3767 nullam
1052 3712 1422 3768 mentionem
1443 3710 1680 3771 fecerit:
1703 3708 1868 3766 inde-

194 3820 306 3875 que
339 3803 612 3874 colligat,
644 3806 749 3855 aut
778 3816 913 3855 eum
946 3799 1077 3856 illas
1109 3801 1435 3875 ignorasse.
1468 3798 1629 3872 quod
1661 3798 1867 3853 verisi-

204 3894 344 3948 mile
369 3909 494 3947 non
523 3897 642 3957 est;
667 3896 769 3946 aut
799 3888 1408 3962 contempsisse,quod
1430 3889 1626 3961 potius
1642 3888 1865 3960 ample-

200 3984 407 4047 ctitur,
442 3979 716 4050 adeoque
745 3980 952 4051 lgnatii
983 3995 1117 4034 vere
1141 3994 1271 4035 esse
1301 3995 1421 4035 non
1460 3983 1718 4051 putasse.
1753 3979 1866 4033 Nos

201 4080 402 4128 autem
422 4070 919 4127 dissertissimam
935 4068 1288 4124 sententiam
1307 4067 1868 4139 adduximus,quam

204 4166 672 4234 Chrysostomus
704 4161 767 4216 in
800 4160 903 4215 illa
934 4161 1061 4232 ipsa
1092 4160 1361 4215 oratione
1393 4176 1465 4215 ex
1514 4158 1767 4232 epistola
1795 4157 1869 4213 ad

205 4256 512 4311 Romanos
537 4250 940 4322 transcripsit;
977 4265 1168 4321 neque
1201 4250 1381 4321 igitur
1404 4265 1535 4304 eam
1560 4249 1867 4320 ignoravit,

200 4358 395 4414 neque
430 4339 838 4411 contempsit;
873 4340 992 4393 imo
1017 4356 1123 4411 pro
1153 4354 1287 4393 vere
1312 4337 1615 4409 lgnatiana
1639 4337 1866 4405 habuit,

205 4432 383 4487 aliter
412 4445 732 4500 nunquam
787 4429 849 4482 in
899 4427 1181 4501 panegyri
1232 4427 1409 4482 verba
1459 4427 1588 4499 ejus
1635 4427 1873 4482 recitas-

205 4525 311 4575 set.
346 4521 541 4591 Negat
570 4516 656 4571 vir
700 4517 1081 4572 doctissimus
1130 4516 1576 4588 transcripsisse
1630 4533 1700 4572 ex
1754 4515 1873 4587 epi-

197 4609 375 4668 stola.
408 4624 486 4661 ex
513 4606 673 4660 Actis
698 4612 867 4677 putat
887 4604 1183 4660 habuisse.
1210 4607 1397 4676 Cogor
1427 4605 1625 4676 itaque
1657 4605 1872 4675 saepius

206 4711 530 4769 reponere,
564 4697 711 4749 Acta
740 4711 870 4764 quac
906 4693 1213 4750 exstabant
1245 4700 1417 4749 aetate
1446 4694 1872 4766 Chrysostomi,

205 4786 371 4840 illam
406 4784 777 4839 sententiam
810 4784 1055 4839 minime
1088 4799 1452 4839 memorasse
1487 4800 1500 4837 :
1543 4783 1873 4854 posteriora

205 4881 432 4942 autem,
470 4877 609 4945 post
642 4872 770 4944 ejus
799 4878 1052 4929 mortem
1092 4873 1437 4944 composita.
1476 4872 1686 4943 Ignatii
1717 4871 1873 4927 dicta

212 4980 280 5019 ex
321 4962 603 5035 epistolis
635 4962 925 5017 hausisse.
963 4962 1215 5017 Aliunde
1248 4962 1428 5034 igitur
1457 4977 1635 5032 quam
1662 4977 1732 5015 ex
1755 4961 1875 5033 epi-

203 5054 375 5113 stola.
404 5069 592 5123 quam
617 5058 756 5107 tunc
779 5051 1077 5108 exstitisse
1098 5058 1218 5107 tum
1249 5050 1415 5115 alibi,
1434 5056 1557 5106 tum
1578 5050 1870 5122 praecipue

208 5142 548 5197 Antiochiae
568 5156 779 5196 omnes
792 5140 1204 5210 fatentur,haec
1216 5139 1393 5196 verba
1410 5139 1680 5195 hausisse
1696 5139 1872 5211 Chry-

207 5239 569 5299 sostomum,
602 5227 901 5295 hariolari,
931 5228 1197 5299 frivolum
1227 5235 1277 5284 et
1317 5231 1562 5299 ineptum
1606 5235 1703 5283 est.
1739 5230 1866 5284 Non

204 5320 343 5376 dicit
373 5320 627 5392 quidem
668 5324 874 5375 orator
901 5318 1004 5374 ille
1033 5334 1300 5374 summus
1349 5334 1485 5372 eum
1517 5317 1863 5389 scripsisse:

205 5414 434 5465 tantum
456 5408 782 5483 ἐφθέγξατο,
815 5406 1027 5464 locutus
1072 5411 1167 5477 est,
1222 5407 1338 5463 ait:
1386 5406 1559 5479 plane
1608 5412 1675 5462 ut
1721 5407 1868 5463 alias

211 5498 375 5555 solet.
400 5500 485 5556 Ita
508 5498 763 5555 homilia
794 5496 1112 5554 undecima
1141 5495 1201 5552 in
1233 5495 1546 5569 epistolam
1572 5493 1647 5551 ad
1676 5496 1865 5568 Ephe-

213 5588 364 5644 sios:
397 5589 573 5665 Ἀνὴρ
606 5584 668 5643 δέ
697 5606 783 5649 τις
814 5587 966 5662 ἅγιος
986 5585 1152 5640 εἶπὲτι
1185 5582 1378 5640 δοκοῦθ
1402 5585 1543 5640 εἶναι
1559 5581 1864 5663 τολμηρὸν,

207 5674 347 5746 πλὴν
379 5676 507 5735 ἀλλ’
539 5676 705 5754 ὅμως
744 5673 1061 5753 ἐφθέγξατο·
1094 5673 1148 5729 τί
1189 5671 1255 5743 δὴ
1306 5673 1468 5730 τοῦτό
1520 5672 1699 5744 ἐστινς
1742 5671 1866 5731 οὐδὲ

207 5768 495 5844 μαρτυρίου
559 5768 710 5843 αἷμα
781 5763 987 5834 ταύτην
1071 5759 1319 5819 δύνασθαι
1400 5754 1696 5841 ἆξαλιίφειν
1760 5764 1863 5834 τήν

1961 647 2192 704 videtur
2203 649 2398 705 audax
2420 666 2548 706 esse
2569 668 2583 718 ;
2601 656 2799 707 tamen
2814 651 3044 708 locutus
3069 658 3157 708 est
3177 670 3191 707 :
3208 653 3351 725 quid
3363 654 3490 726 jam
3506 655 3617 711 hoc

1964 740 2096 796 est?
2116 757 2190 796 ne
2213 741 2482 813 martyrii
2516 742 2757 814 quidem
2788 745 3136 816 sanguinem
3168 753 3476 817 peccatum
3506 747 3620 802 hoc

1964 830 2270 887 schismatis
2310 832 2510 888 eluere
2535 850 2707 904 posse
2730 834 2945 890 dixit».
2979 835 3253 900 Quamvis
3283 843 3482 892 autem
3515 853 3619 892 ne-

1966 919 2188 975 minem
2210 921 2775 992 nominet,quamvis
2788 930 2879 979 ter
2893 925 3097 981 dixisse
3126 943 3285 992 eum,
3310 943 3618 997 nunquam

1966 1012 2161 1063 autem
2181 1010 2460 1080 scripsisse
2478 1011 2591 1068 ista
2602 1018 2849 1080 asserat,
2874 1031 2995 1070 non
3012 1018 3211 1070 tamen
3225 1015 3616 1071 dubitandum

1970 1113 2099 1154 esse
2124 1101 2337 1163 sentio,
2357 1102 2502 1172 quin
2521 1102 2576 1157 S.
2591 1103 2945 1175 Cyprianum
2962 1105 3342 1172 intellexerit,
3376 1111 3436 1160 et
3456 1104 3620 1160 libel-

1968 1186 2093 1243 lum
2112 1188 2184 1245 de
2214 1192 2439 1246 unitate
2469 1191 2745 1248 Ecclesiae
2776 1195 3125 1266 respexerit,
3159 1196 3222 1251 in
3252 1211 3368 1267 quo
3400 1195 3514 1250 ista
3543 1194 3617 1249 de

1969 1276 2366 1336 schismaticis
2388 1280 2640 1353 legimus
2665 1298 2678 1336 :
2704 1303 2731 1335 ιι
2748 1283 2915 1339 Tales
2938 1283 3117 1339 etiam
3141 1284 3190 1339 si
3212 1284 3389 1341 occisi
3408 1285 3470 1339 in
3484 1300 3619 1340 con-

1968 1366 2228 1423 fessione
2256 1370 2518 1425 nominis
2542 1370 2786 1437 fuerint,
2812 1373 3045 1429 mncula
3069 1374 3181 1429 ista
3198 1389 3309 1429 nec
3335 1373 3619 1445 sanguine

1971 1455 2209 1513 eluitur.
2248 1459 2632 1530 lnexpiabilis
2665 1466 2723 1517 et
2747 1463 2938 1534 gravis
2968 1462 3142 1535 culpa
3171 1464 3482 1519 discordias
3512 1479 3622 1518 nec

1970 1548 2249 1618 passione
2270 1557 2555 1622 purgatur
2584 1574 2636 1607 ››.
2673 1554 2788 1608 Hoc
2822 1560 2913 1609 est
2960 1555 3120 1625 quod
3169 1554 3622 1627 Chrysostomus

1969 1632 2252 1711 τολμηρὸν
2282 1639 2564 1712 appellat,
2600 1641 2759 1711 quod
2780 1643 3109 1716 Cyprianus
3125 1643 3399 1715 pluribus
3421 1649 3623 1699 tamen

1970 1726 2201 1798 probat,
2236 1735 2295 1784 et
2323 1729 2398 1784 ad
2429 1732 2558 1802 ejus
2588 1732 2931 1803 exemplum
2970 1733 3150 1788 etiam
3182 1734 3405 1790 ibidem
3437 1734 3624 1805 Chry-

1975 1822 2271 1874 sostomus
2302 1819 2426 1891 ipse
2458 1820 2650 1876 fusius
2682 1823 3080 1894 persequitur.

1902 1938 1944 2002 Β
2048 1938 2075 1965 (ι
2097 1916 2209 1972 Sed
2232 1933 2301 1972 ex
2312 1918 2732 1990 Chrysostomo
2754 1922 2898 1976 certi
2923 1925 3341 1992 sumus,inquit
3358 1923 3627 1992 Dalla’us,

1979 2005 2104 2059 hinc
2120 2006 2321 2061 Romae
2339 2007 2630 2078 Ignatium
2646 2008 2718 2063 ad
2730 2010 3030 2066 Romanos
3046 2016 3371 2081 praesentes
3384 2011 3625 2067 dixisse.

1974 2094 2189 2148 Parum
2208 2110 2343 2167 ergo
2364 2100 2454 2151 est
2475 2096 2786 2168 probabile
2811 2099 3019 2155 eadem
3034 2100 3163 2172 jam
3183 2104 3321 2156 ante
3349 2099 3626 2157 eumdem

1970 2181 2237 2256 Smyrnae
2251 2184 2676 2241 consistentem
2689 2187 2762 2243 ad
2777 2189 3060 2245 Romanos
3071 2189 3379 2262 scripsisse
3395 2210 3444 2244 ››.
3461 2187 3628 2245 Unde

1972 2277 2171 2328 autem
2205 2291 2276 2329 ex
2327 2275 2747 2346 Chrysostomo
2795 2282 2933 2334 certi
2987 2270 3157 2335 sinius
3214 2279 3505 2353 Ignatium
3560 2294 3632 2335 ea

1970 2358 2146 2415 verba
2167 2362 2373 2429 Romae,
2410 2368 2512 2418 aut
2539 2365 2614 2419 ad
2635 2366 2908 2421 Romanos
2955 2375 3246 2437 prasentes
3286 2367 3629 2440 protulisse,

1971 2462 2077 2518 ego
2108 2463 2229 2503 non
2261 2448 2546 2522 intelligo.
2579 2452 2706 2506 Non
2738 2452 2898 2507 enim
2932 2453 3071 2509 cicit
3101 2469 3237 2509 eum
3267 2456 3451 2510 Romae
3498 2458 3626 2509 tum

1968 2536 2173 2607 fuisse,
2201 2553 2324 2593 non
2370 2538 2569 2595 innuit
2606 2542 2905 2597 Romanos
2958 2548 3247 2613 prasentes
3287 2560 3439 2614 esse,
3489 2559 3626 2599 cum

1969 2624 2084 2681 ista
2098 2625 2391 2698 proferret
2407 2627 2817 2685 sanctissimus
2830 2636 3074 2701 martyr.
3091 2631 3155 2687 Id
3169 2638 3401 2689 tantum
3416 2631 3629 2687 asserit

1970 2730 2105 2770 eum
2135 2732 2394 2786 generose
2420 2723 2474 2772 et
2502 2734 2625 2773 cum
2651 2718 2930 2790 voluptate
2977 2725 3231 2776 mortem
3271 2721 3615 2792 oppetiisse,

1970 2808 2031 2858 et
2056 2804 2328 2876 ἁσμένως,
2359 2821 2499 2861 cum
2526 2805 2794 2862 lubentia
2824 2808 3079 2878 quadam
3112 2809 3326 2865 vidisse
3373 2809 3614 2865 bestias.

1969 2892 2083 2948 Sed
2112 2890 2273 2955 πόθεν
2306 2896 2466 2948 τοῦτο
2497 2890 2667 2962 δῆλον
2694 2912 2706 2962 ;
2738 2898 2882 2952 unde
2912 2897 3032 2964 hoc,
3064 2899 3281 2970 inquit,
3339 2901 3620 2969 apparet?

1969 2984 2053 3037 Ac
2082 2982 2131 3037 si
2163 2982 2406 3052 diceret,
2437 2983 2596 3039 unde
2623 2984 2736 3040 hoc
2757 2987 3178 3057 cognovimus?
3201 3004 3271 3042 ex
3300 2989 3458 3042 Actis
3491 2987 3620 3058 ejus

1969 3072 2122 3126 nihil
2147 3071 2261 3127 tale
2283 3071 2562 3146 colligere
2586 3091 2899 3145 possumus
2922 3093 2934 3129 :
2959 3075 3044 3131 illi
3069 3077 3168 3147 qui
3195 3093 3332 3131 eum
3355 3075 3619 3132 comitati

1972 3168 2111 3218 sunt
2132 3162 2388 3235 qualiter
2417 3179 2481 3219 sc
2510 3165 2761 3235 gesserit
2788 3165 2849 3220 in
2880 3165 3111 3221 theatro
3145 3183 3267 3221 non
3309 3182 3623 3222 enarrave-

1973 3268 2172 3320 run,,a
2189 3269 2443 3324 quorum
2459 3255 2760 3309 consortio
2785 3277 2813 3304 «
2840 3255 3165 3312 subductus
3189 3261 3277 3311 est
3297 3272 3433 3312 cum
3454 3254 3621 3311 festi-

1974 3343 2216 3397 natione
2232 3342 2294 3397 in
2311 3342 2794 3414 amphiteatrum,
2815 3343 3030 3400 deinde
3052 3346 3366 3400 confestim
3395 3345 3625 3417 profec-

1974 3437 2068 3487 tus
2080 3430 2478 3489 bestiis.Unde
2494 3433 2793 3503 igitur'hoc
2804 3435 3086 3506 apparet?
3098 3433 3208 3490 ἀπὸ
3226 3439 3335 3489 τῶν
3358 3433 3624 3511 ῥημάτων

1974 3514 2046 3572 ὢν
2072 3518 2430 3589 ἀποθνήσκειν
2459 3517 2681 3591 μέλλων
2706 3518 3017 3598 ἐφθέγξατο,
3041 3522 3114 3578 ab
3136 3523 3256 3578 illis
3276 3523 3471 3579 verbis
3495 3539 3624 3594 quae

1974 3626 2110 3665 cum
2126 3610 2392 3665 futurum
2409 3611 3248 3681 essetutmoreretur,locutus
3271 3618 3361 3669 est
3376 3635 3398 3666 ι
3413 3613 3628 3677 .Quau-

1974 3697 2048 3754 do
2071 3704 2270 3755 autem
2295 3699 2444 3754 illud
2472 3698 2637 3755 erat?
2657 3699 2761 3757 diu
2777 3701 2936 3755 enim
2956 3707 3081 3757 erat
3106 3699 3464 3770 ἀποθνήσκειν
3500 3699 3628 3773 μὲλ-

1975 3783 2107 3841 λων.
2141 3787 2468 3842 Audiamus
2487 3804 2663 3858 porro
2685 3789 3204 3860 Chrysostomum:
3233 3788 3501 3850 Ἀκούσας
3526 3789 3629 3863 γὰρ

1976 3876 2061 3930 δτι
2091 3873 2248 3936 οὗτος
2279 3874 2438 3929 αὐτὸν
2464 3880 2563 3939 τῆς
2594 3875 2865 3951 τιμωρίας
2897 3878 2924 3931 ὀ
2962 3877 3168 3949 τρόπος
3218 3877 3388 3950 μένει,
3419 3901 3446 3930 ‹‹
3478 3878 3628 3954 Ἐγὼ

1975 3968 2079 4019 τῶν
2104 3964 2309 4038 θηρίων
2335 3963 2551 4018 ἐκείνων
2568 3963 2827 4036 ὀναίμην,
2845 3987 2874 4016 ››
2897 3960 3104 4040 ἔλεγε.‹‹
3124 3967 3265 4021 Cum
3284 3966 3626 4049 audivisset,

1977 4054 2134 4126 quod
2162 4055 2259 4109 hic
2279 4053 2555 4126 supplicii
2579 4053 2793 4109 modus
2815 4070 2953 4110 eum
2967 4060 3238 4111 maneret
3255 4071 3315 4110 »:
3340 4078 3368 4107 ι(
3392 4056 3631 4111 Utinam

1979 4160 2084 4218 ego
2116 4143 2235 4198 illis
2293 4142 2498 4198 bestiis
2555 4143 2737 4210 fruar,
2774 4165 2802 4193 »
2859 4145 3167 4215 inquiebat.
3228 4147 3317 4199 An
3366 4144 3628 4216 primum

1978 4238 2158 4290 Romae
2188 4231 2413 4288 audivit
2443 4249 2505 4287 se
2531 4231 2735 4287 bestiis
2767 4232 3067 4304 objectum
3098 4233 3219 4290 iri?
3266 4250 3343 4289 an
3372 4235 3634 4289 Romanis

1970 4322 2334 4393 praesentibus
2364 4320 2491 4374 haec
2549 4321 2886 4376 necessario
2930 4321 3163 4377 loeutus
3214 4321 3349 4378 est?
3394 4324 3562 4378 Certe
3594 4337 3631 4377 a

1978 4412 2227 4482 Trajano
2257 4409 2581 4464 Antiochiae
2608 4409 2681 4464 ad
2705 4408 2927 4467 bestias
2949 4411 3381 4468 condemnatus
3405 4416 3493 4467 est
3517 4426 3532 4480 ;
3556 4410 3629 4466 ab

1978 4499 2079 4556 illo
2111 4506 2379 4571 tempore
2402 4499 2562 4553 novit
2586 4499 2745 4569 quod
2769 4500 2975 4556 mortis
3006 4518 3192 4573 genus
3223 4502 3335 4573 ipsi
3368 4502 3631 4557 subeun-

1982 4589 2124 4645 dum
2157 4594 2347 4644 esset:
2381 4593 2517 4660 post
2544 4587 2693 4643 illud
2717 4594 2951 4661 tempus
2978 4589 3162 4646 dixit:
3199 4614 3223 4644 α
3258 4592 3493 4647 Utinam
3525 4606 3630 4662 ego

1905 4648 1952 4712 Β
1983 4679 2103 4735 illis
2124 4676 2432 4746 bestiis,ad
2454 4693 2601 4748 quas
2632 4678 3063 4734 condemnatus
3095 4697 3248 4748 sum,
3279 4680 3480 4749 fruar;
3505 4701 3534 4729 »
3567 4678 3629 4734 id

1984 4786 2094 4824 nos
2116 4783 2253 4823 eum
2277 4768 2543 4836 Smyrnae
2569 4765 2786 4823 dixisse
2812 4774 2870 4821 et
2891 4769 3200 4839 scripsisse
3223 4769 3523 4824 credimus
3553 4767 3629 4823 ad

1981 4860 2279 4912 Romanos
2292 4854 2670 4926 quidem,sed
2690 4855 2987 4922 absentes;
3005 4860 3203 4913 Romae
3216 4865 3413 4913 autem
3429 4856 3637 4912 eadem

1979 4946 2157 5002 verba
2186 4944 2602 5017 pronuntiasse
2655 4944 2949 5014 (quamvis
2979 4944 3037 4999 id
3071 4961 3306 5016 quoque
3353 4945 3480 5001 fieri
3528 4961 3636 5016 po-

1984 5038 2164 5094 tuisse
2195 5050 2371 5089 nemo
2403 5032 2780 5103 difﬁtebitur)
2838 5049 2947 5087 nec
2997 5034 3471 5106 Chrysostomus,
3521 5050 3635 5089 nec

1979 5134 2115 5184 ante
2145 5140 2280 5179 eum
2303 5121 2620 5192 quisquam
2649 5120 2814 5177 dixit.
2848 5124 2917 5176 Et
2965 5123 3014 5177 si
3061 5124 3340 5195 cuiquam
3392 5132 3533 5179 tunc
3564 5140 3634 5179 ea

1978 5216 2155 5273 verba
2187 5210 2472 5276 recitavit,
2503 5215 2660 5265 certe
2693 5210 2970 5266 ﬁdelibus
3014 5213 3215 5267 Romae
3260 5231 3330 5268 ex
3378 5213 3633 5285 epistola

1979 5321 2157 5378 quam
2170 5301 2242 5357 ad
2261 5315 2360 5355 eos
2381 5297 2717 5368 scripserat,
2735 5298 2943 5353 eadem
2965 5299 3181 5357 iterum
3200 5301 3262 5356 in
3285 5302 3638 5356 memoriam

1975 5390 2301 5455 revocavit;
2325 5387 2408 5441 ita
2439 5386 2599 5440 enim
2628 5387 3046 5457 antiquissima
3076 5390 3206 5459 ejus
3234 5391 3409 5445 Acta:
3447 5411 3476 5440 ‹‹
3504 5390 3640 5456 Qui-

1975 5481 2227 5541 busdam
2249 5481 2447 5534 autem
2471 5479 2528 5529 et
2549 5476 2923 5531 annuntiavit
2941 5476 3138 5546 silere,
3170 5477 3541 5535 ferventibus
3569 5497 3600 5535 e
3615 5491 3641 5541 ι

1976 5570 2309 5633 dicentibus
2322 5566 2590 5638 quietare
2607 5565 2844 5638 plebem
2862 5583 2929 5623 ac
2950 5584 3074 5624 non
3094 5585 3240 5644 eXpe
3253 5570 3530 5641 tereperd
3540 5587 3637 5627 ere

1966 5659 2381 5741 justum.Quas
2395 5653 2739 5712 confestims
2782 5656 2925 5714 iritu
2939 5673 3307 5735 cognoscens
3332 5664 3409 5727 ,et
3427 5675 3639 5715 omnes

1973 5752 2598 5824 salutans,petensque
2618 5746 2689 5804 ab
2714 5746 2858 5819 ipsis
2883 5763 3084 5807 veram
3108 5750 3272 5807 chari
3284 5752 3491 5814 tatem,
3519 5748 3649 5817 pluq
