3974 6296
383 395 497 456 195

1439 395 1495 454 S.
1549 393 1946 456 IGNATIUS.
1997 425 2072 436 —-
2115 392 2740 456 PROLEGOMENA.
3725 395 3810 453 96

381 541 566 596 raque
589 525 808 596 iisque
829 525 892 581 in
919 525 1512 600 epistoladisputans.
1545 531 1604 582 et
1631 525 1886 582 suadens
1906 540 2027 581 non
2053 530 2112 594 Α
2142 525 2217 582 ad
2249 527 2552 584 auditores
2573 527 2857 582 facerent.
2883 529 3090 600 Itaque
3121 527 3530 598 apostolorum
3552 543 3801 582 consor-

385 615 649 670 invidere
662 616 972 671 festinanti
993 616 1064 672 ad
1077 616 1394 672 Dominum
1417 637 1464 672 ››,
1490 617 1662 672 Forte
1679 615 1859 688 igitur
1878 615 2036 673 inter

383 705 618 776 reliqua
641 722 771 776 quas
794 707 1038 762 Romam
1063 706 1312 777 Smyrna
1333 706 1651 777 scripserat
1677 705 1855 760 etiam
1877 705 2032 761 hanc

384 796 739 850 sententiam
763 794 1030 862 iteravit;
1063 795 1146 850 ita
1174 795 1323 849 nihil
1359 795 1572 850 Dallaao
1622 795 1714 850 vel
1745 811 1816 850 ex
1847 793 2028 866 Chry-

379 888 641 940 sostomo
673 889 923 950 certum,
957 884 1044 939 vel
1073 884 1312 940 aliunde
1335 884 1638 956 probabile
1670 889 1776 940 est.

446 975 560 1030 Nos
591 979 790 1030 autem
840 975 1026 1030 multo
1076 975 1360 1030 certiores
1411 991 1616 1030 sumus
1666 973 2028 1028 sententiam

376 1063 541 1119 illam
574 1065 782 1136 lgnatii
816 1081 884 1119 ex
943 1065 1071 1136 ejus
1121 1065 1368 1137 epistola
1398 1081 1434 1119 a
1462 1065 1878 1136 Chrysostomo
1926 1061 2024 1117 de-

377 1159 670 1225 sumptam
692 1170 842 1210 esse.
873 1155 937 1210 Id
961 1155 1121 1210 enim
1144 1171 1215 1209 ex
1247 1154 1438 1210 verbis
1464 1154 1852 1225 sequentibus
1883 1153 2026 1208 satis

375 1241 599 1313 liquido
646 1251 892 1315 apparet
924 1263 936 1299 :
994 1242 1130 1317 Ἐγὼ
1159 1248 1266 1296 τῶν
1303 1241 1525 1317 θηρίων,
1562 1244 1772 1314 inquit,
1808 1240 2023 1296 ἐκείνων

378 1330 636 1404 ὀναίμην,
668 1326 840 1406 ἔλεγε.
871 1335 1128 1386 Τοιοῦτοι
1151 1329 1251 1405 γὰρ
1285 1332 1335 1384 οἱ
1363 1333 1592 1406 ἒρῶντες
1624 1331 1757 1405 ὅπερ
1808 1329 1866 1384 ἄν
1918 1330 2025 1386 ποί-

373 1437 583 1496 σχωσιν
612 1418 744 1492 ὑπὲρ
765 1423 870 1474 τῶν
897 1418 1182 1492 ἐρωμένων
1209 1423 1326 1494 μεθ’
1349 1418 1551 1489 ἤδονῆς
1576 1416 1886 1494 δέχονται.‹‹
1905 1422 2023 1476 Uti-

373 1529 512 1568 nam
537 1530 642 1586 ego
665 1512 781 1568 illis
803 1513 1204 1584 bestiisfruar,
1229 1515 1329 1569 ait.
1357 1514 1526 1570 Tales
1547 1513 1706 1570 cnim
1725 1520 2022 1570 amatores

367 1598 662 1670 quidquid
682 1599 993 1671 patiuntur
1009 1617 1112 1674 pro
1136 1601 1348 1656 amatis
1368 1616 1502 1654 cum
1525 1599 1823 1671 voluptate
1839 1600 2021 1655 susci-

365 1687 537 1759 piunt
554 1711 574 1736 ι
588 1687 832 1745 .Alludit
844 1689 1002 1744 enim
1019 1689 1329 1744 manifeste
1346 1689 1419 1744 ad
1435 1688 1834 1760 praaclarailla
1845 1689 2022 1744 verba

367 1777 431 1831 in
447 1777 652 1832 eadem
673 1777 847 1848 epist.
872 1777 944 1833 ab
969 1778 1244 1834 omnibus
1265 1777 1598 1846 decantata,
1631 1781 1737 1844 ζῶν
1757 1776 1859 1852 γὰρ
1887 1777 2016 1849 ὑμῖν

2146 616 2313 679 tium,
2349 621 2406 672 et
2437 616 2840 688 episcopatum
2874 621 3322 684 commemorat,
3353 620 3420 669 ut
3452 613 3800 684 amplitudi-

2141 723 2278 762 nem
2313 707 2498 774 urbis,
2532 711 2590 761 et
2615 706 3034 777 antiquitatem
3065 705 3346 761 Ecclesia:
3407 704 3797 759 Antiochenm

2142 795 2477 862 extolleret;
2501 795 2856 866 martyrium
2879 801 3075 850 autem
3102 795 3404 866 eleganter
3418 793 3799 858 describit,ut

2137 885 2551 941 vehementius
2564 885 2844 956 populum
2859 885 2933 940 ad
2953 883 3339 955 reliquiarum
3356 882 3798 938 venerationem

2140 975 2510 1031 accenderet.
2545 973 2856 1046 Epistolas,
2893 979 2962 1029 ut
2992 990 3116 1028 rem
3167 973 3443 1028 omnibus
3475 971 3800 1044 cognitam,

2139 1081 2248 1120 nec
2264 1065 2616 1137 panegyrico
2635 1063 2871 1118 dicendi
2891 1063 3090 1136 generi
3107 1063 3558 1118 convenientem
3573 1061 3804 1115 omittit

2137 1153 2448 1226 Gregorius
2481 1153 2953 1226 Thaumaturgus
2985 1152 3406 1224 panegyricum
3439 1166 3638 1205 coram
3660 1150 3790 1204 Ori-

2133 1259 2281 1316 gene
2320 1242 2528 1298 habuit
2555 1260 2568 1310 ;
2603 1244 2822 1314 scripta
2844 1242 2974 1313 ejus
3006 1259 3126 1297 non
3162 1241 3382 1301 laudat,
3413 1256 3486 1294 ne
3519 1239 3800 1294 nominat

2135 1331 2376 1402 quidem
2401 1349 2415 1398 ;
2449 1332 2567 1387 imo
2591 1349 2666 1387 ne
2691 1331 3000 1404 scripsisse
3025 1346 3161 1385 eum
3184 1330 3507 1402 quidquam
3539 1327 3790 1383 indicat.

2134 1420 2766 1492 EpistolaaS.Cypriani
2791 1437 3026 1492 semper
3042 1421 3205 1475 fuere
3223 1417 3624 1474 celeberrimae
3647 1433 3658 1478 ;
3685 1432 3789 1470 eas

2131 1507 2448 1580 aliquoties
2475 1508 2675 1565 laudat
2701 1510 2756 1564 S.
2783 1509 3180 1582 Augustinus:
3213 1513 3272 1564 at
3303 1523 3434 1564 cum
3467 1506 3527 1560 in
3585 1505 3780 1560 Natali

2131 1597 2260 1669 ejus
2290 1614 2597 1654 sermones
2627 1598 2856 1670 aliquot
2907 1599 3264 1664 institueret,
3317 1611 3624 1667 nunquam
3677 1611 3781 1651 eas

2129 1689 2611 1743 commemoravit
2640 1705 2652 1756 ;
2685 1687 2888 1744 laudat
2914 1689 3016 1743 ubi
3047 1687 3328 1758 disputat,
3378 1702 3452 1740 ne
3504 1685 3787 1740 meminit

2129 1776 2370 1847 quidem
2391 1777 2490 1832 ubi
2516 1777 2931 1850 panegyristen
2958 1777 3096 1850 agit,
3120 1776 3221 1832 ubi
3260 1781 3542 1846 tanquam
3565 1776 3777 1846 episco-

366 1864 558 1940 γράφω
583 1863 720 1939 ἐρῶν
765 1869 862 1919 τοῦ
909 1865 1222 1934 ἀποθανεῖν,
1255 1867 1282 1921 ὁ
1319 1865 1453 1939 eas;
1487 1859 1624 1940 ἔρως
1657 1863 2007 1938 ἐσταύρωται.

2157 1882 2260 1922 ›ωη
2298 1867 2864 1924 misericordissimam
2916 1873 2966 1922 et
3014 1873 3316 1938 martyrem
3365 1864 3775 1935 ﬁdelissimum,

369 1955 491 2030 Imo
511 1972 644 2011 vero
658 1972 765 2027 per
780 1959 966 2011 totam
982 1973 1112 2012 eam
1129 1957 1460 2012 orationem
1477 1955 1577 2010 ubi
1597 1956 1667 2011 de
1679 1955 1904 2028 Ignatio
1927 1955 2016 2010 lo-

368 2044 589 2116 quitur,
603 2045 678 2100 ad
695 2045 850 2100 hanc
868 2046 1186 2116 praecipue,
1220 2046 1325 2102 sed
1338 2051 1398 2100 et
1413 2046 1485 2102 ad
1497 2045 1644 2102 alias
1656 2044 2015 2102 collineavit.

359 2139 502 2188 Cum
517 2133 782 2190 animam
798 2133 926 2206 ejus
939 2133 1086 2190 adeo
1100 2134 1301 2191 laudat
1315 2141 1596 2207 tanquam
1609 2137 1718 2188 τῶν
1730 2131 2014 2207 παρόντων

364 2221 712 2296 ὑπερορῶσαν
732 2221 1006 2294 ἀπάντων,
1027 2221 1116 2276 καὶ
1139 2223 1218 2294 τῷ
1241 2223 1369 2295 θείῳ
1391 2223 1612 2292 ζέουσαν
1633 2219 1817 2298 ἔρωτι,
1844 2222 1930 2276 καὶ
1949 2221 2018 2276 τὰ

365 2311 439 2382 μή
460 2309 772 2385 βλεπόμενα
790 2315 895 2366 τῶν
908 2311 1202 2386 ὁρωμένων
1215 2313 1457 2386 προτιμή
1467 2332 1683 2380 σασαν,ι
1699 2329 1927 2384 prmsen
1937 2313 2014 2368 tia

365 2400 567 2456 omnia
579 2406 1149 2468 contemnentem,et
1162 2401 1358 2457 divino
1373 2417 1572 2458 amore
1587 2401 1940 2474 ﬂagrantem
1960 2407 2017 2457 et

363 2506 576 2561 eaquae
596 2490 964 2558 videntur,iis
979 2507 1110 2562 quae
1122 2508 1244 2546 non
1257 2491 1530 2547 videntur
1540 2491 2014 2563 praeferentem»,

362 2579 580 2634 diserte
602 2580 844 2651 respicit
865 2580 1179 2651 epistolam
1203 2581 1277 2636 ad
1306 2582 1625 2650 Romanos,
1657 2580 1720 2635 in
1751 2596 1868 2652 qua
1887 2579 2014 2635 haec

359 2668 474 2724 tria
495 2669 688 2740 capita
705 2669 1022 2741 praecipue,
1049 2675 1107 2725 et
1132 2669 1496 2739 ardenter,et
1515 2669 1641 2726 fuse
1663 2675 2010 2726 tractantur.

357 2755 503 2812 Cum
533 2773 672 2813 eum
703 2757 810 2813 soli
843 2764 1146 2830 comparat
1194 2757 1456 2833 (καθάπερ
1486 2754 1650 2828 ἢλιός
1679 2777 1762 2818 τις
1796 2755 1846 2830 ἐξ
1877 2755 2010 2810 ἀνα.

357 2843 531 2913 τολῆς
558 2843 801 2920 ἀνίσχων
828 2845 918 2900 καὶ
940 2847 1076 2920 πρὸς
1106 2847 1206 2916 τήν
1232 2843 1379 2901 δόσιν
1399 2846 1636 2921 τρὲχων,
1671 2870 1697 2898 ιι
1721 2853 2009 2918 tanquam

358 2935 446 2990 sol
467 2935 686 3007 aliquis
718 2936 790 2992 ab
814 2937 1042 2992 oriente
1076 2954 1323 3011 surgens
1347 2943 1405 2993 et
1421 2937 1495 2993 ad
1515 2937 1886 2994 occidentem
1915 2937 2012 2991 de-

355 3026 623 3098 currens)
650 3048 701 3095 »,
732 3027 860 3082 sine
885 3027 1062 3082 dubio
1093 3028 1220 3083 haec
1243 3027 1508 3099 epistolas
1531 3027 1706 3082 verba
1728 3028 1789 3083 in
1809 3027 2008 3082 animo

355 3113 584 3184 habuit,
615 3113 705 3168 τὸν
734 3111 1024 3170 ἐπίσκοπον
1059 3114 1256 3191 Συρίας
1280 3115 1611 3188 κατηξίωσεν
1641 3115 1668 3168 ὁ
1702 3114 1832 3176 Θεὸς
1856 3114 2008 3187 εὐρε-

357 3203 516 3270 Οῆναι
547 3203 663 3272 (vel
692 3204 1047 3277 πορευθῆναι)
1071 3203 1147 3265 εἰς
1181 3200 1350 3276 δόσιν,
1382 3202 1491 3258 ὰπὸ
1536 3201 1808 3272 ἀνατολῆς
1841 3222 2004 3276 μετα-

352 3260 730 3363 τιέμψάμενος,
765 3260 790 3342 ί‹
823 3260 1166 3364 episcopum
1199 3260 1382 3366 Syriae
1401 3294 1674 3365 dignatus
1705 3260 1804 3350 est
1826 3260 2000 3364 heus,
2029 3260 2077 3326 θ

353 3386 418 3438 ut
430 3381 492 3438 in
505 3381 872 3438 occidentem
886 3384 1256 3456 pergeret,ab
1271 3384 1500 3440 oriente
1517 3401 1651 3440 eum
1669 3401 2000 3452 accersens;

354 3475 410 3524 et
441 3487 573 3526 cum
605 3471 710 3526 illa
739 3472 914 3542 paulo
945 3477 1079 3543 post
1107 3473 1336 3528 addidit
1363 3491 1375 3527 :
1408 3471 1582 3534 Οὗτος
1615 3470 1671 3526 δὲ
1700 3471 1777 3536 εἷς
1805 3475 1872 3528 τὰ
1899 3479 2001 3542 τῆς

357 3553 560 3618 δόσεως
589 3555 838 3612 ἀπελθὼν
878 3559 1042 3633 μέρη,
1091 3559 1447 3637 φαιδρότερον
1499 3561 1694 3616 ἐκεῖθεν
1743 3559 2002 3631 ἀνέτειλε,

358 3647 543 3702 multo
576 3647 770 3704 adhuc
799 3649 1060 3720 apertius
1092 3649 1167 3704 ad
1195 3650 1295 3706 illa
1324 3668 1454 3721 quas
1512 3644 1668 3723 apud
1712 3652 2003 3724 Ignatium

358 3741 712 3808 sequuntur,
745 3737 962 3805 allusit,
994 3735 1161 3792 καλὸν
1193 3739 1255 3792 τὸ
1287 3736 1439 3793 δῦναι
1469 3740 1575 3793 ἀπὸ
1603 3739 1813 3812 κόσμου
1870 3740 2004 3814 πρὸς

357 3825 508 3894 Θεὸν,
535 3825 628 3880 ἳνα
653 3824 727 3888 εἷς
757 3824 914 3881 αὐτὸν
945 3825 1233 3883 amatio.
1267 3829 1410 3885 Cum
1431 3847 1566 3885 eum
1599 3847 1733 3886 cum
1765 3837 2002 3902 aposto-

355 3913 432 3970 lis
463 3923 758 3972 versatum
790 3933 919 3974 esse
950 3919 1180 3988 asserit,
1211 3917 1299 3972 καὶ
1343 3918 1522 3992 ῥητῶν
1551 3919 1638 3974 καὶ
1672 3919 2000 3996 ἀποῤῥήτων

355 4001 539 4066 αὐτοῖς
570 4007 1002 4078 κοινωνήσαντα,
1051 4025 1162 4064 non
1206 4015 1420 4066 tantum
1463 4011 1773 4080 eﬂ‘abilium
1828 4011 1923 4066 sed
1951 4017 2004 4066 et

355 4112 682 4152 arcanorum
702 4100 1063 4168 participem,
1097 4114 1220 4154 non
1246 4105 1442 4171 potest
1467 4116 1586 4156 non
1604 4101 1902 4172 respicere
1933 4115 2003 4156 ea

353 4201 484 4256 quas
515 4185 590 4242 ad
632 4185 964 4241 Trallenses
1017 4186 1224 4241 scribit
1251 4187 1508 4259 lgnatius
1538 4187 1610 4243 de
1642 4188 2001 4259 caelestibus,

353 4276 425 4331 de
455 4275 682 4348 angelis
713 4280 772 4332 et
800 4276 1253 4348 principatibus,
1297 4295 1428 4349 qua)
1479 4296 1640 4334 nunc
1689 4285 2002 4350 tantopere

353 4363 693 4434 displicent.
723 4365 867 4419 Cum
898 4364 1155 4436 denique
1195 4367 1310 4422 iter
1361 4368 1490 4440 ejus
1541 4367 1697 4438 quod
1751 4368 2004 4424 confecit

352 4457 610 4520 enarrat,
647 4453 1014 4528 μακροτέρους
1047 4449 1304 4516 διαύλους
1334 4458 1434 4509 τοῦ
1485 4451 1716 4528 δρόμου,
1768 4461 1846 4524 et,
1889 4459 1998 4509 τῶν

348 4534 656 4608 ἐκκλησιῶν
689 4541 1071 4616 συγκρότησιν,
1104 4544 1487 4614 civitatesque
1544 4543 1679 4596 κατᾶ
1726 4544 1825 4612 τήν
1873 4540 1998 4597 ὁδὸν

2124 1972 2245 2010 non
2267 1961 2550 2028 tanquam
2566 1957 2913 2028 scriptorem
2934 1955 3438 2030 elegantissimum
3455 1969 3784 2026 represen-

2124 2046 2368 2101 tat.Hzec
2393 2046 2536 2100 satis
2552 2045 2777 2116 putavit
2793 2069 2818 2096 ‹ι
2847 2045 2921 2101 ad
2939 2045 3286 2100 memoriam
3304 2043 3614 2115 praesentis
3639 2042 3752 2097 loci
3765 2084 3782 2111 ,

2122 2131 2499 2190 festivitatem
2521 2135 2944 2190 solemnissimi
2959 2135 3098 2203 diei,
3121 2135 3589 2206 propositionem
3618 2133 3781 2188 salu-

2120 2221 2365 2278 berrimi
2389 2225 2644 2296 exempli
2664 2225 2947 2280 ».Pariter
2963 2224 3480 2298 S.Chrysostomus
3501 2223 3563 2278 in
3588 2239 3777 2295 pane-

2119 2312 2318 2384 gyrico
2339 2313 2622 2384 epistolas
2644 2329 2764 2370 non
2791 2313 3512 2385 commemorat,quamvis
3543 2313 3616 2367 iis
3635 2318 3778 2368 uta-

2123 2406 2237 2470 tur,
2263 2402 2333 2456 ad
2367 2419 2585 2474 easque
2616 2403 2961 2474 frequenter
2991 2405 3302 2476 respiciat;
3334 2405 3393 2460 in
3427 2405 3544 2461 alia
3571 2409 3778 2460 tamen

2117 2491 2405 2556 oratione,
2431 2491 2744 2563 epistolam
2768 2492 2842 2548 ad
2866 2493 3233 2549 sacerdotem
3259 2493 3786 2566 quemdam,Poly-

2119 2594 2362 2650 carpum
2393 2580 2641 2648 scilicet,
2675 2581 2830 2636 citat.
2870 2583 3073 2637 Exstat
3129 2587 3330 2638 autem
3375 2600 3444 2638 ea
3475 2583 3662 2638 oratio
3715 2582 3786 2636 in

2117 2673 2274 2724 tomo
2308 2671 2374 2724 VI
2403 2671 2572 2742 cujus
2603 2670 2812 2726 titulus
2845 2677 2972 2726 est:
3009 2694 3036 2722 «
3067 2672 3230 2738 Quod
3263 2689 3418 2728 unus
3459 2671 3685 2727 Veteris
3716 2677 3788 2728 et

2117 2758 2260 2813 Novi
2291 2759 2651 2815 Testamenti
2683 2759 2985 2832 legislator
3014 2761 3092 2815 sit
3136 2783 3186 2830 »,
3223 2779 3290 2816 ex
3344 2776 3460 2834 qua
3504 2760 3782 2816 testimo—

2118 2847 2283 2902 nium
2317 2849 2720 2919 Chrysostomi
2756 2849 3086 2906 secundum
3119 2851 3528 2923 produximus.

2185 2937 2332 3001 Quid
2371 2937 2440 2991 de
2474 2937 2575 2993 illa
2631 2939 2900 2994 oratione
2953 2939 3208 2995 senserit
3251 2940 3338 2994 vir
3392 2939 3781 2995 doctissimus

2117 3027 2278 3082 haud
2303 3027 2448 3082 satis
2479 3032 2640 3083 certo
2672 3029 2792 3084 scio
2819 3047 2830 3097 ;
2863 3045 2982 3085 non
3017 3030 3223 3086 dubito
3261 3035 3461 3086 tamen
3492 3029 3636 3100 quin
3669 3027 3784 3084 illa

2115 3115 2290 3170 nobis
2315 3117 2686 3188 repositums
2710 3123 2882 3188 esset,
2912 3120 2959 3174 si
2983 3120 3222 3186 viveret,
3251 3137 3381 3192 quae
3405 3119 3644 3190 scripsit
3672 3134 3781 3173 ve-

2115 3205 2421 3261 nerandus
2453 3223 2635 3262 senex
2667 3208 2974 3276 Usserins;
3009 3225 3142 3265 cum
3163 3209 3494 3266 Usserianis
3517 3207 3782 3278 saepissi-

2118 3311 2211 3349 me
2241 3307 2384 3350 usus
2417 3295 2507 3350 sit.
2548 3295 2650 3351 Ille
2682 3302 2879 3352 autem
2904 3298 3232 3355 orationem
3265 3315 3415 3354 eam.
3442 3299 3494 3352 S.
3521 3297 3782 3368 Chryso-

2117 3389 2308 3438 stomo
2347 3383 2668 3456 abjudicat,
2702 3391 2768 3441 ut
2797 3386 3109 3458 epistolam
3143 3388 3350 3459 lgnatii
3382 3386 3460 3442 ad
3487 3384 3776 3458 Polycar-

2116 3487 2257 3542 pum
2288 3472 2445 3527 inter
2468 3472 2708 3529 ﬁctitias
2737 3491 3051 3531 numerare
3075 3481 3290 3547 posset.
3321 3474 3434 3530 Sed
3455 3473 3618 3529 illius
3643 3475 3779 3545 opi-

2115 3560 2280 3615 nioni
2314 3561 2373 3616 in
2407 3561 2516 3617 hac
2549 3579 2610 3618 re
2641 3579 2760 3618 non
2783 3564 3018 3620 accedo.
3047 3565 3246 3618 Potior
3268 3563 3413 3618 mihi
3443 3563 3775 3619 auctoritas

2115 3649 2330 3718 Photii,
2365 3650 2436 3706 de
2468 3657 2729 3707 veterum
2762 3653 2996 3724 scriptis
3026 3653 3236 3724 optimi
3269 3651 3512 3724 judicis,
3539 3651 3639 3722 qui
3675 3652 3775 3706 Bi-

2114 3737 2426 3794 bliotheca:
2458 3757 2578 3795 suae
2611 3740 2811 3796 codice
2835 3744 2958 3810 277,
2987 3757 3119 3796 cum
3155 3758 3222 3796 ex
3253 3741 3388 3797 aliis
3421 3746 3545 3795 tum
3567 3757 3636 3794 ex
3656 3741 3778 3796 hac

2114 3828 2382 3884 oratione
2399 3828 2656 3901 plurima
2674 3829 3088 3902 excerpsit.'Ex
3101 3833 3197 3884 τοῦ
3213 3827 3408 3904 λόγου,
3430 3829 3512 3883 ὅτι
3529 3830 3778 3892 παλαιᾶς

2111 3918 2202 3972 καὶ
2234 3919 2356 3980 νὲας
2387 3919 2664 3988 Διαθίκης
2692 3919 2765 3982 εἷς
2797 3919 2824 3974 ὁ
2856 3920 3184 3992 νομοθέτης.
3220 3920 3322 3978 Καὶ
3354 3921 3430 3980 είς
3460 3919 3524 3975 τὸ
3553 3913 3771 3990 ἔνδυμα

2111 4011 2207 4060 τοῦ
2237 4007 2427 4080 ἱερέως
2479 4007 2566 4062 καὶ
2621 4010 2742 4082 περὶ
2795 4007 3101 4082 μετανοίας.
3155 4011 3262 4077 Qui
3313 4010 3522 4067 titulus
3578 4007 3769 4079 hujus

2113 4099 2400 4155 orationis
2429 4100 2677 4156 totidem
2707 4101 2900 4158 verbis
2921 4119 3080 4158 nunc
3109 4105 3317 4158 exstat.
3339 4103 3409 4157 Et
3433 4100 3610 4156 verba
3631 4117 3772 4170 quae

2114 4187 2352 4257 quidem
2384 4186 2645 4260 plurima
2685 4188 2826 4244 inde
2871 4191 3128 4264 collegit,
3178 4191 3505 4246 etiamnum
3545 4188 3605 4242 in
3653 4187 3773 4243 hac

2115 4277 2404 4345 oratione,
2439 4278 2706 4348 quamvis
2736 4277 2894 4334 haud
2921 4281 3065 4336 satis
3097 4297 3260 4347 sana,
3287 4283 3592 4352 apparent.
3624 4277 3771 4332 Cer-

2113 4365 2407 4420 tissimum
2434 4365 2612 4436 igitur
2627 4370 2717 4420 est
2735 4383 2860 4422 eam
2888 4369 3164 4425 Photium
3187 4369 3402 4424 vidisse
3424 4374 3480 4422 et
3501 4383 3604 4440 pro
3630 4381 3772 4422 vere

2111 4452 2635 4523 Chrysostomiana
2660 4455 3078 4513 habuisseSed
3104 4459 3168 4514 D.
3189 4455 3774 4514 SavillusEtonensis

2113 4543 2343 4616 collegii
2369 4543 2484 4615 (cui
2512 4561 2616 4616 ego
2635 4545 2966 4603 litterarum
2988 4548 3280 4620 primitias
3313 4547 3544 4615 debeo),
3576 4550 3634 4600 et
3664 4561 3776 4616 pa-

351 4627 750 4704 συντρεχούσαις
798 4649 1160 4700 memorans,
1206 4631 1352 4688 illud
1397 4648 1466 4687 ex
1510 4631 1778 4703 epistolis
1826 4632 2002 4703 plane
2037 4625 2084 4690 Β
2118 4633 2244 4688 tria:
2271 4639 2490 4688 nostra)
2513 4632 2712 4706 decus,
2738 4636 2912 4708 paulo
2934 4637 3104 4693 aliter
3127 4638 3328 4694 sensit.
3358 4659 3383 4686 «ι
3410 4638 3607 4707 Neque
3623 4651 3770 4690 vero

348 4721 748 4790 persequitur,
783 4722 941 4792 quod
970 4721 1570 4794 Magdeburgensibus
1609 4721 1756 4777 adeo
1787 4721 1994 4794 displi-

348 4808 538 4864 cebat.
573 4810 674 4865 Vel
706 4826 777 4866 ex
808 4812 936 4884 ipsa
967 4813 1147 4885 igitur
1162 4811 1373 4884 Ignatii
1390 4812 1742 4883 panegyrico
1767 4817 1994 4868 certum

350 4903 440 4954 est
471 4899 1019 4971 S.Chrysostomum
1042 4901 1322 4972 epistolas
1341 4899 1470 4970 ejus
1492 4900 1713 4972 optime
1737 4900 1993 4970 novisse,

346 4989 667 5061 magnique
717 4991 1070 5058 aestimasse,
1103 4994 1162 5044 et
1213 5005 1282 5043 ex
1313 5005 1518 5044 earum
1551 5006 1670 5044 una
1699 4990 1995 5046 celebrem

343 5077 703 5132 sententiam
739 5078 1120 5148 excerpsisse.

417 5164 531 5220 Sed
565 5165 848 5236 epistolas
881 5183 1001 5221 non
1051 5167 1401 5234 nominavit,
1453 5184 1588 5223 cum
1629 5169 1996 5240 propriarum

343 5258 606 5328 martyris
637 5255 862 5311 laudum
891 5258 1084 5326 inopia
1115 5257 1411 5312 laboraret.
1446 5259 1568 5313 Imo
1613 5276 1748 5314 vero
1800 5267 2000 5317 orator

346 5343 444 5400 ille
467 5345 1092 5402 consummatissimus
1115 5346 1334 5416 optime
1361 5349 1522 5402 novit
1541 5365 1672 5419 qua:
1693 5350 2000 5422 panegyri-

345 5449 477 5489 cam
510 5437 842 5491 orationem
865 5435 1124 5491 maxime
1152 5443 1454 5498 ornarent.
1488 5438 1686 5509 itaque
1717 5440 1999 5511 epistolas

344 5523 570 5593 omisit,
603 5532 820 5581 cetera
849 5531 1200 5598 prosecutus
1231 5533 1338 5582 est.
1368 5527 1710 5583 Orationem
1739 5529 2001 5585 instituit

340 5611 464 5686 περὶ
495 5615 604 5666 τῶν
630 5614 1101 5688 κατορθωμάτων,
1123 5617 1191 5673 de
1207 5617 1369 5672 rebus
1385 5617 1656 5688 praeclare
1677 5617 1750 5673 ab
1771 5617 1998 5691 Ignatio

339 5704 598 5776 θωῦμα
625 5721 746 5762 non
781 5703 967 5764 semel
997 5706 1349 5777 profitetur;
1379 5704 1454 5760 de
1475 5705 1550 5761 iis
1575 5722 1708 5778 quas
1737 5706 1995 5764 maxime

2107 4723 2255 4778 tanti
2287 4728 2376 4778 est
2405 4723 2560 4794 apud
2585 4741 2678 4779 me
2704 4727 3026 4784 auctoritas
3044 4727 3270 4796 Photii,
3293 4728 3494 4797 inquit,
3521 4724 3618 4795 qui
3645 4723 3774 4782 alia

2108 4811 2377 4883 quaedam
2408 4828 2528 4867 non
2548 4813 2786 4884 optimae
2817 4821 2970 4871 notae
3001 4817 3232 4889 recipit,
3264 4821 3328 4871 ut
3359 4815 3516 4870 inter
3532 4813 3768 4886 γνησίας

2106 4895 2502 4978 ἀναμφιϐόλως
2527 4901 3037 4961 adnumerandam
3060 4927 3088 4956 »
3115 4907 3266 4962 hanc
3289 4905 3616 4960 orationem
3634 4919 3769 4958 cen-

2105 5005 2272 5045 seam.
2315 4989 2466 5046 Satis
2497 4991 2622 5046 haec
2653 4993 2892 5063 quidem
2935 5000 3148 5062 caute;
3195 4993 3515 5050 auctoritas
3563 4993 3768 5046 Photii

2108 5096 2244 5135 eum
2259 5081 2547 5152 permovit
2561 5087 2624 5136 ut
2636 5083 2965 5139 orationem
2980 5100 3054 5140 ne
3067 5084 3305 5156 quidem
3321 5075 3774 5160 ἱηῑθΐάμφιῦαλ-

2111 5165 2314 5242 λόμενα
2343 5169 2588 5236 locaret,
2621 5187 2739 5226 non
2772 5179 2970 5230 tamen
3001 5175 3053 5229 ei
3077 5173 3372 5246 persuasit
3392 5179 3457 5228 ut
3477 5173 3635 5227 inter
3665 5187 3770 5243 ge-

2107 5260 2322 5314 nuinas
2375 5259 2503 5313 sine
2554 5262 2954 5318 controversia
3003 5263 3442 5320 adnumeraret.
3493 5261 3658 5327 Quod
3714 5263 3767 5316 si

2110 5347 2419 5403 habuisset
2449 5347 2789 5404 testimonia
2818 5350 2920 5405 illo
2958 5351 3152 5406 Photii
3208 5351 3562 5423 antiquiora,
3611 5350 3768 5404 forte

2109 5437 2288 5492 etiam
2331 5435 2488 5490 inter
2541 5438 2829 5508 genuinas
2878 5447 3270 5496 numerasset.
3324 5443 3474 5495 Ante
3521 5444 3770 5495 centum

2106 5532 2306 5582 autem
2336 5526 2459 5582 fere
2490 5543 2680 5583 annos
2708 5529 3004 5586 Adrianus
3028 5549 3180 5604 papa
3205 5533 3222 5587 l
3245 5532 3398 5588 hanc
3422 5530 3612 5601 ipsam
3636 5547 3772 5588 ora-

2106 5619 2332 5675 tionem
2366 5615 2427 5671 in
2457 5615 2711 5687 epistola
2737 5619 2813 5676 ad
2843 5620 3120 5678 Carolum
3152 5637 3350 5694 regem
3373 5619 3482 5676 sub
3511 5619 3766 5676 nomine

2109 5707 2166 5765 S.
2196 5705 2442 5763 Joannis
2472 5704 2872 5778 Chrysostomi
2909 5711 3140 5780 citavit;
3175 5719 3234 5768 et
3262 5715 3398 5768 ante
3440 5726 3574 5767 eum
3620 5709 3765 5781 Epi-
