3974 6296
165 419 271 476 19³1

892 414 950 472 J.
997 411 1421 473 PEARSONII
1463 409 1835 472 VthllCIE
1877 409 2355 472 lGNATIANE.
2406 445 2481 458 -
2526 413 2724 475 PARS
2774 417 2819 476 Ι.

3454 421 3570 481 198

160 548 410 621 phanius
441 547 729 604 diaconus
752 545 1034 602 adversus
1065 547 1407 619 Gregorium
1467 544 1811 616 episcopum
1845 548 1890 613 Α
1925 547 2056 600 ceni
2089 543 2511 616 defecerunt,si
2543 563 2678 604 vera
2711 532 2958 606 narrent
2987 551 3255 607 Socrates
3297 556 3354 608 et
3405 553 3580 609 Sozo-

166 640 580 694 Neocaesareae.
615 640 772 692 Ante
797 637 974 700 hunc,
1009 637 1151 692 utin
1175 636 1437 691 secunda
1458 635 1684 705 synodo
1715 634 1812 688 Ni-

166 745 321 784 caena
345 726 1026 801 legimus,«Theodosius
1039 725 1393 782 venerabilis
1405 741 1623 796 praises
1636 725 1815 779 8.Αο-

169 818 317 873 dreaa
377 818 535 890 apud
594 818 860 884 Nesium,
919 816 1183 872 libellum
1235 815 1503 887 ejusdem
1538 815 1595 868 B.
1624 813 1814 869 Patris

161 909 400 963 Joannis
421 909 825 978 Chrysostomi
850 906 1250 978 attulit,quem
1273 905 1333 960 in
1357 905 1633 960 manibus
1656 918 1814 958 acce-

168 1003 328 1067 ptum
362 997 653 1052 Antonius
689 997 1013 1051 monachus
1041 993 1198 1066 legit.
1237 995 1427 1048 Beataa
1461 991 1816 1048 recordatio-

165 1088 254 1141 nis
268 1088 462 1142 Patris
487 1087 673 1142 nostri
697 1086 940 1141 Joannis
962 1084 1363 1155 Chrysostomi
1387 1082 1576 1138 oratio
1593 1079 1816 1146 :nQuod

168 1179 390 1232 Veteris
412 1184 470 1232 et
490 1177 628 1231 Novi
652 1176 1008 1231 'l‘estamenti
1041 1190 1194 1229 unus
1218 1174 1294 1228 sit
1320 1171 1640 1244 legislator,
1664 1177 1723 1225 et
1753 1171 1813 1224 in

165 1268 578 1321 vestimentum
602 1265 1081 1337 pontiﬁcis;cujus
1093 1265 1316 1317 initium
1337 1261 1816 1333 est,Evange|ium

163 1357 323 1428 regni
348 1356 566 1410 Christi
598 1356 902 1426 propheta;
928 1353 1167 1424 quidem
1221 1351 1580 1406 annuntiant
1619 1349 1815 1421 (plane

166 1450 226 1500 ut
263 1461 425 1500 nunc
451 1447 654 1500 (ἔτερεᾶ
685 1449 902 1498 sonant
935 1446 1080 1508 εΤῆς
1121 1443 1359 1513 Χριστοῦ
1419 1436 1701 1509 βασιλείας
1753 1437 1816 1490 τὸ

167 1529 508 1610 Εὗαγγέλιον
544 1530 877 1606 κῃρύττουσι
937 1531 1084 1603 [μὲν]
1157 1530 1484 1604 προφῆται),
1546 1537 1597 1584 et
1642 1527 1815 1598 paulo

157 1632 278 1694 post
306 1642 319 1679 :
356 1625 474 1695 Ego
508 1629 565 1678 et
595 1641 666 1678 ex
697 1639 834 1678 cera
859 1621 1094 1676 fusilem
1126 1620 1418 1691 picturam
1445 1619 1663 1691 pietate
1691 1617 1811 1688 ple-

164 1728 296 1767 nam
328 1713 548 1768 amavi.
582 1711 712 1766 Vidi
748 1712 908 1766 enim
943 1709 1216 1782 angelum
1240 1709 1302 1764 in
1335 1708 1591 1779 imagine
1612 1705 1818 1762 barba-

162 1819 360 1856 rorum
394 1802 587 1856 nubes
618 1801 1102 1873 propulsantem;
1141 1799 1256 1854 vidi
1299 1797 1685 1854 barbarorum
1718 1812 1817 1851 co-

1921 651 2181 691 menus:
2241 634 2419 690 Πάντα
2478 634 2568 690 οὖν
2599 637 2665 691 τὰ
2727 638 2829 692 ὑπὸ
2861 640 2959 707 τήν
3009 639 3281 708 ἀνατολὴν
3316 640 3418 695 ὑπὸ
3466 647 3573 696 τῶν

1925 728 2257 798 Σαρακηνῶν
2290 726 2426 780 κατὰ
2458 726 2552 781 τὸν
2582 726 2742 781 αὐτὸν
2774 725 3054 803 ἒπορθεῖτο
3087 731 3574 804 Xsovov.aCuncta

1922 814 2103 886 igitur
2122 833 2324 872 versus
2346 818 2631 874 orientem
2657 819 2786 876 loca
2809 838 2841 876 a
2858 821 3163 878 Saracenis
3197 823 3404 879 eodem
3432 830 3574 879 tem-

1922 923 2064 978 pore
2080 909 2478 964 vastabantur.
2493 913 2728 967 nNonne
2743 913 2866 968 hanc
2884 921 3217 986 opportuna
3230 916 3372 970 satis
3386 917 3575 986 etjus-

1930 1001 1988 1051 ta
2006 999 2223 1052 oratori
2249 1016 2425 1054 causa
2455 1000 2585 1067 fuit,
2610 1008 2674 1056 ut
2722 1003 3001 1075 populum
3049 1004 3120 1059 ad
3160 1005 3571 1076 pmnitentiam

1922 1084 2473 1158 hortaretur,eaque
2497 1089 2676 1144 Deum
2699 1098 3130 1161 permoverent,
3162 1089 3252 1145 ’ἕνα
3283 1091 3569 1164 πολέμους

1907 1172 2298 1248 ἀφανίσῃ,καὶ
2363 1171 2668 1252 βαρϐάρους
2727 1173 2912 1253 σϐέσῃ.
2977 1181 3090 1236 Sed
3149 1187 3206 1237 et
3261 1199 3393 1237 cum
3443 1182 3571 1252 jam

1925 1266 2522 1338 Constantinopoleos
2551 1269 2862 1341 episcopus
2881 1277 3112 1326 creatus
3135 1271 3569 1339 fuisset,Gainaa

1924 1353 2159 1410 barbari
2193 1357 2465 1428 tyrannis
2499 1359 2711 1429 erupit,
2749 1360 2846 1429 qui
2878 1359 3197 1415 Gothorum
3232 1361 3568 1416 universam

1922 1448 2158 1514 gentem
2190 1461 2220 1500 e
2253 1445 2492 1501 sedibus
2515 1447 2637 1502 suis
2686 1449 2912 1517 accivit,
2948 1454 3006 1504 et
3036 1452 3331 1505 Romanos
3362 1467 3570 1506 omnes

1923 1533 2302 1588 multitudine
2319 1535 2702 1591 barbarorum
2722 1539 2898 1592 terrui
2911 1545 3105 1609 t,quos
3125 1540 3301 1594 etiam
3317 1540 3377 1593 in
3393 1541 3574 1612 ipsam

1923 1621 2132 1678 urbem
2164 1623 2736 1696 Constantinopolim
2761 1627 3011 1692 induxit,
3044 1627 3132 1680 καὶ
3179 1621 3570 1701 βεϐαρϐάρωτο

1922 1713 1958 1780 ἡ
1990 1709 2153 1772 πόλις
2186 1710 2288 1765 ὑπὸ
2311 1717 2418 1766 τῶν
2456 1712 2683 1768 πολλῶν
2719 1713 3014 1788 μυριάδων,
3048 1723 3115 1771 ut
3169 1718 3433 1788 loquitur
3462 1718 3570 1773 So-

1923 1806 2132 1858 crates.
2167 1804 2326 1858 Tunc
2357 1803 2536 1858 fuisse
2581 1805 2834 1860 traditur
2883 1806 2982 1860 illa
3033 1807 3372 1879 angelorum
3405 1806 3570 1876 visio,

163 1892 359 1946 hortes
418 1889 817 1956 conculcatas,
873 1896 930 1944 et
987 1888 1263 1944 Davidem
1304 1903 1437 1941 vere
1471 1885 1810 1941 dicentem:

1926 1910 2054 1964 quas
2084 1893 2478 1950 barbarorum
2513 1902 2757 1952 conatus
2789 1898 3072 1968 repressit
3104 1898 3294 1953 :unde
3317 1897 3570 1952 fortasse

164 2003 190 2030 ‹‹
206 1980 545 2048 Domine,in
558 1981 790 2035 civitate
806 1985 905 2034 tua
918 1978 1233 2049 imaginem
1253 1993 1457 2031 eorum
1472 1975 1544 2030 ad
1562 1973 1810 2030 nihilum

165 2069 393 2140 rediges
417 2069 482 2122 ¹³.
520 2090 550 2117 ››
582 2069 721 2134 Quae
755 2085 863 2122 nos
895 2067 954 2121 in
988 2067 1195 2122 eadem
1223 2065 1489 2120 oratione
1511 2063 1595 2119 ita
1615 2064 1810 2117 Graece

164 2156 414 2230 legimus
438 2162 451 2185 ‘
482 2155 623 2228 Ἐγὼ
653 2155 744 2209 καὶ
777 2156 876 2221 τήν
908 2153 1216 2228 κηρόχυτον
1269 2172 1413 2227 γραφ
1427 2153 1490 2218 ἢν
1551 2151 1814 2224 ἠγάπησα

166 2241 434 2307 εὖσεϐείας
494 2242 965 2318 πεπληρωμένην
1025 2241 1166 2297 εἶδον
1226 2241 1277 2296 ἐν
1347 2241 1510 2296 εἰκόνι
1585 2238 1813 2315 ἄγγελον

163 2336 456 2390 ελλύνοντα
485 2335 618 2413 νέφη
669 2329 980 2408 βαρϐάρων,
1035 2329 1182 2387 εἶδοδ
1241 2330 1554 2403 πατούμενα
1609 2324 1808 2405 βαρϐά-

164 2445 266 2497 ρων
325 2422 501 2499 φῦλπ,
555 2423 641 2477 καὶ
705 2422 796 2477 τὸν
857 2417 1020 2477 Δαϐἰδ
1070 2419 1433 2490 ἀληθεύοντα,
1469 2419 1633 2492 Κύριε
1658 2422 1710 2474 ἐν
1742 2426 1810 2494 τῇ

156 2513 314 2569 πόλει
351 2536 452 2568 σου
483 2514 583 2581 τήν
615 2512 795 2568 εἰκόνα
843 2511 1006 2567 αὐτοῦ
1062 2507 1456 2581 ὲξουδενώσεις.
1515 2513 1810 2568 Paucissi-

160 2622 263 2662 mai
288 2624 439 2662 sane
466 2607 523 2662 S.
558 2604 959 2677 Chrysostomi
1009 2605 1308 2660 orationes
1340 2609 1499 2673 sunt,
1548 2620 1654 2675 pro
1687 2602 1813 2674 qui-

162 2695 265 2752 bus
300 2703 392 2752 tot
424 2713 494 2752 ac
524 2703 643 2751 tam
676 2701 905 2750 vetusta
937 2694 1278 2750 testimonia
1309 2693 1508 2749 aﬂ‘erri
1540 2696 1808 2764 possunt.

223 2787 398 2852 Quod
429 2787 503 2842 ad
527 2787 742 2857 stylum
776 2785 1070 2852 attinet,et
1101 2783 1335 2838 dicendi
1385 2783 1810 2852 characterem,

158 2893 275 2932 non
309 2877 493 2932 facile
521 2877 614 2930 hic
636 2873 861 2944 aliquid
893 2880 951 2929 et
969 2873 1143 2929 simul
1166 2877 1326 2928 certo
1340 2871 1574 2926 deﬁniri
1595 2876 1811 2942 potest;

160 2968 445 3038 quoniam
482 2966 669 3020 Oratio
703 2965 831 3035 ipsa
869 2981 987 3019 non
1019 2969 1108 3019 est
1138 2963 1281 3018 satis
1309 2962 1670 3030 integra,sed
1689 2961 1812 3033 plu-

158 3057 318 3112 ribus
356 3058 417 3111 in
449 3055 597 3110 locis
619 3061 914 3126 corrupta,
935 3069 1128 3124 neque
1170 3053 1331 3108 enim
1362 3051 1601 3107 aliunde
1630 3067 1814 3106 venu-

159 3153 271 3202 stas
304 3145 837 3216 Chrysustomiana
864 3143 1010 3198 mihi
1035 3143 1242 3198 deesse
1263 3142 1513 3198 videtur.
1548 3143 1622 3196 De
1668 3141 1813 3196 alle-

157 3239 337 3308 goriis
392 3253 500 3290 cur
553 3239 880 3304 querantur
937 3249 1058 3287 non
1090 3231 1311 3288 habent
1342 3231 1461 3286 illis
1493 3230 1652 3286 enim
1685 3235 1810 3285 tum

154 3334 385 3383 tantum
407 3325 556 3380 adeo
577 3326 921 3395 frequenter
937 3325 1140 3391 utitur,
1165 3321 1373 3377 cumid
1394 3309 1807 3393 argumentum

150 3419 432 3487 postulat,
468 3414 714 3481 scilicet,
747 3430 881 3468 cum
915 3413 988 3467 de
1021 3412 1392 3467 vestimentis
1434 3409 1804 3465 sacerdotum

152 3512 282 3578 agit.
321 3505 497 3570 Quod
529 3503 818 3574 objiciant
849 3503 1003 3556 idem
1035 3501 1106 3556 de
1139 3502 1314 3556 unico
1351 3500 1688 3572 legislatore
1717 3516 1813 3554 ar—

155 3601 509 3668 gumentum
537 3593 598 3647 in
622 3592 920 3664 germanis
937 3592 1066 3662 ejus
1082 3591 1316 3661 scriptis
1338 3591 1556 3660 saepius
1580 3588 1808 3661 egregie

151 3683 482 3755 γυμνασθέν,
509 3683 607 3736 hic
647 3688 844 3736 autem
893 3681 984 3734 vix
1017 3679 1196 3750 idque
1227 3678 1438 3750 frigide
1471 3679 1679 3750 attingi
1716 3701 1727 3744 ς
1755 3677 1813 3732 id

157 3776 353 3845 potius
387 3772 722 3827 orationem
747 3771 1164 3840 Chrysostomo
1190 3768 1469 3833 vindicat,
1495 3783 1674 3838 quam
1706 3767 1812 3822 ab-

151 3864 386 3933 judicat
418 3879 431 3915 :
469 3877 591 3916 una
612 3861 772 3916 enim
797 3866 1020 3914 tantum
1056 3875 1125 3913 ex
1160 3858 1347 3912 tribus
1376 3857 1642 3928 partibus
1674 3857 1811 3911 huic

160 3956 515 4023 argumento
542 3950 605 4004 in
635 3949 747 4002 hoc
773 3947 969 4002 libello
989 3946 1442 4018 impenditur,et
1463 3950 1670 4000 auctor
1688 3945 1813 4015 ipse

161 4047 363 4096 monet
391 4039 468 4094 de
497 4039 606 4093 hac
639 4054 699 4091 re
731 4053 791 4091 se
827 4037 990 4107 prius
1024 4034 1402 4101 disseruisse,
1436 4039 1495 4088 et
1553 4049 1624 4088 ea
1681 4049 1812 4104 quas

157 4132 315 4200 prius
350 4129 516 4184 dicta
546 4133 716 4181 erant
746 4123 1157 4180 tantummodo
1189 4124 1249 4177 in
1280 4123 1631 4178 memoriam
1657 4138 1816 4177 nunc

156 4235 471 4275 revocare:
519 4211 676 4282 Οἶδα,
703 4214 918 4286 inquit.
952 4216 1143 4267 τοῦτον
1186 4212 1380 4284 πρώην
1420 4209 1694 4286 γυμνάσας
1721 4211 1813 4264 τὸν

157 4308 342 4384 λόγον,
379 4304 511 4360 ἀλλ’
545 4299 986 4375 ἐπαναλαμϐάνω
1021 4303 1154 4376 πρὸς
1189 4301 1691 4373 ὑπόμνησινΩιιοά
1713 4302 1811 4357 de-

155 4401 331 4470 nique
356 4398 644 4466 scriptam
669 4395 851 4450 velint
876 4394 1204 4448 orationem
1218 4392 1372 4447 hanc
1401 4414 1420 4437 ι
1448 4391 1814 4446 imminenti-

155 4488 252 4543 bus
263 4489 449 4542 exitio
465 4485 762 4540 orientalis
777 4485 852 4538 im
865 4483 998 4555 ptrii
1014 4481 1281 4537 barbaris
1297 4480 1819 4550 nationibus,quod

157 4579 212 4632 in
234 4585 516 4648 tempora
528 4575 607 4628 Ch
619 4573 926 4643 rysostomi
945 4571 1034 4625 vix
1051 4569 1344 4642 quadrare
1363 4574 1557 4640 potest
1571 4585 1619 4622 ;››
1635 4567 1693 4622 id
1709 4585 1816 4624 om-

158 4668 295 4722 nino
321 4633 442 4719 vim
464 4633 695 4717 nullam
718 4662 914 4715 habet.
947 4633 1087 4714 Non.
1105 4674 1293 4730 pauca
1324 4633 1806 4729 a-Chrysostomo
1848 4633 1891 4698 ί)

164 4757 415 4812 diacono
441 4755 666 4824 scripta
687 4748 1139 4817 sunt,nonnulla
1164 4749 1339 4803 etiam
1359 4747 1431 4802 ab
1455 4751 1812 4819 Anagnoste.

161 4847 318 4901 Tunc
351 4850 556 4900 autem
591 4841 804 4896 Valens
826 4840 1147 4910 imperator
1167 4837 1280 4891 fuit
1300 4835 1814 4902 Antiochiaa,unde

161 4935 496 4990 accersitus
526 4927 1102 4998 Constantinopolim
1129 4927 1340 4998 pergit,
1400 4924 1500 4980 ubi
1532 4925 1814 4996 populum

164 5029 618 5080 consternatum
647 5019 888 5090 reperit,
922 5015 971 5069 οἷ
1003 5015 1109 5089 γὰρ
1145 5007 1410 5088 βάρϐαροι
1441 5008 1817 5087 καταδραμόν-

161 5133 246 5174 τες
279 5114 385 5178 τήν
418 5109 635 5181 Θρᾴκην
671 5105 781 5175 ἠδη
814 5105 902 5158 καὶ
962 5104 1028 5158 τὰ
1083 5102 1379 5176 προάστεια
1425 5098 1687 5173 ἐπόρθουν
1720 5107 1818 5168 τῆς

163 5199 578 5257 Κωνσταντίνου
610 5196 829 5255 πόλεως
857 5213 869 5249 :
899 5218 927 5245 ‹‹
955 5211 1093 5250 nam
1115 5193 1480 5264 barbari,qui
1496 5192 1622 5264 jam
1645 5193 1820 5250 Thra-

167 5293 310 5347 ciam
346 5287 691 5362 depopulati
713 5286 968 5350 fuerant,
987 5284 1118 5354 ipsa
1140 5298 1376 5353 quoque
1404 5281 1815 5338 Constantino-

165 5382 362 5451 poleos
396 5378 746 5434 suburbana
764 5373 1103 5437 vastabant;
1125 5392 1149 5424 ν
1176 5387 1431 5440 cumque
1457 5371 1530 5426 iis
1553 5388 1821 5443 congres-

167 5485 259 5525 sus
281 5471 498 5524 Valens
529 5466 732 5540 periit,
759 5465 1028 5518 Socrates
1064 5461 1167 5517 lib.
1216 5476 1291 5528 ιγ,
1326 5477 1376 5514 c.
1410 5461 1498 5514 38.
1531 5461 1672 5514 Post
1700 5461 1821 5516 dis-

163 5573 389 5614 cessum
425 5559 607 5614 etiam
637 5553 904 5610 Valentis
934 5551 1007 5607 ab
1060 5548 1391 5605 Antiochia
1421 5549 1622 5605 statim
1652 5549 1820 5606 Sara-

237 5736 278 5770 ⁸³
297 5737 440 5795 Plal.
467 5751 652 5802 Lxxn,
687 5733 780 5787 ιο.

1925 1983 2138 2053 exponi
2161 1988 2357 2054 potest
2381 1983 2561 2057 γραφή
2597 1983 2929 2058 κηρόχυτος,
2959 2003 3089 2055 quas
3137 1987 3248 2040 hac
3277 1986 3404 2057 ipsa
3435 2002 3570 2041 ora-

1921 2072 2083 2124 tione
2117 2072 2620 2142 proponitnr.Non
2652 2079 2777 2128 erat
2809 2073 3007 2146 igitur,
3040 2091 3146 2129 cur
3176 2075 3327 2130 hanc
3385 2089 3564 2129 unam

1923 2158 2350 2215 Savilianarum
2381 2162 2676 2216 rationum
2705 2163 2982 2218 recitaret
3009 2164 3440 2220 Armachanus.

1993 2249 2137 2301 Cum
2170 2253 2370 2302 autem
2419 2251 2781 2305 reverendus
2832 2267 3014 2305 senex
3047 2252 3319 2306 Usserius
3377 2250 3570 2306 adhuc

1925 2336 2102 2391 etiam
2134 2338 2492 2407 conjecturis
2510 2340 2632 2394 suis
2660 2339 2995 2407 indulserit,
3029 2341 3460 2396 etdubitaverit
3490 2357 3566 2396 an

1923 2426 1994 2480 ab
2027 2432 2264 2482 auctore
2298 2428 2605 2497 orationis,
2637 2445 2713 2484 an
2743 2429 2814 2484 ab
2869 2429 3294 2502 interpolatore
3334 2448 3404 2485 ea
3435 2446 3570 2501 quas

1922 2517 2277 2586 protulimus
2309 2518 2465 2573 dicta
2496 2519 2634 2585 sint,
2670 2520 2794 2573 haec
2821 2536 2854 2574 a
2885 2520 3054 2574 nobis
3089 2520 3272 2575 multo
3306 2521 3567 2575 severius

1923 2607 2317 2662 examinanda
2347 2614 2502 2662 sunt.
2536 2631 2560 2657 α
2596 2610 2660 2662 In
2694 2611 2978 2673 Romana,
3003 2610 3218 2680 inquit,
3251 2610 3569 2665 cardinalis

1923 2695 2118 2750 Sirleti
2143 2702 2199 2750 et
2219 2696 2526 2752 Basiliensi
2563 2699 2650 2754 Jo.
2676 2697 2876 2753 Jacobi
2901 2700 3142 2754 Beureri
3163 2699 3422 2753 editione
3455 2699 3566 2752 ista

1907 2801 2039 2851 non
2058 2785 2550 2841 habentur.»llasc
2573 2787 2733 2841 enim
2755 2803 2874 2842 non
2894 2793 3032 2842 sunt
3052 2788 3167 2842 duo
3190 2787 3573 2860 exemplaria,

1922 2873 2023 2929 sed
2042 2891 2229 2929 unum
2253 2880 2480 2930 tantum
2505 2875 2734 2941 ;Sirleti
2767 2877 2926 2930 enim
2949 2878 3147 2932 Graeca
3178 2893 3311 2931 cum
3353 2875 3573 2931 Latinis

1921 2963 2162 3018 Beureri
2196 2963 2436 3020 Basileae
2461 2965 2617 3020 edita
2646 2971 2786 3020 sunt
2820 2965 2947 3020 sine
2991 2983 3101 3036 ope
3134 2965 3378 3020 alterius
3412 2965 3574 3020 codi-

1921 3053 2006 3108 cis
2037 3069 2048 3106 :
2081 3059 2139 3108 et
2170 3054 2458 3110 Beurerus
2489 3055 2613 3126 ipse
2661 3056 3048 3126 conqueritur
3093 3054 3392 3126 exemplar
3423 3054 3571 3110 illud

1923 3143 2446 3199 Romanumfuisse
2469 3145 2749 3200 mendose
2764 3144 3573 3216 etnegligenterdescriptum

1926 3239 1982 3288 et
2011 3234 2224 3289 alicubi
2258 3234 2482 3290 lacunis
2534 3235 2724 3289 hians.
2764 3236 3023 3290 Lacunas
3057 3235 3190 3290 illas
3215 3236 3277 3288 D.
3319 3235 3571 3289 Savilius

1925 3339 1994 3377 ex
2015 3323 2280 3378 Cmsareo
2303 3323 2506 3379 codice
2527 3324 3016 3395 supplevit..\'ulla
3043 3324 3242 3395 itaque
3261 3323 3356 3378 hic
3381 3324 3450 3378 de
3472 3324 3564 3378 in-

1923 3413 2280 3484 terpolatore
2294 3414 2460 3483 justa
2481 3414 2833 3483 suspicioln
2849 3416 3112 3469 Romano
3127 3413 3327 3468 codice
3343 3413 3575 3484 aliquot

1922 3501 2180 3574 pagellas
2205 3501 2409 3557 deesse
2435 3504 2654 3556 notavit
2679 3502 3021 3570 D.Savilius;
3044 3502 3220 3572 idque
3253 3502 3571 3557 manifesto

1924 3605 1992 3645 ex
2021 3590 2150 3662 ipso
2183 3591 2311 3646 loco
2358 3591 2841 3662 deprehenditur.
2888 3594 2974 3647 Ita
2998 3593 3155 3648 enim
3213 3591 3369 3663 apud
3403 3591 3574 3646 Sirle-

1923 3683 2049 3732 tum
2083 3685 2138 3733 et
2165 3681 2488 3735 Beurerum
2521 3679 2860 3752 legebatur:
2888 3677 3108 3734 Κελεῦει
3143 3679 3231 3732 οὖν
3267 3679 3364 3747 τὴν
3399 3699 3567 3757 κεφα-

1926 3767 2027 3835 λὴν
2061 3770 2136 3841 μή
2177 3769 2308 3822 εἶναι
2340 3770 2577 3844 γυμνὴν,
2610 3767 2753 3823 ἀλλὰ
2777 3767 3219 3842 κεκαλυμμένην,
3265 3770 3359 3823 ἳνα
3394 3771 3565 3841 μάθῃς

1921 3856 1972 3912 τί
2001 3859 2089 3911 καὶ
2121 3857 2314 3930 μεταξὺ
2344 3858 2550 3912 τούτων
2581 3858 2630 3910 οἱ
2662 3855 3003 3924 κώδωνες,ἰ(1
3036 3865 3124 3914 est
3148 3859 3364 3928 «jubet
3395 3866 3569 3931 caput

1924 3948 2169 4004 minime
2202 3965 2329 4003 esse
2362 3948 2586 4004 nudum
2618 3949 2720 4003 sed
2751 3953 3116 4020 coopertum,
3151 3952 3215 4001 ut
3243 3947 3393 4000 scias
3426 3947 3570 4017 quid

1925 4038 2103 4093 etiam
2121 4037 2275 4092 inter
2299 4039 2423 4092 haec
2448 4037 2860 4092 tintinnabula.
2876 4037 3046 4102 «Quis
3060 4041 3255 4090 autem
3273 4051 3389 4089 non
3412 4035 3570 4088 videt

1925 4126 2253 4198 posteriora
2281 4127 2458 4198 hujus
2476 4126 2782 4182 sententias
2800 4143 2833 4181 a
2855 4125 3153 4198 prioribus
3179 4127 3296 4178 toto
3314 4123 3458 4178 caelo
3479 4123 3572 4177 di-

1926 4223 2082 4274 stare
2100 4218 2126 4273 ?
2144 4219 2284 4283 Quis
2306 4235 2426 4274 non
2441 4218 2638 4274 statim
2667 4216 3045 4288 persentiscit
3064 4215 3291 4286 aliquot
3311 4212 3573 4286 pagellas

1927 4307 2133 4363 deesse
2166 4308 2322 4363 inter
2344 4304 2438 4360 ’ἱνα
2472 4306 2650 4380 μάθῃς
2684 4311 2742 4361 et
2770 4304 2821 4359 τί
2863 4304 2952 4359 καὶ
2984 4306 3011 4360 ‘2
3070 4304 3226 4376 quod
3277 4303 3576 4359 veteribus

1927 4413 2070 4452 mss.
2104 4414 2390 4468 perquam
2423 4396 2711 4451 familiare
2743 4393 2965 4450 est.Ubi
2991 4393 3151 4449 enim
3180 4392 3457 4448 librarius
3481 4392 3576 4446 in-

1929 4486 2073 4542 cidit
2113 4487 2173 4541 in
2196 4486 2458 4541 codicem
2494 4503 2564 4540 ex
2584 4503 2698 4556 quo
2723 4501 2842 4539 una
2875 4484 2961 4538 vel
2996 4483 3193 4555 plures
3225 4482 3451 4554 paginm
3468 4482 3576 4536 for-

1930 4579 1986 4630 te
2019 4576 2225 4630 excisas
2253 4581 2410 4638 sunt,
2440 4580 2541 4630 aut
2592 4591 2712 4629 non
2765 4571 3263 4640 animadvertens,
3297 4576 3398 4626 aut
3426 4569 3575 4624 nihil

1923 4681 2166 4732 curans,
2200 4666 2397 4721 omnia
2426 4664 2633 4719 eodem
2663 4671 2867 4719 tenore
2899 4664 3051 4718 solet
3075 4662 3412 4717 describere
3439 4679 3451 4715 :
3488 4659 3578 4714 id-

1927 4770 2040 4824 que
2073 4771 2192 4808 non
2231 4753 2291 4808 in
2325 4752 2533 4808 eodem
2557 4769 2730 4824 opere
2747 4750 3290 4817 tantummodo,sed
3319 4750 3495 4805 etiam
3519 4748 3579 4802 in

1928 4842 2173 4897 diversis
2187 4841 2396 4897 eodem
2411 4841 2708 4896 volumine
2723 4839 3170 4911 comprehensis
3189 4855 3342 4908 saape
3358 4838 3578 4890 factum

1928 4936 2040 4998 est,
2072 4931 2174 4986 ubi
2230 4931 2366 4986 flnis
2425 4932 2622 4997 unius,
2687 4930 2921 4984 initium
2983 4934 3178 4983 autem
3213 4926 3459 4981 alterius
3506 4924 3578 4978 ab

1927 5017 2255 5089 exemplari
2291 5017 2681 5072 describendo
2718 5017 2882 5088 prius
2915 5014 3176 5070 excisum
3211 5017 3320 5067 est.
3353 5012 3474 5065 Hoc
3520 5011 3580 5064 in

1929 5106 2196 5177 epistolis
2218 5106 2524 5177 Polycarpi
2549 5111 2605 5160 et
2628 5104 2906 5161 Barnabas
2930 5102 3038 5156 viri
3063 5097 3582 5171 doctijampridem

1929 5195 2489 5267 deprehenderunt:
2515 5197 2626 5250 hoc
2659 5196 2784 5266 ipse
2817 5195 2876 5248 in
2919 5209 3059 5248 mss.
3095 5191 3330 5246 Thomas
3364 5189 3579 5260 magis-

1929 5286 2026 5349 tri,
2063 5291 2120 5338 et
2150 5282 2442 5338 Theodori
2489 5283 2912 5356 pmnitentialis
2937 5280 3258 5345 observavi,
3293 5278 3391 5348 qui
3426 5277 3582 5347 apud

1932 5379 2168 5428 nostros
2209 5372 2727 5443 Cantabrigienses
2760 5376 3155 5426 asservantur.
3205 5367 3349 5423 Cum
3403 5365 3585 5436 igitur

1933 5461 2114 5517 editio
2149 5461 2212 5515 D.
2247 5460 2454 5514 Savilii
2486 5466 2606 5515 tam
2653 5459 2806 5514 clare
2829 5463 3004 5528 atque
3039 5459 3347 5529 perspicue
3381 5454 3584 5511 omnia

1934 5549 2299 5622 suppleat,ut
2333 5549 2497 5620 prior
2526 5566 2662 5620 pars
2679 5547 2990 5604 sententiae
3020 5552 3142 5603 tam
3173 5544 3495 5602 inconditas
3514 5543 3585 5598 iis
