  <div class='ocr_page' id='page_1' title='image "/cluster/home/n/w/nwhite01/storage/ocr_20150623/5/pst.000005711819/108.png"; bbox 0 0 3974 6296; ppageno 0'>
   <div class='ocr_carea' id='block_1_1' title="bbox 108 427 219 492">
    <p class='ocr_par' dir='ltr' id='par_1_1' title="bbox 108 427 219 492">
     <span class='ocr_line' id='line_1_1' title="bbox 108 427 219 492; baseline -0.036 0"><span class='ocrx_word' id='word_1_1' title='bbox 108 427 219 492; x_wconf 72' lang='grc'>201</span> 
     </span>
    </p>
   </div>
   <div class='ocr_carea' id='block_1_2' title="bbox 862 417 2778 490">
    <p class='ocr_par' dir='ltr' id='par_1_2' title="bbox 862 417 2778 490">
     <span class='ocr_line' id='line_1_2' title="bbox 862 417 2778 490; baseline 0.002 -5"><span class='ocrx_word' id='word_1_2' title='bbox 862 421 922 485; x_wconf 77' lang='lat' dir='ltr'>J.</span> <span class='ocrx_word' id='word_1_3' title='bbox 965 417 1387 485; x_wconf 81' lang='lat' dir='ltr'>PEABSONII</span> <span class='ocrx_word' id='word_1_4' title='bbox 1430 418 1803 486; x_wconf 67' lang='lat' dir='ltr'>VINDICIE</span> <span class='ocrx_word' id='word_1_5' title='bbox 1843 422 2313 490; x_wconf 74' lang='lat' dir='ltr'>IGNATIAN/E.</span> <span class='ocrx_word' id='word_1_6' title='bbox 2358 460 2438 474; x_wconf 90' lang='lat'>--</span> <span class='ocrx_word' id='word_1_7' title='bbox 2480 422 2684 489; x_wconf 83' lang='lat' dir='ltr'>PARS</span> <span class='ocrx_word' id='word_1_8' title='bbox 2727 428 2778 489; x_wconf 88' lang='grc' dir='ltr'><strong>Ι.</strong></span> 
     </span>
    </p>
   </div>
   <div class='ocr_carea' id='block_1_3' title="bbox 3409 394 3527 487">
    <p class='ocr_par' dir='ltr' id='par_1_3' title="bbox 3409 394 3527 487">
     <span class='ocr_line' id='line_1_3' title="bbox 3409 394 3527 487; baseline 0 0"><span class='ocrx_word' id='word_1_9' title='bbox 3409 394 3527 487; x_wconf 71' lang='grc' dir='ltr'>2οέ</span> 
     </span>
    </p>
   </div>
   <div class='ocr_carea' id='block_1_4' title="bbox 111 526 3522 636">
    <p class='ocr_par' dir='ltr' id='par_1_4' title="bbox 111 526 3522 636">
     <span class='ocr_line' id='line_1_4' title="bbox 111 526 3522 636; baseline -0.001 -14"><span class='ocrx_word' id='word_1_10' title='bbox 111 561 316 622; x_wconf 74' lang='lat' dir='ltr'>Joanni</span> <span class='ocrx_word' id='word_1_11' title='bbox 367 560 799 635; x_wconf 82' lang='lat' dir='ltr'>Chrysostomo</span> <span class='ocrx_word' id='word_1_12' title='bbox 837 557 1122 614; x_wconf 75' lang='lat' dir='ltr'>attributa</span> <span class='ocrx_word' id='word_1_13' title='bbox 1182 556 1296 613; x_wconf 83' lang='lat' dir='ltr'>fuit</span> <span class='ocrx_word' id='word_1_14' title='bbox 1325 571 1341 623; x_wconf 91' lang='lat'><strong>;</strong></span> <span class='ocrx_word' id='word_1_15' title='bbox 1381 572 1631 629; x_wconf 85' lang='lat' dir='ltr'>eamque</span> <span class='ocrx_word' id='word_1_16' title='bbox 1661 573 1759 629; x_wconf 85' lang='lat' dir='ltr'>po-</span> <span class='ocrx_word' id='word_1_17' title='bbox 1788 552 1844 626; x_wconf 78' lang='grc' dir='ltr'><strong>Α</strong></span> <span class='ocrx_word' id='word_1_18' title='bbox 1870 558 2073 616; x_wconf 85' lang='lat' dir='ltr'>Jobius</span> <span class='ocrx_word' id='word_1_19' title='bbox 2102 564 2429 619; x_wconf 83' lang='lat' dir='ltr'>monachus</span> <span class='ocrx_word' id='word_1_20' title='bbox 2457 561 2855 634; x_wconf 86' lang='lat' dir='ltr'>videatur,qui</span> <span class='ocrx_word' id='word_1_21' title='bbox 2883 526 3233 636; x_wconf 85' lang='lat' dir='ltr'>Dionysium</span> <span class='ocrx_word' id='word_1_22' title='bbox 3255 564 3522 636; x_wconf 86' lang='lat' dir='ltr'>Areopa-</span> 
     </span>
    </p>
   </div>
   <div class='ocr_carea' id='block_1_5' title="bbox 113 646 1762 719">
    <p class='ocr_par' dir='ltr' id='par_1_5' title="bbox 113 646 1762 719">
     <span class='ocr_line' id='line_1_5' title="bbox 113 646 1762 719; baseline -0.005 -9"><span class='ocrx_word' id='word_1_23' title='bbox 113 656 227 711; x_wconf 86' lang='lat' dir='ltr'>tius</span> <span class='ocrx_word' id='word_1_24' title='bbox 257 652 470 709; x_wconf 83' lang='lat' dir='ltr'>Joanni</span> <span class='ocrx_word' id='word_1_25' title='bbox 500 653 801 707; x_wconf 75' lang='lat' dir='ltr'>Nesteutm</span> <span class='ocrx_word' id='word_1_26' title='bbox 832 646 1207 704; x_wconf 77' lang='lat' dir='ltr'>tribuendam</span> <span class='ocrx_word' id='word_1_27' title='bbox 1238 651 1406 719; x_wconf 81' lang='lat' dir='ltr'>putat</span> <span class='ocrx_word' id='word_1_28' title='bbox 1443 647 1714 703; x_wconf 89' lang='lat' dir='ltr'>Usserius</span> <span class='ocrx_word' id='word_1_29' title='bbox 1748 661 1762 701; x_wconf 86' lang='lat'><strong>:</strong></span> 
     </span>
    </p>
   </div>
   <div class='ocr_carea' id='block_1_6' title="bbox 121 738 1767 817">
    <p class='ocr_par' dir='ltr' id='par_1_6' title="bbox 121 738 1767 817">
     <span class='ocr_line' id='line_1_6' title="bbox 121 738 1767 817; baseline -0.004 -17"><span class='ocrx_word' id='word_1_30' title='bbox 121 760 314 817; x_wconf 89' lang='lat' dir='ltr'>neque</span> <span class='ocrx_word' id='word_1_31' title='bbox 343 741 551 798; x_wconf 89' lang='lat' dir='ltr'>dubito</span> <span class='ocrx_word' id='word_1_32' title='bbox 582 741 729 812; x_wconf 91' lang='lat' dir='ltr'>quin</span> <span class='ocrx_word' id='word_1_33' title='bbox 761 744 939 795; x_wconf 89' lang='lat' dir='ltr'>recte.</span> <span class='ocrx_word' id='word_1_34' title='bbox 972 740 1119 795; x_wconf 83' lang='lat' dir='ltr'>Nam</span> <span class='ocrx_word' id='word_1_35' title='bbox 1142 754 1212 793; x_wconf 90' lang='lat' dir='ltr'>ea</span> <span class='ocrx_word' id='word_1_36' title='bbox 1243 755 1374 810; x_wconf 77' lang='lat' dir='ltr'>qum</span> <span class='ocrx_word' id='word_1_37' title='bbox 1405 739 1689 806; x_wconf 85' lang='lat' dir='ltr'>continet,</span> <span class='ocrx_word' id='word_1_38' title='bbox 1709 738 1767 793; x_wconf 86' lang='lat' dir='ltr'>et</span> 
     </span>
    </p>
   </div>
   <div class='ocr_carea' id='block_1_7' title="bbox 118 827 1769 908">
    <p class='ocr_par' dir='ltr' id='par_1_7' title="bbox 118 827 1769 908">
     <span class='ocr_line' id='line_1_7' title="bbox 118 827 1769 908; baseline -0.004 -18"><span class='ocrx_word' id='word_1_39' title='bbox 118 833 518 908; x_wconf 85' lang='lat' dir='ltr'>patriarcham</span> <span class='ocrx_word' id='word_1_40' title='bbox 544 831 874 903; x_wconf 84' lang='lat' dir='ltr'>sapiunt,et</span> <span class='ocrx_word' id='word_1_41' title='bbox 901 827 1157 885; x_wconf 85' lang='lat' dir='ltr'>Mauritii</span> <span class='ocrx_word' id='word_1_42' title='bbox 1190 832 1423 884; x_wconf 66' lang='lat' dir='ltr'>aetatem</span> <span class='ocrx_word' id='word_1_43' title='bbox 1444 828 1769 901; x_wconf 69' lang='lat' dir='ltr'>praaferunt</span> 
     </span>
    </p>
   </div>
   <div class='ocr_carea' id='block_1_8' title="bbox 123 917 1772 997">
    <p class='ocr_par' dir='ltr' id='par_1_8' title="bbox 123 917 1772 997">
     <span class='ocr_line' id='line_1_8' title="bbox 123 917 1772 997; baseline -0.004 -17"><span class='ocrx_word' id='word_1_44' title='bbox 123 941 236 997; x_wconf 88' lang='lat' dir='ltr'>qua</span> <span class='ocrx_word' id='word_1_45' title='bbox 264 926 354 978; x_wconf 88' lang='lat' dir='ltr'>tot</span> <span class='ocrx_word' id='word_1_46' title='bbox 380 921 645 977; x_wconf 68' lang='lat' dir='ltr'>haereses</span> <span class='ocrx_word' id='word_1_47' title='bbox 676 920 1050 993; x_wconf 89' lang='lat' dir='ltr'>pullulabant</span> <span class='ocrx_word' id='word_1_48' title='bbox 1082 935 1097 987; x_wconf 89' lang='lat'><strong>;</strong></span> <span class='ocrx_word' id='word_1_49' title='bbox 1130 923 1188 973; x_wconf 91' lang='lat' dir='ltr'>et</span> <span class='ocrx_word' id='word_1_50' title='bbox 1231 917 1422 974; x_wconf 90' lang='lat' dir='ltr'>libera</span> <span class='ocrx_word' id='word_1_51' title='bbox 1460 917 1566 973; x_wconf 87' lang='lat' dir='ltr'>illa</span> <span class='ocrx_word' id='word_1_52' title='bbox 1595 923 1772 990; x_wconf 85' lang='lat' dir='ltr'>atque</span> 
     </span>
    </p>
   </div>
   <div class='ocr_carea' id='block_1_9' title="bbox 126 1004 1771 1083">
    <p class='ocr_par' dir='ltr' id='par_1_9' title="bbox 126 1004 1771 1083">
     <span class='ocr_line' id='line_1_9' title="bbox 126 1004 1771 1083; baseline -0.005 -14"><span class='ocrx_word' id='word_1_53' title='bbox 126 1029 328 1069; x_wconf 87' lang='lat' dir='ltr'>severa</span> <span class='ocrx_word' id='word_1_54' title='bbox 356 1010 697 1083; x_wconf 89' lang='lat' dir='ltr'>objurgatio</span> <span class='ocrx_word' id='word_1_55' title='bbox 731 1006 1335 1081; x_wconf 85' lang='lat' dir='ltr'>episcoporum,quod</span> <span class='ocrx_word' id='word_1_56' title='bbox 1364 1006 1554 1061; x_wconf 82' lang='lat' dir='ltr'>ventri</span> <span class='ocrx_word' id='word_1_57' title='bbox 1586 1004 1771 1061; x_wconf 85' lang='lat' dir='ltr'>dediti</span> 
     </span>
    </p>
   </div>
   <div class='ocr_carea' id='block_1_10' title="bbox 120 1098 1771 1175">
    <p class='ocr_par' dir='ltr' id='par_1_10' title="bbox 120 1098 1771 1175">
     <span class='ocr_line' id='line_1_10' title="bbox 120 1098 1771 1175; baseline -0.006 -14"><span class='ocrx_word' id='word_1_58' title='bbox 120 1108 405 1171; x_wconf 85' lang='lat' dir='ltr'>essent,et</span> <span class='ocrx_word' id='word_1_59' title='bbox 428 1101 587 1175; x_wconf 90' lang='lat' dir='ltr'>quod</span> <span class='ocrx_word' id='word_1_60' title='bbox 619 1099 1122 1173; x_wconf 87' lang='lat' dir='ltr'>splendidioribus</span> <span class='ocrx_word' id='word_1_61' title='bbox 1151 1098 1411 1154; x_wconf 85' lang='lat' dir='ltr'>vestibus</span> <span class='ocrx_word' id='word_1_62' title='bbox 1442 1102 1771 1166; x_wconf 78' lang='lat' dir='ltr'>uterentur,</span> 
     </span>
    </p>
   </div>
   <div class='ocr_carea' id='block_1_11' title="bbox 124 1187 1775 1266">
    <p class='ocr_par' dir='ltr' id='par_1_11' title="bbox 124 1187 1775 1266">
     <span class='ocr_line' id='line_1_11' title="bbox 124 1187 1775 1266; baseline -0.004 -16"><span class='ocrx_word' id='word_1_63' title='bbox 124 1194 211 1250; x_wconf 89' lang='lat' dir='ltr'>illi</span> <span class='ocrx_word' id='word_1_64' title='bbox 240 1195 303 1250; x_wconf 90' lang='lat' dir='ltr'>in</span> <span class='ocrx_word' id='word_1_65' title='bbox 328 1193 541 1266; x_wconf 87' lang='lat' dir='ltr'>primis</span> <span class='ocrx_word' id='word_1_66' title='bbox 563 1193 860 1247; x_wconf 74' lang='lat' dir='ltr'>Nesteutze</span> <span class='ocrx_word' id='word_1_67' title='bbox 892 1188 1295 1261; x_wconf 83' lang='lat' dir='ltr'>convenit,qui</span> <span class='ocrx_word' id='word_1_68' title='bbox 1326 1204 1386 1244; x_wconf 91' lang='lat' dir='ltr'>se</span> <span class='ocrx_word' id='word_1_69' title='bbox 1418 1187 1775 1243; x_wconf 84' lang='lat' dir='ltr'>inediisma-</span> 
     </span>
    </p>
   </div>
   <div class='ocr_carea' id='block_1_12' title="bbox 128 1280 1771 1354">
    <p class='ocr_par' dir='ltr' id='par_1_12' title="bbox 128 1280 1771 1354">
     <span class='ocr_line' id='line_1_12' title="bbox 128 1280 1771 1354; baseline -0.006 -11"><span class='ocrx_word' id='word_1_70' title='bbox 128 1286 382 1354; x_wconf 85' lang='lat' dir='ltr'>cerabat,</span> <span class='ocrx_word' id='word_1_71' title='bbox 418 1300 532 1342; x_wconf 89' lang='lat' dir='ltr'>nec</span> <span class='ocrx_word' id='word_1_72' title='bbox 563 1281 977 1339; x_wconf 83' lang='lat' dir='ltr'>monachalem</span> <span class='ocrx_word' id='word_1_73' title='bbox 1010 1280 1280 1339; x_wconf 89' lang='lat' dir='ltr'>habitum</span> <span class='ocrx_word' id='word_1_74' title='bbox 1303 1296 1567 1352; x_wconf 82' lang='lat' dir='ltr'>unquam</span> <span class='ocrx_word' id='word_1_75' title='bbox 1593 1294 1771 1335; x_wconf 82' lang='lat' dir='ltr'>exue-</span> 
     </span>
    </p>
   </div>
   <div class='ocr_carea' id='block_1_13' title="bbox 124 1378 243 1434">
    <p class='ocr_par' dir='ltr' id='par_1_13' title="bbox 124 1378 243 1434">
     <span class='ocr_line' id='line_1_13' title="bbox 124 1378 243 1434; baseline 0 0"><span class='ocrx_word' id='word_1_76' title='bbox 124 1378 243 1434; x_wconf 83' lang='lat' dir='ltr'>bat.</span> 
     </span>
    </p>
   </div>
   <div class='ocr_carea' id='block_1_14' title="bbox 187 1461 1774 1525">
    <p class='ocr_par' dir='ltr' id='par_1_14' title="bbox 187 1461 1774 1525">
     <span class='ocr_line' id='line_1_14' title="bbox 187 1461 1774 1525; baseline -0.005 -3"><span class='ocrx_word' id='word_1_77' title='bbox 187 1469 312 1525; x_wconf 90' lang='lat' dir='ltr'>Imo</span> <span class='ocrx_word' id='word_1_78' title='bbox 345 1465 455 1524; x_wconf 91' lang='lat' dir='ltr'>diu</span> <span class='ocrx_word' id='word_1_79' title='bbox 481 1468 621 1522; x_wconf 87' lang='lat' dir='ltr'>ante</span> <span class='ocrx_word' id='word_1_80' title='bbox 661 1462 971 1520; x_wconf 88' lang='lat' dir='ltr'>Leontium</span> <span class='ocrx_word' id='word_1_81' title='bbox 1002 1465 1062 1518; x_wconf 90' lang='lat' dir='ltr'>et</span> <span class='ocrx_word' id='word_1_82' title='bbox 1112 1463 1395 1518; x_wconf 84' lang='lat' dir='ltr'>Joannem</span> <span class='ocrx_word' id='word_1_83' title='bbox 1423 1461 1774 1517; x_wconf 89' lang='lat' dir='ltr'>Nesteutam</span> 
     </span>
    </p>
   </div>
   <div class='ocr_carea' id='block_1_15' title="bbox 122 1549 1775 1631">
    <p class='ocr_par' dir='ltr' id='par_1_15' title="bbox 122 1549 1775 1631">
     <span class='ocr_line' id='line_1_15' title="bbox 122 1549 1775 1631; baseline -0.007 -17"><span class='ocrx_word' id='word_1_84' title='bbox 122 1557 479 1631; x_wconf 82' lang='lat' dir='ltr'>Dionysium</span> <span class='ocrx_word' id='word_1_85' title='bbox 508 1554 925 1627; x_wconf 83' lang='lat' dir='ltr'>AreOpagitam</span> <span class='ocrx_word' id='word_1_86' title='bbox 958 1551 1190 1626; x_wconf 82' lang='lat' dir='ltr'>agnovit</span> <span class='ocrx_word' id='word_1_87' title='bbox 1231 1549 1620 1624; x_wconf 90' lang='lat' dir='ltr'>Ephraemius</span> <span class='ocrx_word' id='word_1_88' title='bbox 1667 1565 1775 1621; x_wconf 84' lang='lat' dir='ltr'>pa-</span> 
     </span>
    </p>
   </div>
   <div class='ocr_carea' id='block_1_16' title="bbox 125 1639 1774 1713">
    <p class='ocr_par' dir='ltr' id='par_1_16' title="bbox 125 1639 1774 1713">
     <span class='ocr_line' id='line_1_16' title="bbox 125 1639 1774 1713; baseline -0.007 -10"><span class='ocrx_word' id='word_1_89' title='bbox 125 1648 384 1705; x_wconf 85' lang='lat' dir='ltr'>triarcha</span> <span class='ocrx_word' id='word_1_90' title='bbox 412 1644 916 1713; x_wconf 88' lang='lat' dir='ltr'>Antiochenus,in</span> <span class='ocrx_word' id='word_1_91' title='bbox 938 1641 1077 1698; x_wconf 87' lang='lat' dir='ltr'>libri</span> <span class='ocrx_word' id='word_1_92' title='bbox 1109 1640 1421 1713; x_wconf 82' lang='lat' dir='ltr'>cujusdam</span> <span class='ocrx_word' id='word_1_93' title='bbox 1447 1639 1619 1695; x_wconf 92' lang='lat' dir='ltr'>tertio</span> <span class='ocrx_word' id='word_1_94' title='bbox 1646 1642 1774 1694; x_wconf 88' lang='lat' dir='ltr'>tra-</span> 
     </span>
    </p>
   </div>
   <div class='ocr_carea' id='block_1_17' title="bbox 125 1727 1779 1813">
    <p class='ocr_par' dir='ltr' id='par_1_17' title="bbox 125 1727 1779 1813">
     <span class='ocr_line' id='line_1_17' title="bbox 125 1727 1779 1813; baseline -0.008 -17"><span class='ocrx_word' id='word_1_95' title='bbox 125 1744 302 1809; x_wconf 84' lang='lat' dir='ltr'>ctatu,</span> <span class='ocrx_word' id='word_1_96' title='bbox 336 1736 443 1813; x_wconf 82' lang='lat' dir='ltr'>qui</span> <span class='ocrx_word' id='word_1_97' title='bbox 467 1735 806 1808; x_wconf 88' lang='lat' dir='ltr'>apologiam</span> <span class='ocrx_word' id='word_1_98' title='bbox 826 1732 1064 1790; x_wconf 89' lang='lat' dir='ltr'>concilii</span> <span class='ocrx_word' id='word_1_99' title='bbox 1081 1730 1579 1788; x_wconf 84' lang='lat' dir='ltr'>Chalcedonensis</span> <span class='ocrx_word' id='word_1_100' title='bbox 1598 1727 1779 1785; x_wconf 92' lang='lat' dir='ltr'>conti-</span> 
     </span>
    </p>
   </div>
   <div class='ocr_carea' id='block_1_18' title="bbox 118 1817 1774 1889">
    <p class='ocr_par' dir='ltr' id='par_1_18' title="bbox 118 1817 1774 1889">
     <span class='ocr_line' id='line_1_18' title="bbox 118 1817 1774 1889; baseline -0.008 -3"><span class='ocrx_word' id='word_1_101' title='bbox 118 1828 321 1886; x_wconf 87' lang='lat' dir='ltr'>nebat.</span> <span class='ocrx_word' id='word_1_102' title='bbox 354 1826 469 1884; x_wconf 91' lang='lat' dir='ltr'>Ubi</span> <span class='ocrx_word' id='word_1_103' title='bbox 503 1824 843 1881; x_wconf 88' lang='lat' dir='ltr'>necessario</span> <span class='ocrx_word' id='word_1_104' title='bbox 882 1821 1165 1879; x_wconf 87' lang='lat' dir='ltr'>lectorem</span> <span class='ocrx_word' id='word_1_105' title='bbox 1215 1819 1581 1876; x_wconf 91' lang='lat' dir='ltr'>monendum</span> <span class='ocrx_word' id='word_1_106' title='bbox 1611 1817 1774 1889; x_wconf 80' lang='lat' dir='ltr'>duxi,</span> 
     </span>
    </p>
   </div>
   <div class='ocr_carea' id='block_1_19' title="bbox 115 1907 1776 1981">
    <p class='ocr_par' dir='ltr' id='par_1_19' title="bbox 115 1907 1776 1981">
     <span class='ocr_line' id='line_1_19' title="bbox 115 1907 1776 1981; baseline -0.008 -6"><span class='ocrx_word' id='word_1_107' title='bbox 115 1918 338 1975; x_wconf 88' lang='lat' dir='ltr'>librum</span> <span class='ocrx_word' id='word_1_108' title='bbox 361 1934 507 1973; x_wconf 88' lang='lat' dir='ltr'>eum</span> <span class='ocrx_word' id='word_1_109' title='bbox 540 1932 661 1971; x_wconf 90' lang='lat' dir='ltr'>non</span> <span class='ocrx_word' id='word_1_110' title='bbox 683 1914 867 1970; x_wconf 87' lang='lat' dir='ltr'>fuisse</span> <span class='ocrx_word' id='word_1_111' title='bbox 888 1912 958 1968; x_wconf 91' lang='lat' dir='ltr'>de</span> <span class='ocrx_word' id='word_1_112' title='bbox 993 1911 1176 1969; x_wconf 88' lang='lat' dir='ltr'>sacris</span> <span class='ocrx_word' id='word_1_113' title='bbox 1198 1909 1521 1966; x_wconf 68' lang='lat' dir='ltr'>Antiochia:</span> <span class='ocrx_word' id='word_1_114' title='bbox 1547 1907 1776 1981; x_wconf 77' lang='lat' dir='ltr'>legibus</span> 
     </span>
    </p>
   </div>
   <div class='ocr_carea' id='block_1_20' title="bbox 122 1997 1774 2081">
    <p class='ocr_par' dir='ltr' id='par_1_20' title="bbox 122 1997 1774 2081">
     <span class='ocr_line' id='line_1_20' title="bbox 122 1997 1774 2081; baseline -0.009 -16"><span class='ocrx_word' id='word_1_115' title='bbox 122 2010 580 2081; x_wconf 86' lang='lat' dir='ltr'>inscriptum,ut</span> <span class='ocrx_word' id='word_1_116' title='bbox 607 2005 902 2078; x_wconf 86' lang='lat' dir='ltr'>pessimus</span> <span class='ocrx_word' id='word_1_117' title='bbox 934 2001 1126 2058; x_wconf 87' lang='lat' dir='ltr'>Photii</span> <span class='ocrx_word' id='word_1_118' title='bbox 1148 2002 1442 2073; x_wconf 88' lang='lat' dir='ltr'>interpres</span> <span class='ocrx_word' id='word_1_119' title='bbox 1472 1997 1774 2066; x_wconf 86' lang='lat' dir='ltr'>indicavit,</span> 
     </span>
    </p>
   </div>
   <div class='ocr_carea' id='block_1_21' title="bbox 124 2083 1775 2168">
    <p class='ocr_par' dir='ltr' id='par_1_21' title="bbox 124 2083 1775 2168">
     <span class='ocr_line' id='line_1_21' title="bbox 124 2083 1775 2168; baseline -0.01 -13"><span class='ocrx_word' id='word_1_120' title='bbox 124 2101 260 2155; x_wconf 87' lang='lat' dir='ltr'>dum</span> <span class='ocrx_word' id='word_1_121' title='bbox 284 2100 417 2155; x_wconf 62' lang='lat' dir='ltr'>haec</span> <span class='ocrx_word' id='word_1_122' title='bbox 448 2095 629 2152; x_wconf 88' lang='lat' dir='ltr'>verba</span> <span class='ocrx_word' id='word_1_123' title='bbox 661 2111 674 2150; x_wconf 89' lang='lat'>:</span> <span class='ocrx_word' id='word_1_124' title='bbox 712 2092 1049 2168; x_wconf 80' lang='grc' dir='ltr'>Ἀνεγνώσθη</span> <span class='ocrx_word' id='word_1_125' title='bbox 1083 2084 1302 2165; x_wconf 77' lang='grc' dir='ltr'>βιϐλίον</span> <span class='ocrx_word' id='word_1_126' title='bbox 1341 2090 1440 2145; x_wconf 80' lang='grc' dir='ltr'>τοῦ</span> <span class='ocrx_word' id='word_1_127' title='bbox 1497 2086 1664 2141; x_wconf 77' lang='grc' dir='ltr'>αὐτοῦ</span> <span class='ocrx_word' id='word_1_128' title='bbox 1722 2083 1775 2140; x_wconf 80' lang='grc' dir='ltr'>ἐν</span> 
     </span>
    </p>
   </div>
   <div class='ocr_carea' id='block_1_22' title="bbox 124 2173 1776 2263">
    <p class='ocr_par' dir='ltr' id='par_1_22' title="bbox 124 2173 1776 2263">
     <span class='ocr_line' id='line_1_22' title="bbox 124 2173 1776 2263; baseline -0.008 -21"><span class='ocrx_word' id='word_1_129' title='bbox 124 2188 296 2263; x_wconf 77' lang='grc' dir='ltr'>ἁγίοις</span> <span class='ocrx_word' id='word_1_130' title='bbox 350 2184 716 2260; x_wconf 76' lang='grc' dir='ltr'>Ἐφραιμίου,</span> <span class='ocrx_word' id='word_1_131' title='bbox 776 2180 834 2244; x_wconf 77' lang='grc' dir='ltr'>ὅς</span> <span class='ocrx_word' id='word_1_132' title='bbox 890 2185 998 2236; x_wconf 79' lang='grc' dir='ltr'>τῶν</span> <span class='ocrx_word' id='word_1_133' title='bbox 1060 2180 1219 2255; x_wconf 73' lang='grc' dir='ltr'>ἱερῶν</span> <span class='ocrx_word' id='word_1_134' title='bbox 1276 2184 1374 2248; x_wconf 78' lang='grc' dir='ltr'>τῆς</span> <span class='ocrx_word' id='word_1_135' title='bbox 1433 2173 1776 2250; x_wconf 77' lang='grc' dir='ltr'>Ἀντιοχείας</span> 
     </span>
    </p>
   </div>
   <div class='ocr_carea' id='block_1_23' title="bbox 122 2265 1773 2352">
    <p class='ocr_par' dir='ltr' id='par_1_23' title="bbox 122 2265 1773 2352">
     <span class='ocr_line' id='line_1_23' title="bbox 122 2265 1773 2352; baseline -0.007 -20"><span class='ocrx_word' id='word_1_136' title='bbox 122 2279 332 2351; x_wconf 65' lang='grc' dir='ltr'>θεσμῶν</span> <span class='ocrx_word' id='word_1_137' title='bbox 356 2278 583 2352; x_wconf 72' lang='grc' dir='ltr'>ἡγεῖτο,</span> <span class='ocrx_word' id='word_1_138' title='bbox 615 2271 666 2328; x_wconf 84' lang='grc' dir='ltr'>ἐν</span> <span class='ocrx_word' id='word_1_139' title='bbox 700 2270 892 2347; x_wconf 81' lang='grc' dir='ltr'>λόγοις</span> <span class='ocrx_word' id='word_1_140' title='bbox 948 2268 1254 2346; x_wconf 72' lang='grc' dir='ltr'>τέσσαρσιν,</span> <span class='ocrx_word' id='word_1_141' title='bbox 1302 2269 1385 2326; x_wconf 91' lang='lat' dir='ltr'>ita</span> <span class='ocrx_word' id='word_1_142' title='bbox 1433 2265 1773 2324; x_wconf 77' lang='lat' dir='ltr'>transtulit:</span> 
     </span>
    </p>
   </div>
   <div class='ocr_carea' id='block_1_24' title="bbox 121 2359 1778 2443">
    <p class='ocr_par' dir='ltr' id='par_1_24' title="bbox 121 2359 1778 2443">
     <span class='ocr_line' id='line_1_24' title="bbox 121 2359 1778 2443; baseline -0.008 -16"><span class='ocrx_word' id='word_1_143' title='bbox 121 2394 143 2420; x_wconf 73' lang='grc' dir='ltr'>α</span> <span class='ocrx_word' id='word_1_144' title='bbox 170 2371 301 2443; x_wconf 85' lang='lat' dir='ltr'>Legi</span> <span class='ocrx_word' id='word_1_145' title='bbox 336 2366 617 2442; x_wconf 83' lang='lat' dir='ltr'>ejusdem</span> <span class='ocrx_word' id='word_1_146' title='bbox 652 2364 838 2421; x_wconf 88' lang='lat' dir='ltr'>sancti</span> <span class='ocrx_word' id='word_1_147' title='bbox 863 2364 1117 2420; x_wconf 89' lang='lat' dir='ltr'>alterum</span> <span class='ocrx_word' id='word_1_148' title='bbox 1137 2363 1355 2418; x_wconf 90' lang='lat' dir='ltr'>librum</span> <span class='ocrx_word' id='word_1_149' title='bbox 1378 2361 1478 2434; x_wconf 90' lang='lat' dir='ltr'>qui</span> <span class='ocrx_word' id='word_1_150' title='bbox 1499 2359 1571 2416; x_wconf 85' lang='lat' dir='ltr'>de</span> <span class='ocrx_word' id='word_1_151' title='bbox 1593 2359 1778 2415; x_wconf 80' lang='lat' dir='ltr'>sacris</span> 
     </span>
    </p>
   </div>
   <div class='ocr_carea' id='block_1_25' title="bbox 123 2447 1780 2529">
    <p class='ocr_par' dir='ltr' id='par_1_25' title="bbox 123 2447 1780 2529">
     <span class='ocr_line' id='line_1_25' title="bbox 123 2447 1780 2529; baseline -0.008 -13"><span class='ocrx_word' id='word_1_152' title='bbox 123 2460 458 2517; x_wconf 61' lang='lat' dir='ltr'>Antiochia;</span> <span class='ocrx_word' id='word_1_153' title='bbox 481 2455 715 2529; x_wconf 79' lang='lat' dir='ltr'>legibus</span> <span class='ocrx_word' id='word_1_154' title='bbox 738 2453 1135 2521; x_wconf 88' lang='lat' dir='ltr'>narrat,libris</span> <span class='ocrx_word' id='word_1_155' title='bbox 1168 2458 1477 2525; x_wconf 77' lang='lat' dir='ltr'>quatuor,»</span> <span class='ocrx_word' id='word_1_156' title='bbox 1511 2467 1646 2505; x_wconf 88' lang='lat' dir='ltr'>cum</span> <span class='ocrx_word' id='word_1_157' title='bbox 1678 2447 1780 2503; x_wconf 89' lang='lat' dir='ltr'>illa</span> 
     </span>
    </p>
   </div>
   <div class='ocr_carea' id='block_1_26' title="bbox 124 2539 1779 2620">
    <p class='ocr_par' dir='ltr' id='par_1_26' title="bbox 124 2539 1779 2620">
     <span class='ocr_line' id='line_1_26' title="bbox 124 2539 1779 2620; baseline -0.007 -16"><span class='ocrx_word' id='word_1_158' title='bbox 124 2549 299 2606; x_wconf 67' lang='lat' dir='ltr'>verba</span> <span class='ocrx_word' id='word_1_159' title='bbox 326 2551 442 2602; x_wconf 80' lang='grc' dir='ltr'>τῶν</span> <span class='ocrx_word' id='word_1_160' title='bbox 471 2546 635 2620; x_wconf 67' lang='grc' dir='ltr'>ἱερῶν</span> <span class='ocrx_word' id='word_1_161' title='bbox 667 2551 766 2613; x_wconf 75' lang='grc' dir='ltr'>τῆς</span> <span class='ocrx_word' id='word_1_162' title='bbox 798 2540 1135 2617; x_wconf 68' lang='grc' dir='ltr'>Ἀντιοχείας</span> <span class='ocrx_word' id='word_1_163' title='bbox 1168 2543 1381 2613; x_wconf 81' lang='grc' dir='ltr'>θεσμῶν</span> <span class='ocrx_word' id='word_1_164' title='bbox 1446 2541 1633 2613; x_wconf 68' lang='grc' dir='ltr'>ἡγεῖτο</span> <span class='ocrx_word' id='word_1_165' title='bbox 1686 2539 1779 2593; x_wconf 85' lang='lat' dir='ltr'>ni-</span> 
     </span>
    </p>
   </div>
   <div class='ocr_carea' id='block_1_27' title="bbox 123 2628 1780 2706">
    <p class='ocr_par' dir='ltr' id='par_1_27' title="bbox 123 2628 1780 2706">
     <span class='ocr_line' id='line_1_27' title="bbox 123 2628 1780 2706; baseline -0.006 -13"><span class='ocrx_word' id='word_1_166' title='bbox 123 2640 203 2694; x_wconf 88' lang='lat' dir='ltr'>hil</span> <span class='ocrx_word' id='word_1_167' title='bbox 234 2638 406 2696; x_wconf 85' lang='lat' dir='ltr'>aliud</span> <span class='ocrx_word' id='word_1_168' title='bbox 430 2636 702 2693; x_wconf 89' lang='lat' dir='ltr'>indicent</span> <span class='ocrx_word' id='word_1_169' title='bbox 720 2651 897 2706; x_wconf 90' lang='lat' dir='ltr'>quam</span> <span class='ocrx_word' id='word_1_170' title='bbox 924 2650 1060 2690; x_wconf 89' lang='lat' dir='ltr'>eum</span> <span class='ocrx_word' id='word_1_171' title='bbox 1092 2632 1277 2689; x_wconf 86' lang='lat' dir='ltr'>fuisse</span> <span class='ocrx_word' id='word_1_172' title='bbox 1300 2629 1629 2687; x_wconf 73' lang='lat' dir='ltr'>Antiochia)</span> <span class='ocrx_word' id='word_1_173' title='bbox 1654 2628 1780 2700; x_wconf 89' lang='lat' dir='ltr'>epi-</span> 
     </span>
    </p>
   </div>
   <div class='ocr_carea' id='block_1_28' title="bbox 125 2720 1778 2803">
    <p class='ocr_par' dir='ltr' id='par_1_28' title="bbox 125 2720 1778 2803">
     <span class='ocr_line' id='line_1_28' title="bbox 125 2720 1778 2803; baseline -0.008 -17"><span class='ocrx_word' id='word_1_174' title='bbox 125 2746 397 2803; x_wconf 83' lang='lat' dir='ltr'>scopum.</span> <span class='ocrx_word' id='word_1_175' title='bbox 436 2726 506 2783; x_wconf 89' lang='lat' dir='ltr'>In</span> <span class='ocrx_word' id='word_1_176' title='bbox 560 2726 664 2782; x_wconf 89' lang='lat' dir='ltr'>illa</span> <span class='ocrx_word' id='word_1_177' title='bbox 690 2725 869 2798; x_wconf 88' lang='lat' dir='ltr'>igitur</span> <span class='ocrx_word' id='word_1_178' title='bbox 897 2723 1168 2797; x_wconf 87' lang='lat' dir='ltr'>apologia</span> <span class='ocrx_word' id='word_1_179' title='bbox 1198 2720 1605 2793; x_wconf 89' lang='lat' dir='ltr'>Ephraemius,</span> <span class='ocrx_word' id='word_1_180' title='bbox 1631 2722 1778 2773; x_wconf 88' lang='lat' dir='ltr'>teste</span> 
     </span>
    </p>
   </div>
   <div class='ocr_carea' id='block_1_29' title="bbox 124 2806 1780 2889">
    <p class='ocr_par' dir='ltr' id='par_1_29' title="bbox 124 2806 1780 2889">
     <span class='ocr_line' id='line_1_29' title="bbox 124 2806 1780 2889; baseline -0.01 -14"><span class='ocrx_word' id='word_1_181' title='bbox 124 2818 334 2875; x_wconf 76' lang='lat' dir='ltr'>Photio</span> <span class='ocrx_word' id='word_1_182' title='bbox 369 2816 583 2873; x_wconf 84' lang='lat' dir='ltr'>codice</span> <span class='ocrx_word' id='word_1_183' title='bbox 612 2817 715 2869; x_wconf 82' lang='lat'>229</span> <span class='ocrx_word' id='word_1_184' title='bbox 750 2831 763 2868; x_wconf 92' lang='lat'><strong>:</strong></span> <span class='ocrx_word' id='word_1_185' title='bbox 796 2813 943 2881; x_wconf 70' lang='grc' dir='ltr'>⁸Οτι,</span> <span class='ocrx_word' id='word_1_186' title='bbox 975 2812 1161 2889; x_wconf 70' lang='grc' dir='ltr'>φησὶν,</span> <span class='ocrx_word' id='word_1_187' title='bbox 1187 2806 1241 2865; x_wconf 74' lang='grc' dir='ltr'>ἓν</span> <span class='ocrx_word' id='word_1_188' title='bbox 1275 2808 1590 2883; x_wconf 81' lang='grc' dir='ltr'>πρόσωπον,</span> <span class='ocrx_word' id='word_1_189' title='bbox 1623 2825 1780 2861; x_wconf 83' lang='grc' dir='ltr'>τουτ-</span> 
     </span>
    </p>
   </div>
   <div class='ocr_carea' id='block_1_30' title="bbox 129 2896 1782 2981">
    <p class='ocr_par' dir='ltr' id='par_1_30' title="bbox 129 2896 1782 2981">
     <span class='ocr_line' id='line_1_30' title="bbox 129 2896 1782 2981; baseline -0.007 -20"><span class='ocrx_word' id='word_1_190' title='bbox 129 2909 234 2963; x_wconf 76' lang='grc' dir='ltr'>ὲπι</span> <span class='ocrx_word' id='word_1_191' title='bbox 270 2905 408 2981; x_wconf 84' lang='grc' dir='ltr'>μίαν</span> <span class='ocrx_word' id='word_1_192' title='bbox 468 2904 763 2960; x_wconf 78' lang='grc' dir='ltr'>ὑπόστασιν</span> <span class='ocrx_word' id='word_1_193' title='bbox 820 2904 918 2956; x_wconf 77' lang='grc' dir='ltr'>τοῦ</span> <span class='ocrx_word' id='word_1_194' title='bbox 974 2900 1151 2975; x_wconf 81' lang='grc' dir='ltr'>Λόγου</span> <span class='ocrx_word' id='word_1_195' title='bbox 1202 2896 1619 2976; x_wconf 77' lang='grc' dir='ltr'>σεσαρκωμένην</span> <span class='ocrx_word' id='word_1_196' title='bbox 1687 2916 1782 2965; x_wconf 87' lang='grc' dir='ltr'>κη-</span> 
     </span>
    </p>
   </div>
   <div class='ocr_carea' id='block_1_31' title="bbox 125 2982 1783 3072">
    <p class='ocr_par' dir='ltr' id='par_1_31' title="bbox 125 2982 1783 3072">
     <span class='ocr_line' id='line_1_31' title="bbox 125 2982 1783 3072; baseline -0.007 -21"><span class='ocrx_word' id='word_1_197' title='bbox 125 2997 421 3072; x_wconf 69' lang='grc' dir='ltr'>ρῦττομεν·</span> <span class='ocrx_word' id='word_1_198' title='bbox 461 2990 651 3062; x_wconf 67' lang='grc' dir='ltr'>ἔπειδὴ</span> <span class='ocrx_word' id='word_1_199' title='bbox 682 2990 771 3047; x_wconf 76' lang='grc' dir='ltr'>καὶ</span> <span class='ocrx_word' id='word_1_200' title='bbox 804 2988 1013 3053; x_wconf 77' lang='grc' dir='ltr'>ἁπλοῦς</span> <span class='ocrx_word' id='word_1_201' title='bbox 1069 2992 1286 3061; x_wconf 71' lang='grc' dir='ltr'>Ἰησοῦς</span> <span class='ocrx_word' id='word_1_202' title='bbox 1345 2987 1613 3057; x_wconf 76' lang='grc' dir='ltr'>συνετέθη,</span> <span class='ocrx_word' id='word_1_203' title='bbox 1646 2982 1783 3040; x_wconf 84' lang='grc' dir='ltr'>κατᾶ</span> 
     </span>
    </p>
   </div>
   <div class='ocr_carea' id='block_1_32' title="bbox 124 3076 1779 3162">
    <p class='ocr_par' dir='ltr' id='par_1_32' title="bbox 124 3076 1779 3162">
     <span class='ocr_line' id='line_1_32' title="bbox 124 3076 1779 3162; baseline -0.009 -19"><span class='ocrx_word' id='word_1_204' title='bbox 124 3091 211 3143; x_wconf 71' lang='grc' dir='ltr'>τὸν</span> <span class='ocrx_word' id='word_1_205' title='bbox 244 3087 302 3144; x_wconf 77' lang='grc' dir='ltr'>ἒν</span> <span class='ocrx_word' id='word_1_206' title='bbox 376 3086 568 3162; x_wconf 79' lang='grc' dir='ltr'>ἁγίοις</span> <span class='ocrx_word' id='word_1_207' title='bbox 626 3080 1028 3159; x_wconf 80' lang='grc' dir='ltr'>Ἀρεοπαγίτην</span> <span class='ocrx_word' id='word_1_208' title='bbox 1080 3077 1380 3136; x_wconf 70' lang='grc' dir='ltr'>Διονύσιον.</span> <span class='ocrx_word' id='word_1_209' title='bbox 1425 3078 1519 3133; x_wconf 81' lang='grc' dir='ltr'>Καὶ</span> <span class='ocrx_word' id='word_1_210' title='bbox 1564 3076 1649 3131; x_wconf 73' lang='grc' dir='ltr'>ἐπὶ</span> <span class='ocrx_word' id='word_1_211' title='bbox 1685 3076 1779 3148; x_wconf 77' lang='grc' dir='ltr'>μὲν</span> 
     </span>
    </p>
   </div>
   <div class='ocr_carea' id='block_1_33' title="bbox 123 3160 1781 3247">
    <p class='ocr_par' dir='ltr' id='par_1_33' title="bbox 123 3160 1781 3247">
     <span class='ocr_line' id='line_1_33' title="bbox 123 3160 1781 3247; baseline -0.009 -14"><span class='ocrx_word' id='word_1_212' title='bbox 123 3186 219 3247; x_wconf 66' lang='grc' dir='ltr'>τῆς</span> <span class='ocrx_word' id='word_1_213' title='bbox 248 3182 376 3241; x_wconf 74' lang='grc' dir='ltr'>καθ’</span> <span class='ocrx_word' id='word_1_214' title='bbox 400 3174 697 3230; x_wconf 78' lang='grc' dir='ltr'>ὑπόστασιν</span> <span class='ocrx_word' id='word_1_215' title='bbox 717 3173 960 3234; x_wconf 75' lang='grc' dir='ltr'>ἑνώσεως</span> <span class='ocrx_word' id='word_1_216' title='bbox 983 3167 1203 3231; x_wconf 75' lang='grc' dir='ltr'>δικαίως</span> <span class='ocrx_word' id='word_1_217' title='bbox 1236 3160 1781 3244; x_wconf 68' lang='grc' dir='ltr'>παρᾶτῆςεύσεῦείας</span> 
     </span>
    </p>
   </div>
   <div class='ocr_carea' id='block_1_34' title="bbox 124 3253 1782 3339">
    <p class='ocr_par' dir='ltr' id='par_1_34' title="bbox 124 3253 1782 3339">
     <span class='ocr_line' id='line_1_34' title="bbox 124 3253 1782 3339; baseline -0.008 -18"><span class='ocrx_word' id='word_1_218' title='bbox 124 3269 181 3322; x_wconf 79' lang='grc' dir='ltr'>τὸ</span> <span class='ocrx_word' id='word_1_219' title='bbox 212 3268 478 3321; x_wconf 60' lang='grc' dir='ltr'>σύνθετον</span> <span class='ocrx_word' id='word_1_220' title='bbox 509 3262 747 3339; x_wconf 70' lang='grc' dir='ltr'>λέγεται·</span> <span class='ocrx_word' id='word_1_221' title='bbox 782 3260 1031 3324; x_wconf 65' lang='grc' dir='ltr'>σύνθετον</span> <span class='ocrx_word' id='word_1_222' title='bbox 1065 3256 1125 3314; x_wconf 69' lang='grc' dir='ltr'>δὲ</span> <span class='ocrx_word' id='word_1_223' title='bbox 1158 3257 1343 3313; x_wconf 81' lang='grc' dir='ltr'>οὐσίαν</span> <span class='ocrx_word' id='word_1_224' title='bbox 1377 3253 1560 3317; x_wconf 78' lang='grc' dir='ltr'>οὐδεὶς</span> <span class='ocrx_word' id='word_1_225' title='bbox 1613 3253 1782 3310; x_wconf 70' lang='grc' dir='ltr'>εἶπεῖν</span> 
     </span>
    </p>
   </div>
   <div class='ocr_carea' id='block_1_35' title="bbox 1880 651 3521 726">
    <p class='ocr_par' dir='ltr' id='par_1_35' title="bbox 1880 651 3521 726">
     <span class='ocr_line' id='line_1_35' title="bbox 1880 651 3521 726; baseline 0.004 -22"><span class='ocrx_word' id='word_1_226' title='bbox 1880 651 2059 723; x_wconf 87' lang='lat' dir='ltr'>gitam</span> <span class='ocrx_word' id='word_1_227' title='bbox 2086 654 2281 726; x_wconf 87' lang='lat' dir='ltr'>magni</span> <span class='ocrx_word' id='word_1_228' title='bbox 2306 652 2474 720; x_wconf 83' lang='lat' dir='ltr'>fecit;</span> <span class='ocrx_word' id='word_1_229' title='bbox 2508 670 2648 708; x_wconf 89' lang='lat' dir='ltr'>nam</span> <span class='ocrx_word' id='word_1_230' title='bbox 2680 670 2814 708; x_wconf 91' lang='lat' dir='ltr'>cum</span> <span class='ocrx_word' id='word_1_231' title='bbox 2846 653 2900 710; x_wconf 94' lang='lat' dir='ltr'>S.</span> <span class='ocrx_word' id='word_1_232' title='bbox 2931 653 3096 710; x_wconf 91' lang='lat' dir='ltr'>Pauli</span> <span class='ocrx_word' id='word_1_233' title='bbox 3114 655 3521 710; x_wconf 88' lang='lat' dir='ltr'>testimonium</span> 
     </span>
    </p>
   </div>
   <div class='ocr_carea' id='block_1_36' title="bbox 1881 736 3527 819">
    <p class='ocr_par' dir='ltr' id='par_1_36' title="bbox 1881 736 3527 819">
     <span class='ocr_line' id='line_1_36' title="bbox 1881 736 3527 819; baseline 0.001 -23"><span class='ocrx_word' id='word_1_234' title='bbox 1881 736 2029 797; x_wconf 78' lang='lat' dir='ltr'>forte</span> <span class='ocrx_word' id='word_1_235' title='bbox 2062 742 2423 811; x_wconf 78' lang='lat' dir='ltr'>adduxisset,</span> <span class='ocrx_word' id='word_1_236' title='bbox 2457 744 2658 798; x_wconf 87' lang='lat' dir='ltr'>statim</span> <span class='ocrx_word' id='word_1_237' title='bbox 2690 743 2999 814; x_wconf 80' lang='lat' dir='ltr'>subjunxit</span> <span class='ocrx_word' id='word_1_238' title='bbox 3039 761 3052 800; x_wconf 86' lang='lat'>:</span> <span class='ocrx_word' id='word_1_239' title='bbox 3087 741 3192 798; x_wconf 85' lang='grc' dir='ltr'>Καὶ</span> <span class='ocrx_word' id='word_1_240' title='bbox 3225 743 3252 798; x_wconf 87' lang='grc' dir='ltr'>ὁ</span> <span class='ocrx_word' id='word_1_241' title='bbox 3304 746 3527 819; x_wconf 64' lang='grc' dir='ltr'>γνήσιος</span> 
     </span>
    </p>
   </div>
   <div class='ocr_carea' id='block_1_37' title="bbox 1883 825 3527 911">
    <p class='ocr_par' dir='ltr' id='par_1_37' title="bbox 1883 825 3527 911">
     <span class='ocr_line' id='line_1_37' title="bbox 1883 825 3527 911; baseline 0.002 -26"><span class='ocrx_word' id='word_1_242' title='bbox 1883 825 1940 885; x_wconf 75' lang='grc' dir='ltr'>δὲ</span> <span class='ocrx_word' id='word_1_243' title='bbox 1967 829 2167 887; x_wconf 64' lang='grc' dir='ltr'>τούτου</span> <span class='ocrx_word' id='word_1_244' title='bbox 2202 834 2477 907; x_wconf 73' lang='grc' dir='ltr'>μαθητὴς,</span> <span class='ocrx_word' id='word_1_245' title='bbox 2507 833 2534 887; x_wconf 85' lang='grc' dir='ltr'>ὁ</span> <span class='ocrx_word' id='word_1_246' title='bbox 2594 833 2759 911; x_wconf 74' lang='grc' dir='ltr'>σοφὸς</span> <span class='ocrx_word' id='word_1_247' title='bbox 2789 834 3090 906; x_wconf 71' lang='grc' dir='ltr'>Διονύσιος,</span> <span class='ocrx_word' id='word_1_248' title='bbox 3148 835 3216 889; x_wconf 65' lang='grc' dir='ltr'>τὰ</span> <span class='ocrx_word' id='word_1_249' title='bbox 3242 833 3375 890; x_wconf 74' lang='grc' dir='ltr'>αὐτὰ</span> <span class='ocrx_word' id='word_1_250' title='bbox 3432 834 3527 889; x_wconf 82' lang='grc' dir='ltr'>καὶ</span> 
     </span>
    </p>
   </div>
   <div class='ocr_carea' id='block_1_38' title="bbox 1878 920 3529 1000">
    <p class='ocr_par' dir='ltr' id='par_1_38' title="bbox 1878 920 3529 1000">
     <span class='ocr_line' id='line_1_38' title="bbox 1878 920 3529 1000; baseline 0.002 -23"><span class='ocrx_word' id='word_1_251' title='bbox 1878 925 1996 984; x_wconf 86' lang='grc' dir='ltr'>τοῖς</span> <span class='ocrx_word' id='word_1_252' title='bbox 2022 922 2212 985; x_wconf 81' lang='grc' dir='ltr'>αὐτοῖς</span> <span class='ocrx_word' id='word_1_253' title='bbox 2247 927 2445 998; x_wconf 73' lang='grc' dir='ltr'>μικροῦ</span> <span class='ocrx_word' id='word_1_254' title='bbox 2479 920 2912 1000; x_wconf 74' lang='grc' dir='ltr'>διαμαρτύρεται</span> <span class='ocrx_word' id='word_1_255' title='bbox 2973 925 3204 998; x_wconf 73' lang='grc' dir='ltr'>ῥήμασι,</span> <span class='ocrx_word' id='word_1_256' title='bbox 3236 926 3325 979; x_wconf 83' lang='grc' dir='ltr'>καὶ</span> <span class='ocrx_word' id='word_1_257' title='bbox 3360 924 3529 998; x_wconf 78' lang='grc' dir='ltr'>μάλι-</span> 
     </span>
    </p>
   </div>
   <div class='ocr_carea' id='block_1_39' title="bbox 1883 1010 3527 1091">
    <p class='ocr_par' dir='ltr' id='par_1_39' title="bbox 1883 1010 3527 1091">
     <span class='ocr_line' id='line_1_39' title="bbox 1883 1010 3527 1091; baseline 0.004 -24"><span class='ocrx_word' id='word_1_258' title='bbox 1883 1010 1980 1067; x_wconf 87' lang='grc' dir='ltr'>στά</span> <span class='ocrx_word' id='word_1_259' title='bbox 2008 1034 2071 1088; x_wconf 84' lang='grc' dir='ltr'>γε</span> <span class='ocrx_word' id='word_1_260' title='bbox 2101 1012 2153 1068; x_wconf 80' lang='grc' dir='ltr'>ἐν</span> <span class='ocrx_word' id='word_1_261' title='bbox 2184 1019 2303 1078; x_wconf 82' lang='grc' dir='ltr'>τοῖς</span> <span class='ocrx_word' id='word_1_262' title='bbox 2332 1014 2457 1091; x_wconf 79' lang='grc' dir='ltr'>περὶ</span> <span class='ocrx_word' id='word_1_263' title='bbox 2484 1019 2583 1069; x_wconf 77' lang='grc' dir='ltr'>τοῦ</span> <span class='ocrx_word' id='word_1_264' title='bbox 2614 1013 2825 1070; x_wconf 84' lang='grc' dir='ltr'>τελείου</span> <span class='ocrx_word' id='word_1_265' title='bbox 2852 1016 2943 1069; x_wconf 83' lang='grc' dir='ltr'>καὶ</span> <span class='ocrx_word' id='word_1_266' title='bbox 2975 1014 3088 1077; x_wconf 73' lang='grc' dir='ltr'>ἑνός</span> <span class='ocrx_word' id='word_1_267' title='bbox 3118 1033 3131 1072; x_wconf 91' lang='lat'>:</span> <span class='ocrx_word' id='word_1_268' title='bbox 3166 1038 3192 1070; x_wconf 78' lang='grc' dir='ltr'>α</span> <span class='ocrx_word' id='word_1_269' title='bbox 3223 1017 3527 1090; x_wconf 85' lang='lat' dir='ltr'>Hujusque</span> 
     </span>
    </p>
   </div>
   <div class='ocr_carea' id='block_1_40' title="bbox 1882 1105 3529 1179">
    <p class='ocr_par' dir='ltr' id='par_1_40' title="bbox 1882 1105 3529 1179">
     <span class='ocr_line' id='line_1_40' title="bbox 1882 1105 3529 1179; baseline 0.002 -20"><span class='ocrx_word' id='word_1_270' title='bbox 1882 1120 2199 1178; x_wconf 89' lang='lat' dir='ltr'>germanus</span> <span class='ocrx_word' id='word_1_271' title='bbox 2226 1105 2817 1179; x_wconf 88' lang='lat' dir='ltr'>discipulus,sapiens</span> <span class='ocrx_word' id='word_1_272' title='bbox 2844 1105 2939 1161; x_wconf 89' lang='lat' dir='ltr'>ille</span> <span class='ocrx_word' id='word_1_273' title='bbox 2973 1107 3423 1178; x_wconf 85' lang='lat' dir='ltr'>Dionysius,ead</span> <span class='ocrx_word' id='word_1_274' title='bbox 3436 1124 3529 1162; x_wconf 88' lang='lat' dir='ltr'>em</span> 
     </span>
    </p>
   </div>
   <div class='ocr_carea' id='block_1_41' title="bbox 1884 1193 3527 1269">
    <p class='ocr_par' dir='ltr' id='par_1_41' title="bbox 1884 1193 3527 1269">
     <span class='ocr_line' id='line_1_41' title="bbox 1884 1193 3527 1269; baseline 0.002 -22"><span class='ocrx_word' id='word_1_275' title='bbox 1884 1198 1942 1247; x_wconf 93' lang='lat' dir='ltr'>et</span> <span class='ocrx_word' id='word_1_276' title='bbox 1974 1193 2184 1249; x_wconf 90' lang='lat' dir='ltr'>iisdem</span> <span class='ocrx_word' id='word_1_277' title='bbox 2203 1196 2635 1269; x_wconf 88' lang='lat' dir='ltr'>propemodum</span> <span class='ocrx_word' id='word_1_278' title='bbox 2659 1200 2909 1251; x_wconf 85' lang='lat' dir='ltr'>testatur</span> <span class='ocrx_word' id='word_1_279' title='bbox 2928 1195 3407 1266; x_wconf 82' lang='lat' dir='ltr'>verbis,maxime</span> <span class='ocrx_word' id='word_1_280' title='bbox 3426 1195 3527 1252; x_wconf 89' lang='lat' dir='ltr'>ubi</span> 
     </span>
    </p>
   </div>
   <div class='ocr_carea' id='block_1_42' title="bbox 1884 1281 3530 1359">
    <p class='ocr_par' dir='ltr' id='par_1_42' title="bbox 1884 1281 3530 1359">
     <span class='ocr_line' id='line_1_42' title="bbox 1884 1281 3530 1359; baseline 0.003 -22"><span class='ocrx_word' id='word_1_281' title='bbox 1884 1281 1958 1338; x_wconf 89' lang='lat' dir='ltr'>de</span> <span class='ocrx_word' id='word_1_282' title='bbox 1985 1284 2247 1356; x_wconf 78' lang='lat' dir='ltr'>perfecto</span> <span class='ocrx_word' id='word_1_283' title='bbox 2280 1290 2458 1359; x_wconf 89' lang='lat' dir='ltr'>atque</span> <span class='ocrx_word' id='word_1_284' title='bbox 2490 1303 2610 1342; x_wconf 92' lang='lat' dir='ltr'>uno</span> <span class='ocrx_word' id='word_1_285' title='bbox 2635 1286 2777 1359; x_wconf 87' lang='lat' dir='ltr'>agit,</span> <span class='ocrx_word' id='word_1_286' title='bbox 2812 1310 2833 1338; x_wconf 75' lang='grc' dir='ltr'>ι</span> <span class='ocrx_word' id='word_1_287' title='bbox 2871 1286 2982 1341; x_wconf 88' lang='lat' dir='ltr'>hoc</span> <span class='ocrx_word' id='word_1_288' title='bbox 3031 1292 3139 1355; x_wconf 88' lang='lat' dir='ltr'>est,</span> <span class='ocrx_word' id='word_1_289' title='bbox 3174 1286 3235 1341; x_wconf 92' lang='lat' dir='ltr'>in</span> <span class='ocrx_word' id='word_1_290' title='bbox 3266 1290 3530 1342; x_wconf 82' lang='lat' dir='ltr'>extremo</span> 
     </span>
    </p>
   </div>
   <div class='ocr_carea' id='block_1_43' title="bbox 1885 1372 3534 1448">
    <p class='ocr_par' dir='ltr' id='par_1_43' title="bbox 1885 1372 3534 1448">
     <span class='ocr_line' id='line_1_43' title="bbox 1885 1372 3534 1448; baseline 0.001 -20"><span class='ocrx_word' id='word_1_291' title='bbox 1885 1372 2078 1446; x_wconf 88' lang='lat' dir='ltr'>capite</span> <span class='ocrx_word' id='word_1_292' title='bbox 2126 1373 2264 1430; x_wconf 91' lang='lat' dir='ltr'>libri</span> <span class='ocrx_word' id='word_1_293' title='bbox 2297 1376 2373 1430; x_wconf 81' lang='lat' dir='ltr'>De</span> <span class='ocrx_word' id='word_1_294' title='bbox 2429 1374 2632 1431; x_wconf 75' lang='lat' dir='ltr'>divinis</span> <span class='ocrx_word' id='word_1_295' title='bbox 2684 1376 2995 1431; x_wconf 75' lang='lat' dir='ltr'>nominibus</span> <span class='ocrx_word' id='word_1_296' title='bbox 3025 1390 3046 1439; x_wconf 91' lang='grc'><strong><em>;</em></strong></span> <span class='ocrx_word' id='word_1_297' title='bbox 3080 1376 3236 1448; x_wconf 88' lang='lat' dir='ltr'>quod</span> <span class='ocrx_word' id='word_1_298' title='bbox 3269 1381 3468 1431; x_wconf 88' lang='lat' dir='ltr'>tamen</span> <span class='ocrx_word' id='word_1_299' title='bbox 3500 1392 3534 1430; x_wconf 90' lang='lat' dir='ltr'>a</span> 
     </span>
    </p>
   </div>
   <div class='ocr_carea' id='block_1_44' title="bbox 1887 1465 3531 1540">
    <p class='ocr_par' dir='ltr' id='par_1_44' title="bbox 1887 1465 3531 1540">
     <span class='ocr_line' id='line_1_44' title="bbox 1887 1465 3531 1540; baseline 0 -18"><span class='ocrx_word' id='word_1_300' title='bbox 1887 1465 2087 1534; x_wconf 89' lang='lat' dir='ltr'>Suida,</span> <span class='ocrx_word' id='word_1_301' title='bbox 2141 1466 2243 1539; x_wconf 90' lang='lat' dir='ltr'>qui</span> <span class='ocrx_word' id='word_1_302' title='bbox 2273 1466 2452 1540; x_wconf 90' lang='lat' dir='ltr'>hujus</span> <span class='ocrx_word' id='word_1_303' title='bbox 2484 1466 2617 1522; x_wconf 89' lang='lat' dir='ltr'>libri</span> <span class='ocrx_word' id='word_1_304' title='bbox 2647 1471 2845 1539; x_wconf 89' lang='lat' dir='ltr'>partes</span> <span class='ocrx_word' id='word_1_305' title='bbox 2875 1467 2966 1523; x_wconf 90' lang='lat' dir='ltr'>bis</span> <span class='ocrx_word' id='word_1_306' title='bbox 2996 1472 3327 1534; x_wconf 87' lang='lat' dir='ltr'>enumerat,</span> <span class='ocrx_word' id='word_1_307' title='bbox 3357 1470 3531 1523; x_wconf 93' lang='lat' dir='ltr'>utro-</span> 
     </span>
    </p>
   </div>
   <div class='ocr_carea' id='block_1_45' title="bbox 1884 1554 2409 1628">
    <p class='ocr_par' dir='ltr' id='par_1_45' title="bbox 1884 1554 2409 1628">
     <span class='ocr_line' id='line_1_45' title="bbox 1884 1554 2409 1628; baseline 0.008 -18"><span class='ocrx_word' id='word_1_308' title='bbox 1884 1554 2063 1628; x_wconf 89' lang='lat' dir='ltr'>bique</span> <span class='ocrx_word' id='word_1_309' title='bbox 2096 1556 2409 1615; x_wconf 90' lang='lat' dir='ltr'>omittitur.</span> 
     </span>
    </p>
   </div>
   <div class='ocr_carea' id='block_1_46' title="bbox 1956 1645 3530 1722">
    <p class='ocr_par' dir='ltr' id='par_1_46' title="bbox 1956 1645 3530 1722">
     <span class='ocr_line' id='line_1_46' title="bbox 1956 1645 3530 1722; baseline 0.003 -21"><span class='ocrx_word' id='word_1_310' title='bbox 1956 1645 2223 1702; x_wconf 77' lang='lat' dir='ltr'>Andreas</span> <span class='ocrx_word' id='word_1_311' title='bbox 2245 1646 2637 1704; x_wconf 71' lang='lat' dir='ltr'>Cmsareensis</span> <span class='ocrx_word' id='word_1_312' title='bbox 2670 1646 3003 1720; x_wconf 89' lang='lat' dir='ltr'>episcopus,</span> <span class='ocrx_word' id='word_1_313' title='bbox 3028 1647 3114 1703; x_wconf 88' lang='lat' dir='ltr'>vir</span> <span class='ocrx_word' id='word_1_314' title='bbox 3142 1647 3333 1722; x_wconf 84' lang='lat' dir='ltr'>gravis</span> <span class='ocrx_word' id='word_1_315' title='bbox 3357 1651 3414 1703; x_wconf 89' lang='lat' dir='ltr'>et</span> <span class='ocrx_word' id='word_1_316' title='bbox 3435 1665 3530 1705; x_wconf 90' lang='lat' dir='ltr'>ca-</span> 
     </span>
    </p>
   </div>
   <div class='ocr_carea' id='block_1_47' title="bbox 1888 1733 3530 1809">
    <p class='ocr_par' dir='ltr' id='par_1_47' title="bbox 1888 1733 3530 1809">
     <span class='ocr_line' id='line_1_47' title="bbox 1888 1733 3530 1809; baseline 0.002 -19"><span class='ocrx_word' id='word_1_317' title='bbox 1888 1733 2169 1804; x_wconf 89' lang='lat' dir='ltr'>tholicus,</span> <span class='ocrx_word' id='word_1_318' title='bbox 2202 1736 2713 1792; x_wconf 86' lang='lat' dir='ltr'>consentientibus</span> <span class='ocrx_word' id='word_1_319' title='bbox 2744 1737 3100 1792; x_wconf 86' lang='lat' dir='ltr'>Bcllarmino</span> <span class='ocrx_word' id='word_1_320' title='bbox 3158 1743 3216 1794; x_wconf 93' lang='lat' dir='ltr'>et</span> <span class='ocrx_word' id='word_1_321' title='bbox 3273 1739 3530 1809; x_wconf 90' lang='lat' dir='ltr'>Usserio,</span> 
     </span>
    </p>
   </div>
   <div class='ocr_carea' id='block_1_48' title="bbox 1887 1824 3533 1899">
    <p class='ocr_par' dir='ltr' id='par_1_48' title="bbox 1887 1824 3533 1899">
     <span class='ocr_line' id='line_1_48' title="bbox 1887 1824 3533 1899; baseline 0.001 -20"><span class='ocrx_word' id='word_1_322' title='bbox 1887 1824 2045 1880; x_wconf 90' lang='lat' dir='ltr'>circa</span> <span class='ocrx_word' id='word_1_323' title='bbox 2065 1841 2289 1881; x_wconf 89' lang='lat' dir='ltr'>annum</span> <span class='ocrx_word' id='word_1_324' title='bbox 2316 1825 2860 1898; x_wconf 82' lang='lat' dir='ltr'>quingentesimum</span> <span class='ocrx_word' id='word_1_325' title='bbox 2880 1828 3149 1899; x_wconf 89' lang='lat' dir='ltr'>scripsit:</span> <span class='ocrx_word' id='word_1_326' title='bbox 3175 1832 3331 1883; x_wconf 84' lang='lat' dir='ltr'>certe</span> <span class='ocrx_word' id='word_1_327' title='bbox 3346 1828 3533 1883; x_wconf 86' lang='lat' dir='ltr'>nemi-</span> 
     </span>
    </p>
   </div>
   <div class='ocr_carea' id='block_1_49' title="bbox 1808 1913 3531 2017">
    <p class='ocr_par' dir='ltr' id='par_1_49' title="bbox 1808 1913 3531 2017">
     <span class='ocr_line' id='line_1_49' title="bbox 1808 1913 3531 2017; baseline 0.001 -47"><span class='ocrx_word' id='word_1_328' title='bbox 1808 1950 1854 2017; x_wconf 82' lang='lat' dir='ltr'><strong>B</strong></span> <span class='ocrx_word' id='word_1_329' title='bbox 1887 1931 2026 1970; x_wconf 91' lang='lat' dir='ltr'>nem</span> <span class='ocrx_word' id='word_1_330' title='bbox 2056 1914 2198 1969; x_wconf 85' lang='lat' dir='ltr'>citat</span> <span class='ocrx_word' id='word_1_331' title='bbox 2228 1913 2538 2017; x_wconf 46' lang='lat' dir='ltr'>quifluerit</span> <span class='ocrx_word' id='word_1_332' title='bbox 2645 1914 3105 1987; x_wconf 89' lang='lat' dir='ltr'>Cyrillojunior,</span> <span class='ocrx_word' id='word_1_333' title='bbox 3124 1933 3234 1972; x_wconf 89' lang='lat' dir='ltr'>nec</span> <span class='ocrx_word' id='word_1_334' title='bbox 3256 1917 3381 1988; x_wconf 89' lang='lat' dir='ltr'>ipse</span> <span class='ocrx_word' id='word_1_335' title='bbox 3415 1918 3531 1988; x_wconf 85' lang='lat' dir='ltr'>Hy-</span> 
     </span>
    </p>
   </div>
   <div class='ocr_carea' id='block_1_50' title="bbox 1889 2003 3530 2078">
    <p class='ocr_par' dir='ltr' id='par_1_50' title="bbox 1889 2003 3530 2078">
     <span class='ocr_line' id='line_1_50' title="bbox 1889 2003 3530 2078; baseline 0.002 -19"><span class='ocrx_word' id='word_1_336' title='bbox 1889 2004 2273 2078; x_wconf 89' lang='lat' dir='ltr'>patiojunior</span> <span class='ocrx_word' id='word_1_337' title='bbox 2300 2003 2661 2059; x_wconf 87' lang='lat' dir='ltr'>videtur.llle</span> <span class='ocrx_word' id='word_1_338' title='bbox 2686 2008 2885 2060; x_wconf 87' lang='lat' dir='ltr'>autem</span> <span class='ocrx_word' id='word_1_339' title='bbox 2916 2005 2977 2059; x_wconf 94' lang='lat' dir='ltr'>in</span> <span class='ocrx_word' id='word_1_340' title='bbox 3005 2007 3399 2078; x_wconf 83' lang='lat' dir='ltr'>Apocalypsin</span> <span class='ocrx_word' id='word_1_341' title='bbox 3430 2023 3530 2062; x_wconf 82' lang='lat' dir='ltr'>ca-</span> 
     </span>
    </p>
   </div>
   <div class='ocr_carea' id='block_1_51' title="bbox 1885 2093 3528 2169">
    <p class='ocr_par' dir='ltr' id='par_1_51' title="bbox 1885 2093 3528 2169">
     <span class='ocr_line' id='line_1_51' title="bbox 1885 2093 3528 2169; baseline 0.002 -22"><span class='ocrx_word' id='word_1_342' title='bbox 1885 2093 2006 2167; x_wconf 91' lang='lat' dir='ltr'>pite</span> <span class='ocrx_word' id='word_1_343' title='bbox 2043 2096 2127 2163; x_wconf 82' lang='grc'>10,</span> <span class='ocrx_word' id='word_1_344' title='bbox 2166 2093 2239 2148; x_wconf 90' lang='lat' dir='ltr'>de</span> <span class='ocrx_word' id='word_1_345' title='bbox 2270 2093 2430 2148; x_wconf 90' lang='lat' dir='ltr'>senis</span> <span class='ocrx_word' id='word_1_346' title='bbox 2461 2093 2571 2149; x_wconf 89' lang='lat' dir='ltr'>alis</span> <span class='ocrx_word' id='word_1_347' title='bbox 2631 2099 2884 2164; x_wconf 87' lang='lat' dir='ltr'>quatuor</span> <span class='ocrx_word' id='word_1_348' title='bbox 2939 2095 3290 2151; x_wconf 89' lang='lat' dir='ltr'>animalium</span> <span class='ocrx_word' id='word_1_349' title='bbox 3325 2113 3528 2169; x_wconf 86' lang='lat' dir='ltr'>agens,</span> 
     </span>
    </p>
   </div>
   <div class='ocr_carea' id='block_1_52' title="bbox 1884 2181 3532 2261">
    <p class='ocr_par' dir='ltr' id='par_1_52' title="bbox 1884 2181 3532 2261">
     <span class='ocr_line' id='line_1_52' title="bbox 1884 2181 3532 2261; baseline 0.002 -24"><span class='ocrx_word' id='word_1_350' title='bbox 1884 2181 2054 2238; x_wconf 76' lang='grc' dir='ltr'>ταῦτα</span> <span class='ocrx_word' id='word_1_351' title='bbox 2087 2181 2114 2235; x_wconf 88' lang='grc' dir='ltr'>ὁ</span> <span class='ocrx_word' id='word_1_352' title='bbox 2149 2181 2319 2258; x_wconf 81' lang='grc' dir='ltr'>μέγας</span> <span class='ocrx_word' id='word_1_353' title='bbox 2349 2181 2482 2261; x_wconf 67' lang='grc' dir='ltr'>ιρησὶ</span> <span class='ocrx_word' id='word_1_354' title='bbox 2517 2182 2828 2253; x_wconf 69' lang='grc' dir='ltr'>Δὲονῦσιος,</span> <span class='ocrx_word' id='word_1_355' title='bbox 2860 2181 2950 2237; x_wconf 77' lang='grc' dir='ltr'>καὶ</span> <span class='ocrx_word' id='word_1_356' title='bbox 2979 2184 3045 2238; x_wconf 82' lang='grc' dir='ltr'>τά</span> <span class='ocrx_word' id='word_1_357' title='bbox 3076 2183 3221 2255; x_wconf 74' lang='grc' dir='ltr'>ἑξῆς,</span> <span class='ocrx_word' id='word_1_358' title='bbox 3280 2186 3397 2243; x_wconf 71' lang='grc' dir='ltr'>ΙιιἘϐ</span> <span class='ocrx_word' id='word_1_359' title='bbox 3426 2187 3532 2257; x_wconf 79' lang='lat' dir='ltr'>ait,</span> 
     </span>
    </p>
   </div>
   <div class='ocr_carea' id='block_1_53' title="bbox 1886 2274 3532 2347">
    <p class='ocr_par' dir='ltr' id='par_1_53' title="bbox 1886 2274 3532 2347">
     <span class='ocr_line' id='line_1_53' title="bbox 1886 2274 3532 2347; baseline 0.001 -18"><span class='ocrx_word' id='word_1_360' title='bbox 1886 2289 2118 2343; x_wconf 86' lang='lat' dir='ltr'>magnus</span> <span class='ocrx_word' id='word_1_361' title='bbox 2147 2274 2462 2346; x_wconf 85' lang='lat' dir='ltr'>Dionysius,</span> <span class='ocrx_word' id='word_1_362' title='bbox 2499 2278 2608 2329; x_wconf 90' lang='lat' dir='ltr'>etc.</span> <span class='ocrx_word' id='word_1_363' title='bbox 2642 2276 2711 2327; x_wconf 89' lang='lat' dir='ltr'>Et</span> <span class='ocrx_word' id='word_1_364' title='bbox 2759 2275 2950 2346; x_wconf 88' lang='lat' dir='ltr'>capite</span> <span class='ocrx_word' id='word_1_365' title='bbox 2986 2278 3069 2343; x_wconf 85' lang='grc'>18,</span> <span class='ocrx_word' id='word_1_366' title='bbox 3104 2274 3274 2330; x_wconf 89' lang='lat' dir='ltr'>docet</span> <span class='ocrx_word' id='word_1_367' title='bbox 3305 2282 3532 2347; x_wconf 88' lang='lat' dir='ltr'>septem</span> 
     </span>
    </p>
   </div>
   <div class='ocr_carea' id='block_1_54' title="bbox 1888 2362 3533 2437">
    <p class='ocr_par' dir='ltr' id='par_1_54' title="bbox 1888 2362 3533 2437">
     <span class='ocr_line' id='line_1_54' title="bbox 1888 2362 3533 2437; baseline -0.001 -17"><span class='ocrx_word' id='word_1_368' title='bbox 1888 2362 2128 2435; x_wconf 86' lang='lat' dir='ltr'>angelos</span> <span class='ocrx_word' id='word_1_369' title='bbox 2151 2379 2185 2418; x_wconf 90' lang='lat' dir='ltr'>a</span> <span class='ocrx_word' id='word_1_370' title='bbox 2210 2362 2401 2435; x_wconf 88' lang='lat' dir='ltr'>primo</span> <span class='ocrx_word' id='word_1_371' title='bbox 2427 2380 2634 2419; x_wconf 82' lang='lat' dir='ltr'>ansam</span> <span class='ocrx_word' id='word_1_372' title='bbox 2663 2365 3023 2421; x_wconf 87' lang='lat' dir='ltr'>vaticinandi</span> <span class='ocrx_word' id='word_1_373' title='bbox 3055 2367 3374 2437; x_wconf 86' lang='lat' dir='ltr'>accepisse,</span> <span class='ocrx_word' id='word_1_374' title='bbox 3396 2365 3533 2420; x_wconf 78' lang='grc' dir='ltr'>κατᾶ</span> 
     </span>
    </p>
   </div>
   <div class='ocr_carea' id='block_1_55' title="bbox 1886 2449 3531 2529">
    <p class='ocr_par' dir='ltr' id='par_1_55' title="bbox 1886 2449 3531 2529">
     <span class='ocr_line' id='line_1_55' title="bbox 1886 2449 3531 2529; baseline 0.001 -21"><span class='ocrx_word' id='word_1_375' title='bbox 1886 2452 1983 2522; x_wconf 76' lang='grc' dir='ltr'>τὴν</span> <span class='ocrx_word' id='word_1_376' title='bbox 2015 2455 2095 2523; x_wconf 80' lang='grc' dir='ltr'>τῷ</span> <span class='ocrx_word' id='word_1_377' title='bbox 2130 2449 2379 2526; x_wconf 81' lang='grc' dir='ltr'>μακαρίῳ</span> <span class='ocrx_word' id='word_1_378' title='bbox 2421 2451 2684 2525; x_wconf 81' lang='grc' dir='ltr'>Διονυσίῳ</span> <span class='ocrx_word' id='word_1_379' title='bbox 2718 2450 3080 2526; x_wconf 75' lang='grc' dir='ltr'>διιυρισμένην</span> <span class='ocrx_word' id='word_1_380' title='bbox 3118 2453 3409 2529; x_wconf 67' lang='grc' dir='ltr'>ἀγγελικὴν</span> <span class='ocrx_word' id='word_1_381' title='bbox 3444 2455 3531 2509; x_wconf 80' lang='grc' dir='ltr'>εὐ-</span> 
     </span>
    </p>
   </div>
   <div class='ocr_carea' id='block_1_56' title="bbox 1885 2544 3532 2619">
    <p class='ocr_par' dir='ltr' id='par_1_56' title="bbox 1885 2544 3532 2619">
     <span class='ocr_line' id='line_1_56' title="bbox 1885 2544 3532 2619; baseline 0.002 -20"><span class='ocrx_word' id='word_1_382' title='bbox 1885 2544 2121 2619; x_wconf 55' lang='lat' dir='ltr'>magiam:</span> <span class='ocrx_word' id='word_1_383' title='bbox 2149 2546 2475 2601; x_wconf 88' lang='lat' dir='ltr'>secundum</span> <span class='ocrx_word' id='word_1_384' title='bbox 2507 2547 2839 2619; x_wconf 85' lang='lat' dir='ltr'>angelicum</span> <span class='ocrx_word' id='word_1_385' title='bbox 2864 2548 3133 2603; x_wconf 86' lang='lat' dir='ltr'>ordinem</span> <span class='ocrx_word' id='word_1_386' title='bbox 3156 2564 3190 2603; x_wconf 90' lang='lat' dir='ltr'>a</span> <span class='ocrx_word' id='word_1_387' title='bbox 3209 2548 3376 2604; x_wconf 89' lang='lat' dir='ltr'>beato</span> <span class='ocrx_word' id='word_1_388' title='bbox 3398 2550 3532 2603; x_wconf 91' lang='lat' dir='ltr'>Dio-</span> 
     </span>
    </p>
   </div>
   <div class='ocr_carea' id='block_1_57' title="bbox 1888 2636 3538 2709">
    <p class='ocr_par' dir='ltr' id='par_1_57' title="bbox 1888 2636 3538 2709">
     <span class='ocr_line' id='line_1_57' title="bbox 1888 2636 3538 2709; baseline 0.001 -17"><span class='ocrx_word' id='word_1_389' title='bbox 1888 2637 2058 2708; x_wconf 88' lang='lat' dir='ltr'>nysio</span> <span class='ocrx_word' id='word_1_390' title='bbox 2090 2636 2529 2691; x_wconf 86' lang='lat' dir='ltr'>distributum.»</span> <span class='ocrx_word' id='word_1_391' title='bbox 2553 2638 2619 2690; x_wconf 85' lang='lat' dir='ltr'>Et</span> <span class='ocrx_word' id='word_1_392' title='bbox 2641 2654 2844 2691; x_wconf 88' lang='lat' dir='ltr'>rursus</span> <span class='ocrx_word' id='word_1_393' title='bbox 2868 2637 3055 2708; x_wconf 87' lang='lat' dir='ltr'>capite</span> <span class='ocrx_word' id='word_1_394' title='bbox 3075 2639 3399 2709; x_wconf 66' lang='lat' dir='ltr'>45,phialas</span> <span class='ocrx_word' id='word_1_395' title='bbox 3429 2638 3538 2693; x_wconf 83' lang='lat' dir='ltr'>ob-</span> 
     </span>
    </p>
   </div>
   <div class='ocr_carea' id='block_1_58' title="bbox 1890 2726 3531 2799">
    <p class='ocr_par' dir='ltr' id='par_1_58' title="bbox 1890 2726 3531 2799">
     <span class='ocr_line' id='line_1_58' title="bbox 1890 2726 3531 2799; baseline 0 -17"><span class='ocrx_word' id='word_1_396' title='bbox 1890 2742 2129 2782; x_wconf 85' lang='lat' dir='ltr'>servans</span> <span class='ocrx_word' id='word_1_397' title='bbox 2147 2742 2181 2781; x_wconf 88' lang='lat' dir='ltr'>a</span> <span class='ocrx_word' id='word_1_398' title='bbox 2195 2732 2448 2797; x_wconf 85' lang='lat' dir='ltr'>quatuor</span> <span class='ocrx_word' id='word_1_399' title='bbox 2478 2726 2836 2781; x_wconf 86' lang='lat' dir='ltr'>animalibus</span> <span class='ocrx_word' id='word_1_400' title='bbox 2854 2732 3082 2799; x_wconf 87' lang='lat' dir='ltr'>septem</span> <span class='ocrx_word' id='word_1_401' title='bbox 3105 2728 3327 2798; x_wconf 88' lang='lat' dir='ltr'>angelis</span> <span class='ocrx_word' id='word_1_402' title='bbox 3345 2728 3531 2797; x_wconf 90' lang='lat' dir='ltr'>datas,</span> 
     </span>
    </p>
   </div>
   <div class='ocr_carea' id='block_1_59' title="bbox 1891 2812 3532 2890">
    <p class='ocr_par' dir='ltr' id='par_1_59' title="bbox 1891 2812 3532 2890">
     <span class='ocr_line' id='line_1_59' title="bbox 1891 2812 3532 2890; baseline 0 -20"><span class='ocrx_word' id='word_1_403' title='bbox 1891 2813 2080 2886; x_wconf 80' lang='grc' dir='ltr'>δηλοῖ,</span> <span class='ocrx_word' id='word_1_404' title='bbox 2114 2816 2328 2887; x_wconf 87' lang='lat' dir='ltr'>inquit,</span> <span class='ocrx_word' id='word_1_405' title='bbox 2360 2814 2421 2869; x_wconf 88' lang='grc' dir='ltr'>τὸ</span> <span class='ocrx_word' id='word_1_406' title='bbox 2452 2812 2511 2869; x_wconf 77' lang='grc' dir='ltr'>ἔκ</span> <span class='ocrx_word' id='word_1_407' title='bbox 2538 2819 2648 2869; x_wconf 77' lang='grc' dir='ltr'>τῶν</span> <span class='ocrx_word' id='word_1_408' title='bbox 2707 2816 2941 2887; x_wconf 76' lang='grc' dir='ltr'>πρώτων</span> <span class='ocrx_word' id='word_1_409' title='bbox 2976 2814 3057 2869; x_wconf 79' lang='grc' dir='ltr'>ἀεὶ</span> <span class='ocrx_word' id='word_1_410' title='bbox 3110 2815 3184 2876; x_wconf 84' lang='grc' dir='ltr'>εἰς</span> <span class='ocrx_word' id='word_1_411' title='bbox 3214 2815 3281 2869; x_wconf 79' lang='grc' dir='ltr'>τὰ</span> <span class='ocrx_word' id='word_1_412' title='bbox 3311 2812 3532 2890; x_wconf 71' lang='grc' dir='ltr'>δεύτερα</span> 
     </span>
    </p>
   </div>
   <div class='ocr_carea' id='block_1_60' title="bbox 1888 2898 3532 2977">
    <p class='ocr_par' dir='ltr' id='par_1_60' title="bbox 1888 2898 3532 2977">
     <span class='ocr_line' id='line_1_60' title="bbox 1888 2898 3532 2977; baseline -0.001 -20"><span class='ocrx_word' id='word_1_413' title='bbox 1888 2903 1989 2971; x_wconf 78' lang='grc' dir='ltr'>τήν</span> <span class='ocrx_word' id='word_1_414' title='bbox 2015 2906 2214 2977; x_wconf 79' lang='grc' dir='ltr'>γνῶσιν</span> <span class='ocrx_word' id='word_1_415' title='bbox 2247 2904 2355 2954; x_wconf 80' lang='grc' dir='ltr'>τῶν</span> <span class='ocrx_word' id='word_1_416' title='bbox 2389 2901 2672 2975; x_wconf 70' lang='grc' dir='ltr'>πρακτέων</span> <span class='ocrx_word' id='word_1_417' title='bbox 2701 2899 2753 2955; x_wconf 81' lang='grc' dir='ltr'>ἐν</span> <span class='ocrx_word' id='word_1_418' title='bbox 2785 2898 3033 2971; x_wconf 64' lang='grc' dir='ltr'>οὐρανοῖς</span> <span class='ocrx_word' id='word_1_419' title='bbox 3058 2901 3532 2975; x_wconf 67' lang='grc' dir='ltr'>μετοχετεύεσοαι,</span> 
     </span>
    </p>
   </div>
   <div class='ocr_carea' id='block_1_61' title="bbox 1890 2990 3533 3071">
    <p class='ocr_par' dir='ltr' id='par_1_61' title="bbox 1890 2990 3533 3071">
     <span class='ocr_line' id='line_1_61' title="bbox 1890 2990 3533 3071; baseline 0.002 -24"><span class='ocrx_word' id='word_1_420' title='bbox 1890 2992 2028 3047; x_wconf 82' lang='grc' dir='ltr'>κατᾶ</span> <span class='ocrx_word' id='word_1_421' title='bbox 2053 2992 2145 3045; x_wconf 86' lang='grc' dir='ltr'>τὸν</span> <span class='ocrx_word' id='word_1_422' title='bbox 2210 2991 2378 3064; x_wconf 72' lang='grc' dir='ltr'>μέγαν</span> <span class='ocrx_word' id='word_1_423' title='bbox 2440 2990 2740 3061; x_wconf 70' lang='grc' dir='ltr'>Διονύσιον,</span> <span class='ocrx_word' id='word_1_424' title='bbox 2776 3016 2802 3042; x_wconf 88' lang='grc'>‹‹</span> <span class='ocrx_word' id='word_1_425' title='bbox 2838 2993 3131 3071; x_wconf 71' lang='lat' dir='ltr'>signiﬁcat</span> <span class='ocrx_word' id='word_1_426' title='bbox 3169 2994 3533 3065; x_wconf 89' lang='lat' dir='ltr'>agendorum</span> 
     </span>
    </p>
   </div>
   <div class='ocr_carea' id='block_1_62' title="bbox 1892 3082 3539 3154">
    <p class='ocr_par' dir='ltr' id='par_1_62' title="bbox 1892 3082 3539 3154">
     <span class='ocr_line' id='line_1_62' title="bbox 1892 3082 3539 3154; baseline -0.001 -14"><span class='ocrx_word' id='word_1_427' title='bbox 1892 3083 2163 3140; x_wconf 88' lang='lat' dir='ltr'>notitiam</span> <span class='ocrx_word' id='word_1_428' title='bbox 2196 3082 2255 3137; x_wconf 87' lang='lat' dir='ltr'>in</span> <span class='ocrx_word' id='word_1_429' title='bbox 2280 3082 2443 3138; x_wconf 71' lang='lat' dir='ltr'>ccelis</span> <span class='ocrx_word' id='word_1_430' title='bbox 2476 3099 2509 3137; x_wconf 90' lang='lat' dir='ltr'>a</span> <span class='ocrx_word' id='word_1_431' title='bbox 2540 3082 2744 3154; x_wconf 88' lang='lat' dir='ltr'>primis</span> <span class='ocrx_word' id='word_1_432' title='bbox 2779 3084 2852 3138; x_wconf 90' lang='lat' dir='ltr'>ad</span> <span class='ocrx_word' id='word_1_433' title='bbox 2884 3083 3143 3138; x_wconf 86' lang='lat' dir='ltr'>secunda</span> <span class='ocrx_word' id='word_1_434' title='bbox 3164 3083 3539 3153; x_wconf 86' lang='lat' dir='ltr'>derivari,se-—</span> 
     </span>
    </p>
   </div>
   <div class='ocr_carea' id='block_1_63' title="bbox 1896 3173 3539 3244">
    <p class='ocr_par' dir='ltr' id='par_1_63' title="bbox 1896 3173 3539 3244">
     <span class='ocr_line' id='line_1_63' title="bbox 1896 3173 3539 3244; baseline 0 -15"><span class='ocrx_word' id='word_1_435' title='bbox 1896 3174 2155 3229; x_wconf 87' lang='lat' dir='ltr'>cundum</span> <span class='ocrx_word' id='word_1_436' title='bbox 2186 3189 2464 3244; x_wconf 88' lang='lat' dir='ltr'>magnum</span> <span class='ocrx_word' id='word_1_437' title='bbox 2500 3173 2867 3243; x_wconf 83' lang='lat' dir='ltr'>Dionysium.</span> <span class='ocrx_word' id='word_1_438' title='bbox 2905 3194 2931 3221; x_wconf 85' lang='lat'>»</span> <span class='ocrx_word' id='word_1_439' title='bbox 2989 3174 3120 3227; x_wconf 66' lang='lat' dir='ltr'>Haec</span> <span class='ocrx_word' id='word_1_440' title='bbox 3151 3178 3349 3228; x_wconf 89' lang='lat' dir='ltr'>autem</span> <span class='ocrx_word' id='word_1_441' title='bbox 3379 3174 3539 3230; x_wconf 88' lang='lat' dir='ltr'>clare</span> 
     </span>
    </p>
   </div>
   <div class='ocr_carea' id='block_1_64' title="bbox 1904 3262 3545 3326">
    <p class='ocr_par' dir='ltr' id='par_1_64' title="bbox 1904 3262 3545 3326">
     <span class='ocr_line' id='line_1_64' title="bbox 1904 3262 3545 3326; baseline 0 -7"><span class='ocrx_word' id='word_1_442' title='bbox 1904 3263 2231 3319; x_wconf 91' lang='lat' dir='ltr'>ostendunt</span> <span class='ocrx_word' id='word_1_443' title='bbox 2260 3262 2581 3318; x_wconf 90' lang='lat' dir='ltr'>catholicos</span> <span class='ocrx_word' id='word_1_444' title='bbox 2608 3262 2953 3326; x_wconf 79' lang='lat' dir='ltr'>nonnullos,</span> <span class='ocrx_word' id='word_1_445' title='bbox 2988 3280 3107 3317; x_wconf 90' lang='lat' dir='ltr'>non</span> <span class='ocrx_word' id='word_1_446' title='bbox 3143 3269 3364 3318; x_wconf 84' lang='lat' dir='ltr'>tantum</span> <span class='ocrx_word' id='word_1_447' title='bbox 3408 3268 3545 3320; x_wconf 87' lang='lat' dir='ltr'>ante</span> 
     </span>
    </p>
   </div>
   <div class='ocr_carea' id='block_1_65' title="bbox 121 3328 1790 3430">
    <p class='ocr_par' dir='ltr' id='par_1_65' title="bbox 121 3344 1781 3430">
     <span class='ocr_line' id='line_1_65' title="bbox 121 3344 1781 3430; baseline -0.008 -18"><span class='ocrx_word' id='word_1_448' title='bbox 121 3356 405 3430; x_wconf 64' lang='grc' dir='ltr'>ὶτὸκμησε</span> <span class='ocrx_word' id='word_1_449' title='bbox 435 3352 587 3421; x_wconf 77' lang='grc' dir='ltr'>πλήν</span> <span class='ocrx_word' id='word_1_450' title='bbox 612 3348 1066 3424; x_wconf 81' lang='grc' dir='ltr'>Ἀπολλιναρίου.</span> <span class='ocrx_word' id='word_1_451' title='bbox 1095 3352 1234 3417; x_wconf 66' lang='lat' dir='ltr'>Quae</span> <span class='ocrx_word' id='word_1_452' title='bbox 1265 3346 1673 3421; x_wconf 89' lang='lat' dir='ltr'>ineptissimus</span> <span class='ocrx_word' id='word_1_453' title='bbox 1693 3344 1781 3399; x_wconf 91' lang='lat' dir='ltr'>in-</span> 
     </span>
    </p>
   </div>
   <div class='ocr_carea' id='block_1_66' title="bbox 1899 3328 3547 3430">
    <p class='ocr_par' dir='ltr' id='par_1_66' title="bbox 1899 3353 3547 3424">
     <span class='ocr_line' id='line_1_66' title="bbox 1899 3353 3547 3424; baseline 0 -15"><span class='ocrx_word' id='word_1_454' title='bbox 1899 3370 1950 3409; x_wconf 87' lang='lat' dir='ltr'>a.</span> <span class='ocrx_word' id='word_1_455' title='bbox 1982 3355 2047 3410; x_wconf 92' lang='lat' dir='ltr'>D.</span> <span class='ocrx_word' id='word_1_456' title='bbox 2083 3355 2205 3409; x_wconf 87' lang='lat'>630.</span> <span class='ocrx_word' id='word_1_457' title='bbox 2234 3353 2335 3407; x_wconf 88' lang='lat' dir='ltr'>sed</span> <span class='ocrx_word' id='word_1_458' title='bbox 2369 3358 2425 3407; x_wconf 91' lang='lat' dir='ltr'>et</span> <span class='ocrx_word' id='word_1_459' title='bbox 2448 3369 2551 3424; x_wconf 86' lang='lat' dir='ltr'>per</span> <span class='ocrx_word' id='word_1_460' title='bbox 2583 3357 2767 3407; x_wconf 89' lang='lat' dir='ltr'>totum</span> <span class='ocrx_word' id='word_1_461' title='bbox 2795 3360 3022 3408; x_wconf 84' lang='lat' dir='ltr'>sextum</span> <span class='ocrx_word' id='word_1_462' title='bbox 3050 3354 3332 3409; x_wconf 63' lang='lat' dir='ltr'>saeculum</span> <span class='ocrx_word' id='word_1_463' title='bbox 3365 3357 3547 3411; x_wconf 85' lang='lat' dir='ltr'>Areo-</span> 
     </span>
    </p>
   </div>
   <div class='ocr_carea' id='block_1_67' title="bbox 126 3440 1783 3521">
    <p class='ocr_par' dir='ltr' id='par_1_67' title="bbox 126 3440 1783 3521">
     <span class='ocr_line' id='line_1_67' title="bbox 126 3440 1783 3521; baseline -0.008 -18"><span class='ocrx_word' id='word_1_464' title='bbox 126 3454 355 3521; x_wconf 86' lang='lat' dir='ltr'>terpres</span> <span class='ocrx_word' id='word_1_465' title='bbox 387 3448 477 3502; x_wconf 89' lang='lat' dir='ltr'>ita</span> <span class='ocrx_word' id='word_1_466' title='bbox 493 3445 664 3501; x_wconf 88' lang='lat' dir='ltr'>vertit</span> <span class='ocrx_word' id='word_1_467' title='bbox 689 3460 745 3500; x_wconf 85' lang='lat'>:«</span> <span class='ocrx_word' id='word_1_468' title='bbox 768 3442 992 3498; x_wconf 83' lang='lat' dir='ltr'>Asserit</span> <span class='ocrx_word' id='word_1_469' title='bbox 1012 3440 1783 3512; x_wconf 84' lang='lat' dir='ltr'>unam.inquit.personam,</span> 
     </span>
    </p>
   </div>
   <div class='ocr_carea' id='block_1_68' title="bbox 128 3528 1784 3604">
    <p class='ocr_par' dir='ltr' id='par_1_68' title="bbox 128 3528 1784 3604">
     <span class='ocr_line' id='line_1_68' title="bbox 128 3528 1784 3604; baseline -0.006 -10"><span class='ocrx_word' id='word_1_470' title='bbox 128 3540 236 3595; x_wconf 89' lang='lat' dir='ltr'>hoc</span> <span class='ocrx_word' id='word_1_471' title='bbox 268 3543 366 3594; x_wconf 85' lang='lat' dir='ltr'>est</span> <span class='ocrx_word' id='word_1_472' title='bbox 399 3535 575 3591; x_wconf 89' lang='lat' dir='ltr'>Verbi</span> <span class='ocrx_word' id='word_1_473' title='bbox 597 3531 893 3589; x_wconf 89' lang='lat' dir='ltr'>incarnati</span> <span class='ocrx_word' id='word_1_474' title='bbox 924 3531 1270 3604; x_wconf 86' lang='lat' dir='ltr'>hypostasin</span> <span class='ocrx_word' id='word_1_475' title='bbox 1303 3528 1784 3602; x_wconf 86' lang='lat' dir='ltr'>pronuntiamus.</span> 
     </span>
    </p>
   </div>
   <div class='ocr_carea' id='block_1_69' title="bbox 131 3617 1789 3699">
    <p class='ocr_par' dir='ltr' id='par_1_69' title="bbox 131 3617 1789 3699">
     <span class='ocr_line' id='line_1_69' title="bbox 131 3617 1789 3699; baseline -0.008 -15"><span class='ocrx_word' id='word_1_476' title='bbox 131 3625 628 3699; x_wconf 88' lang='lat' dir='ltr'>Quandoquidem</span> <span class='ocrx_word' id='word_1_477' title='bbox 647 3622 981 3694; x_wconf 88' lang='lat' dir='ltr'>simplicem</span> <span class='ocrx_word' id='word_1_478' title='bbox 1003 3621 1382 3693; x_wconf 87' lang='lat' dir='ltr'>ponitJesum</span> <span class='ocrx_word' id='word_1_479' title='bbox 1402 3617 1789 3689; x_wconf 84' lang='lat' dir='ltr'>D.Dionysius</span> 
     </span>
    </p>
   </div>
   <div class='ocr_carea' id='block_1_70' title="bbox 133 3707 1788 3790">
    <p class='ocr_par' dir='ltr' id='par_1_70' title="bbox 133 3707 1788 3790">
     <span class='ocr_line' id='line_1_70' title="bbox 133 3707 1788 3790; baseline -0.008 -16"><span class='ocrx_word' id='word_1_480' title='bbox 133 3717 491 3790; x_wconf 79' lang='lat' dir='ltr'>Areopagita</span> <span class='ocrx_word' id='word_1_481' title='bbox 514 3731 527 3781; x_wconf 91' lang='lat'>;</span> <span class='ocrx_word' id='word_1_482' title='bbox 549 3718 607 3770; x_wconf 89' lang='lat' dir='ltr'>et</span> <span class='ocrx_word' id='word_1_483' title='bbox 627 3714 699 3768; x_wconf 94' lang='lat' dir='ltr'>de</span> <span class='ocrx_word' id='word_1_484' title='bbox 719 3712 1089 3785; x_wconf 86' lang='lat' dir='ltr'>hypostatica</span> <span class='ocrx_word' id='word_1_485' title='bbox 1118 3709 1361 3781; x_wconf 74' lang='lat' dir='ltr'>quidem</span> <span class='ocrx_word' id='word_1_486' title='bbox 1382 3707 1788 3778; x_wconf 89' lang='lat' dir='ltr'>unione,juste</span> 
     </span>
    </p>
   </div>
   <div class='ocr_carea' id='block_1_71' title="bbox 139 3798 1790 3878">
    <p class='ocr_par' dir='ltr' id='par_1_71' title="bbox 139 3798 1790 3878">
     <span class='ocr_line' id='line_1_71' title="bbox 139 3798 1790 3878; baseline -0.008 -14"><span class='ocrx_word' id='word_1_487' title='bbox 139 3814 351 3864; x_wconf 87' lang='lat' dir='ltr'>contra</span> <span class='ocrx_word' id='word_1_488' title='bbox 379 3806 667 3878; x_wconf 88' lang='lat' dir='ltr'>pietatem</span> <span class='ocrx_word' id='word_1_489' title='bbox 697 3802 1094 3873; x_wconf 86' lang='lat' dir='ltr'>compositum</span> <span class='ocrx_word' id='word_1_490' title='bbox 1125 3799 1370 3866; x_wconf 90' lang='lat' dir='ltr'>dicitur;</span> <span class='ocrx_word' id='word_1_491' title='bbox 1395 3798 1790 3869; x_wconf 88' lang='lat' dir='ltr'>compositum</span> 
     </span>
    </p>
   </div>
   <div class='ocr_carea' id='block_1_72' title="bbox 138 3886 1790 3961">
    <p class='ocr_par' dir='ltr' id='par_1_72' title="bbox 138 3886 1790 3961">
     <span class='ocr_line' id='line_1_72' title="bbox 138 3886 1790 3961; baseline -0.008 -9"><span class='ocrx_word' id='word_1_492' title='bbox 138 3914 270 3953; x_wconf 66' lang='lat' dir='ltr'>vero</span> <span class='ocrx_word' id='word_1_493' title='bbox 302 3895 510 3950; x_wconf 90' lang='lat' dir='ltr'>dicere</span> <span class='ocrx_word' id='word_1_494' title='bbox 536 3908 713 3948; x_wconf 90' lang='lat' dir='ltr'>nemo</span> <span class='ocrx_word' id='word_1_495' title='bbox 735 3890 951 3947; x_wconf 88' lang='lat' dir='ltr'>audeat</span> <span class='ocrx_word' id='word_1_496' title='bbox 970 3894 1187 3961; x_wconf 64' lang='lat' dir='ltr'>praeter</span> <span class='ocrx_word' id='word_1_497' title='bbox 1200 3887 1689 3958; x_wconf 85' lang='lat' dir='ltr'>Apollinarium.»</span> <span class='ocrx_word' id='word_1_498' title='bbox 1708 3886 1790 3940; x_wconf 94' lang='lat' dir='ltr'>Tu</span> 
     </span>
    </p>
   </div>
   <div class='ocr_carea' id='block_1_73' title="bbox 139 3978 1789 4052">
    <p class='ocr_par' dir='ltr' id='par_1_73' title="bbox 139 3978 1789 4052">
     <span class='ocr_line' id='line_1_73' title="bbox 139 3978 1789 4052; baseline -0.008 -10"><span class='ocrx_word' id='word_1_499' title='bbox 139 3988 215 4043; x_wconf 84' lang='lat' dir='ltr'>ita</span> <span class='ocrx_word' id='word_1_500' title='bbox 238 3991 473 4043; x_wconf 87' lang='lat' dir='ltr'>vertas:</span> <span class='ocrx_word' id='word_1_501' title='bbox 503 3979 930 4052; x_wconf 82' lang='lat' dir='ltr'>Unam,inquit,</span> <span class='ocrx_word' id='word_1_502' title='bbox 955 4002 982 4029; x_wconf 87' lang='grc'><em>‹‹</em></span> <span class='ocrx_word' id='word_1_503' title='bbox 1007 3978 1467 4051; x_wconf 90' lang='lat' dir='ltr'>personam,hoc</span> <span class='ocrx_word' id='word_1_504' title='bbox 1493 3981 1789 4046; x_wconf 89' lang='lat' dir='ltr'>est,unam</span> 
     </span>
    </p>
   </div>
   <div class='ocr_carea' id='block_1_74' title="bbox 144 4066 1791 4147">
    <p class='ocr_par' dir='ltr' id='par_1_74' title="bbox 144 4066 1791 4147">
     <span class='ocr_line' id='line_1_74' title="bbox 144 4066 1791 4147; baseline -0.005 -20"><span class='ocrx_word' id='word_1_505' title='bbox 144 4077 309 4132; x_wconf 76' lang='lat' dir='ltr'>\‘erbi</span> <span class='ocrx_word' id='word_1_506' title='bbox 341 4073 721 4147; x_wconf 78' lang='lat' dir='ltr'>bypostasin,</span> <span class='ocrx_word' id='word_1_507' title='bbox 753 4071 1122 4126; x_wconf 88' lang='lat' dir='ltr'>incarnatam</span> <span class='ocrx_word' id='word_1_508' title='bbox 1170 4066 1565 4139; x_wconf 70' lang='lat' dir='ltr'>praedicamus</span> <span class='ocrx_word' id='word_1_509' title='bbox 1597 4082 1609 4120; x_wconf 91' lang='lat'>:</span> <span class='ocrx_word' id='word_1_510' title='bbox 1648 4082 1791 4137; x_wconf 91' lang='lat' dir='ltr'>quo-</span> 
     </span>
    </p>
   </div>
   <div class='ocr_carea' id='block_1_75' title="bbox 135 4154 1792 4235">
    <p class='ocr_par' dir='ltr' id='par_1_75' title="bbox 135 4154 1792 4235">
     <span class='ocr_line' id='line_1_75' title="bbox 135 4154 1792 4235; baseline -0.007 -14"><span class='ocrx_word' id='word_1_511' title='bbox 135 4169 289 4222; x_wconf 89' lang='lat' dir='ltr'>niam</span> <span class='ocrx_word' id='word_1_512' title='bbox 323 4171 389 4221; x_wconf 90' lang='lat' dir='ltr'>et</span> <span class='ocrx_word' id='word_1_513' title='bbox 416 4162 675 4235; x_wconf 80' lang='lat' dir='ltr'>simplex</span> <span class='ocrx_word' id='word_1_514' title='bbox 720 4162 893 4216; x_wconf 76' lang='lat' dir='ltr'>Jesus</span> <span class='ocrx_word' id='word_1_515' title='bbox 939 4156 1428 4230; x_wconf 87' lang='lat' dir='ltr'>componebatur,</span> <span class='ocrx_word' id='word_1_516' title='bbox 1462 4154 1792 4212; x_wconf 89' lang='lat' dir='ltr'>secundum</span> 
     </span>
    </p>
   </div>
   <div class='ocr_carea' id='block_1_76' title="bbox 142 4246 1792 4328">
    <p class='ocr_par' dir='ltr' id='par_1_76' title="bbox 142 4246 1792 4328">
     <span class='ocr_line' id='line_1_76' title="bbox 142 4246 1792 4328; baseline -0.007 -17"><span class='ocrx_word' id='word_1_517' title='bbox 142 4257 193 4314; x_wconf 80' lang='grc' dir='ltr'>Ξ.</span> <span class='ocrx_word' id='word_1_518' title='bbox 223 4253 651 4328; x_wconf 80' lang='lat' dir='ltr'>AreOpagitam</span> <span class='ocrx_word' id='word_1_519' title='bbox 679 4250 1050 4323; x_wconf 82' lang='lat' dir='ltr'>Dionysium.</span> <span class='ocrx_word' id='word_1_520' title='bbox 1083 4248 1313 4304; x_wconf 85' lang='lat' dir='ltr'>Etenim</span> <span class='ocrx_word' id='word_1_521' title='bbox 1347 4246 1419 4303; x_wconf 90' lang='lat' dir='ltr'>de</span> <span class='ocrx_word' id='word_1_522' title='bbox 1451 4247 1670 4301; x_wconf 88' lang='lat' dir='ltr'>unione</span> <span class='ocrx_word' id='word_1_523' title='bbox 1696 4262 1792 4301; x_wconf 91' lang='lat' dir='ltr'>se-</span> 
     </span>
    </p>
   </div>
   <div class='ocr_carea' id='block_1_77' title="bbox 143 4336 1796 4415">
    <p class='ocr_par' dir='ltr' id='par_1_77' title="bbox 143 4336 1796 4415">
     <span class='ocr_line' id='line_1_77' title="bbox 143 4336 1796 4415; baseline -0.007 -13"><span class='ocrx_word' id='word_1_524' title='bbox 143 4347 411 4403; x_wconf 87' lang='lat' dir='ltr'>cundum</span> <span class='ocrx_word' id='word_1_525' title='bbox 442 4340 977 4415; x_wconf 84' lang='lat' dir='ltr'>hypostasin.juste</span> <span class='ocrx_word' id='word_1_526' title='bbox 1007 4338 1080 4394; x_wconf 86' lang='lat' dir='ltr'>ab</span> <span class='ocrx_word' id='word_1_527' title='bbox 1108 4337 1238 4409; x_wconf 88' lang='lat' dir='ltr'>ipsa</span> <span class='ocrx_word' id='word_1_528' title='bbox 1258 4337 1477 4409; x_wconf 88' lang='lat' dir='ltr'>pietate</span> <span class='ocrx_word' id='word_1_529' title='bbox 1509 4336 1796 4409; x_wconf 87' lang='lat' dir='ltr'>composi-</span> 
     </span>
    </p>
   </div>
   <div class='ocr_carea' id='block_1_78' title="bbox 147 4426 1794 4501">
    <p class='ocr_par' dir='ltr' id='par_1_78' title="bbox 147 4426 1794 4501">
     <span class='ocr_line' id='line_1_78' title="bbox 147 4426 1794 4501; baseline -0.007 -8"><span class='ocrx_word' id='word_1_530' title='bbox 147 4444 269 4493; x_wconf 83' lang='lat' dir='ltr'>tam</span> <span class='ocrx_word' id='word_1_531' title='bbox 288 4435 520 4491; x_wconf 90' lang='lat' dir='ltr'>dicitur</span> <span class='ocrx_word' id='word_1_532' title='bbox 542 4429 965 4501; x_wconf 85' lang='lat' dir='ltr'>;substantiam</span> <span class='ocrx_word' id='word_1_533' title='bbox 987 4433 1182 4484; x_wconf 89' lang='lat' dir='ltr'>autem</span> <span class='ocrx_word' id='word_1_534' title='bbox 1217 4426 1605 4497; x_wconf 87' lang='lat' dir='ltr'>compositam</span> <span class='ocrx_word' id='word_1_535' title='bbox 1619 4442 1794 4483; x_wconf 90' lang='lat' dir='ltr'>nemo</span> 
     </span>
    </p>
   </div>
   <div class='ocr_carea' id='block_1_79' title="bbox 148 4516 1795 4593">
    <p class='ocr_par' dir='ltr' id='par_1_79' title="bbox 148 4516 1795 4593">
     <span class='ocr_line' id='line_1_79' title="bbox 148 4516 1795 4593; baseline -0.007 -10"><span class='ocrx_word' id='word_1_536' title='bbox 148 4527 343 4583; x_wconf 85' lang='lat' dir='ltr'>dicere</span> <span class='ocrx_word' id='word_1_537' title='bbox 376 4539 562 4579; x_wconf 89' lang='lat' dir='ltr'>ausus</span> <span class='ocrx_word' id='word_1_538' title='bbox 588 4525 697 4589; x_wconf 89' lang='lat' dir='ltr'>est,</span> <span class='ocrx_word' id='word_1_539' title='bbox 724 4524 940 4593; x_wconf 66' lang='lat' dir='ltr'>praeter</span> <span class='ocrx_word' id='word_1_540' title='bbox 958 4516 1447 4590; x_wconf 79' lang='lat' dir='ltr'>Apollinarium.»</span> <span class='ocrx_word' id='word_1_541' title='bbox 1472 4516 1575 4570; x_wconf 85' lang='lat' dir='ltr'>Hic</span> <span class='ocrx_word' id='word_1_542' title='bbox 1596 4521 1795 4572; x_wconf 88' lang='lat' dir='ltr'>autem</span> 
     </span>
    </p>
   </div>
   <div class='ocr_carea' id='block_1_80' title="bbox 147 4604 1799 4689">
    <p class='ocr_par' dir='ltr' id='par_1_80' title="bbox 147 4604 1799 4689">
     <span class='ocr_line' id='line_1_80' title="bbox 147 4604 1799 4689; baseline -0.006 -18"><span class='ocrx_word' id='word_1_543' title='bbox 147 4613 544 4689; x_wconf 84' lang='lat' dir='ltr'>Ephraemius</span> <span class='ocrx_word' id='word_1_544' title='bbox 557 4610 895 4683; x_wconf 88' lang='lat' dir='ltr'>patriarcha</span> <span class='ocrx_word' id='word_1_545' title='bbox 911 4607 1323 4664; x_wconf 82' lang='lat' dir='ltr'>Antiochenus</span> <span class='ocrx_word' id='word_1_546' title='bbox 1336 4604 1524 4661; x_wconf 85' lang='lat' dir='ltr'>factus</span> <span class='ocrx_word' id='word_1_547' title='bbox 1538 4610 1626 4660; x_wconf 92' lang='lat' dir='ltr'>est</span> <span class='ocrx_word' id='word_1_548' title='bbox 1643 4605 1799 4661; x_wconf 90' lang='lat' dir='ltr'>circa</span> 
     </span>
    </p>
   </div>
   <div class='ocr_carea' id='block_1_81' title="bbox 1892 3443 3539 3516">
    <p class='ocr_par' dir='ltr' id='par_1_81' title="bbox 1892 3443 3539 3516">
     <span class='ocr_line' id='line_1_81' title="bbox 1892 3443 3539 3516; baseline 0.001 -18"><span class='ocrx_word' id='word_1_549' title='bbox 1892 3443 2145 3516; x_wconf 85' lang='lat' dir='ltr'>pagitica</span> <span class='ocrx_word' id='word_1_550' title='bbox 2175 3443 2372 3515; x_wconf 85' lang='lat' dir='ltr'>magni</span> <span class='ocrx_word' id='word_1_551' title='bbox 2406 3443 2748 3497; x_wconf 69' lang='lat' dir='ltr'>aestimasse.</span> <span class='ocrx_word' id='word_1_552' title='bbox 2808 3443 2929 3498; x_wconf 84' lang='lat' dir='ltr'>Hoc</span> <span class='ocrx_word' id='word_1_553' title='bbox 2984 3449 3183 3498; x_wconf 81' lang='lat' dir='ltr'>autem</span> <span class='ocrx_word' id='word_1_554' title='bbox 3235 3444 3400 3515; x_wconf 87' lang='lat' dir='ltr'>prius</span> <span class='ocrx_word' id='word_1_555' title='bbox 3437 3445 3539 3499; x_wconf 90' lang='lat' dir='ltr'>de-</span> 
     </span>
    </p>
   </div>
   <div class='ocr_carea' id='block_1_82' title="bbox 1893 3532 3539 3604">
    <p class='ocr_par' dir='ltr' id='par_1_82' title="bbox 1893 3532 3539 3604">
     <span class='ocr_line' id='line_1_82' title="bbox 1893 3532 3539 3604; baseline 0 -16"><span class='ocrx_word' id='word_1_556' title='bbox 1893 3538 2243 3600; x_wconf 89' lang='lat' dir='ltr'>monstrato,</span> <span class='ocrx_word' id='word_1_557' title='bbox 2279 3532 2461 3587; x_wconf 92' lang='lat' dir='ltr'>multo</span> <span class='ocrx_word' id='word_1_558' title='bbox 2495 3533 2723 3588; x_wconf 88' lang='lat' dir='ltr'>facilius</span> <span class='ocrx_word' id='word_1_559' title='bbox 2752 3533 3004 3588; x_wconf 87' lang='lat' dir='ltr'>alterum</span> <span class='ocrx_word' id='word_1_560' title='bbox 3028 3534 3394 3604; x_wconf 83' lang='lat' dir='ltr'>probabitur.</span> <span class='ocrx_word' id='word_1_561' title='bbox 3424 3535 3539 3590; x_wconf 86' lang='lat' dir='ltr'>sci-</span> 
     </span>
    </p>
   </div>
   <div class='ocr_carea' id='block_1_83' title="bbox 1892 3623 3537 3693">
    <p class='ocr_par' dir='ltr' id='par_1_83' title="bbox 1892 3623 3537 3693">
     <span class='ocr_line' id='line_1_83' title="bbox 1892 3623 3537 3693; baseline 0.001 -15"><span class='ocrx_word' id='word_1_562' title='bbox 1892 3623 2034 3678; x_wconf 87' lang='lat' dir='ltr'>licet</span> <span class='ocrx_word' id='word_1_563' title='bbox 2060 3628 2364 3678; x_wconf 88' lang='lat' dir='ltr'>auctorem</span> <span class='ocrx_word' id='word_1_564' title='bbox 2395 3623 2941 3693; x_wconf 72' lang='lat' dir='ltr'>Areopagiticorum</span> <span class='ocrx_word' id='word_1_565' title='bbox 3000 3624 3098 3677; x_wconf 90' lang='lat' dir='ltr'>diu</span> <span class='ocrx_word' id='word_1_566' title='bbox 3150 3630 3283 3678; x_wconf 87' lang='lat' dir='ltr'>ante</span> <span class='ocrx_word' id='word_1_567' title='bbox 3314 3642 3537 3680; x_wconf 83' lang='lat' dir='ltr'>annum</span> 
     </span>
    </p>
   </div>
   <div class='ocr_carea' id='block_1_84' title="bbox 1894 3711 3541 3781">
    <p class='ocr_par' dir='ltr' id='par_1_84' title="bbox 1894 3711 3541 3781">
     <span class='ocr_line' id='line_1_84' title="bbox 1894 3711 3541 3781; baseline 0.002 -13"><span class='ocrx_word' id='word_1_568' title='bbox 1894 3715 1997 3768; x_wconf 76' lang='lat'>520</span> <span class='ocrx_word' id='word_1_569' title='bbox 2024 3728 2093 3768; x_wconf 86' lang='lat' dir='ltr'>ea</span> <span class='ocrx_word' id='word_1_570' title='bbox 2120 3711 2396 3766; x_wconf 87' lang='lat' dir='ltr'>edidisse.</span> <span class='ocrx_word' id='word_1_571' title='bbox 2429 3711 2539 3765; x_wconf 86' lang='lat' dir='ltr'>Vix</span> <span class='ocrx_word' id='word_1_572' title='bbox 2571 3712 2730 3766; x_wconf 88' lang='lat' dir='ltr'>enim</span> <span class='ocrx_word' id='word_1_573' title='bbox 2764 3714 3039 3781; x_wconf 86' lang='lat' dir='ltr'>cuiquam</span> <span class='ocrx_word' id='word_1_574' title='bbox 3072 3715 3355 3769; x_wconf 84' lang='lat' dir='ltr'>credibile</span> <span class='ocrx_word' id='word_1_575' title='bbox 3377 3717 3541 3771; x_wconf 84' lang='lat' dir='ltr'>vide-</span> 
     </span>
    </p>
   </div>
   <div class='ocr_carea' id='block_1_85' title="bbox 1895 3801 3541 3871">
    <p class='ocr_par' dir='ltr' id='par_1_85' title="bbox 1895 3801 3541 3871">
     <span class='ocr_line' id='line_1_85' title="bbox 1895 3801 3541 3871; baseline 0.002 -14"><span class='ocrx_word' id='word_1_576' title='bbox 1895 3802 2075 3869; x_wconf 90' lang='lat' dir='ltr'>bitur,</span> <span class='ocrx_word' id='word_1_577' title='bbox 2110 3806 2196 3856; x_wconf 89' lang='lat' dir='ltr'>tot</span> <span class='ocrx_word' id='word_1_578' title='bbox 2224 3801 2379 3854; x_wconf 92' lang='lat' dir='ltr'>viros</span> <span class='ocrx_word' id='word_1_579' title='bbox 2411 3801 2676 3856; x_wconf 89' lang='lat' dir='ltr'>eruditos</span> <span class='ocrx_word' id='word_1_580' title='bbox 2727 3802 2923 3871; x_wconf 89' lang='lat' dir='ltr'>prima</span> <span class='ocrx_word' id='word_1_581' title='bbox 2952 3802 3087 3857; x_wconf 88' lang='lat' dir='ltr'>libri</span> <span class='ocrx_word' id='word_1_582' title='bbox 3124 3809 3243 3859; x_wconf 86' lang='lat' dir='ltr'>tam</span> <span class='ocrx_word' id='word_1_583' title='bbox 3275 3805 3541 3861; x_wconf 86' lang='lat' dir='ltr'>inusitati</span> 
     </span>
    </p>
   </div>
   <div class='ocr_carea' id='block_1_86' title="bbox 1898 3888 2595 3965">
    <p class='ocr_par' dir='ltr' id='par_1_86' title="bbox 1898 3888 2595 3965">
     <span class='ocr_line' id='line_1_86' title="bbox 1898 3888 2595 3965; baseline 0 -17"><span class='ocrx_word' id='word_1_584' title='bbox 1898 3891 2091 3965; x_wconf 89' lang='lat' dir='ltr'>specie</span> <span class='ocrx_word' id='word_1_585' title='bbox 2123 3889 2307 3945; x_wconf 86' lang='lat' dir='ltr'>fuisse</span> <span class='ocrx_word' id='word_1_586' title='bbox 2336 3888 2595 3948; x_wconf 89' lang='lat' dir='ltr'>delusos.</span> 
     </span>
    </p>
   </div>
   <div class='ocr_carea' id='block_1_87' title="bbox 1968 3979 3539 4055">
    <p class='ocr_par' dir='ltr' id='par_1_87' title="bbox 1968 3979 3539 4055">
     <span class='ocr_line' id='line_1_87' title="bbox 1968 3979 3539 4055; baseline 0.002 -18"><span class='ocrx_word' id='word_1_587' title='bbox 1968 3980 2315 4037; x_wconf 84' lang='lat' dir='ltr'>Anastasius</span> <span class='ocrx_word' id='word_1_588' title='bbox 2336 3979 2829 4035; x_wconf 88' lang='lat' dir='ltr'>Bibliothecarius</span> <span class='ocrx_word' id='word_1_589' title='bbox 2876 3980 2937 4036; x_wconf 90' lang='lat' dir='ltr'>in</span> <span class='ocrx_word' id='word_1_590' title='bbox 2973 3982 3224 4051; x_wconf 88' lang='lat' dir='ltr'>epistola</span> <span class='ocrx_word' id='word_1_591' title='bbox 3246 3982 3318 4037; x_wconf 88' lang='lat' dir='ltr'>ad</span> <span class='ocrx_word' id='word_1_592' title='bbox 3344 4001 3539 4055; x_wconf 68' lang='lat' dir='ltr'>regem</span> 
     </span>
    </p>
   </div>
   <div class='ocr_carea' id='block_1_88' title="bbox 1897 4069 3538 4144">
    <p class='ocr_par' dir='ltr' id='par_1_88' title="bbox 1897 4069 3538 4144">
     <span class='ocr_line' id='line_1_88' title="bbox 1897 4069 3538 4144; baseline -0.001 -15"><span class='ocrx_word' id='word_1_593' title='bbox 1897 4070 2172 4129; x_wconf 88' lang='lat' dir='ltr'>Carolum</span> <span class='ocrx_word' id='word_1_594' title='bbox 2190 4069 2260 4125; x_wconf 91' lang='lat' dir='ltr'>de</span> <span class='ocrx_word' id='word_1_595' title='bbox 2285 4070 2708 4142; x_wconf 85' lang='lat' dir='ltr'>AreOpagiticis</span> <span class='ocrx_word' id='word_1_596' title='bbox 2727 4069 2963 4127; x_wconf 85' lang='lat' dir='ltr'>data.de</span> <span class='ocrx_word' id='word_1_597' title='bbox 2988 4070 3246 4125; x_wconf 84' lang='lat' dir='ltr'>editione</span> <span class='ocrx_word' id='word_1_598' title='bbox 3274 4072 3538 4144; x_wconf 83' lang='lat' dir='ltr'>Dionysii</span> 
     </span>
    </p>
   </div>
   <div class='ocr_carea' id='block_1_89' title="bbox 1897 4159 3537 4233">
    <p class='ocr_par' dir='ltr' id='par_1_89' title="bbox 1897 4159 3537 4233">
     <span class='ocr_line' id='line_1_89' title="bbox 1897 4159 3537 4233; baseline -0.002 -13"><span class='ocrx_word' id='word_1_599' title='bbox 1897 4178 1933 4220; x_wconf 88' lang='lat' dir='ltr'>a</span> <span class='ocrx_word' id='word_1_600' title='bbox 1954 4178 2015 4218; x_wconf 90' lang='lat' dir='ltr'>se</span> <span class='ocrx_word' id='word_1_601' title='bbox 2033 4159 2400 4233; x_wconf 86' lang='lat' dir='ltr'>promulgata</span> <span class='ocrx_word' id='word_1_602' title='bbox 2421 4159 2504 4215; x_wconf 88' lang='lat' dir='ltr'>ita</span> <span class='ocrx_word' id='word_1_603' title='bbox 2525 4160 2790 4231; x_wconf 89' lang='lat' dir='ltr'>loquitur</span> <span class='ocrx_word' id='word_1_604' title='bbox 2810 4178 2821 4215; x_wconf 89' lang='lat'>:</span> <span class='ocrx_word' id='word_1_605' title='bbox 2840 4162 3138 4233; x_wconf 80' lang='lat' dir='ltr'>«Ipsorum</span> <span class='ocrx_word' id='word_1_606' title='bbox 3154 4167 3348 4217; x_wconf 86' lang='lat' dir='ltr'>autem</span> <span class='ocrx_word' id='word_1_607' title='bbox 3367 4165 3537 4217; x_wconf 86' lang='lat' dir='ltr'>scho-</span> 
     </span>
    </p>
   </div>
   <div class='ocr_carea' id='block_1_90' title="bbox 1898 4250 3539 4321">
    <p class='ocr_par' dir='ltr' id='par_1_90' title="bbox 1898 4250 3539 4321">
     <span class='ocr_line' id='line_1_90' title="bbox 1898 4250 3539 4321; baseline 0 -15"><span class='ocrx_word' id='word_1_608' title='bbox 1898 4251 2114 4306; x_wconf 89' lang='lat' dir='ltr'>liorum</span> <span class='ocrx_word' id='word_1_609' title='bbox 2131 4250 2250 4304; x_wconf 90' lang='lat' dir='ltr'>sive</span> <span class='ocrx_word' id='word_1_610' title='bbox 2272 4250 2663 4321; x_wconf 88' lang='lat' dir='ltr'>paratheseon</span> <span class='ocrx_word' id='word_1_611' title='bbox 2686 4267 3056 4321; x_wconf 70' lang='lat' dir='ltr'>qumcunque</span> <span class='ocrx_word' id='word_1_612' title='bbox 3081 4251 3140 4306; x_wconf 90' lang='lat' dir='ltr'>in</span> <span class='ocrx_word' id='word_1_613' title='bbox 3164 4252 3323 4307; x_wconf 89' lang='lat' dir='ltr'>calce</span> <span class='ocrx_word' id='word_1_614' title='bbox 3348 4253 3433 4308; x_wconf 87' lang='lat' dir='ltr'>sui</span> <span class='ocrx_word' id='word_1_615' title='bbox 3461 4251 3539 4307; x_wconf 86' lang='lat' dir='ltr'>si-</span> 
     </span>
    </p>
   </div>
   <div class='ocr_carea' id='block_1_91' title="bbox 1898 4340 3544 4415">
    <p class='ocr_par' dir='ltr' id='par_1_91' title="bbox 1898 4340 3544 4415">
     <span class='ocr_line' id='line_1_91' title="bbox 1898 4340 3544 4415; baseline 0.001 -18"><span class='ocrx_word' id='word_1_616' title='bbox 1898 4358 2079 4415; x_wconf 87' lang='lat' dir='ltr'>gnum</span> <span class='ocrx_word' id='word_1_617' title='bbox 2098 4340 2340 4396; x_wconf 83' lang='lat' dir='ltr'>vivificae</span> <span class='ocrx_word' id='word_1_618' title='bbox 2361 4340 2555 4395; x_wconf 90' lang='lat' dir='ltr'>crucis</span> <span class='ocrx_word' id='word_1_619' title='bbox 2575 4340 2795 4396; x_wconf 89' lang='lat' dir='ltr'>habent</span> <span class='ocrx_word' id='word_1_620' title='bbox 2818 4343 2903 4396; x_wconf 60' lang='lat' dir='ltr'>all</span> <span class='ocrx_word' id='word_1_621' title='bbox 2934 4342 3182 4397; x_wconf 82' lang='lat' dir='ltr'>Maximo</span> <span class='ocrx_word' id='word_1_622' title='bbox 3204 4346 3544 4400; x_wconf 74' lang='lat' dir='ltr'>confessore</span> 
     </span>
    </p>
   </div>
   <div class='ocr_carea' id='block_1_92' title="bbox 1901 4431 3546 4490">
    <p class='ocr_par' dir='ltr' id='par_1_92' title="bbox 1901 4431 3546 4490">
     <span class='ocr_line' id='line_1_92' title="bbox 1901 4431 3546 4490; baseline 0 -1"><span class='ocrx_word' id='word_1_623' title='bbox 1901 4431 2267 4490; x_wconf 88' lang='lat' dir='ltr'>etmonacho</span> <span class='ocrx_word' id='word_1_624' title='bbox 2308 4431 2543 4486; x_wconf 88' lang='lat' dir='ltr'>inventa</span> <span class='ocrx_word' id='word_1_625' title='bbox 2566 4437 2903 4487; x_wconf 87' lang='lat' dir='ltr'>narrantur.</span> <span class='ocrx_word' id='word_1_626' title='bbox 2935 4433 3159 4488; x_wconf 60' lang='lat' dir='ltr'>Cretera</span> <span class='ocrx_word' id='word_1_627' title='bbox 3199 4451 3333 4489; x_wconf 88' lang='lat' dir='ltr'>vero</span> <span class='ocrx_word' id='word_1_628' title='bbox 3357 4434 3546 4489; x_wconf 90' lang='lat' dir='ltr'>sancti</span> 
     </span>
    </p>
   </div>
   <div class='ocr_carea' id='block_1_93' title="bbox 1901 4520 3544 4595">
    <p class='ocr_par' dir='ltr' id='par_1_93' title="bbox 1901 4520 3544 4595">
     <span class='ocr_line' id='line_1_93' title="bbox 1901 4520 3544 4595; baseline -0.001 -16"><span class='ocrx_word' id='word_1_629' title='bbox 1901 4521 2145 4580; x_wconf 83' lang='lat' dir='ltr'>Joannis</span> <span class='ocrx_word' id='word_1_630' title='bbox 2194 4520 2663 4592; x_wconf 88' lang='lat' dir='ltr'>Scythopolitani</span> <span class='ocrx_word' id='word_1_631' title='bbox 2694 4542 2719 4569; x_wconf 71' lang='grc' dir='ltr'>ι)</span> <span class='ocrx_word' id='word_1_632' title='bbox 2755 4522 2859 4593; x_wconf 90' lang='lat' dir='ltr'>(ita</span> <span class='ocrx_word' id='word_1_633' title='bbox 2907 4529 3066 4578; x_wconf 89' lang='lat' dir='ltr'>recte</span> <span class='ocrx_word' id='word_1_634' title='bbox 3098 4524 3313 4595; x_wconf 78' lang='lat' dir='ltr'>legitur</span> <span class='ocrx_word' id='word_1_635' title='bbox 3348 4524 3408 4578; x_wconf 92' lang='lat' dir='ltr'>in</span> <span class='ocrx_word' id='word_1_636' title='bbox 3434 4542 3544 4579; x_wconf 89' lang='lat' dir='ltr'>ms.</span> 
     </span>
    </p>
   </div>
   <div class='ocr_carea' id='block_1_94' title="bbox 1904 4610 3547 4684">
    <p class='ocr_par' dir='ltr' id='par_1_94' title="bbox 1904 4610 3547 4684">
     <span class='ocr_line' id='line_1_94' title="bbox 1904 4610 3547 4684; baseline 0 -16"><span class='ocrx_word' id='word_1_637' title='bbox 1904 4610 2245 4678; x_wconf 82' lang='lat' dir='ltr'>Oxoniensi,</span> <span class='ocrx_word' id='word_1_638' title='bbox 2276 4626 2396 4664; x_wconf 89' lang='lat' dir='ltr'>non</span> <span class='ocrx_word' id='word_1_639' title='bbox 2427 4610 2830 4680; x_wconf 83' lang='lat' dir='ltr'>Sycopolitani,</span> <span class='ocrx_word' id='word_1_640' title='bbox 2881 4617 2948 4666; x_wconf 93' lang='lat' dir='ltr'>ut</span> <span class='ocrx_word' id='word_1_641' title='bbox 3004 4612 3105 4667; x_wconf 87' lang='lat' dir='ltr'>alii</span> <span class='ocrx_word' id='word_1_642' title='bbox 3162 4621 3436 4684; x_wconf 86' lang='lat' dir='ltr'>corrupte</span> <span class='ocrx_word' id='word_1_643' title='bbox 3466 4614 3547 4669; x_wconf 92' lang='lat' dir='ltr'>le-</span> 
     </span>
    </p>
   </div>
   <div class='ocr_carea' id='block_1_95' title="bbox 148 4694 3551 4775">
    <p class='ocr_par' dir='ltr' id='par_1_95' title="bbox 148 4694 3551 4775">
     <span class='ocr_line' id='line_1_95' title="bbox 148 4694 3551 4775; baseline 0.002 -25"><span class='ocrx_word' id='word_1_644' title='bbox 148 4706 303 4761; x_wconf 74' lang='lat' dir='ltr'>idem</span> <span class='ocrx_word' id='word_1_645' title='bbox 336 4710 601 4772; x_wconf 74' lang='lat' dir='ltr'>tempus,</span> <span class='ocrx_word' id='word_1_646' title='bbox 635 4716 751 4773; x_wconf 85' lang='lat' dir='ltr'>quo</span> <span class='ocrx_word' id='word_1_647' title='bbox 779 4697 1150 4754; x_wconf 84' lang='lat' dir='ltr'>Justinianus</span> <span class='ocrx_word' id='word_1_648' title='bbox 1173 4694 1493 4767; x_wconf 87' lang='lat' dir='ltr'>imperium</span> <span class='ocrx_word' id='word_1_649' title='bbox 1548 4695 1796 4767; x_wconf 90' lang='lat' dir='ltr'>adeptus</span> <span class='ocrx_word' id='word_1_650' title='bbox 1828 4710 1877 4774; x_wconf 79' lang='grc' dir='ltr'>ι)</span> <span class='ocrx_word' id='word_1_651' title='bbox 1904 4701 2068 4774; x_wconf 81' lang='lat' dir='ltr'>gunt)</span> <span class='ocrx_word' id='word_1_652' title='bbox 2098 4701 2367 4755; x_wconf 82' lang='lat' dir='ltr'>antistitis</span> <span class='ocrx_word' id='word_1_653' title='bbox 2396 4716 2503 4756; x_wconf 86' lang='lat' dir='ltr'>esse</span> <span class='ocrx_word' id='word_1_654' title='bbox 2532 4704 2810 4768; x_wconf 78' lang='lat' dir='ltr'>feruntur.</span> <span class='ocrx_word' id='word_1_655' title='bbox 2869 4702 3124 4756; x_wconf 82' lang='lat' dir='ltr'>Joannes</span> <span class='ocrx_word' id='word_1_656' title='bbox 3182 4703 3362 4773; x_wconf 88' lang='lat' dir='ltr'>igitur</span> <span class='ocrx_word' id='word_1_657' title='bbox 3417 4704 3551 4775; x_wconf 87' lang='lat' dir='ltr'>Scy-</span> 
     </span>
    </p>
   </div>
   <div class='ocr_carea' id='block_1_96' title="bbox 152 4784 1801 4863">
    <p class='ocr_par' dir='ltr' id='par_1_96' title="bbox 152 4784 1801 4863">
     <span class='ocr_line' id='line_1_96' title="bbox 152 4784 1801 4863; baseline -0.007 -14"><span class='ocrx_word' id='word_1_658' title='bbox 152 4798 327 4863; x_wconf 81' lang='lat' dir='ltr'>est,ut</span> <span class='ocrx_word' id='word_1_659' title='bbox 361 4784 1599 4859; x_wconf 86' lang='lat' dir='ltr'>testaturTheophanes,hocest,antequam</span> <span class='ocrx_word' id='word_1_660' title='bbox 1622 4790 1801 4838; x_wconf 83' lang='lat' dir='ltr'>Areo-</span> 
     </span>
    </p>
   </div>
   <div class='ocr_carea' id='block_1_97' title="bbox 154 4872 1805 4955">
    <p class='ocr_par' dir='ltr' id='par_1_97' title="bbox 154 4872 1805 4955">
     <span class='ocr_line' id='line_1_97' title="bbox 154 4872 1805 4955; baseline -0.005 -17"><span class='ocrx_word' id='word_1_661' title='bbox 154 4883 349 4955; x_wconf 83' lang='lat' dir='ltr'>pagita</span> <span class='ocrx_word' id='word_1_662' title='bbox 382 4880 442 4936; x_wconf 90' lang='lat' dir='ltr'>in</span> <span class='ocrx_word' id='word_1_663' title='bbox 476 4878 755 4934; x_wconf 89' lang='lat' dir='ltr'>manibus</span> <span class='ocrx_word' id='word_1_664' title='bbox 789 4875 1237 4933; x_wconf 89' lang='lat' dir='ltr'>Severianorum</span> <span class='ocrx_word' id='word_1_665' title='bbox 1259 4872 1675 4928; x_wconf 82' lang='lat' dir='ltr'>haereticorum</span> <span class='ocrx_word' id='word_1_666' title='bbox 1705 4891 1805 4930; x_wconf 89' lang='lat' dir='ltr'>co-</span> 
     </span>
    </p>
   </div>
   <div class='ocr_carea' id='block_1_98' title="bbox 160 4963 1807 5042">
    <p class='ocr_par' dir='ltr' id='par_1_98' title="bbox 160 4963 1807 5042">
     <span class='ocr_line' id='line_1_98' title="bbox 160 4963 1807 5042; baseline -0.005 -15"><span class='ocrx_word' id='word_1_667' title='bbox 160 4988 286 5027; x_wconf 85' lang='lat' dir='ltr'>ram</span> <span class='ocrx_word' id='word_1_668' title='bbox 316 4969 572 5042; x_wconf 78' lang='lat' dir='ltr'>Hypatio</span> <span class='ocrx_word' id='word_1_669' title='bbox 602 4965 901 5039; x_wconf 88' lang='lat' dir='ltr'>apparuit,</span> <span class='ocrx_word' id='word_1_670' title='bbox 949 4964 1106 5021; x_wconf 88' lang='lat' dir='ltr'>circa</span> <span class='ocrx_word' id='word_1_671' title='bbox 1136 4978 1191 5018; x_wconf 92' lang='lat' dir='ltr'>a.</span> <span class='ocrx_word' id='word_1_672' title='bbox 1225 4963 1290 5018; x_wconf 93' lang='lat' dir='ltr'>D.</span> <span class='ocrx_word' id='word_1_673' title='bbox 1325 4964 1452 5027; x_wconf 82' lang='lat'>526,</span> <span class='ocrx_word' id='word_1_674' title='bbox 1486 4967 1543 5017; x_wconf 90' lang='lat' dir='ltr'>et</span> <span class='ocrx_word' id='word_1_675' title='bbox 1571 4963 1807 5035; x_wconf 91' lang='lat' dir='ltr'>scripsit</span> 
     </span>
    </p>
   </div>
   <div class='ocr_carea' id='block_1_99' title="bbox 158 5051 1809 5133">
    <p class='ocr_par' dir='ltr' id='par_1_99' title="bbox 158 5051 1809 5133">
     <span class='ocr_line' id='line_1_99' title="bbox 158 5051 1809 5133; baseline -0.004 -18"><span class='ocrx_word' id='word_1_676' title='bbox 158 5068 479 5133; x_wconf 86' lang='lat' dir='ltr'>antequam</span> <span class='ocrx_word' id='word_1_677' title='bbox 498 5057 758 5114; x_wconf 89' lang='lat' dir='ltr'>secundo</span> <span class='ocrx_word' id='word_1_678' title='bbox 785 5054 1107 5128; x_wconf 90' lang='lat' dir='ltr'>productus</span> <span class='ocrx_word' id='word_1_679' title='bbox 1131 5056 1222 5109; x_wconf 88' lang='lat' dir='ltr'>est</span> <span class='ocrx_word' id='word_1_680' title='bbox 1235 5051 1306 5107; x_wconf 86' lang='lat' dir='ltr'>ab</span> <span class='ocrx_word' id='word_1_681' title='bbox 1323 5052 1518 5124; x_wconf 84' lang='lat' dir='ltr'>Aceph</span> <span class='ocrx_word' id='word_1_682' title='bbox 1528 5051 1637 5107; x_wconf 87' lang='lat' dir='ltr'>alis</span> <span class='ocrx_word' id='word_1_683' title='bbox 1652 5053 1809 5109; x_wconf 90' lang='lat' dir='ltr'>circa</span> 
     </span>
    </p>
   </div>
   <div class='ocr_carea' id='block_1_100' title="bbox 159 5142 1805 5220">
    <p class='ocr_par' dir='ltr' id='par_1_100' title="bbox 159 5142 1805 5220">
     <span class='ocr_line' id='line_1_100' title="bbox 159 5142 1805 5220; baseline -0.007 -12"><span class='ocrx_word' id='word_1_684' title='bbox 159 5167 209 5209; x_wconf 86' lang='lat' dir='ltr'>a.</span> <span class='ocrx_word' id='word_1_685' title='bbox 242 5155 344 5206; x_wconf 79' lang='lat'>560</span> <span class='ocrx_word' id='word_1_686' title='bbox 378 5168 393 5218; x_wconf 88' lang='lat'>;</span> <span class='ocrx_word' id='word_1_687' title='bbox 425 5165 569 5205; x_wconf 90' lang='lat' dir='ltr'>nam</span> <span class='ocrx_word' id='word_1_688' title='bbox 626 5147 754 5220; x_wconf 87' lang='lat' dir='ltr'>ipse</span> <span class='ocrx_word' id='word_1_689' title='bbox 802 5142 1191 5217; x_wconf 90' lang='lat' dir='ltr'>Ephraemius</span> <span class='ocrx_word' id='word_1_690' title='bbox 1239 5146 1378 5197; x_wconf 90' lang='lat' dir='ltr'>ante</span> <span class='ocrx_word' id='word_1_691' title='bbox 1427 5158 1650 5198; x_wconf 87' lang='lat' dir='ltr'>annum</span> <span class='ocrx_word' id='word_1_692' title='bbox 1700 5144 1805 5197; x_wconf 75' lang='grc'>543</span> 
     </span>
    </p>
   </div>
   <div class='ocr_carea' id='block_1_101' title="bbox 160 5233 1809 5299">
    <p class='ocr_par' dir='ltr' id='par_1_101' title="bbox 160 5233 1809 5299">
     <span class='ocr_line' id='line_1_101' title="bbox 160 5233 1809 5299; baseline -0.006 -1"><span class='ocrx_word' id='word_1_693' title='bbox 160 5248 427 5299; x_wconf 84' lang='lat' dir='ltr'>mortuus</span> <span class='ocrx_word' id='word_1_694' title='bbox 458 5244 569 5296; x_wconf 89' lang='lat' dir='ltr'>est.</span> <span class='ocrx_word' id='word_1_695' title='bbox 604 5237 767 5294; x_wconf 90' lang='lat' dir='ltr'>Unde</span> <span class='ocrx_word' id='word_1_696' title='bbox 799 5236 916 5292; x_wconf 90' lang='lat' dir='ltr'>duo</span> <span class='ocrx_word' id='word_1_697' title='bbox 946 5233 1152 5291; x_wconf 65' lang='lat' dir='ltr'>Dallzei</span> <span class='ocrx_word' id='word_1_698' title='bbox 1203 5233 1378 5289; x_wconf 85' lang='lat' dir='ltr'>etl‘ata</span> <span class='ocrx_word' id='word_1_699' title='bbox 1435 5233 1636 5288; x_wconf 87' lang='lat' dir='ltr'>statim</span> <span class='ocrx_word' id='word_1_700' title='bbox 1668 5250 1809 5288; x_wconf 91' lang='lat' dir='ltr'>con-</span> 
     </span>
    </p>
   </div>
   <div class='ocr_carea' id='block_1_102' title="bbox 162 5322 1809 5401">
    <p class='ocr_par' dir='ltr' id='par_1_102' title="bbox 162 5322 1809 5401">
     <span class='ocr_line' id='line_1_102' title="bbox 162 5322 1809 5401; baseline -0.005 -14"><span class='ocrx_word' id='word_1_701' title='bbox 162 5332 384 5401; x_wconf 88' lang='lat' dir='ltr'>cidunt,</span> <span class='ocrx_word' id='word_1_702' title='bbox 427 5346 656 5395; x_wconf 89' lang='lat' dir='ltr'>omnes,</span> <span class='ocrx_word' id='word_1_703' title='bbox 691 5325 921 5383; x_wconf 88' lang='lat' dir='ltr'>scilicet</span> <span class='ocrx_word' id='word_1_704' title='bbox 978 5323 1244 5397; x_wconf 86' lang='lat' dir='ltr'>ejusdem</span> <span class='ocrx_word' id='word_1_705' title='bbox 1301 5322 1406 5378; x_wconf 63' lang='lat' dir='ltr'>sevi</span> <span class='ocrx_word' id='word_1_706' title='bbox 1464 5323 1809 5392; x_wconf 89' lang='lat' dir='ltr'>catholicos,</span> 
     </span>
    </p>
   </div>
   <div class='ocr_carea' id='block_1_103' title="bbox 163 5412 1813 5492">
    <p class='ocr_par' dir='ltr' id='par_1_103' title="bbox 163 5412 1813 5492">
     <span class='ocr_line' id='line_1_103' title="bbox 163 5412 1813 5492; baseline -0.006 -15"><span class='ocrx_word' id='word_1_707' title='bbox 163 5421 315 5477; x_wconf 86' lang='lat' dir='ltr'>idem</span> <span class='ocrx_word' id='word_1_708' title='bbox 346 5437 486 5477; x_wconf 90' lang='lat' dir='ltr'>cum</span> <span class='ocrx_word' id='word_1_709' title='bbox 520 5417 769 5492; x_wconf 80' lang='lat' dir='ltr'>Hypatio</span> <span class='ocrx_word' id='word_1_710' title='bbox 829 5414 1123 5486; x_wconf 83' lang='lat' dir='ltr'>Ephesino</span> <span class='ocrx_word' id='word_1_711' title='bbox 1180 5412 1625 5485; x_wconf 89' lang='lat' dir='ltr'>archiepiscopo</span> <span class='ocrx_word' id='word_1_712' title='bbox 1678 5430 1813 5468; x_wconf 84' lang='lat' dir='ltr'>sen-</span> 
     </span>
    </p>
   </div>
   <div class='ocr_carea' id='block_1_104' title="bbox 167 5503 1812 5579">
    <p class='ocr_par' dir='ltr' id='par_1_104' title="bbox 167 5503 1812 5579">
     <span class='ocr_line' id='line_1_104' title="bbox 167 5503 1812 5579; baseline -0.004 -13"><span class='ocrx_word' id='word_1_713' title='bbox 167 5512 330 5579; x_wconf 87' lang='lat' dir='ltr'>sisse,</span> <span class='ocrx_word' id='word_1_714' title='bbox 360 5518 422 5565; x_wconf 83' lang='lat' dir='ltr'>et</span> <span class='ocrx_word' id='word_1_715' title='bbox 447 5509 524 5566; x_wconf 90' lang='lat' dir='ltr'>ad</span> <span class='ocrx_word' id='word_1_716' title='bbox 554 5524 783 5566; x_wconf 88' lang='lat' dir='ltr'>annum</span> <span class='ocrx_word' id='word_1_717' title='bbox 816 5504 1051 5561; x_wconf 90' lang='lat' dir='ltr'>Domini</span> <span class='ocrx_word' id='word_1_718' title='bbox 1109 5504 1233 5568; x_wconf 69' lang='lat'>553,</span> <span class='ocrx_word' id='word_1_719' title='bbox 1284 5508 1341 5559; x_wconf 91' lang='lat' dir='ltr'>et</span> <span class='ocrx_word' id='word_1_720' title='bbox 1390 5503 1549 5559; x_wconf 91' lang='lat' dir='ltr'>ultra</span> <span class='ocrx_word' id='word_1_721' title='bbox 1610 5504 1812 5574; x_wconf 88' lang='lat' dir='ltr'>etiam,</span> 
     </span>
    </p>
   </div>
   <div class='ocr_carea' id='block_1_105' title="bbox 163 5592 1815 5673">
    <p class='ocr_par' dir='ltr' id='par_1_105' title="bbox 163 5592 1815 5673">
     <span class='ocr_line' id='line_1_105' title="bbox 163 5592 1815 5673; baseline -0.004 -16"><span class='ocrx_word' id='word_1_722' title='bbox 163 5604 448 5657; x_wconf 84' lang='lat' dir='ltr'>mansisse</span> <span class='ocrx_word' id='word_1_723' title='bbox 481 5599 635 5673; x_wconf 87' lang='lat' dir='ltr'>apud</span> <span class='ocrx_word' id='word_1_724' title='bbox 669 5595 996 5653; x_wconf 88' lang='lat' dir='ltr'>catholicos</span> <span class='ocrx_word' id='word_1_725' title='bbox 1012 5609 1211 5649; x_wconf 87' lang='lat' dir='ltr'>veram</span> <span class='ocrx_word' id='word_1_726' title='bbox 1227 5592 1458 5666; x_wconf 85' lang='lat' dir='ltr'>Hypatii</span> <span class='ocrx_word' id='word_1_727' title='bbox 1496 5592 1567 5649; x_wconf 92' lang='lat' dir='ltr'>de</span> <span class='ocrx_word' id='word_1_728' title='bbox 1599 5595 1815 5651; x_wconf 80' lang='lat' dir='ltr'>afﬁctis</span> 
     </span>
    </p>
   </div>
   <div class='ocr_carea' id='block_1_106' title="bbox 166 5682 1818 5763">
    <p class='ocr_par' dir='ltr' id='par_1_106' title="bbox 166 5682 1818 5763">
     <span class='ocr_line' id='line_1_106' title="bbox 166 5682 1818 5763; baseline -0.004 -16"><span class='ocrx_word' id='word_1_729' title='bbox 166 5692 438 5763; x_wconf 85' lang='lat' dir='ltr'>Dionysio</span> <span class='ocrx_word' id='word_1_730' title='bbox 462 5690 632 5746; x_wconf 90' lang='lat' dir='ltr'>libris</span> <span class='ocrx_word' id='word_1_731' title='bbox 654 5685 1042 5744; x_wconf 87' lang='lat' dir='ltr'>sententiam.</span> <span class='ocrx_word' id='word_1_732' title='bbox 1076 5682 1180 5740; x_wconf 89' lang='lat' dir='ltr'>Cui</span> <span class='ocrx_word' id='word_1_733' title='bbox 1209 5682 1322 5738; x_wconf 89' lang='lat' dir='ltr'>hoc</span> <span class='ocrx_word' id='word_1_734' title='bbox 1343 5683 1526 5739; x_wconf 88' lang='lat' dir='ltr'>etiam</span> <span class='ocrx_word' id='word_1_735' title='bbox 1562 5701 1683 5739; x_wconf 90' lang='lat' dir='ltr'>non</span> <span class='ocrx_word' id='word_1_736' title='bbox 1712 5685 1818 5740; x_wconf 83' lang='lat' dir='ltr'>im-</span> 
     </span>
    </p>
   </div>
   <div class='ocr_carea' id='block_1_107' title="bbox 164 5772 1818 5853">
    <p class='ocr_par' dir='ltr' id='par_1_107' title="bbox 164 5772 1818 5853">
     <span class='ocr_line' id='line_1_107' title="bbox 164 5772 1818 5853; baseline -0.004 -15"><span class='ocrx_word' id='word_1_737' title='bbox 164 5783 377 5838; x_wconf 83' lang='lat' dir='ltr'>merito</span> <span class='ocrx_word' id='word_1_738' title='bbox 408 5780 546 5836; x_wconf 89' lang='lat' dir='ltr'>addi</span> <span class='ocrx_word' id='word_1_739' title='bbox 579 5782 808 5853; x_wconf 88' lang='lat' dir='ltr'>potest,</span> <span class='ocrx_word' id='word_1_740' title='bbox 831 5773 992 5846; x_wconf 89' lang='lat' dir='ltr'>quod</span> <span class='ocrx_word' id='word_1_741' title='bbox 1021 5773 1184 5829; x_wconf 89' lang='lat' dir='ltr'>illius</span> <span class='ocrx_word' id='word_1_742' title='bbox 1215 5772 1391 5828; x_wconf 88' lang='lat' dir='ltr'>etiam</span> <span class='ocrx_word' id='word_1_743' title='bbox 1415 5773 1613 5828; x_wconf 66' lang='lat' dir='ltr'>saeculi</span> <span class='ocrx_word' id='word_1_744' title='bbox 1635 5774 1818 5831; x_wconf 84' lang='lat' dir='ltr'>fuisse</span> 
     </span>
    </p>
   </div>
   <div class='ocr_carea' id='block_1_108' title="bbox 466 5891 1025 5962">
    <p class='ocr_par' dir='ltr' id='par_1_108' title="bbox 466 5891 1025 5962">
     <span class='ocr_line' id='line_1_108' title="bbox 466 5891 1025 5962; baseline -0.013 0"><span class='ocrx_word' id='word_1_745' title='bbox 466 5900 745 5962; x_wconf 70' lang='grc' dir='ltr'>Ρλτιοι.</span> <span class='ocrx_word' id='word_1_746' title='bbox 792 5892 906 5955; x_wconf 70' lang='grc' dir='ltr'>αι.</span> <span class='ocrx_word' id='word_1_747' title='bbox 949 5891 1025 5955; x_wconf 76' lang='grc' dir='ltr'>ν.</span> 
     </span>
    </p>
   </div>
   <div class='ocr_carea' id='block_1_109' title="bbox 1911 4789 3552 4862">
    <p class='ocr_par' dir='ltr' id='par_1_109' title="bbox 1911 4789 3552 4862">
     <span class='ocr_line' id='line_1_109' title="bbox 1911 4789 3552 4862; baseline 0 -16"><span class='ocrx_word' id='word_1_748' title='bbox 1911 4790 2316 4862; x_wconf 87' lang='lat' dir='ltr'>thopolitanus</span> <span class='ocrx_word' id='word_1_749' title='bbox 2348 4789 2574 4845; x_wconf 89' lang='lat' dir='ltr'>scholia</span> <span class='ocrx_word' id='word_1_750' title='bbox 2602 4790 2664 4846; x_wconf 89' lang='lat' dir='ltr'>in</span> <span class='ocrx_word' id='word_1_751' title='bbox 2696 4790 2881 4845; x_wconf 89' lang='lat' dir='ltr'>libros</span> <span class='ocrx_word' id='word_1_752' title='bbox 2904 4792 3166 4861; x_wconf 89' lang='lat' dir='ltr'>Dionysii</span> <span class='ocrx_word' id='word_1_753' title='bbox 3200 4793 3453 4862; x_wconf 75' lang='lat' dir='ltr'>scripsit,</span> <span class='ocrx_word' id='word_1_754' title='bbox 3481 4792 3552 4846; x_wconf 88' lang='lat' dir='ltr'>de</span> 
     </span>
    </p>
   </div>
   <div class='ocr_carea' id='block_1_110' title="bbox 1914 4879 3553 4954">
    <p class='ocr_par' dir='ltr' id='par_1_110' title="bbox 1914 4879 3553 4954">
     <span class='ocr_line' id='line_1_110' title="bbox 1914 4879 3553 4954; baseline -0.001 -16"><span class='ocrx_word' id='word_1_755' title='bbox 1914 4898 2030 4954; x_wconf 89' lang='lat' dir='ltr'>quo</span> <span class='ocrx_word' id='word_1_756' title='bbox 2062 4881 2188 4936; x_wconf 79' lang='lat' dir='ltr'>hmc</span> <span class='ocrx_word' id='word_1_757' title='bbox 2217 4879 2397 4935; x_wconf 89' lang='lat' dir='ltr'>habet</span> <span class='ocrx_word' id='word_1_758' title='bbox 2426 4881 2793 4950; x_wconf 90' lang='lat' dir='ltr'>Sophronius</span> <span class='ocrx_word' id='word_1_759' title='bbox 2843 4882 3409 4952; x_wconf 85' lang='lat' dir='ltr'>Hicrosolymitanus</span> <span class='ocrx_word' id='word_1_760' title='bbox 3442 4899 3553 4953; x_wconf 90' lang='lat' dir='ltr'>pa-</span> 
     </span>
    </p>
   </div>
   <div class='ocr_carea' id='block_1_111' title="bbox 1918 4967 3557 5041">
    <p class='ocr_par' dir='ltr' id='par_1_111' title="bbox 1918 4967 3557 5041">
     <span class='ocr_line' id='line_1_111' title="bbox 1918 4967 3557 5041; baseline -0.002 -15"><span class='ocrx_word' id='word_1_761' title='bbox 1918 4971 2200 5033; x_wconf 77' lang='lat' dir='ltr'>triarcha.</span> <span class='ocrx_word' id='word_1_762' title='bbox 2228 4970 2385 5041; x_wconf 87' lang='lat' dir='ltr'>apud</span> <span class='ocrx_word' id='word_1_763' title='bbox 2410 4970 2688 5025; x_wconf 85' lang='lat' dir='ltr'>Photium</span> <span class='ocrx_word' id='word_1_764' title='bbox 2722 4971 2921 5025; x_wconf 91' lang='lat' dir='ltr'>codice</span> <span class='ocrx_word' id='word_1_765' title='bbox 2972 4972 3069 5024; x_wconf 78' lang='lat'>231</span> <span class='ocrx_word' id='word_1_766' title='bbox 3110 4988 3123 5026; x_wconf 93' lang='lat'><strong>:</strong></span> <span class='ocrx_word' id='word_1_767' title='bbox 3158 4969 3405 5038; x_wconf 65' lang='grc' dir='ltr'>Ἰωάννης</span> <span class='ocrx_word' id='word_1_768' title='bbox 3447 4971 3474 5023; x_wconf 89' lang='grc' dir='ltr'>ὁ</span> <span class='ocrx_word' id='word_1_769' title='bbox 3503 4967 3557 5022; x_wconf 83' lang='grc' dir='ltr'>ἐν</span> 
     </span>
    </p>
   </div>
   <div class='ocr_carea' id='block_1_112' title="bbox 1916 5056 3555 5135">
    <p class='ocr_par' dir='ltr' id='par_1_112' title="bbox 1916 5056 3555 5135">
     <span class='ocr_line' id='line_1_112' title="bbox 1916 5056 3555 5135; baseline -0.001 -21"><span class='ocrx_word' id='word_1_770' title='bbox 1916 5059 2098 5135; x_wconf 81' lang='grc' dir='ltr'>ἁγίοις</span> <span class='ocrx_word' id='word_1_771' title='bbox 2154 5057 2487 5118; x_wconf 81' lang='grc' dir='ltr'>Ἐπίσκοπος</span> <span class='ocrx_word' id='word_1_772' title='bbox 2537 5057 2955 5129; x_wconf 72' lang='grc' dir='ltr'>Σκυθοπόλεως,</span> <span class='ocrx_word' id='word_1_773' title='bbox 2990 5056 3048 5120; x_wconf 83' lang='grc' dir='ltr'>ὅς</span> <span class='ocrx_word' id='word_1_774' title='bbox 3086 5059 3176 5114; x_wconf 81' lang='grc' dir='ltr'>καὶ</span> <span class='ocrx_word' id='word_1_775' title='bbox 3214 5059 3348 5133; x_wconf 72' lang='grc' dir='ltr'>ὑπὲρ</span> <span class='ocrx_word' id='word_1_776' title='bbox 3376 5066 3475 5127; x_wconf 76' lang='grc' dir='ltr'>τῆς</span> <span class='ocrx_word' id='word_1_777' title='bbox 3503 5057 3555 5113; x_wconf 83' lang='grc' dir='ltr'>ἐν</span> 
     </span>
    </p>
   </div>
   <div class='ocr_carea' id='block_1_113' title="bbox 1920 5145 3563 5228">
    <p class='ocr_par' dir='ltr' id='par_1_113' title="bbox 1920 5145 3563 5228">
     <span class='ocr_line' id='line_1_113' title="bbox 1920 5145 3563 5228; baseline -0.001 -23"><span class='ocrx_word' id='word_1_778' title='bbox 1920 5145 2249 5217; x_wconf 53' lang='lat' dir='ltr'>Kak/madv;</span> <span class='ocrx_word' id='word_1_779' title='bbox 2280 5147 2503 5202; x_wconf 76' lang='grc' dir='ltr'>συνόδου</span> <span class='ocrx_word' id='word_1_780' title='bbox 2528 5152 2707 5224; x_wconf 67' lang='grc' dir='ltr'>σοφῶς</span> <span class='ocrx_word' id='word_1_781' title='bbox 2727 5170 2783 5203; x_wconf 86' lang='grc' dir='ltr'>τε</span> <span class='ocrx_word' id='word_1_782' title='bbox 2803 5150 2892 5203; x_wconf 81' lang='grc' dir='ltr'>καὶ</span> <span class='ocrx_word' id='word_1_783' title='bbox 2922 5150 3228 5228; x_wconf 63' lang='grc' dir='ltr'>Θεοφρόνως</span> <span class='ocrx_word' id='word_1_784' title='bbox 3243 5148 3563 5219; x_wconf 66' lang='grc' dir='ltr'>ἐσπούδασε,</span> 
     </span>
    </p>
   </div>
   <div class='ocr_carea' id='block_1_114' title="bbox 1921 5239 3561 5312">
    <p class='ocr_par' dir='ltr' id='par_1_114' title="bbox 1921 5239 3561 5312">
     <span class='ocr_line' id='line_1_114' title="bbox 1921 5239 3561 5312; baseline 0.001 -19"><span class='ocrx_word' id='word_1_785' title='bbox 1921 5263 1950 5293; x_wconf 93' lang='grc'>‹‹</span> <span class='ocrx_word' id='word_1_786' title='bbox 1986 5242 2041 5297; x_wconf 92' lang='lat' dir='ltr'>S.</span> <span class='ocrx_word' id='word_1_787' title='bbox 2075 5242 2331 5295; x_wconf 81' lang='lat' dir='ltr'>Joannes</span> <span class='ocrx_word' id='word_1_788' title='bbox 2362 5239 2881 5309; x_wconf 79' lang='lat' dir='ltr'>Scythopolitanus</span> <span class='ocrx_word' id='word_1_789' title='bbox 2912 5241 3162 5295; x_wconf 80' lang='lat' dir='ltr'>antistes</span> <span class='ocrx_word' id='word_1_790' title='bbox 3190 5242 3290 5312; x_wconf 85' lang='lat' dir='ltr'>qui</span> <span class='ocrx_word' id='word_1_791' title='bbox 3325 5242 3561 5312; x_wconf 85' lang='lat' dir='ltr'>sapien-</span> 
     </span>
    </p>
   </div>
   <div class='ocr_carea' id='block_1_115' title="bbox 1919 5327 3565 5400">
    <p class='ocr_par' dir='ltr' id='par_1_115' title="bbox 1919 5327 3565 5400">
     <span class='ocr_line' id='line_1_115' title="bbox 1919 5327 3565 5400; baseline -0.003 -14"><span class='ocrx_word' id='word_1_792' title='bbox 1919 5336 2011 5386; x_wconf 82' lang='lat' dir='ltr'>ter</span> <span class='ocrx_word' id='word_1_793' title='bbox 2069 5334 2128 5383; x_wconf 73' lang='lat' dir='ltr'>et</span> <span class='ocrx_word' id='word_1_794' title='bbox 2184 5328 2278 5398; x_wconf 84' lang='lat' dir='ltr'>pic</span> <span class='ocrx_word' id='word_1_795' title='bbox 2320 5343 2424 5397; x_wconf 87' lang='lat' dir='ltr'>pro</span> <span class='ocrx_word' id='word_1_796' title='bbox 2458 5327 2681 5396; x_wconf 82' lang='lat' dir='ltr'>synodo</span> <span class='ocrx_word' id='word_1_797' title='bbox 2715 5329 3179 5383; x_wconf 54' lang='lat' dir='ltr'>Chalcedmtcnsi</span> <span class='ocrx_word' id='word_1_798' title='bbox 3257 5329 3565 5400; x_wconf 79' lang='lat' dir='ltr'>scripsit.»</span> 
     </span>
    </p>
   </div>
   <div class='ocr_carea' id='block_1_116' title="bbox 1922 5414 3564 5485">
    <p class='ocr_par' dir='ltr' id='par_1_116' title="bbox 1922 5414 3564 5485">
     <span class='ocr_line' id='line_1_116' title="bbox 1922 5414 3564 5485; baseline -0.002 -11"><span class='ocrx_word' id='word_1_799' title='bbox 1922 5422 2141 5474; x_wconf 89' lang='lat' dir='ltr'>Contra</span> <span class='ocrx_word' id='word_1_800' title='bbox 2171 5417 2328 5471; x_wconf 91' lang='lat' dir='ltr'>hunc</span> <span class='ocrx_word' id='word_1_801' title='bbox 2360 5415 2599 5485; x_wconf 76' lang='lat' dir='ltr'>scripsit</span> <span class='ocrx_word' id='word_1_802' title='bbox 2631 5417 2883 5470; x_wconf 77' lang='lat' dir='ltr'>Basilius</span> <span class='ocrx_word' id='word_1_803' title='bbox 2940 5419 3108 5473; x_wconf 77' lang='lat' dir='ltr'>Cilix.</span> <span class='ocrx_word' id='word_1_804' title='bbox 3156 5422 3253 5473; x_wconf 83' lang='grc' dir='ltr'>Ἦν</span> <span class='ocrx_word' id='word_1_805' title='bbox 3317 5414 3372 5471; x_wconf 76' lang='grc' dir='ltr'>δὲ</span> <span class='ocrx_word' id='word_1_806' title='bbox 3404 5417 3564 5478; x_wconf 73' lang='grc' dir='ltr'>οὗτος</span> 
     </span>
    </p>
   </div>
   <div class='ocr_carea' id='block_1_117' title="bbox 1925 5499 3571 5580">
    <p class='ocr_par' dir='ltr' id='par_1_117' title="bbox 1925 5499 3571 5580">
     <span class='ocr_line' id='line_1_117' title="bbox 1925 5499 3571 5580; baseline 0.001 -20"><span class='ocrx_word' id='word_1_807' title='bbox 1925 5509 1953 5563; x_wconf 86' lang='grc' dir='ltr'><strong>ὁ</strong></span> <span class='ocrx_word' id='word_1_808' title='bbox 1989 5504 2277 5567; x_wconf 83' lang='grc' dir='ltr'>Βασίλειος</span> <span class='ocrx_word' id='word_1_809' title='bbox 2308 5499 2694 5578; x_wconf 63' lang='grc' dir='ltr'>πρεσϐύτερος,</span> <span class='ocrx_word' id='word_1_810' title='bbox 2729 5505 2803 5565; x_wconf 80' lang='grc' dir='ltr'>ὡς</span> <span class='ocrx_word' id='word_1_811' title='bbox 2870 5505 3034 5565; x_wconf 75' lang='grc' dir='ltr'>αὐτός</span> <span class='ocrx_word' id='word_1_812' title='bbox 3092 5527 3248 5580; x_wconf 73' lang='grc' dir='ltr'>φησι,</span> <span class='ocrx_word' id='word_1_813' title='bbox 3305 5514 3403 5574; x_wconf 72' lang='grc' dir='ltr'>τῆς</span> <span class='ocrx_word' id='word_1_814' title='bbox 3452 5508 3571 5562; x_wconf 84' lang='grc' dir='ltr'>κατ’</span> 
     </span>
    </p>
   </div>
   <div class='ocr_carea' id='block_1_118' title="bbox 1928 5591 3575 5671">
    <p class='ocr_par' dir='ltr' id='par_1_118' title="bbox 1928 5591 3575 5671">
     <span class='ocr_line' id='line_1_118' title="bbox 1928 5591 3575 5671; baseline 0 -19"><span class='ocrx_word' id='word_1_815' title='bbox 1928 5597 2267 5671; x_wconf 73' lang='grc' dir='ltr'>Ἀντιόχειαν</span> <span class='ocrx_word' id='word_1_816' title='bbox 2329 5591 2683 5665; x_wconf 72' lang='grc' dir='ltr'>Ἐκκλησίας,</span> <span class='ocrx_word' id='word_1_817' title='bbox 2741 5593 3223 5669; x_wconf 61' lang='grc' dir='ltr'>ἀρχιερατεῦοντος</span> <span class='ocrx_word' id='word_1_818' title='bbox 3287 5597 3379 5670; x_wconf 71' lang='grc' dir='ltr'>μὲν</span> <span class='ocrx_word' id='word_1_819' title='bbox 3466 5601 3575 5652; x_wconf 80' lang='grc' dir='ltr'>τῶν</span> 
     </span>
    </p>
   </div>
   <div class='ocr_carea' id='block_1_119' title="bbox 1925 5683 3574 5762">
    <p class='ocr_par' dir='ltr' id='par_1_119' title="bbox 1925 5683 3574 5762">
     <span class='ocr_line' id='line_1_119' title="bbox 1925 5683 3574 5762; baseline -0.002 -18"><span class='ocrx_word' id='word_1_820' title='bbox 1925 5684 2099 5744; x_wconf 79' lang='grc' dir='ltr'>ἐκεῖσε</span> <span class='ocrx_word' id='word_1_821' title='bbox 2130 5683 2471 5757; x_wconf 66' lang='grc' dir='ltr'>Φλαϐιανοτὸ,</span> <span class='ocrx_word' id='word_1_822' title='bbox 2524 5686 2813 5762; x_wconf 84' lang='grc' dir='ltr'>Ῥωμαίων</span> <span class='ocrx_word' id='word_1_823' title='bbox 2871 5685 2929 5742; x_wconf 74' lang='grc' dir='ltr'>δὲ</span> <span class='ocrx_word' id='word_1_824' title='bbox 2986 5688 3342 5745; x_wconf 72' lang='grc' dir='ltr'>Ἀναστασίο.)</span> <span class='ocrx_word' id='word_1_825' title='bbox 3414 5686 3574 5758; x_wconf 83' lang='grc' dir='ltr'>βασι-</span> 
     </span>
    </p>
   </div>
   <div class='ocr_carea' id='block_1_120' title="bbox 1928 5774 3579 5853">
    <p class='ocr_par' dir='ltr' id='par_1_120' title="bbox 1928 5774 3579 5853">
     <span class='ocr_line' id='line_1_120' title="bbox 1928 5774 3579 5853; baseline 0 -20"><span class='ocrx_word' id='word_1_826' title='bbox 1928 5774 2197 5842; x_wconf 80' lang='grc' dir='ltr'>λεύοντος·</span> <span class='ocrx_word' id='word_1_827' title='bbox 2234 5801 2262 5831; x_wconf 87' lang='grc'>‹‹</span> <span class='ocrx_word' id='word_1_828' title='bbox 2291 5780 2424 5836; x_wconf 86' lang='lat' dir='ltr'>Fuit</span> <span class='ocrx_word' id='word_1_829' title='bbox 2446 5783 2645 5836; x_wconf 88' lang='lat' dir='ltr'>autem</span> <span class='ocrx_word' id='word_1_830' title='bbox 2690 5780 2786 5836; x_wconf 90' lang='lat' dir='ltr'>hic</span> <span class='ocrx_word' id='word_1_831' title='bbox 2834 5780 3087 5837; x_wconf 88' lang='lat' dir='ltr'>Basilius</span> <span class='ocrx_word' id='word_1_832' title='bbox 3134 5779 3472 5853; x_wconf 83' lang='lat' dir='ltr'>presbyter,</span> <span class='ocrx_word' id='word_1_833' title='bbox 3514 5781 3579 5833; x_wconf 87' lang='lat' dir='ltr'>ut</span> 
     </span>
    </p>
   </div>
   <div class='ocr_carea' id='block_1_121' title="bbox 3224 5896 3262 5955">
    <p class='ocr_par' dir='ltr' id='par_1_121' title="bbox 3224 5896 3262 5955">
     <span class='ocr_line' id='line_1_121' title="bbox 3224 5896 3262 5955; baseline 0 -2"><span class='ocrx_word' id='word_1_834' title='bbox 3224 5896 3262 5955; x_wconf 85' lang='lat'><strong>7</strong></span> 
     </span>
    </p>
   </div>
  </div>
