3974 6296
450 340 572 406 103

1506 341 1571 403 S.
1616 336 2026 402 IGNATIUS.
2072 365 2152 380 —-
2190 327 2801 392 PBOLEGOMENA.

3741 326 3857 389 204

452 480 583 554 ipse
612 476 715 547 ait,
738 475 1127 535 Antiocheno
1155 474 1459 544 Ecclesiae,
1490 491 1608 547 quo
1662 478 1930 545 tempore
1968 468 2104 527 Fla-
2132 469 2187 538 Α
2217 465 2654 521 Alexandrinum
2708 464 3034 554 rhetorum,
3066 466 3131 517 ut
3180 457 3516 554 Anastasius
3544 465 3598 516 et
3626 460 3850 554 ςέΙιοηίαι

452 569 661 625 vianus
694 567 776 622 ibi
809 571 935 622 erat
954 565 1292 639 patriarcha
1313 563 1734 620 etAnastasius
1765 565 1965 619 Roma
1986 561 2103 616 im-

453 662 751 730 perator,»
781 661 848 710 ut
876 655 1056 711 refert
1078 654 1322 710 Photius
1349 652 1552 709 codice
1585 650 1959 722 107.Scripsit
1988 650 2102 706 ita-

454 763 568 817 que
595 745 846 801 Basilius
894 744 997 801 ille
1029 744 1312 800 adversus
1340 744 1631 798 Joannem
1654 739 2096 813 Scythopolita-

453 852 600 892 num
621 841 757 891 ante
784 850 1008 891 annum
1030 833 1269 906 imperii
1290 830 1667 889 Anastasiani
1696 833 1786 899 2t,
1811 846 1928 900 quo
1940 845 2100 886 anno

452 924 764 981 Flavianus
794 923 1070 979 exsilium
1117 939 1331 994 passus
1380 926 1490 989 est,
1525 924 1675 978 teste
1716 919 2097 990 Theophane.

455 1016 556 1071 Vel
576 1015 755 1087 igitur
783 1019 921 1070 ante
945 1019 1179 1070 sextum
1202 1010 1603 1077 saeculum,vel
1620 1027 1688 1066 eo
1705 1008 1832 1080 jam
1854 1008 2100 1065 ineunte

454 1105 691 1176 scripsit
715 1105 973 1160 Joannes
1004 1101 1545 1175 Scythopolitanus.
1569 1099 1678 1164 Qui
1704 1104 1904 1154 autem
1926 1097 2065 1153 scho
2085 1128 2100 1143 -

451 1192 535 1249 lia
562 1194 624 1248 in
655 1198 960 1248 auctorem
993 1192 1282 1256 scribunt,
1341 1206 1481 1245 eum
1535 1206 1643 1261 pro
1690 1187 1873 1243 veteri
1903 1186 2100 1259 aliquo

452 1283 803 1353 habent,diu
831 1284 1033 1356 itaque
1066 1288 1202 1339 ante
1225 1286 1457 1337 sextum
1488 1278 1769 1337 saeculum
1798 1278 1937 1335 libri
1959 1278 2102 1334 Dio-

452 1373 608 1445 nysii
639 1372 781 1426 editi
810 1375 970 1427 sunt.

524 1461 810 1516 Maximus
840 1460 1019 1516 etiam
1044 1459 1273 1515 indicat
1300 1457 1500 1530 plures
1529 1462 1666 1514 ante
1698 1473 1761 1513 se
1789 1456 1851 1512 in
1880 1456 2099 1528 Diony-

457 1550 613 1606 sium
645 1549 1108 1605 commentarios
1150 1548 1483 1620 scripsisse,
1515 1564 1583 1603 ac
1604 1547 1778 1602 variis
1805 1546 2103 1617 interpre-

450 1638 776 1694 tationibus
798 1637 1133 1693 illustrasse
1158 1655 1173 1704 ;
1209 1642 1273 1692 ut
1302 1636 1377 1692 ad
1408 1641 1583 1709 caput
1609 1635 1993 1691 undecimum
2024 1633 2095 1688 li-

448 1726 541 1783 bri
572 1729 645 1782 De
674 1728 882 1782 Divinis
906 1726 1221 1781 nominibus
1241 1743 1260 1781 .'
1290 1723 1470 1793 ’Όλην
1505 1723 1739 1793 ἑνότητα
1770 1723 1822 1776 οἱ
1849 1722 1945 1794 μὲν
1969 1718 2097 1776 ἔλα-

2212 567 2308 627 tes,
2341 557 2455 620 sed,
2489 571 2772 628 magnum
2805 553 3149 626 Dionysium
3180 551 3351 607 illum
3382 550 3752 606 Alexandria)
3779 568 3848 610 ex

2215 645 2556 705 rhetoribus
2577 645 2923 718 episcopum
2945 642 3153 699 dixisse
3175 657 3312 697 eum
3333 639 3476 697 vult.
3510 640 3612 696 His
3633 639 3857 712 probris

2211 743 2388 810 atque
2402 734 2764 803 convitiis,ut
2779 730 3405 801 solet,sanctissimum
3427 728 3859 785 doctissimum-

2213 844 2336 900 que
2354 826 2673 883 Maximum
2694 824 2939 893 lacerat,
2971 822 3288 879 Maximum
3311 820 3502 889 illum,
3532 837 3708 893 quem
3742 842 3769 870 ‹‹
3799 821 3859 876 in

2206 932 2424 990 magna
2454 915 2640 971 fuisse
2667 912 2823 986 apud
2847 911 3173 968 catholicos
3191 909 3548 965 eruditionis
3572 915 3629 965 et
3650 910 3860 965 sancti-

2210 1006 2348 1062 tatis
2378 1004 2659 1079 Opinione
2678 1024 2707 1053 »
2731 1002 2858 1074 ipse
2909 1000 3216 1057 confessus
3240 1003 3328 1054 est
3356 1015 3367 1052 :
3423 997 3629 1071 Ἐχρῆν
3658 997 3747 1052 οὗν
3776 997 3863 1051 εὗ-

2213 1088 2401 1157 λαϐῶς
2435 1097 2552 1153 τοῖς
2589 1096 2698 1146 τῶν
2730 1089 2977 1165 πατέρων
3011 1087 3201 1149 πόνοις
3230 1084 3545 1165 προσέχειν·
3579 1084 3725 1142 ἀλλὰ
3784 1087 3860 1159 μὴ

2216 1183 2355 1258 πρὸς
2393 1175 2661 1249 διαϐολὴν
2694 1179 2810 1233 ἀντὶ
2840 1182 2937 1234 τοῦ
2996 1178 3367 1253 εὐγνωμονεῖν
3417 1176 3674 1250 ἑτοίμους
3702 1177 3862 1234 εἶναι.

2210 1297 2239 1326 ‹‹
2264 1275 2505 1346 Oportet
2517 1276 2716 1328 autem
2731 1273 2972 1326 Patrum
2991 1268 3298 1323 laboribus
3320 1273 3661 1322 reverenter
3681 1270 3867 1326 atten-

2215 1365 2579 1434 dere,neque
2598 1361 2673 1417 ad
2693 1358 3186 1417 calumniandum
3204 1358 3610 1431 potius,quam
3626 1358 3698 1413 ad
3714 1358 3867 1416 bene

2214 1454 2286 1510 de
2309 1452 2429 1508 illis
2448 1450 2832 1507 sentiendum
2857 1452 3167 1522 promptos
3190 1453 3450 1515 esse,»ut
3464 1448 3766 1519 sapienter
3784 1448 3872 1507 di-

2204 1543 2290 1598 xit
2306 1539 2586 1613 Eulogius
2608 1538 2951 1611 patriarcha
2970 1536 3510 1592 Alexandrinus.At
3532 1542 3689 1591 certe
3712 1536 3865 1592 Cho-

2202 1631 2425 1687 niatem
2447 1632 2781 1702 pervertere
2809 1627 3098 1684 Maximus
3124 1641 3249 1680 non
3275 1624 3487 1697 potuit,
3516 1625 3616 1696 qui
3645 1630 3729 1681 tot
3751 1643 3870 1681 sse-

2202 1722 2352 1779 culis
2380 1725 2513 1794 post
2535 1720 2737 1792 ipsum
2763 1717 2934 1783 vixit,
2968 1722 3027 1772 et
3055 1714 3447 1771 vetustiorum
3470 1713 3648 1770 verba
3664 1720 3864 1771 muta-

451 1809 546 1868 ϐον
571 1815 671 1883 τήν
703 1812 884 1882 ἁπλῆν
948 1813 1039 1867 καὶ
1091 1813 1269 1886 ἀμερῆ
1331 1816 1440 1868 τῶν
1483 1809 1652 1867 ὄντων
1702 1810 1902 1880 αΐτίαν,
1959 1810 2093 1885 πρὸς

2220 1812 2302 1866 rit.
2326 1813 2416 1867 An
2429 1808 2718 1865 astasium
2739 1804 3119 1863 vetustiorem
3138 1803 3266 1876 ipso
3284 1819 3405 1858 non
3420 1804 3720 1875 pervertit,
3754 1804 3863 1860 sed

450 1904 516 1972 ἤν
544 1903 610 1957 τὰ
636 1904 808 1957 πάντα
838 1902 1203 1977 ἀπέστραπται
1237 1902 1310 1963 ὡς
1345 1900 1396 1956 ἐν
1454 1901 1592 1975 αὐτῇ
1625 1900 2004 1972 συνιστάμεναο
2044 1901 2093 1954 οἱ

2220 1900 2337 1970 ajus
2369 1898 2551 1953 verba
2582 1895 2842 1952 fideliter
2862 1892 3289 1964 recitavit.lpse
3322 1891 3482 1947 enim
3509 1894 3863 1949 Anastasius

454 1989 529 2058 δὲ,
552 1994 651 2062 τὴν
684 1995 778 2047 τοῦ
808 1993 1007 2054 παντὸς
1037 1991 1300 2066 ἁρμονίαν
1333 1988 1385 2061 ἐξ
1444 1992 1747 2068 ὲτεροφυῶν
1807 1995 1915 2045 τῶν
1949 2010 2096 2045 στοι-

451 2081 619 2157 χείων
653 2081 1115 2157 συγκεκραμένην.
1138 2084 1245 2137 Per
1263 2086 1449 2137 totam
1479 2081 1770 2137 unitatem
1793 2103 1821 2132 «
1846 2079 1947 2136 alii
1967 2080 2100 2151 qui-

452 2172 587 2227 dem
613 2171 1035 2227 intellexerunt
1065 2171 1395 2242 simplicem
1427 2176 1486 2226 et
1513 2170 1875 2226 individuam
1896 2185 2099 2226 rerum

451 2277 715 2325 causam,
746 2260 821 2315 ad
852 2276 1030 2330 quam
1060 2260 1261 2315 omnia
1290 2275 1577 2315 conversa
1607 2264 1765 2329 sunt,
1797 2264 2001 2330 utpote
2034 2259 2095 2312 in

450 2346 582 2418 ipsa
610 2347 1035 2414 consistentia;
1082 2346 1181 2401 alii
1222 2362 1357 2401 vero
1412 2345 1785 2401 harmoniam
1837 2344 2099 2400 universi

452 2452 524 2491 ex
552 2434 863 2491 elementis
902 2434 1148 2490 diversas
1178 2440 1406 2490 natura;
1437 2434 1832 2490 commistam.
1865 2456 1894 2485 »
1935 2436 2007 2489 Et
2032 2434 2095 2489 in

452 2524 598 2596 ipsis
629 2523 863 2579 Maximi
891 2524 1339 2579 commentariis
1370 2524 1614 2580 diversas
1666 2540 1822 2595 saepe
1853 2523 2097 2596 exposi-

450 2614 641 2669 tiones
674 2618 829 2681 sunt,
864 2629 899 2668 a
928 2612 1175 2669 diversis
1235 2613 1364 2668 sine
1398 2612 1575 2669 dubio
1608 2613 1942 2668 scholiastis
1974 2613 2097 2684 pri-

452 2719 619 2758 mum
649 2702 930 2774 profectae
964 2717 977 2768 ;
1010 2702 1166 2757 inter
1185 2702 1294 2757 hos
1316 2708 1515 2757 autem
1538 2703 1730 2757 varios
1750 2701 2096 2759 scholiastas

451 2808 637 2847 unum
656 2791 954 2863 praecipue
978 2791 1222 2847 honoris
1237 2807 1415 2847 causa
1432 2792 1855 2859 nominat,sine
1869 2797 2099 2847 contro-

451 2880 645 2937 versia
663 2886 982 2951 vetustum,
1019 2881 1093 2937 ad
1124 2888 1301 2953 caput
1357 2884 1631 2954 quintum
1681 2882 1915 2938 Caelestis
1945 2882 2094 2937 hier-

451 2969 696 3025 archiz:
734 2968 796 3025 Ὀ
822 2972 951 3044 γοῦν
1008 2966 1172 3044 μέγας
1241 2969 1543 3036 Διονύσιος,
1601 2968 1629 3022 ό
1690 2966 2096 3042 Ἀλεξανδρείας

452 3055 806 3125 Ἐπίσκοπος,
840 3057 868 3112 ὁ
899 3057 1004 3112 ἀπὸ
1047 3057 1320 3132 ρητόρων,
1350 3057 1402 3112 ἐν
1449 3062 1567 3113 τοῖς
1598 3054 1857 3132 σχολίοις
1887 3058 1969 3120 οἷς
2000 3078 2094 3112 πε-

449 3145 676 3216 ποίηκεν
724 3145 801 3209 εἷς
854 3145 945 3200 τὸν
1002 3145 1267 3220 μακάριον
1327 3147 1603 3201 Διονύσιον
1631 3147 1721 3201 τὸν
1760 3146 2090 3219 συνώνυμον,

451 3236 598 3290 οὕτω
628 3233 796 3311 λέγει.
831 3259 859 3289 (ι
888 3240 1126 3309 Magnus
1157 3238 1335 3309 igitur
1356 3238 1689 3309 Dionysius,
1723 3238 2088 3293 Alexandrina

452 3326 785 3396 episcopus,
809 3342 839 3380 e
872 3324 1230 3391 rhetoribus,
1255 3326 1316 3380 in
1347 3328 1588 3382 scholiis
1615 3345 1745 3399 qum
1768 3329 1829 3382 in
1850 3328 2088 3383 beatum

452 3414 797 3483 Dionysium
830 3413 941 3468 sibi
1002 3415 1413 3484 cognominem
1447 3416 1605 3483 fecit,
1654 3417 1737 3472 ita
1766 3417 1925 3472 dicit.
1961 3440 1989 3467 ››
2022 3419 2092 3472 Et

449 3504 708 3559 Joannes
737 3504 1192 3573 Cyparissiotus,
1224 3504 1445 3561 decade
1470 3507 1520 3573 i,
1550 3523 1676 3578 cap.
1714 3511 1763 3574 1,
1804 3523 1936 3562 cum
1960 3524 2089 3562 sen-

450 3592 699 3647 tentiam
731 3591 1152 3662 Dionysianam
1212 3609 1282 3647 ex
1328 3594 1578 3665 epistola
1633 3595 1706 3649 ad
1760 3596 1956 3651 Titum
1988 3596 2087 3651 ad-

451 3680 736 3748 duxisset,
770 3680 969 3736 addit:
1003 3683 1173 3736 «Hoc
1195 3683 1418 3738 dictum
1444 3685 1495 3738 S.
1530 3685 1835 3750 Maximus,
1869 3690 1926 3738 et
1957 3686 2087 3740 Dio-

450 3770 655 3840 nysius
667 3770 1603 3829 Alexandrinusadnotarunt.»Et
1615 3791 1748 3829 cum
1767 3775 1946 3830 aliam
1960 3791 2091 3830 seno

450 3859 695 3915 tentiam
726 3877 796 3915 ex
828 3860 1035 3915 eadem
1067 3861 1337 3932 epistola,
1366 3862 1583 3918 decade
1610 3864 1668 3926 2,
1692 3880 1821 3936 cap.
1854 3863 2092 3931 2,citas-

450 3953 574 4005 set:
597 3948 759 4004 Alter
794 3966 941 4018 vero,
975 3950 1190 4021 inquit,
1225 3950 1588 4022 «Dionysius
1609 3952 1734 4007 hazc
1757 3952 2090 4007 edisserens

448 4038 551 4106 ait,
584 4054 684 4093 eos
705 4039 806 4109 qui
825 4043 1091 4111 apertam
1114 4039 1472 4113 theologiam
1495 4046 1554 4096 et
1569 4041 1713 4097 velis
1734 4040 1955 4097 nudam
1984 4057 2092 4096 au-

447 4127 720 4195 dierunt;
746 4134 916 4200 typos
947 4129 1303 4201 cogitatione
1333 4147 1440 4187 sua
1459 4131 1737 4199 formare,
1773 4132 1870 4201 qui
1904 4131 1978 4186 ad
2000 4132 2094 4185 in-

448 4217 840 4288 telligentiam
865 4218 1163 4274 auditores
1186 4218 1691 4291 adjuvent.»Unde
1707 4221 1850 4276 satis
1863 4226 2091 4276 certum

450 4305 910 4376 est,Dionysium
931 4306 1397 4364 Alexandrinum
1425 4310 1487 4363 in
1504 4310 1914 4381 Areopagitam
1930 4310 2094 4366 scho-

448 4393 531 4449 lia
554 4395 1085 4466 scripsisse,nonin
1099 4397 1541 4453 Corinthiorum
1563 4399 2092 4470 episcopum,quod

449 4489 570 4539 tam
615 4484 851 4541 inﬂecte
905 4492 1338 4544 commentatus
1398 4494 1487 4542 est
1544 4488 1886 4543 Halloixius.
1925 4493 2089 4546 Hunc

2122 3191 2173 3260 C

2204 1988 2557 2060 Dionysium
2579 1985 2751 2041 illum
2781 1999 2903 2040 non
2951 1981 3285 2053 simpliciter
3317 1982 3637 2055 Dionysium
3665 1981 3862 2037 rheto-

2203 2094 2317 2134 rem
2342 2077 2813 2142 Alexandrinum,
2833 2078 2900 2128 ut
2926 2071 3076 2127 falso
3098 2070 3274 2127 docet
3301 2070 3581 2140 Dalleeus,
3614 2071 3720 2127 sed
3753 2089 3872 2129 ma-

2203 2183 2374 2239 gnum
2399 2167 2719 2237 Dionysium
2741 2161 3190 2219 Alexandrinum
3211 2177 3282 2216 ex
3301 2160 3612 2217 rhetoribus
3639 2164 3864 2232 episco-

2196 2273 2332 2329 pum
2373 2253 2715 2327 appellavit.
2737 2251 2929 2307 Verba
2959 2251 3087 2323 ejus
3120 2254 3260 2306 sunt
3288 2250 3351 2305 in
3382 2266 3560 2321 opere
3582 2250 3739 2321 quod
3772 2251 3872 2306 in-

2204 2345 2487 2401 scribitur
2508 2338 2764 2415 Ὀδηγός’
2798 2340 2860 2396 Ὀ
2891 2342 3024 2414 γοῦν
3061 2337 3226 2412 μέγας
3257 2336 3560 2408 Διονύσιος,
3593 2338 3622 2392 ὁ
3683 2337 3877 2413 Ἀλεξ-

2202 2431 2451 2506 ανδρείας
2504 2429 2859 2497 Ἐπίσκοπος,
2892 2427 2921 2482 ὁ
2959 2427 3066 2482 ἀπὸ
3117 2427 3388 2503 ῥητόρων,
3447 2426 3499 2481 ἐν
3555 2431 3672 2489 τοῖς
3723 2428 3874 2483 σχο-

2203 2524 2347 2588 λίοις
2405 2525 2487 2584 οἷς
2553 2526 2853 2592 πεποῖηκεν
2918 2521 2995 2583 εὶς
3051 2519 3144 2576 τὸν
3207 2519 3477 2593 μακάριον
3539 2519 3865 2594 συνώνυμον

2204 2613 2371 2669 αὐτοῦ
2403 2609 2708 2683 Διονύσιον,
2741 2610 2886 2665 οὕτω
2934 2608 3104 2686 λέγει.
3140 2611 3274 2665 Ηωο
3308 2609 3654 2666 fidelissime
3689 2615 3869 2667 tran-

2204 2703 2441 2776 scripsit
2466 2702 2780 2772 Maximus,
2813 2717 2888 2756 ne
2919 2700 3163 2756 verbulo
3198 2699 3440 2771 quidem
3498 2699 3720 2768 addito,
3757 2708 3871 2758 aut

2204 2794 2600 2861 detracto,aut
2622 2791 2934 2846 immutato
2965 2807 2979 2858 ;
3003 2794 3069 2844 ut
3085 2806 3157 2844 ex
3187 2794 3443 2860 utroque
3473 2788 3603 2844 loco
3626 2805 3661 2844 a
3680 2789 3868 2847 nobis

2204 2881 2463 2939 fideliter
2494 2898 2565 2936 ex
2595 2880 2741 2952 ipsis
2773 2878 3115 2935 auctoribus
3138 2878 3456 2950 descripto,
3489 2877 3721 2949 liquido
3754 2895 3869 2952 ap-

2203 2977 2391 3044 paret.
2428 2971 2589 3027 Unde
2618 2969 2797 3025 simul
2833 2975 2890 3024 et
2920 2968 3206 3024 Maximus
3238 2983 3273 3022 a
3299 2966 3616 3022 calumniis
3648 2967 3871 3025 Dalleei

2204 3061 2582 3127 liberatur,et
2601 3060 2917 3131 Dionysius
2942 3058 3292 3114 scholiastes
3310 3058 3873 3130 Areopagiticorum

2208 3152 2491 3208 adversus
2515 3150 2792 3206 Halloixii
2822 3150 3194 3221 conjecturas
3216 3147 3639 3204 ostenditur.Si
3672 3148 3875 3216 enim,

2202 3241 2399 3312 inquit
2418 3240 2572 3308 ille,«
2588 3240 3000 3311 Areopagitam
3024 3237 3735 3309 intellexisset,potius,ut
3750 3237 3881 3294 fert

2200 3331 2554 3402 scriptorum
2577 3345 2800 3384 consue
2815 3327 3070 3396 tudo,sic
3091 3327 3325 3382 locutus
3346 3327 3610 3396 fuisset,»
3623 3326 3683 3381 in
3698 3328 3875 3384 notis

2200 3436 2347 3491 quas
2380 3419 2622 3490 scripsit
2660 3419 2721 3472 in
2746 3419 2904 3473 hunc
2943 3419 3140 3489 ipsum
3173 3417 3518 3487 Dionysium
3546 3433 3561 3485 ;
3599 3437 3621 3467 α
3648 3417 3878 3486 agebat

2201 3508 2360 3565 enim
2377 3513 2503 3563 tum
2521 3508 2593 3563 de
2612 3507 2890 3578 Dionysio
2906 3507 3312 3579 Areopagita.»
3334 3509 3407 3560 At
3428 3506 3713 3560 Maximus
3732 3523 3873 3566 non

2199 3598 2321 3652 suis
2354 3597 2544 3651 verbis
2576 3596 2864 3667 loquitur,
2900 3594 3002 3651 sed
3054 3595 3266 3650 alienis
3319 3602 3376 3650 et
3434 3613 3503 3650 ex
3532 3598 3866 3653 Anastasio

2199 3684 2954 3757 transcriptis(Anastasius
2977 3691 3172 3739 autem
3193 3684 3265 3738 de
3283 3685 3560 3755 Dionysio
3584 3686 3864 3757 Areopa-

2198 3774 2319 3847 gita
2348 3790 2468 3829 non
2503 3774 2755 3846 agebat),
2796 3773 3047 3845 ideoque
3077 3774 3331 3828 Joannes
3389 3772 3861 3844 Cyparissiotus,

2200 3863 2327 3918 deo.
2358 3864 2411 3925 8,
2436 3879 2565 3934 cap.
2605 3866 2689 3930 iO,
2719 3863 3087 3935 Areopagitae
3143 3861 3339 3917 locum
3367 3862 3577 3929 citans,
3610 3860 3715 3916 ubi
3750 3879 3827 3918 vo
3850 3895 3869 3904 -

2200 3968 2328 4008 cem
2355 3947 2648 4024 ἀγέννητος
2696 3957 2967 4024 usurpat,
3002 3951 3260 4018 Maximi,
3292 3957 3358 4005 ut
3417 3951 3588 4018 solet,
3622 3953 3879 4023 exposi-

2200 4042 2424 4096 tionem
2459 4041 2822 4109 transcribit,
2857 4040 2963 4096 illa
2992 4057 3127 4096 vero
3152 4039 3412 4112 Dionysii
3461 4039 3875 4098 Alexandrini

2200 4149 2321 4187 non
2342 4148 2411 4187 ex
2442 4132 2715 4202 Maximo,
2751 4132 2855 4188 sed
2884 4148 2952 4187 ex
3005 4132 3178 4187 beato
3213 4131 3524 4187 Anastasio
3555 4132 3755 4187 affert.
3796 4133 3888 4188 Et.

2199 4221 2549 4278 Anastasius
2581 4222 2760 4293 igitur
2789 4227 2848 4277 et
2875 4222 3161 4277 Maximus
3185 4220 3884 4291 testantur,Dionysiurn

2202 4307 2520 4380 quemdam
2550 4307 2853 4363 rhetorem
2911 4307 3138 4363 scholia
3187 4307 3248 4362 in
3281 4306 3647 4380 Dionysium,
3682 4307 3882 4381 vulgo

2201 4397 2616 4469 Areopagitam
2648 4397 2896 4465 dictum,
2954 4397 3304 4468 scripsisse:
3360 4395 3537 4450 verba
3581 4393 3885 4466 ejusdem

2202 4486 2495 4542 nonnulla
2524 4504 2596 4542 ex
2627 4503 2694 4542 eo
2725 4488 2913 4543 citant
2941 4487 3075 4558 ipsi,
3108 4486 3282 4558 plura
3300 4488 3555 4542 Joannes
3586 4485 3887 4556 Cyparis-

448 4573 687 4642 quidem
745 4575 1114 4648 Dionysium,
1175 4593 1353 4648 quem
1411 4573 1471 4629 ἐκ
1527 4573 1772 4649 ρητόρων
1816 4577 2090 4651 indigitat
2121 4567 2165 4633 D
2198 4577 2415 4643 siotus;
2448 4576 2537 4630 illi
2570 4576 2749 4632 etiam
2771 4576 2945 4632 ambo
2977 4593 3112 4631 eum
3137 4576 3480 4647 episcopum
3508 4573 3890 4630 Alexandri-

448 4662 919 4732 Maximus,haud
949 4666 1127 4721 credo
1154 4666 1339 4720 fuisse
1373 4665 1839 4721 Alexandrinum
1862 4667 2093 4738 episco-
2201 4682 2346 4722 num
2377 4670 2589 4721 vocant
2618 4681 2630 4720 :
2666 4666 2790 4737 qui,
2824 4666 3090 4736 quamvis
3121 4665 3341 4720 nobilis
3392 4665 3494 4719 ille
3539 4663 3701 4717 tertii
3735 4681 3887 4720 saa-

444 4753 756 4823 pum,quia
785 4754 847 4808 in
879 4754 1043 4810 illius
1068 4754 1225 4809 sedis
1258 4754 1671 4825 episcoporum
1700 4755 1960 4812 indiculo
1984 4774 2092 4814 ne-
2200 4756 2318 4812 culi
2346 4755 2660 4826 episcopus
2717 4772 2844 4810 esse
2904 4772 3023 4811 non
3054 4754 3265 4827 potuit,
3330 4755 3445 4809 fuit
3471 4758 3678 4808 tamen
3712 4755 3892 4813 satis

440 4839 667 4897 minem
698 4848 835 4898 ante
867 4844 1187 4899 Maximum
1202 4842 1559 4913 reperioisto
1582 4844 1824 4899 nomine
1846 4845 2092 4918 insigni-

440 4931 587 4998 tum,
610 4935 829 5000 praater
858 4946 1046 4985 unum
1077 4929 1248 4985 illum
1275 4929 1433 4984 tertii
1466 4930 1692 5000 saeculi,
1724 4948 1902 5003 quem
1934 4934 2088 5005 opti-

437 5032 604 5073 mum
634 5024 932 5074 oratorem
955 5017 1199 5090 quidem
1219 5018 1401 5075 fuisse
1415 5021 1800 5091 agnosco,sed
1820 5022 1881 5077 in
1905 5025 2087 5079 Areo-

436 5106 851 5178 pagitica,quaa
882 5111 1023 5163 tunc
1051 5108 1336 5179 temporis
1348 5115 1577 5166 exstare
1602 5126 1723 5166 non
1743 5116 2084 5182 potuerunt,

439 5193 669 5250 scholia
699 5195 1006 5266 scripsisse
1063 5212 1184 5251 non
1240 5203 1402 5269 puto.
1459 5200 1573 5257 Nec
1634 5205 1831 5255 tamen
1884 5202 2085 5258 Dallaei

434 5281 612 5338 solita
640 5282 886 5340 libertas
916 5283 1013 5339 hic
1043 5284 1258 5356 placet,
1308 5288 1407 5357 qui
1465 5289 1780 5345 Maximum
1820 5291 2085 5348 volentem

433 5370 722 5440 deceptum
753 5388 884 5429 esse
906 5372 1069 5440 dicit,
1100 5389 1246 5431 caeco
1274 5376 1452 5432 animi
1478 5381 1568 5434 sui
1589 5380 1772 5435 studio
1788 5380 2082 5452 obsequen-

436 5463 578 5526 tem;
642 5460 743 5531 qui
791 5464 1091 5518 versutiam
1150 5465 1279 5536 ejus
1335 5473 1545 5537 notat;
1580 5469 1680 5539 qui
1723 5473 2083 5528 vetustiorum

428 5553 666 5604 mentem
681 5558 996 5618 pervertere
1053 5569 1188 5609 eum
1245 5557 1460 5612 asserit
1496 5574 1510 5624 ;
1541 5558 1641 5628 qui
1673 5574 1781 5628 quo
1808 5563 2080 5616 somnium

426 5651 585 5694 suum
615 5639 743 5697 aliis
794 5643 1173 5713 persuaderet,
1205 5660 1317 5701 non
1377 5647 1704 5716 simpliciter
1746 5644 2077 5719 Dionysium

2198 4851 2466 4903 vetustus
2514 4852 2740 4915 auctor,
2795 4854 2856 4902 et
2882 4847 3299 4918 antiquitatem
3331 4845 3599 4917 Dionysii
3647 4844 3888 4917 hujus,

2196 4936 2259 4991 in
2290 4952 2469 5009 quem
2505 4935 2731 4991 scholia
2760 4941 3046 5008 tanquam
3104 4937 3169 4991 in
3225 4940 3485 4992 veterem
3534 4938 3882 4994 auctorem

2198 5026 2458 5098 scripsit,
2494 5026 2636 5080 satis
2667 5026 3056 5083 demonstrat.

2266 5117 2565 5170 Prmterea
2592 5114 2805 5171 Suidas
2835 5115 2897 5170 in
2929 5115 3306 5173 collectaneis
3333 5130 3404 5169 ex
3428 5111 3609 5167 veteri
3638 5109 3883 5185 aliquo

2195 5203 2482 5277 scriptore
2532 5204 2659 5260 haec
2717 5204 2933 5262 tradit:
2969 5203 3163 5260 Ἰστέον
3226 5200 3283 5256 δὲ
3313 5199 3388 5262 ὥς
3420 5218 3561 5259 τινες
3606 5202 3716 5253 τῶν
3750 5195 3890 5271 ἔξω

2196 5295 2402 5371 σοφῶν,
2428 5292 2519 5346 καὶ
2575 5290 2811 5365 μάλιστα
2869 5292 3138 5369 Πρόκὶος,
3199 5293 3517 5366 θεωρήμασι
3567 5285 3896 5358 πολλάκις

2191 5382 2288 5436 τοῦ
2342 5380 2607 5456 μακαρίου
2665 5383 2947 5437 Διονυσίου
3013 5385 3306 5462 κέχρηται,
3360 5380 3449 5435 καὶ
3538 5374 3733 5439 αὐταῖς
3802 5376 3893 5438 Si

2197 5472 2389 5544 ξηραῖς
2416 5475 2535 5532 ταῖς
2566 5469 2737 5541 λέξεσι
2769 5490 2782 5527 :
2809 5495 2837 5524 «
2871 5473 3185 5530 Sciendum
3244 5477 3442 5528 autem
3496 5468 3734 5540 aliquos
3786 5485 3891 5531 ex

2188 5562 2499 5634 gentilium
2520 5563 2987 5636 sapientibus,ac
2998 5563 3330 5637 praesertim
3351 5558 3628 5618 Proclum
3645 5558 3895 5618 81)Ξο-

2189 5651 2345 5724 nysii
2364 5650 2836 5708 theorematibus
2856 5669 3052 5721 usum,
3084 5658 3261 5726 atque
3292 5649 3441 5709 adeo
3463 5648 3644 5706 etiam
3665 5650 3890 5709 meri-
