3974 6296
407 383 528 462 207'

1448 395 1513 454 s.
1559 391 1964 454 IGNATIUS.
2009 421 2084 437 -
2133 353 2743 452 PROLEGOMENA.

3695 362 3817 455 208

399 541 536 593 ante
559 532 814 608 viguisse
837 535 1060 588 certum
1087 533 1195 594 est,
1232 528 1410 599 idque
1451 525 1784 583 Bonifacius
1831 527 1894 582 in
1925 527 2052 598 ipsa
2081 527 2132 593 Α
2165 525 2507 594 leuciensis,
2551 525 2910 598 Hieronymo
2961 525 3355 598 synchronus,
3406 527 3672 583 oratione
3721 531 3815 597 39,

403 627 510 683 illa
541 623 852 697 Augustini
885 621 1134 694 epistola
1165 623 1252 685 23,
1286 619 1379 674 his
1408 618 1600 673 verbis
1631 617 1788 673 clare
1831 615 2054 689 signifi-

402 722 496 774 cat
521 734 578 771 τι(
597 715 685 771 Ad
706 716 847 769 istas
863 728 998 784 ergo
1014 711 1372 782 quaestiones
1393 715 1529 780 peto
1545 707 1802 762 breviter
1815 723 2054 778 respon-

403 807 542 864 dere
573 803 855 877 digneris,
887 803 970 856 ita
1011 806 1076 854 ut
1128 817 1246 855 non
1294 799 1440 854 mihi
1499 797 1570 853 de
1619 795 2052 852 consuetudine

401 895 774 970 praescribas,
836 891 940 947 secl
989 889 1282 946 rationem
1328 887 1538 944 reddas
1575 909 1623 940 ››.
1685 888 1828 942 Cum
1878 887 2057 959 igitur

399 991 576 1042 aetate
598 981 911 1056 Augustini
933 985 1098 1036 vetus
1119 979 1297 1035 fuerit
1318 980 1426 1034 hac
1451 977 1840 1044 consuetudo,
1863 977 2058 1048 potuit

403 1077 492 1131 vel
525 1072 861 1146 Dionysius,
892 1071 983 1126 vel
1033 1070 1224 1140 quivis
1271 1069 1444 1131 alius,
1497 1067 1820 1138 Augustino
1871 1065 2054 1120 multo

400 1165 722 1236 antiquior.
758 1161 830 1216 de
863 1161 1070 1216 eadem
1108 1177 1168 1214 re
1194 1159 1506 1213 disserere.
1542 1161 1832 1212 Hactenus
1877 1156 2056 1228 igitur

404 1262 563 1312 sarta
595 1259 749 1310 tecta
781 1261 870 1308 est
898 1253 1127 1306 Erasmi
1159 1249 1475 1307 sententia.

473 1347 591 1414 Ego
623 1360 758 1398 vero
792 1359 912 1396 non
944 1347 1172 1396 tantum
1207 1345 1344 1395 ante
1394 1339 1808 1412 Augustinum,
1863 1336 1966 1392 sed
2000 1340 2058 1392 et

413 1440 549 1492 ante
582 1434 1005 1503 Hieronymum
1037 1429 1344 1501 scripsisse
1379 1427 1724 1500 Dionysium
1782 1431 1922 1498 puto
1952 1441 1964 1480 :
2000 1431 2058 1480 et

417 1505 623 1579 eodem
659 1521 1044 1576 fundamento
1077 1523 1212 1574 utor
1241 1535 1344 1589 pro
1377 1517 1727 1588 antiquitate
1760 1532 1910 1587 ejus,
1940 1531 2055 1585 quo

407 1613 665 1670 Dallmus
693 1627 800 1682 pro
833 1609 1088 1664 novitate
1120 1606 1588 1662 demonstranda
1605 1607 1812 1669 utitur,
1843 1621 2057 1674 nempe

401 1701 597 1758 verbis
613 1699 830 1755 Petavii
850 1698 1139 1754 :-Primus
1162 1697 1472 1768 Dionysius
1485 1713 1693 1750 novem
1713 1695 2057 1767 angi-lorum

405 1791 648 1847 ordines
678 1795 734 1844 et
767 1787 982 1861 gradus
1012 1787 1288 1842 distincte
1320 1803 1387 1842 ac
1419 1785 1659 1840 deﬁnite
1705 1785 1896 1857 posuit
1924 1800 1936 1850 ;
1969 1790 2057 1838 et:

2165 617 2404 672 eosdem
2438 633 2646 672 novem
2688 615 2948 684 ordines,
2982 622 3266 688 tanquam
3287 634 3394 672 suo
3424 624 3690 689 tempore
3714 635 3820 673 no-

2164 708 2444 778 tissimos,
2463 715 2806 764 enumeret:
2841 708 2948 768 Τάς
2977 727 3036 760 τε
3065 711 3171 760 τῶν

2169 796 2284 857 σίας
2343 794 2742 872 παραδραμεῖν,
2799 795 2890 850 καὶ
2945 796 3072 856 τοὺς
3123 796 3300 850 αὐτῶν
3348 794 3644 872 τοξιάρχας
3695 797 3817 870 μετ’

2165 884 2342 942 cura»;
2372 892 2713 964 καταγιπεῖν,
2765 881 3165 962 ὑπεραναϐῆναι
3215 884 3270 944 δὲ
3318 889 3410 942 καὶ
3460 889 3666 960 θρόνων
3712 890 3815 958 τήν

2165 973 2522 1056 φαιδρότητα,
2551 977 2640 1032 καὶ
2688 979 2786 1047 τήν
2839 973 3056 1050 ἔντιμον
3108 981 3215 1030 τῶν
3263 979 3601 1050 κυριωτάτων
3649 979 3821 1052 ὑπερ-

3222 705 3473 784 ἀγγὲλων
3521 727 3662 781 χορο
3674 728 3812 762 στα-

2165 1065 2326 1141 οχῆν,
2387 1068 2486 1137 τήν
2531 1087 2590 1121 τε
2642 1071 2749 1121 τῶν
2799 1066 2984 1141 ἀρχῶν
3041 1065 3360 1139 ἡγεμῡνῖιιν,
3403 1065 3490 1120 καὶ
3549 1069 3646 1134 τήν
3708 1071 3818 1122 τῶν

2165 1153 2420 1226 ἐξουσιῶν
2471 1155 2831 1232 περιεξάνείαν·
2895 1153 2972 1209 ἔτι
3025 1151 3080 1208 δὲ
3137 1155 3225 1208 καὶ
3281 1155 3343 1208 τὸ
3399 1157 3652 1229 κραταιὸν
3707 1163 3820 1212 τῶν

2165 1245 2324 1310 θείων
2357 1241 2664 1318 δυνάμεων,
2693 1245 2757 1299 τό
2799 1265 2856 1300 τε
2904 1241 3210 1319 διορατικὸν
3255 1251 3354 1312 τῆς
3407 1251 3513 1299 τῶν
3561 1245 3820 1319 πολυομ-

2169 1332 2354 1408 μάτων
2383 1329 2664 1410 χερουδτμ
2717 1333 3109 1407 καῖἀρτίτνβος.
3158 1333 3248 1387 καὶ
3295 1339 3402 1389 τῶν
3443 1335 3818 1409 ἐξαπτερῦγων

2170 1423 2415 1497 σεραφῖμ
2476 1424 2576 1494 τήν
2633 1424 2767 1478 κατὰ
2822 1429 2926 1478 πᾶν
2984 1425 3146 1498 μέρος
3221 1423 3501 1478 ἀκώλυτον
3579 1425 3821 1494 κίνησιν.

2168 1537 2196 1564 ‹‹
2221 1515 2440 1570 Choros
2463 1514 2809 1588 angelorum
2834 1532 3200 1586 percurram,
3223 1521 3282 1569 et
3303 1531 3508 1570 eorum
3539 1516 3824 1572 ordinum

2165 1604 2468 1677 principes
2499 1605 2876 1676 (archangelos
2904 1604 3118 1678 nempe)
3171 1604 3507 1676 relinquam
3535 1622 3548 1674 ;
3601 1607 3825 1662 evehar

2166 1711 2347 1767 supra
2379 1695 2728 1750 tbronorum.
2760 1693 3152 1766 splendorem.
3180 1695 3531 1750 honoratam
3555 1695 3825 1752 domina-

2167 1784 2401 1840 tionum
2433 1784 2872 1852 celsitudinem,
2904 1784 3344 1856 principatuum
3379 1783 3677 1854 ducatum,
3711 1804 3821 1857 po-

413 1882 538 1936 Non
565 1884 786 1934 temere
821 1876 979 1948 apud
1009 1875 1408 1947 antiquiorem
1439 1873 1693 1944 aliquem
1728 1891 1815 1927 είιιι
1853 1873 2063 1928 szrrulis
2092 1893 2138 1959 Β
2169 1880 2569 1946 testatumque
2591 1875 2919 1931 claritatem
2941 1893 2955 1942 ;
2976 1881 3262 1946 praeterea
3285 1893 3464 1947 supra
3488 1877 3822 1948 potentiam

411 1968 769 2042 quaerendum
801 1965 896 2038 est)
931 1964 1317 2020 novenarium
1349 1963 1507 2018 hunc
1539 1963 1812 2018 outlinum
1859 1978 2061 2016 nume-

415 2074 547 2114 rum
563 2057 992 2121 invenias,cum
1016 2055 1279 2108 nondum
1301 2060 1602 2108 exstarent.
1621 2054 1839 2124 scripta
1855 2052 2060 2124 [.‘linny-

419 2147 554 2217 sii,a
573 2142 1371 2218 quoprimumilleproditus
1393 2149 1524 2196 est»
1568 2141 1811 2196 llaecille
1857 2140 2062 2211 etqui-

413 2223 546 2292 dem
570 2231 1085 2304 verissime,judice
1117 2230 1350 2285 Dallazo.
1381 2230 1486 2285 Ille
1518 2236 1714 2285 autem
1748 2230 2058 2300 Dionysius

411 2342 446 2382 a
477 2342 593 2396 quo
627 2323 982 2378 uovenarius
1015 2320 1289 2375 ordinum
1339 2319 1722 2375 invisibilium
1773 2336 2059 2374 numerus

410 2415 670 2489 primum
693 2411 961 2484 proditus
983 2417 1093 2480 est,
1126 2414 1284 2464 certe
1307 2409 1879 2481 anteHieronymum
1895 2408 2056 2476 vixit,

409 2504 582 2559 illum
615 2501 772 2557 enim
807 2502 1026 2555 scimus
1057 2500 1330 2556 eumdem
1363 2515 1678 2555 numerum
1703 2499 2054 2570 prodidisse.

403 2595 651 2647 Exstant
682 2590 790 2646 sub
818 2592 944 2660 ejus
969 2589 1212 2645 nomine
1237 2589 1296 2644 in
1318 2589 1586 2645 Psalmos
1619 2589 2051 2658 commentarii,

403 2683 466 2737 in
491 2681 705 2754 quibus
723 2679 796 2734 ad
813 2680 1102 2752 psalmum
1122 2697 1250 2749 cxu,
1275 2679 1401 2735 haec
1431 2681 1713 2752 legimus:
1746 2699 1766 2727 α
1793 2679 2054 2734 Colloca-

398 2771 480 2826 vit
504 2772 654 2826 Deus
677 2772 846 2824 Pater
869 2769 1078 2824 Filium
1102 2769 1165 2823 in
1192 2769 1533 2824 coelestibus
1551 2769 1612 2824 in
1645 2769 1884 2824 dextera
1913 2783 2051 2835 sua;

401 2866 462 2918 et
483 2861 824 2916 dominatur
841 2876 1020 2932 super
1051 2859 1370 2930 principes,
1404 2859 1463 2914 id
1497 2863 1604 2923 est,
1639 2877 1816 2931 super
1845 2876 2053 2914 novem

401 2949 642 3006 ordines
655 2947 1359 3020 angelorum,secundum
1374 2947 1522 3002 illud
1540 2965 1588 3002 »ε
1608 2949 1890 3020 Princeps
1903 2948 2056 3004 mili-

407 3037 620 3104 tim,vel
633 3039 910 3110 princeps
922 3037 1072 3092 virtu
1082 3042 1202 3092 tum
1219 3053 1324 3108 ego
1344 3053 1531 3092 sum.«
1546 3039 1616 3091 Et
1632 3036 1872 3108 insupea
1891 3055 2056 3092 sane-

401 3133 492 3184 tos
509 3135 567 3184 et
583 3128 646 3182 in
664 3143 771 3183 sua
783 3126 1052 3182 membra
1073 3125 1379 3182 collocavit
1401 3141 1534 3181 cum
1559 3125 1702 3198 ipsis
1727 3143 1936 3182 novem
1959 3144 2051 3182 or-

400 3221 640 3276 dinibus
657 3219 1003 3292 angelorum
1022 3217 1194 3274 ».Sed
1218 3234 1339 3273 non
1367 3223 1456 3273 est
1474 3217 1585 3273 hoc
1603 3235 1751 3290 Opus
1767 3218 2054 3292 Ilierony-

398 3311 502 3375 mi,
536 3309 856 3382 inquiunt:
891 3306 1211 3378 etquidem
1235 3311 1424 3362 totum
1452 3308 1578 3379 ejus
1602 3325 1727 3363 esse
1753 3309 2049 3364 nonvide-

397 3404 525 3454 tur:
563 3395 1004 3468 quamplurima
1025 3402 1222 3451 tamen
1255 3395 1314 3450 in
1349 3413 1415 3451 eo
1439 3402 1717 3453 contenta
1747 3415 1878 3454 vere
1913 3399 2048 3454 Ilie-

394 3487 747 3558 ronymiana
779 3501 930 3550 esse,
953 3498 1170 3558 negare
1187 3501 1362 3540 nemo
1385 3490 1580 3558 potest
1605 3503 1618 3541 :
1643 3492 1702 3542 et
1718 3505 1898 3559 quare
1921 3488 2047 3544 haec

401 3577 531 3648 ipsa
560 3576 614 3630 ei
646 3574 1034 3646 denegentur,
1069 3575 1360 3630 rationem
1405 3574 1634 3631 nullam
1667 3576 1857 3634 video.
1901 3579 2044 3632 Nam

396 3665 556 3738 quod
585 3663 1035 3720 memorabilem
1070 3664 1408 3736 Hieronymi
1426 3665 1620 3720 locum
1655 3683 1724 3720 ex
1747 3683 2048 3721 commen-

389 3753 558 3810 tariis
589 3753 652 3809 in
681 3752 993 3825 epistolam
1025 3753 1098 3808 ad
1129 3753 1415 3824 Ephesios
1463 3753 1704 3810 adducit
1748 3755 2042 3824 Petavius,

392 3843 544 3899 illud
574 3843 750 3916 plane
782 3843 954 3898 nihili
988 3847 1112 3897 est:
1151 3843 1466 3898 suntenim
1487 3843 1575 3900 illi
1602 3843 1713 3916 ipsi
1737 3861 2044 3900 commen-

394 3933 528 3990 tarii
557 3933 712 3990 nihil
743 3932 905 3990 aliud
937 3933 1143 4003 ferme,
1177 3949 1352 4004 quam
1388 3951 1457 3990 ex
1503 3940 1768 3990 veterum
1810 3937 2044 4008 scriptis

395 4028 690 4096 excerpta,
722 4027 789 4078 ut
834 4023 1052 4078 fatetur
1103 4023 1230 4094 ipse
1283 4021 1715 4096 Hieronymus:
1769 4029 1828 4080 et
1878 4024 2044 4080 locus

394 4113 520 4185 ipse
553 4113 653 4184 qui
685 4111 1022 4180 adducitur,
1051 4111 1285 4168 videtur
1315 4129 1441 4168 esse
1473 4113 1651 4185 plane
1674 4114 2040 4186 Origenicus.

333 4228 335 4231 ·
389 4203 591 4273 Neque
622 4201 770 4256 illud
800 4217 894 4256 me
925 4207 1137 4270 movet,
1173 4201 1328 4272 quod
1360 4207 1588 4275 septem
1628 4203 1865 4258 ordines
1898 4221 2045 4260 enu-

388 4295 580 4346 meret
608 4289 711 4345 lib.
767 4305 830 4355 II,
891 4295 1098 4346 contra
1143 4291 1539 4359 Jovinianum,
1585 4308 1764 4363 quem
1806 4291 2043 4364 juvenis

390 4379 662 4451 scripsit;
689 4379 927 4433 tametsi
949 4379 1088 4434 inde
1115 4380 1354 4453 colligat
1371 4379 1817 4444 Petavius,satis
1836 4382 2045 4440 incon-

391 4471 736 4540 sequenter,
770 4469 1025 4523 Nondum
1054 4471 1385 4539 Hieronymo
1416 4471 1718 4525 constitisse
1773 4471 1838 4525 de
1889 4472 2046 4528 ordi-

388 4575 521 4613 num
551 4573 780 4612 numero
811 4564 862 4613 et
891 4559 1280 4630 appellatione.
1316 4559 1467 4614 Satis
1500 4559 1658 4614 enim
1685 4560 2041 4635 Hieronymo

2170 1963 2502 2020 divinarum
2535 1964 2837 2031 virtutum,
2871 1979 3050 2036 supra
3083 1964 3504 2036 perspicaciam
3549 1965 3827 2021 cherubi-

2167 2071 2382 2111 norum
2439 2054 2734 2126 puritatis,
2793 2058 2851 2110 et
2906 2053 3360 2124 seraphinorum
3438 2071 3539 2110 sex
3585 2055 3822 2112 alarum

2167 2145 2492 2200 motionem
2518 2159 2969 2216 quaquauersus
3002 2144 3356 2216 expeditam.
3391 2166 3418 2194 »

2239 2245 2533 2297 Praeterea
2583 2258 2703 2296 non
2738 2248 2964 2297 tantum
3000 2242 3352 2298 Laurentius
3388 2243 3550 2300 Valla
3587 2243 3830 2301 indicat

2164 2331 2349 2388 fuisse
2385 2349 2505 2387 sua:
2537 2332 2728 2386 aetatis
2760 2331 2913 2387 viros
2953 2332 3352 2401 doctissimos,
3385 2333 3484 2404 qui
3510 2333 3830 2404 judicave-

2163 2422 2288 2476 rint
2318 2422 2426 2476 hos
2458 2421 2642 2478 libros
2667 2439 2796 2478 esse
2828 2421 3318 2494 Apollinaris,sed
3350 2423 3529 2478 etiam
3561 2440 3632 2478 ex
3663 2431 3832 2480 vete-

2164 2514 2331 2570 ribus
2353 2514 2648 2582 nonnulli,
2674 2515 2774 2586 qui
2796 2514 3158 2587 Areopagitaa
3181 2515 3366 2570 fuisse
3390 2517 3825 2589 pernegabant,

2165 2611 2267 2660 aut
2295 2603 2622 2676 Apollinari
2653 2610 2756 2658 aut
2786 2603 3035 2676 Didymo
3078 2605 3493 2672 ascribebant;
3547 2613 3606 2662 et
3652 2623 3831 2663 reve-

2163 2694 2386 2750 rendus
2407 2692 2676 2749 Usserius
2697 2693 2936 2749 eosdem
2955 2710 3075 2749 non
3099 2693 3408 2750 dubitabat
3433 2695 3691 2751 tribuere
3715 2703 3830 2753 aut

2163 2783 2516 2856 Apollinari,
2549 2789 2650 2839 aut
2679 2789 2836 2838 certe
2869 2783 3206 2856 synchrono
3245 2785 3522 2858 Dionysio
3554 2785 3827 2853 cuidam,

2165 2872 2269 2930 illi.
2305 2888 2544 2944 nempe.
2576 2871 2650 2928 ad
2683 2889 2861 2944 quem
2890 2871 3252 2944 Apollinaris
3301 2874 3558 2946 scripsit,
3593 2874 3664 2930 de
3695 2892 3823 2946 quo

2163 2961 2416 3034 legimus
2437 2964 2500 3018 in
2522 2961 2839 3017 collatione
2863 2979 3062 3018 coram
3085 2963 3334 3035 Hypatio
3349 2963 3456 3019 sub
3476 2965 3825 3022 lustiniano

2163 3052 2367 3108 habita
2395 3068 2408 3107 :
2447 3054 2582 3108 Nam
2609 3059 2661 3107 et
2695 3052 2841 3107 beati
2867 3053 3006 3108 Julii
3034 3056 3302 3122 famosam
3331 3054 3486 3108 illam
3523 3057 3828 3124 epistolam

2161 3144 2450 3210 manifeste
2496 3141 2830 3211 Apollinaris
2878 3143 3208 3198 ostendimus
3249 3143 3421 3211 fuisse
3449 3145 3716 3214 scriptam
3745 3147 3829 3201 ad

2159 3231 2505 3302 Dionysium.
2539 3229 2624 3286 Ab
2656 3231 2998 3303 Apollinare
3032 3231 3272 3302 quidem
3305 3233 3524 3304 scripta
3551 3235 3828 3306 Areopa-

2160 3320 2337 3390 gitica
2361 3329 2480 3375 non
2504 3325 2668 3391 puto,
2697 3321 2868 3392 cujus
2891 3320 3078 3376 libelli
3101 3337 3262 3376 nunc
3281 3321 3630 3392 Athanasio,
3651 3340 3827 3381 nunc

2155 3408 2308 3464 Julio
2343 3425 2531 3480 papae,
2558 3425 2716 3464 nunc
2738 3409 3012 3481 Gregorio
3031 3410 3463 3484 Thaumaturgo
3485 3411 3556 3466 ab
3575 3411 3826 3468 hmreti-

2157 3497 2240 3552 cis
2273 3496 2742 3566 ascribebantur,
2785 3501 2936 3553 teste
2984 3497 3224 3552 Leontio
3271 3499 3656 3570 Neapolitano
3691 3503 3826 3574 epi-

2157 3602 2334 3657 scopo
2361 3603 2374 3653 ;
2412 3589 2536 3641 tum
2565 3586 2726 3657 quod
2755 3584 3102 3659 fragmentis
3142 3585 3272 3656 ejus
3305 3605 3436 3658 quae
3468 3597 3820 3662 supersunt,

2157 3673 2380 3730 similia
2410 3690 2530 3730 non
2562 3674 2716 3744 sint;
2751 3679 2876 3730 tum
2909 3676 3069 3747 quod
3102 3675 3473 3749 dogmatibus
3513 3679 3643 3750 ejus
3695 3680 3824 3734 mi-

2155 3758 2314 3818 nime
2347 3769 2746 3819 consentanea
2776 3765 2914 3834 sint,
2948 3764 3106 3837 quod
3138 3783 3292 3837 saepe
3325 3765 3597 3822 observat
3627 3769 3821 3824 Maxi-

2155 3869 2308 3908 mus.
2339 3854 2542 3925 Neque
2581 3869 2716 3909 vero
2746 3851 2994 3927 Didymo
3024 3856 3376 3911 ascribenda
3394 3856 3668 3925 arbitror,
3705 3860 3820 3930 qui

2155 3959 2289 4000 cum
2314 3943 2648 4015 Origenista
2674 3949 2848 4008 esset,
2884 3960 2952 4000 ea
2981 3943 3288 4017 scripsisse
3318 3945 3564 4002 minime
3585 3952 3820 4018 putan—

2154 4032 2286 4088 dus.
2315 4033 2566 4088 Tantum
2597 4031 2736 4087 inde
2767 4032 2978 4107 colligo
3007 4033 3512 4092 verisimillimum
3551 4052 3704 4104 esse,
3737 4053 3818 4095 ea

2153 4125 2328 4177 mtate
2351 4126 2655 4177 auctorem
2674 4121 3033 4194 vixisse,qua
3050 4123 3410 4194 Apollinaris
3430 4130 3490 4180 et
3518 4125 3820 4198 Didymus

2153 4209 2468 4276 ﬂorebant,
2500 4209 2612 4266 hoc
2642 4216 2731 4267 est
2761 4217 2971 4283 quarto
3007 4213 3242 4269 saeculo.

2226 4299 2376 4366 Quid
2406 4300 2566 4370 quod
2587 4300 2660 4356 ab
2683 4301 2818 4356 aliis
2838 4303 3017 4358 etiam
3041 4302 3418 4360 observatum
3449 4309 3558 4370 est,
3591 4306 3820 4379 Grego-

2151 4389 2308 4444 rium
2329 4389 2769 4460 Nazianzenum,
2801 4391 3067 4462 quiante
3119 4392 3302 4448 finem
3361 4395 3556 4464 quarti
3603 4396 3822 4452 saeculi

2154 4483 2426 4534 mortuus
2457 4483 2565 4550 est,
2599 4479 2776 4552 hujus
2825 4479 3088 4554 Dionysii
3142 4483 3580 4555 quamplurima
3629 4500 3821 4541 usuro

2153 4567 2367 4640 passe‘l
2391 4568 2560 4624 Haud
2581 4586 2770 4642 pauca
2797 4586 2937 4626 sane
2960 4570 3093 4626 loca
3123 4572 3330 4628 Billius
3356 4573 3418 4628 in
3439 4573 3814 4632 observatio-

391 4647 701 4703 constabat
726 4647 800 4702 do
829 4647 1152 4704 novenario
1174 4648 1450 4702 ordinum
1474 4665 1723 4705 numero
1757 4655 1815 4706 et
1845 4653 2046 4724 appel-
2076 4637 2122 4702 D
2155 4657 2332 4712 nibus
2359 4675 2430 4713 ex
2451 4658 2812 4716 Nazianzeno
2835 4660 3149 4733 congessit,
3173 4667 3386 4718 etcum
3425 4663 3814 4736 Dionysianis

391 4736 640 4802 latione,
671 4753 804 4792 cum
825 4737 1066 4809 scripsit
1082 4737 1414 4808 apologiam
1439 4737 1718 4794 adversus
1739 4740 2042 4798 Bullinum

392 4826 741 4894 secundum,
774 4827 835 4880 in
867 4843 984 4897 qua
1013 4825 1280 4897 Origenis
1309 4826 1588 4882 haeretica
1620 4828 1910 4886 rhetorice
1942 4831 2041 4887 de-

391 4917 636 4988 pingitm
651 4919 718 4970 In
733 4915 1105 4972 restitutione
1125 4915 1657 4986 omnium,quando
1675 4919 2044 4992 indulgentia

391 5005 740 5077 principalis
768 5005 1015 5072 venerit,
1041 5003 1349 5058 cherubim
1370 5009 1427 5060 et
1444 5007 2042 5081 serapbim,thronos,

389 5094 778 5166 principatus,
805 5093 1264 5160 dominationes,
1286 5093 1551 5163 virtutes,
1578 5085 1920 5168 potestates,
1951 5117 2042 5156 ar-

388 5181 1891 5256 changelos,angelos,diabolum,daemones,animas
1913 5207 2033 5246 om-

385 5275 553 5330 nium
568 5262 1501 5340 hominum,tamChristianorum
1520 5292 1694 5346 quam
1711 5279 2042 5336 Iudaeorum

384 5367 445 5418 et
466 5363 782 5436 gentilium
814 5360 990 5415 unius
1023 5359 1382 5416 conditionis
1415 5367 1472 5416 et
1501 5379 1796 5420 mensurae
1827 5367 1952 5423 fore
1983 5391 2034 5426 ››.

385 5451 779 5507 Novenarium
811 5449 990 5521 igitur
1011 5449 1286 5505 ordinum
1307 5468 1623 5509 numerum
1646 5455 1922 5512 distincte
1945 5475 2038 5514 ex-

381 5542 600 5612 pressit
641 5541 1056 5610 Hieronymus,
1081 5556 1256 5611 quem
1281 5541 1596 5614 Dionysius
1619 5543 1876 5614 primunt
1900 5564 2034 5617 pro-

381 5627 572 5684 didit:
605 5635 732 5685 erat
763 5629 962 5699 itaque
995 5629 1310 5702 Dionysius
1334 5632 1693 5702 Hieronymo
1716 5634 2032 5706 antiquior.

381 5718 586 5790 Neque
615 5719 728 5776 hoc
760 5719 980 5774 mirum
1008 5718 1192 5776 videri
1225 5719 1420 5787 debet,
1455 5734 1591 5776 cum
1623 5721 1880 5778 Basilius
1925 5726 2034 5782 Se-

2155 4747 2429 4804 contulit.
2461 4746 2658 4803 Unum
2693 4749 2871 4805 etiam
2902 4749 3157 4805 Dallmus
3187 4752 3314 4823 ipse
3345 4753 3488 4808 satis
3537 4755 3816 4825 apposite

2154 4835 2481 4892 observavit
2505 4852 2518 4903 ;
2553 4841 2612 4892 et
2641 4853 2744 4909 ego
2777 4839 3218 4910 quamplurima
3245 4841 3401 4913 apud
3423 4859 3519 4898 me
3548 4843 3611 4897 in
3651 4860 3820 4902 eam-

2153 4924 2288 4980 dem
2313 4941 2439 4980 rem
2471 4925 2780 4983 observata
2809 4927 3020 4984 habeo.
3073 4930 3182 4985 Sed
3229 4931 3530 5001 quaeritur,
3586 4931 3815 5004 inquit,

2151 5017 2272 5068 uter
2300 5014 2368 5068 ab
2391 5020 2518 5068 utro
2537 5015 2610 5068 sit
2638 5020 2936 5070 mutuatus.
2971 5018 3040 5070 Et
3061 5033 3164 5090 ego
3199 5017 3441 5090 quidem
3456 5019 3816 5090 Dionysium

2151 5117 2186 5156 a
2217 5102 2494 5174 Gregorio
2526 5119 2596 5158 ea
2617 5103 2863 5160 minime
2895 5110 3229 5162 mutuatum
3263 5124 3394 5163 esse
3415 5107 3629 5174 credo;
3663 5111 3818 5182 quia

2151 5190 2404 5262 scriptor
2425 5190 2524 5246 ille
2547 5190 2619 5246 ab
2639 5190 2768 5248 aliis
2791 5193 3068 5250 omnibus
3100 5195 3518 5253 ecclesiasticis
3549 5197 3816 5270 scripto-

2149 5281 2316 5335 ribus
2333 5279 2506 5352 plane
2529 5281 2794 5337 diversus
2817 5288 2992 5351 est,et
3012 5285 3102 5338 sui
3135 5290 3364 5341 tantum
3395 5285 3630 5342 similis.
3666 5289 3814 5345 Om-

2152 5369 2252 5424 nia
2283 5368 2468 5424 l‘erme
2501 5369 2576 5426 ad
2608 5371 2975 5427 Neotericam
3025 5373 3486 5431 Platonistarum
3535 5375 3817 5436 scholam

2147 5457 2554 5527 conformavit,
2589 5465 2647 5514 et
2677 5477 2712 5516 a
2739 5461 2932 5516 verbis
2957 5466 3013 5517 et
3035 5479 3069 5518 a
3090 5463 3435 5520 notionibus
3457 5471 3814 5526 sanctorum

2147 5549 2386 5603 Patrum
2418 5549 2672 5605 maxime
2703 5549 3031 5608 abhorruit.
3065 5553 3342 5625 Quisquis
3385 5559 3570 5611 totam
3602 5559 3816 5627 operis

2148 5637 2278 5707 ejus
2299 5653 2666 5711 compagem,
2691 5639 3106 5696 admirandam
3130 5642 3563 5700 sententiarum
3587 5661 3661 5700 ex
3673 5647 3817 5720 phi-

2147 5727 2417 5798 losophia
2455 5728 2774 5799 petitarum
2805 5731 3254 5800 rotunditatem,
3288 5736 3345 5790 et
3389 5733 3706 5792 verborum
3738 5737 3812 5796 in
