3974 6296
183 413 306 483 209

945 412 1005 474 J.
1049 409 1475 475 PEARSONII
1519 412 1890 479 VINDICIIE
1932 412 2419 478 IGNATlANrE.
2467 449 2542 462 -—
2584 414 2792 478 PARS
2835 416 2886 475 Ι.

3476 417 3598 478 210

194 546 395 603 eadem
416 545 637 602 incude
651 547 1043 604 formatorum
1056 552 1404 620 perpetuam
1422 548 1843 623 scaturiginem
1872 551 1926 619 Α
1961 565 2167 607 eorum
2190 550 2388 623 aliqua
2410 550 2613 620 refert,
2647 567 2901 623 semper,
2930 549 3160 621 opinor,
3187 549 3427 607 silentio
3460 568 3606 624 sup‘

192 639 478 707 observat,
514 654 829 710 nunquam
859 654 932 692 ex
962 637 1260 711 Gregorio,
1294 642 1395 693 aut
1441 638 1555 693 alio
1582 654 1847 710 quocun-

190 745 299 800 que
330 728 671 784 Christiano
719 744 855 783 eum
887 743 994 784 sua
1022 727 1292 783 hausisse
1350 727 1700 784 autumabit.
1734 728 1842 793 Qui

191 824 385 874 autem
407 818 766 875 Nazianzeni
789 817 1089 874 orationes
1110 816 1384 873 omnibus
1408 817 1619 872 nativas
1642 817 1811 872 rheto
1827 848 1843 858 -

185 909 319 963 ricae
352 907 656 964 coloribus
690 907 976 980 depictas,
1006 912 1064 962 et
1112 906 1335 979 Optimo
1361 906 1596 962 dicendi
1627 923 1842 979 genere

184 999 482 1071 praecipue
516 998 956 1072 triumphantes
985 997 1216 1069 legerit,
1250 998 1483 1069 quoties
1515 997 1589 1053 ad
1623 998 1836 1053 obscu-

182 1090 338 1145 riora
362 1088 640 1159 quaedem
665 1092 723 1143 et
768 1087 962 1143 mahis
991 1086 1409 1159 philosophica
1441 1086 1721 1155 deflectit,
1751 1088 1838 1143 fa«

187 1181 297 1236 cile
330 1197 470 1235 cum
503 1178 746 1235 aliunde
778 1179 1053 1234 notiones
1090 1194 1186 1234 eas
1223 1177 1542 1245 derivasse,
1571 1182 1630 1232 et
1660 1195 1839 1249 quam

175 1269 371 1343 potuit
400 1268 775 1324 lucidissime
796 1267 1109 1323 tradidisse
1132 1266 1432 1323 fatebitur.
1465 1268 1534 1321 Et
1564 1266 1671 1322 has
1703 1267 1836 1339 qui-

176 1359 309 1415 dem
334 1375 781 1429 nonnunquam
804 1374 877 1413 ex
906 1357 1167 1429 antiquis
1195 1356 1587 1429 philosophis,
1619 1357 1834 1429 smpius

171 1453 371 1505 autem
407 1464 483 1502 ex
512 1446 796 1518 Dionysio
826 1450 1120 1501 mutatum
1154 1461 1281 1501 esse
1329 1444 1648 1501 credimus.
1683 1445 1826 1500 Con-

172 1543 260 1593 tra
290 1537 551 1592 Dallaeus
570 1536 803 1592 duobus
825 1534 1211 1608 argumentis,
1240 1534 1591 1607 Dionysium
1623 1550 1693 1589 ex
1723 1535 1828 1590 Na-

173 1627 460 1683 zianzeno
487 1642 598 1681 sua
632 1630 971 1681 mutuatum
1001 1641 1131 1680 esse
1191 1622 1532 1680 contendit:
1577 1640 1829 1694 quorum

168 1717 436 1788 primum
469 1716 794 1771 manifesta
814 1712 1833 1787 principiipetitionelaborat,et1e-

168 1805 475 1862 vissimam
498 1805 909 1876 conjecturam
931 1803 1002 1858 ab
1025 1804 1153 1875 ipso
1175 1803 1566 1875 excogitatam
1581 1819 1687 1875 pro
1701 1803 1831 1858 fun-

166 1895 451 1951 damento
476 1891 1319 1963 habet.«Atvero,inquit,cum
1342 1892 1517 1948 claris
1535 1893 1829 1964 certisque

167 1986 544 2059 argumentis
559 2000 741 2056 supra
761 1981 1829 2053 sitanobisdemonstratum,Areopa-

163 2079 336 2151 gitica
356 2077 610 2133 nonnisi
638 2080 773 2149 post
801 2075 1075 2147 quintum
1106 2074 1390 2131 swculum
1430 2075 1611 2131 fuisse
1669 2075 1827 2131 edita

163 2184 225 2223 ac
258 2168 525 2239 cognita,
562 2165 807 2221 stultum
836 2170 895 2220 et
922 2165 1247 2220 absurdum
1269 2170 1378 2230 est,
1411 2165 1752 2238 Gregorium
1767 2182 1821 2222 a.

165 2259 333 2313 D389
349 2262 664 2313 mortuum
684 2256 794 2311 hos
810 2256 995 2311 libros
1016 2255 1550 2327 pervolutasse,qui
1573 2260 1815 2311 centum

168 2354 219 2403 et
236 2348 505 2418 amplius
520 2351 656 2418 post
672 2347 803 2417 ejus
820 2351 1072 2400 mortem
1094 2345 1269 2400 annis
1292 2350 1460 2400 erant
1475 2345 1820 2400 nascituri.»

166 2439 328 2493 Certe
379 2438 432 2492 si
483 2437 707 2492 Dallaeo
756 2436 1073 2505 credimus,
1126 2437 1226 2490 130
1256 2436 1397 2491 anni
1430 2440 1560 2508 post
1588 2435 1817 2491 obitum

163 2529 419 2601 Gregorii
456 2527 646 2598 elapsi
680 2531 837 2597 sunt,
856 2525 1200 2598 priusquam
1249 2524 1656 2597 Areopagitica
1680 2525 1823 2580 ede-

162 2624 404 2685 rentur;
431 2616 541 2672 sed
569 2616 682 2671 hoc
708 2616 779 2670 ab
812 2632 881 2670 eo
942 2620 1176 2670 tantum
1235 2613 1481 2683 dictum,
1515 2631 1814 2685 nusquam

161 2709 641 2763 demonstratum
694 2710 802 2761 est.
833 2704 940 2770 Qui
977 2704 1135 2760 enim
1166 2705 1460 2760 variarum
1491 2703 1816 2760 lectionum

160 2800 215 2854 in
247 2799 462 2855 codice
491 2797 854 2869 Dionysiano
885 2812 1202 2851 numerum
1244 2800 1414 2851 aetate
1446 2795 1681 2855 Maximi
1713 2795 1819 2850 ob-

162 2889 521 2954 servaverit;
545 2887 647 2957 qui
679 2885 869 2941 varios
891 2885 1259 2947 seholiastas,
1299 2902 1446 2957 quos
1472 2890 1610 2941 ante
1641 2885 1813 2940 Maxi-

155 2998 312 3037 mum
349 2981 411 3034 in
451 2977 729 3033 eumdem
755 2982 926 3033 notas
957 2975 1380 3048 conscripsisse
1402 2982 1678 3047 apparet;
1712 2975 1814 3046 qui

158 3072 401 3129 Joannis
420 3068 896 3140 ScythOpolitani
930 3074 1163 3122 aetatem
1185 3072 1429 3129 certam,
1455 3073 1513 3120 et
1541 3065 1805 3136 Dionysii

157 3161 546 3218 Alexandrini
590 3160 900 3225 incertam,
933 3158 1208 3227 ideoque,
1259 3163 1328 3212 ut
1367 3154 1648 3211 credibile
1700 3160 1810 3223 est,

155 3254 337 3308 multo
362 3249 605 3317 longius
628 3248 701 3303 ab
725 3248 829 3303 illa
845 3248 1077 3302 Maximi
1105 3252 1392 3302 remotam
1419 3246 1551 3317 ;qui
1577 3250 1807 3300 sancto-

1953 642 2177 714 primit.
2218 645 2509 713 Ingratum
2565 643 2677 699 hoc
2703 642 2991 698 silentium
3020 658 3124 714 ego
3156 659 3278 697 non
3308 643 3542 715 appello
3574 661 3588 698 :

1950 736 2171 802 utatur,
2203 750 2310 805 per
2347 750 2443 789 me
2472 732 2634 804 licet,
2667 750 2736 789 eo
2767 731 3003 789 dicendi
3031 746 3249 805 genere
3284 731 3444 805 quod
3475 733 3596 805 ipsi

1948 823 2351 895 maximopere
2381 822 2669 896 placebat,
2698 839 2967 879 summus
3016 828 3231 878 orator.
3265 824 3433 878 Certe
3476 840 3599 878 non

1947 913 2134 985 magis
2156 929 2294 985 erga
2313 913 2660 986 Dionysium
2683 930 2860 984 quam
2881 928 3018 985 erga
3046 912 3309 983 reliquos
3328 913 3595 985 ingratus

1945 1001 2077 1056 fuit.
2098 1004 2246 1057 Eum
2268 1003 2430 1059 enim
2451 1020 2557 1075 pro
2580 1019 2745 1059 more
2776 1019 2882 1058 suo
2906 1018 3027 1058 non
3056 1002 3245 1059 semel
3274 1004 3457 1057 tacito
3490 1018 3596 1057 no-

1944 1091 2200 1161 mine,ut
2228 1092 2372 1147 mihi
2401 1091 2653 1160 videtur,
2685 1091 3056 1166 significavit.
3089 1093 3236 1147 Tum
3258 1092 3420 1148 enim
3452 1108 3591 1147 ora-

1944 1179 2108 1236 tione
2139 1180 2291 1235 38in
2325 1181 2696 1250 Theophania,
2732 1185 2857 1238 tum
2908 1181 3085 1237 etiam
3144 1182 3213 1235 42
3261 1181 3324 1235 in
3376 1182 3594 1238 Pascha

1943 1266 2071 1323 haec
2095 1269 2274 1326 verba
2300 1268 2481 1325 habet
2507 1286 2519 1325 :
2551 1269 2711 1325 Οὕτω
2747 1269 2841 1342 μὲν
2868 1268 2961 1322 οὗν
2994 1268 3061 1323 τὰ
3091 1265 3219 1344 ἅγια
3246 1272 3354 1323 τῶν
3397 1268 3591 1342 ἁγίων,

1943 1353 1978 1409 ἆ
2027 1356 2118 1411 καὶ
2176 1362 2294 1418 τοῖς
2324 1358 2578 1436 Σεραφῖμ
2625 1355 3062 1432 συγκαλύπτεται
3144 1356 3236 1412 καὶ
3314 1353 3592 1428 δοξάζεται

1938 1445 2114 1520 τρισὶν
2174 1447 2466 1523 ἁγιασμοῖς
2524 1447 2600 1510 εἰς
2664 1445 2791 1522 μίαν
2849 1451 3090 1502 συνιοῦσι
3141 1446 3444 1522 κυριότητα
3494 1448 3587 1503 καὶ

1949 1535 2202 1607 θεότητα,
2230 1534 2264 1592 ὅ
2293 1535 2382 1593 καὶ
2413 1534 2571 1610 ἄλλῳ
2598 1536 2706 1591 τινὶ
2738 1541 2845 1592 τῶν
2902 1536 3007 1611 πρὸ
3065 1538 3225 1610 ἡμῶν
3284 1534 3588 1614 πεφιλοσό-

1936 1646 2106 1704 φηται
2137 1624 2409 1682 κάλλιστά
2434 1648 2495 1682 τε
2513 1626 2604 1681 καὶ
2634 1625 3108 1701 ὑψηλότατα.‹‹ὃίο
3136 1628 3421 1685 nimirum
3444 1629 3587 1685 San-

1937 1722 2030 1772 cta
2045 1722 2387 1773 sanctorum
2401 1735 2532 1788 quas
2552 1719 2729 1773 etiam
2745 1734 2779 1773 a
2800 1718 3134 1790 seraphinis
3151 1717 3508 1790 obteguntur
3518 1735 3587 1775 ac

1934 1806 2124 1861 tribus
2138 1807 2706 1863 sanctificationibus
2727 1806 3194 1875 celebrantur,in
3214 1823 3393 1863 unam
3407 1808 3587 1863 domi-

1935 1896 2241 1952 nationem
2263 1902 2321 1951 et
2342 1898 2628 1952 Deitatem
2647 1896 3513 1968 coeuntibus,quemadmodum
3525 1901 3586 1953 et

1935 1984 2089 2041 alius
2112 1985 2353 2057 quidam
2376 1993 2513 2042 ante
2536 2004 2646 2043 nos
2700 1986 3101 2059 pulcherrime
3125 1990 3183 2041 et
3232 1986 3571 2043 sublissime

1932 2075 2385 2148 philosophatus
2410 2077 2727 2132 est.»Hunc
2748 2077 2928 2133 alium
2948 2076 3236 2149 quemdam
3247 2077 3582 2149 Dionysium

1929 2164 2286 2237 signiﬁcare,
2308 2166 2398 2220 vir
2417 2166 2480 2220 in
2497 2166 2699 2238 lingua
2720 2167 2918 2223 Graeca
2934 2182 3203 2223 summus
3219 2165 3565 2223 Guillelmus

1929 2255 2176 2311 Budaeus
2198 2256 2566 2313 observavit:
2601 2257 2867 2328 quamvis
2908 2258 2964 2313 S.
3025 2258 3419 2315 Athanasium
3473 2257 3574 2314 hic

1927 2345 2292 2419 subintelligi
2322 2348 2614 2403 notaverit
2644 2347 2800 2405 Elias
2830 2348 3148 2404 Cretensis.
3198 2348 3310 2404 Sed
3342 2348 3574 2421 quomi-

1925 2452 2038 2491 nus
2068 2436 2194 2492 haec
2225 2437 2297 2492 de
2329 2437 2652 2493 Athanasio
2675 2438 3156 2511 intelligam,duo
3188 2439 3566 2511 potissimum

1922 2530 2140 2596 vetant,
2174 2531 2299 2582 tum
2331 2527 2615 2599 temporis
2645 2528 2818 2594 ratio,
2853 2533 2978 2584 tum
3000 2545 3185 2601 genus
3207 2528 3568 2600 scriptionis.

1923 2615 2089 2671 Hunc
2124 2614 2282 2671 enim
2313 2617 2505 2688 primo
2533 2618 2847 2690 Gregorius
2903 2623 3071 2673 vocat
3118 2615 3238 2671 τι.νᾶ
3290 2620 3400 2671 τῶν
3457 2615 3563 2690 πρὸ

1921 2704 2107 2775 ἡμῶν,
2138 2705 2252 2761 hoc
2283 2711 2374 2761 est
2399 2707 2688 2776 quemdam
2716 2709 2814 2777 qui
2842 2714 2971 2763 ante
2999 2710 3177 2777 ipsum
3200 2706 3343 2761 vixit
3373 2725 3387 2773 ;
3448 2724 3564 2777 quo

1921 2793 2206 2865 loquendi
2235 2811 2452 2867 genere
2482 2795 2568 2852 uti
2599 2796 2795 2852 solent
2824 2797 3007 2852 Graeci
3041 2798 3380 2867 scriptores,
3431 2812 3566 2852 cum

1922 2884 2227 2941 hominem
2277 2885 2622 2958 intelligunt
2651 2893 2969 2958 antequam
3005 2887 3112 2959 ipsi
3138 2887 3262 2942 nati
3293 2886 3433 2955 sint,
3467 2890 3570 2941 aut

1922 2976 2129 3033 saltem
2165 2979 2452 3036 memoria
2475 2979 2790 3051 pollerent,
2813 2985 3134 3035 mortuum.
3168 2978 3567 3039 Nazianzenus

1920 3073 2115 3123 autem
2151 3068 2470 3124 maximam
2492 3068 2621 3125 vita)
2643 3075 2872 3142 partem
2896 3086 3029 3126 cum
3051 3069 3371 3125 Athanasio
3390 3069 3569 3125 simul

1914 3157 2319 3229 consumpsit:
2354 3157 2460 3212 has
2502 3156 2661 3229 ipsas
2711 3157 3011 3213 orationes
3050 3157 3563 3228 Constantinopoli

1918 3244 2138 3301 dixisse
2196 3246 2425 3300 videtur
2480 3252 2616 3302 ante
2678 3247 3055 3318 septennium
3085 3252 3219 3319 post
3256 3245 3564 3302 Athanasii

156 3361 279 3398 rum
311 3345 567 3398 Patrum
597 3339 744 3393 sexti
776 3338 973 3393 saeculi
1030 3336 1102 3392 de
1141 3353 1277 3391 vero
1333 3336 1715 3406 Areopagita,
1751 3339 1809 3390 et
1843 3306 1887 3375 θ
1915 3339 2204 3400 mortem;
2239 3336 2475 3405 scripsit
2502 3342 2863 3399 autem,cum
2896 3336 2966 3392 de
3000 3337 3169 3392 statis
3199 3335 3562 3392 solemnibus

157 3435 407 3490 aliorum
453 3432 526 3485 de
562 3431 765 3501 Magno
797 3433 857 3483 et
883 3427 1058 3483 beato
1090 3426 1369 3498 Dionysio
1403 3425 1761 3480 sententiam
1787 3441 1800 3491 ;

160 3524 252 3595 qui
282 3522 529 3592 reliqua
552 3535 679 3589 qua:
703 3517 777 3572 de
807 3517 1015 3588 quinto
1038 3515 1253 3571 saeculo
1283 3514 1665 3580 adduximus;
1701 3513 1802 3584 qui

160 3614 417 3685 denique
440 3608 1045 3679 mss.codicum,quos
1066 3606 1161 3663 alii
1179 3610 1603 3671 memorant,et
1622 3622 1801 3677 quem

150 3705 285 3759 mihi
308 3704 400 3756 vir
423 3716 630 3757 carum
656 3715 877 3763 rerum,
900 3697 1042 3752 dum
1067 3697 1304 3765 viveret,
1338 3695 1800 3751 callentissimus

144 3796 407 3864 mihique
423 3789 807 3846 charissimus
829 3803 948 3842 non
965 3785 1214 3841 minoris
1236 3784 1801 3855 antiquitatis,quam

146 3884 211 3938 sit
233 3881 625 3955 Septuaginta
644 3880 1040 3949 Interpretum
1063 3876 1125 3930 in
1140 3874 1502 3930 bibliotheca
1519 3874 1670 3946 regis
1692 3890 1799 3929 no-

146 3974 241 4028 stri
269 3972 483 4038 codex,
505 3987 636 4025 esse
657 3967 931 4035 asseruit,
960 3971 1316 4021 vetustatem
1336 3965 1569 4021 noverit
1602 3981 1797 4031 ;nun-

144 4080 311 4135 quam
332 4062 467 4117 hmc
489 4059 563 4114 de
577 4058 729 4113 sexti
757 4056 957 4113 saeculi
976 4056 1236 4110 editione
1261 4054 1417 4111 dicta
1437 4071 1542 4128 pro
1564 4055 1800 4110 demon-

146 4150 473 4221 stratis,sed
497 4147 912 4205 tantummodo
942 4164 1047 4219 pro
1070 4163 1231 4201 mera
1256 4162 1324 4201 ex
1357 4146 1700 4218 conjectura
1716 4149 1800 4201 at-

147 4260 248 4314 que
265 4257 504 4316 prmcon
517 4245 685 4309 cepta
700 4236 978 4310 Opinione
992 4236 1236 4308 prolatis
1248 4234 1685 4290 habebit.Nulla
1698 4235 1797 4290 ita-

145 4350 248 4405 que
264 4333 363 4387 hic
389 4358 405 4377 υ
422 4327 1172 4396 ineluctabilistemporum
1197 4325 1381 4380 ratio»
1403 4324 1574 4380 nobis
1588 4323 1792 4380 officit.

143 4423 409 4477 Secundo
437 4417 837 4489 inquit:«Cur
865 4416 1198 4489 Gregorius.
1230 4415 1277 4469 si
1310 4415 1423 4470 ista
1453 4431 1486 4469 a
1516 4413 1793 4486 Dionysio

146 4517 292 4567 esset
306 4510 947 4572 mutuatus,auctorem
968 4505 1196 4577 ingrato
1211 4504 1448 4559 silentio
1462 4501 1795 4559 dissimula-

137 4610 222 4658 ret
239 4603 267 4656 ?
282 4608 404 4660 Cur
424 4617 551 4655 non
569 4599 619 4669 ej
630 4614 700 4653 us
712 4613 933 4652 nomen
948 4595 1150 4652 ederet
1164 4595 1321 4667 apud
1335 4611 1536 4650 omnes
1555 4610 1790 4650 venera-

1915 3432 2110 3498 agant,
2143 3429 2288 3481 t'orte
2320 3428 2495 3482 etiam
2530 3434 2851 3500 antequam
2883 3430 3242 3485 Athanasius
3280 3428 3555 3486 decessit.

1913 3515 2019 3581 Qui
2053 3524 2245 3572 autem
2284 3519 2487 3573 eadem
2521 3525 2692 3575 astate
2722 3520 2884 3590 vixit,
2918 3519 3059 3575 licet
3087 3525 3223 3575 ante
3257 3537 3393 3575 eum
3450 3520 3551 3591 qui

1914 3607 2113 3661 scribit
2149 3615 2205 3659 et.
2235 3618 2551 3678 antequam
2585 3609 2951 3681 scribat,jam
2982 3608 3296 3665 defunctus
3328 3608 3547 3678 sit,dici

1913 3696 2063 3751 solet
2097 3701 2289 3752 Greece
2320 3699 2399 3755 τῖς
2430 3697 2546 3750 καθ’
2577 3699 2746 3769 ἡμᾶς,
2772 3699 3003 3768 quidam
3036 3703 3134 3769 qui
3158 3708 3346 3755 nostra
3387 3706 3555 3755 atate

1915 3788 2081 3851 υἱωνί,
2114 3793 2177 3840 ut
2207 3786 2331 3856 ipse
2366 3787 2626 3858 loquitur
2673 3788 2941 3842 oratione
2998 3790 3099 3842 36:
3133 3787 3221 3846 Ὠς
3268 3792 3374 3841 τῶν
3435 3788 3553 3841 καθ’

1909 3875 2057 3944 ἡμᾶς
2087 3872 2402 3948 φιλολόγων
2428 3894 2536 3939 τις,
2571 3877 2768 3931 Graece
2814 3878 2974 3932 enim
3028 3876 3092 3929 τὸ
3148 3877 3264 3938 καθ’
3296 3875 3464 3948 ἡμᾶς,
3496 3884 3556 3933 et

1906 3964 2126 4021 ἐπὶτῶν
2151 3966 2435 4042 ἡμετέρῶν
2464 3965 2679 4042 χρόνων
2714 3968 2873 4025 idem
2904 3973 3139 4036 sonant,
3168 3965 3229 4021 τὸ
3258 3967 3364 4040 πρὸ
3394 3969 3554 4039 ἡμῶν

1907 4055 2088 4129 igitur
2138 4055 2376 4128 proprie
2429 4053 2589 4111 idem
2646 4055 2808 4128 quod
2862 4055 2969 4129 πρὸ
2999 4051 3279 4129 ἡμετέρων
3310 4054 3551 4127 χρόνων,

1905 4152 2030 4200 ante
2054 4151 2269 4200 (etatem
2297 4151 2565 4201 nostram.
2601 4145 2689 4201 Ita
2717 4144 3027 4218 Gregorius
3058 4144 3186 4216 ipse
3244 4149 3391 4199 orat.
3440 4144 3507 4198 44
3535 4160 3548 4200 :

1907 4233 2098 4297 Καθὼς
2130 4230 2239 4304 ἤδη
2271 4233 2411 4295 τινὲς
2427 4237 2532 4288 τῶν
2556 4235 2662 4307 πρὸ
2688 4235 2847 4306 ἡμῶν
2880 4234 2941 4287 τὸ
2974 4230 3389 4306 Σολομώντειον
3416 4231 3554 4303 ἐξει-

1907 4320 2160 4397 λήφασιν.
2221 4323 2381 4379 Orat.
2431 4324 2548 4376 28:
2607 4322 2682 4377 Τὸ
2738 4317 2960 4392 ἕτοιμον
3015 4320 3090 4383 εἷς
3145 4318 3387 4375 ἑκουσίαν
3450 4320 3545 4393 ἀρ-

1903 4409 2001 4486 γὸν
2063 4408 2140 4469 εἷς
2198 4409 2510 4482 ἐπιθυμίη,
2569 4407 2643 4470 ὥς
2699 4427 2786 4472 τις
2842 4406 2944 4484 ἔφη
2989 4414 3097 4465 τῶν
3142 4409 3248 4485 πρὸ
3280 4407 3453 4479 ἡλῶψ
3489 4416 3548 4466 et

1904 4506 2051 4555 orat.
2086 4503 2190 4557 36:
2241 4498 2463 4555 Τούτων
2520 4495 2678 4553 οὐδέν
2735 4519 2933 4578 φαμεν,
2975 4498 3131 4554 εἶκαὶ
3159 4519 3267 4553 τισι
3297 4499 3405 4553 τῶν
3437 4500 3544 4573 πρὸ

1902 4588 2063 4661 ἡμῶν
2085 4587 2160 4649 ὡς
2184 4587 2385 4666 ἰσχυρὰ
2403 4588 2933 4660 τὲθειται.Α1ἰ[Ῑι]θῐῐι
2949 4591 3128 4663 igitur
3151 4591 3542 4647 Nazianzenus

138 4692 251 4749 bile
276 4698 299 4749 ?
324 4663 713 4762 nBespondeo
737 4685 1178 4758 primo.nomen
1204 4663 1343 4757 ejus
1375 4690 1546 4740 aetate
1577 4685 1793 4757 Grego-
1829 4663 1874 4728 Π
1902 4679 2147 4748 indicat,
2181 4663 2357 4750 quem
2390 4678 2515 4751 ipse
2548 4696 2668 4751 pra)
2691 4686 2864 4735 aetate
2894 4698 3014 4735 non
3046 4682 3242 4736 novit:
3278 4681 3438 4753 quod
3469 4680 3541 4736 de

141 4783 207 4836 rii
238 4799 358 4837 non
391 4779 543 4835 adeo
574 4775 914 4831 venerabile
944 4774 1166 4841 fuisse;
1192 4773 1621 4830 Nazianzenum
1654 4790 1790 4829 eum

138 4889 238 4942 pro
268 4888 408 4927 vero
434 4867 789 4938 Areopagita
818 4881 937 4921 non
968 4863 1270 4936 agnovisse
1298 4881 1312 4933 ;
1358 4869 1659 4919 auctorem
1719 4879 1788 4918 eo

139 4978 247 5032 quo
281 4959 523 5031 scripsit
576 4955 792 5011 saeculo
840 4970 946 5027 pro
991 4954 1116 5009 viro
1148 4953 1388 5025 quidem
1419 4970 1655 5027 magno,
1684 4952 1788 5009 sed

142 5067 240 5107 sua
274 5051 381 5106 sub
415 5048 612 5104 alieno
644 5044 886 5101 nomine
946 5043 1158 5099 edente
1217 5049 1526 5116 acceptum
1580 5044 1784 5101 fuisse.

140 5139 484 5213 Respondeo
517 5134 807 5201 secundo,
856 5133 1284 5189 Nazianzenum
1334 5134 1651 5205 scriptores
1696 5150 1786 5189 ec-

140 5230 459 5287 lesiasticos
490 5227 808 5284 nominare
839 5240 960 5279 non
989 5223 1199 5293 solere,
1263 5222 1312 5278 si
1369 5223 1518 5278 forte
1580 5239 1785 5279 eorum

140 5321 455 5376 sententias
475 5316 752 5374 adducat.
780 5311 997 5368 Saltem
1028 5328 1155 5384 ego,
1190 5311 1332 5367 dum
1389 5311 1550 5367 illius
1607 5328 1787 5384 Opera

137 5409 511 5481 pervolutavi.
542 5405 849 5462 neminem
873 5401 944 5457 ab
968 5417 1036 5456 eo
1061 5417 1128 5456 ex
1161 5399 1563 5457 catholicisita
1588 5399 1782 5455 nomi-

136 5507 326 5556 natum
346 5494 789 5555 animadvertit.
820 5491 1052 5564 Orphea
1082 5490 1345 5563 quidem,
1368 5491 1690 5548 Homerum
1723 5495 1782 5545 et

139 5589 463 5657 Hesiodum,
498 5588 926 5660 Pythagoram,
958 5580 1345 5646 Herodotum,
1369 5579 1693 5635 Pindarum
1724 5585 1783 5635 et

139 5676 743 5751 Platonem,Aqui1am
776 5672 959 5729 etiam
991 5676 1169 5743 atque
1219 5671 1638 5744 Symmachum
1669 5687 1780 5726 no-

138 5770 347 5843 minat;
379 5768 873 5830 Christianorum
896 5760 1255 5837 scriptorum
1275 5760 1778 5836 nomina,quoties

1898 4771 2223 4827 Athanasio
2255 4771 2505 4826 dicinon
2539 4777 2749 4843 potest.
2786 4773 3182 4839 Secunda,illa
3210 4773 3387 4829 verba
3409 4772 3546 4845 ὑψη-

1895 4859 2096 4936 γότατα
2125 4858 2586 4940 πεφιλοσόφηται,
2624 4862 2888 4918 indicare
2935 4863 3210 4919 videntur
3256 4865 3539 4935 aliquem,

1897 4953 1996 5025 qui
2016 4951 2311 5007 locutione
2326 4951 2580 5023 quadam
2598 4951 2801 5023 grandi
2823 4957 2997 5022 atque
3012 4951 3249 5007 sublimi
3266 4968 3396 5007 eam
3422 4970 3540 5009 rem

1897 5049 2247 5115 prosecutus
2279 5044 2391 5098 sit:
2424 5042 2483 5098 id
2524 5060 2659 5098 vero
2711 5043 3034 5097 Athanasio
3102 5060 3407 5114 nunquam
3443 5045 3538 5099 tri-

1895 5132 2076 5188 buere
2106 5134 2289 5190 voluit
2307 5131 2905 5204 Nazianzenus,cujus
2928 5131 3066 5203 styli
3096 5132 3538 5205 simplicitatem

1895 5221 2019 5294 ipse
2043 5222 2262 5293 optime
2284 5221 2464 5291 novit,
2489 5222 2658 5294 cujus
2679 5221 2964 5277 orationis
3021 5221 3444 5279 sublimitatem
3476 5225 3538 5280 in

1892 5310 2245 5382 panegyrico
2275 5325 2584 5380 nunquam
2606 5311 2883 5376 laudavit,
2908 5327 3084 5382 quem
3115 5315 3347 5367 tantum
3370 5312 3535 5390 σοφὸν

1890 5398 1982 5453 τὸν
2015 5399 2199 5472 λόγον,
2230 5398 2538 5471 σοφώτερον
2579 5399 2679 5466 τὴν
2736 5395 2974 5454 διάνοιαν
3031 5400 3196 5456 dixit.
3246 5400 3535 5457 Neutrum

1892 5490 2071 5564 igitur
2090 5486 2620 5559 Athanasio,ambp
2646 5488 2928 5561 Dionysio
2960 5491 3536 5564 conveniunt;quem

1890 5580 2206 5652 postremis
2218 5577 2455 5635 Eusebii
2473 5577 2837 5648 temporibus
2863 5581 3171 5652 scripsisse
3198 5588 3404 5639 nostra
3419 5583 3536 5639 fert

1890 5670 2373 5739 sententia.Certe
2406 5667 2565 5740 quod
2583 5667 2730 5722 mihi
2752 5668 3007 5725 maxime
3035 5673 3355 5728 verisimile
3375 5675 3535 5731 vide-

1886 5760 2060 5820 batur
2072 5760 2279 5818 dixizet
2299 5776 2425 5817 rem
2440 5763 2623 5817 totam
2635 5757 3201 5832 doctiorumjudicio
3223 5761 3528 5823 submitte.
