3974 6296
409 453 526 517 211

1057 583 1289 641 CAPUT
1326 583 1423 640 XI.

416 736 791 796 Argumentum
873 730 1176 796 negativurn
1246 730 1524 796 re/_‘ut_al:gr.
1617 728 1749 796 Non_
1821 727 2063 796 reficitur

515 797 616 858 ιιοά
643 791 1053 858 ηεῃι.ιὶυιιιπέἰι,
1084 793 1176 842 sed
1201 791 1338 857 quod
1365 791 1424 858 in
1455 791 1636 858 tmere
1696 791 1800 858 vini
1861 791 2060 858 nullam

517 857 684 909 abeat.
708 853 729 858 ⁷
747 860 1118 921 Argumentum
1145 919 1156 921 4
1179 853 1225 904 α’
1275 854 1596 921 testimoniis
1651 853 2061 921 _a/ﬁrgnativurn

477 923 781 984 negativum
817 915 1072 970 'destruit.
1131 919 1284 966 Intra
1338 931 1500 966 annos
1536 915 1744 966 circiter
1795 916 1888 966 200
1941 918 2063 980 quot

477 989 710 1034 auctores
764 983 1074 1045 Ignatiams
1129 980 1488 1045 testimonium
1554 979 1815 1045 prebent.
1898 979 2061 1045 lgna-

481 1047 624 1096 tiana
671 1059 775 1096 non
801 1041 1047 1108 'fuerunt
1102 1041 1480 1108 Alexandrinis
1545 1041 1832 1108 incognita.
1890 1043 2063 1108 Euty-

475 1109 586 1158 clm'
612 1104 856 1158 narratio
894 1108 1174 1158 excutitur.
1231 1105 1414 1155 Plures
1471 1104 1749 1168 episcopos,
1787 1104 1848 1155 in
1880 1104 2060 1168 {Egy-

473 1181 564 1234 pto
617 1172 778 1234 fuisse
831 1175 952 1220 ante
990 1169 1366 1234 ,Demctrium_
1397 1167 1670 1234 probatur.
1729 1167 1806 1234 D_e_
1858 1167 2062 1234 Ethio-

466 1229 594 1298 ῥίοε
617 1229 861 1284 Ecclesiae
916 1233 1129 1298 origine
1175 1234 1224 1280 et
1281 1229 1534 1298 episcopis
1577 1231 1700 1298 [use
1742 1229 2058 1298 disputatur.

470 1291 554 1346 'Ad
586 1299 959 1360 argumentum
989 1291 1052 1343 ('le
1099 1291 1404 1343 Jonensibus
1454 1291 1530 1360 'et_
1570 1291 2064 1360 potoria—respon-

473 1361 632 1409 detur
647 1354 672 1422 ξ
703 1363 754 1408 et
784 1360 1220 1422 chHieronymo
1280 1363 1432 1422 atque
1483 1354 1802 1422 Epiphanio.
1876 1355 2062 1422 Ignota

467 1418 982 1487 fuisse‘Tei-lulliano
1015 1418 1300 1487 Igiiatiqna
1338 1418 1820 1487 demonstrarunt»:
1845 1420 2016 1482 potest
2043 1430 2058 1477 ;

475 1479 532 1549 ut
556 1499 716 1549 neque
744 1485 888 1542 Caio,
944 1479 1108 1549 neque
1136 1481 1425 1549 ‘Clementi
1475 1479 1855 1549 Aleqandrino,
1899 1493 2062 1544 neque

476 1543 709 1612 Qrigeni,
743 1561 904 1612 neque
931 1543 1077 1612 Jujio
1108 1544 1324 1612 Afrino,
1362 1557 1527 1612 neque
1577 1543 1868 1612 bactantio,
1897 1543 2063 1612 neque

479 1605 737 1674 Dionysio
769 1605 1494 1674 AlexandrinoﬁgArgumenti
1517 1606 1748 1658 collectio
1781 1605 2066 1669 responiio-

473 1687 598 1724 num
619 1671 918 1724 collectione
949 1671 1282 1736 expungitur.

485 1829 627 1886 Cum
647 1829 708 1884 in
731 1828 913 1901 priori
934 1826 1489 1899 Vindiciarumparte
1517 1825 1589 1882 de
1619 1826 1898 1882 omnibus
1929 1841 2061 1898 qua

415 1919 490 1975 ad
521 1924 834 1976 externum
862 1922 1280 1990 argumentum
1306 1932 1341 1970 a
1395 1915 1754 1972 testimoniis
1808 1915 2061 1987 petitum

412 2009 735 2082 pertinent,
761 2007 1063 2078 disputare
1093 2006 1239 2062 mihi
1279 2006 1666 2062 constitutum
1691 2005 1788 2074 sit,
1811 2005 2060 2078 jamque

412 2098 677 2170 singulos
707 2101 889 2153 testes
920 2095 996 2151 ad
1015 2095 1321 2168 Ignatiana
1341 2093 1750 2150 conﬁrmanda
1773 2093 2060 2149 adductos

411 2185 485 2242 ab
516 2185 835 2242 adversarii
867 2183 1296 2255 objectionibus
1343 2183 1720 2240 liberaverim
1753 2200 1768 2249 ;
1819 2197 2060 2238 necesse

414 2279 504 2332 est
529 2279 597 2330 ut
627 2275 830 2330 eadem
866 2290 1048 2346 opera
1075 2279 1490 2346 argumentum
1521 2271 1691 2340 illud,
1719 2271 1878 2343 quod
1935 2288 2061 2327 om-

414 2363 584 2420 nium
607 2362 785 2418 simul
808 2362 1286 2418 testimoniorum
1309 2362 1427 2417 vim
1464 2366 1808 2418 enervatum
1836 2361 1902 2430 it,
1933 2377 2064 2417 exa-

416 2453 746 2520 minem,et
773 2452 1208 2508 formidandam
1239 2451 1343 2508 alti
1403 2469 1471 2508 ac
1514 2451 1781 2507 diuturni
1839 2450 2064 2506 silentii

413 2543 636 2599 nubem
660 2541 1164 2615 dispergam.Ecce
1196 2542 1356 2598 enim
1382 2540 1630 2596 Dallasus
1649 2543 2062 2611 argumentum

420 2631 741 2688 fabricatus
765 2635 856 2686 est
884 2636 941 2686 et
971 2631 1262 2702 exposuit,
1305 2629 1463 2700 quod
1518 2644 1705 2684 unum
1761 2627 1874 2682 sibi
1920 2627 2062 2682 satis

421 2737 550 2778 esse
580 2722 931 2787 conﬁtetur;
955 2721 1102 2776 adeo
1124 2725 1190 2775 ut
1207 2719 1315 2774 reli
1324 2734 1442 2789 qua
1459 2718 1662 2774 omnia
1681 2717 1814 2773 ideo
1831 2721 2062 2772 tantum

420 2810 648 2876 afferat,
681 2809 841 2864 utiis
867 2807 1210 2876 satisfaciat,
1245 2807 1347 2878 qui
1370 2807 1510 2862 huic
1539 2822 1662 2860 non
1690 2809 2062 2878 argumento,

416 2899 520 2954 sed
549 2896 1000 2972 argumentandi
1029 2895 1230 2967 generi
1262 2895 1697 2950 difﬁdunt.Hoc
1725 2893 1904 2966 igitur
1933 2892 2062 2948 fuse

415 2989 680 3060 quinque
711 2987 956 3059 integris
974 2985 1330 3056 capitibus,a
1361 2984 1571 3056 quinto
1603 2983 2064 3054 incipiens,pro-

415 3074 1256 3148 sequitur.«Primum,inquit,
1280 3078 1340 3130 et
1359 3073 1600 3144 quidem
1631 3073 1912 3128 adversus
1931 3071 2063 3128 uni-

411 3181 612 3221 versas
629 3165 771 3220 istas
791 3163 1071 3236 epistolas
1093 3177 1408 3217 commune
1431 3165 1846 3234 argumentum
1866 3177 1901 3217 a
1921 3160 2062 3216 scri-

411 3259 648 3327 ptorum
682 3252 1220 3310 ecclesiasticorum
1251 3251 1488 3306 silentio
1519 3251 1774 3320 ducitur,
1799 3250 1900 3322 qui
1921 3255 2058 3306 ante

415 3341 736 3398 Eusebium
759 3340 916 3412 apud
941 3356 1052 3396 nos
1082 3339 1431 3395 ﬂoruerunt.
1460 3361 1488 3390 η

492 3449 619 3503 Non
650 3463 808 3502 nunc
838 3445 910 3501 de
940 3445 992 3500 vi
1011 3446 1342 3518 argumenti
1371 3463 1404 3501 a
1430 3445 1769 3502 testimonio
1786 3446 2062 3520 negativi,

424 3537 544 3593 sive
571 3553 606 3592 a
626 3535 860 3592 silentio
891 3535 1245 3608 scriptorum
1267 3536 1436 3608 petiti
1467 3536 1736 3609 disputo;
1762 3553 1884 3592 non
1912 3552 2062 3609 nego

423 3626 665 3698 aliquod
687 3625 1026 3699 hujusmodi
1041 3625 1361 3696 aliquando
1377 3627 1557 3683 etiam
1574 3627 1645 3682 de
1659 3626 2065 3700 suppositione

418 3715 678 3788 alicujus
709 3715 910 3788 scripti
942 3715 1132 3771 valere
1169 3733 1182 3772 :
1220 3717 1339 3772 imo
1371 3716 1627 3773 libenter
1653 3734 1776 3773 non
1832 3721 2064 3772 tantum

423 3804 702 3874 concedo,
738 3805 842 3861 sed
867 3810 926 3861 et
955 3805 1252 3862 contendo
1311 3805 1411 3861 tali
1459 3811 1805 3880 argumento
1856 3806 2064 3862 nixum

421 3911 853 3967 nonnunquam
876 3895 1194 3951 Eusebium
1229 3895 1444 3967 ipsum,
1496 3912 1674 3968 quem
1734 3895 2062 3968 sequimur,

419 3985 748 4058 aliquorum
763 3985 1050 4042 librorum
1073 3985 1485 4042 auctoritatem
1506 3985 1806 4058 respuisse
1831 4003 1844 4053 ;
1871 3990 1934 4040 ut
1954 3986 2064 4040 An-

417 4077 574 4134 dreas
593 4083 651 4133 et
665 4077 907 4134 Joannis
925 4084 983 4132 et
1005 4076 1256 4133 aliorum
1275 4076 1676 4150 apostolorum
1693 4079 1874 4132 Actus
1895 4091 2068 4148 repu-

418 4165 640 4235 diabat,
664 4165 738 4219 ὧν
771 4161 923 4219 οὓδὶν
965 4161 1222 4236 οὐδαμῶς
1251 4164 1306 4220 ἐν
1361 4163 1746 4240 συγγράμματι
1789 4166 1900 4219 τῶν
1929 4161 2068 4218 κατᾶ

421 4252 688 4330 διαδοχὰς
717 4254 1226 4324 Ἐκκλησιαστικῶν
1255 4275 1340 4318 τις
1369 4254 1504 4329 ἀνὴρ
1542 4253 1620 4316 εἲς
1678 4255 1902 4326 μνήμην
1935 4251 2063 4329 ἆγαο

421 4347 534 4417 γεῖν
569 4343 786 4412 ἠξίωσε.
799 4345 987 4410 «Quos
1009 4345 1210 4400 nullus
1223 4361 1487 4416 unquam
1515 4344 1611 4415 qui
1627 4344 1974 4400 continuata
1993 4343 2066 4400 ab

423 4433 708 4506 apostolis
731 4435 1103 4490 successione
1127 4435 1187 4489 in
1209 4433 1468 4490 Ecclesia
1497 4433 1720 4502 docuit,
1749 4433 1812 4489 in
1833 4432 2068 4504 scriptis

429 4523 552 4580 suis
587 4539 1052 4580 commemorare
1095 4521 1794 4596 dignatusest.Hist.eccl.
1829 4521 1869 4576 l.
1901 4539 1977 4576 ιιι.
2013 4538 2064 4578 c.

424 4615 508 4668 25.
547 4613 868 4670 Clementis
896 4614 1075 4668 etiam
1109 4612 1422 4684 epistolam
1457 4611 1780 4667 secundam
1835 4611 2068 4684 rejecit,

421 4704 578 4760 hanc
605 4705 844 4761 unicam
874 4703 1170 4759 rationem
1201 4701 1488 4758 reddens:
1515 4697 1592 4758 Οὔ
1620 4700 1727 4774 μὴν
1752 4694 1828 4765 ἔθ’
1857 4699 2068 4775 ὁμοίως
2098 4699 2145 4766 D

423 4793 493 4866 τῇ
525 4794 762 4867 προτέρᾳ
787 4792 879 4847 καὶ
908 4790 1110 4861 ταύτην
1135 4789 1412 4865 γνώριμον
1439 4787 1792 4863 ἐπιστάμεθα,
1817 4789 1900 4844 ὅτι
1927 4787 2068 4863 μηδὲ

419 4881 548 4944 τοὺς
571 4881 835 4958 ἀρχαίους
858 4879 994 4954 αὐτῇ
1016 4878 1395 4954 κεχρημένους
1423 4877 1599 4952 ἴσμεν.
1625 4903 1654 4932 ‹‹
1675 4880 1895 4938 Verum
1914 4881 2068 4939 hanc

422 4990 544 5030 non
561 4973 809 5045 perinde
832 4976 1134 5043 receptam
1155 4975 1330 5041 atque
1362 4969 1746 5042 approbatam
1758 4970 1941 5028 fuisse
1961 4989 2068 5044 pro

423 5069 584 5120 certo
600 5059 1402 5133 habemus,quandoquidem
1432 5060 1778 5117 vetustiores
1801 5061 1928 5134 ejus
1960 5067 2072 5118 tes-

425 5151 677 5209 timonio
694 5167 1072 5222 nequaquam
1095 5166 1234 5204 usos
1268 5165 1394 5204 esse
1417 5151 2066 5222 comperimus,-l.m,c.

425 5245 513 5298 38.
550 5243 657 5298 Ubi
688 5241 1004 5312 diligenter
1035 5239 1464 5296 observandum
1513 5247 1622 5312 est,
1656 5241 1977 5298 discrimen
2007 5242 2069 5300 in

426 5333 519 5386 his
553 5332 693 5402 ipsis
715 5331 831 5384 libr
859 5346 886 5382 s
909 5327 1310 5398 dijudicandis
1331 5330 1403 5387 ab
1425 5331 1675 5386 Eusebio
1698 5331 2028 5389 adhibitum
2051 5351 2066 5401 ;

427 5421 656 5493 priores
693 5435 930 5490 prorsus
961 5425 1020 5472 et
1042 5420 1276 5489 penitus
1308 5419 1807 5492 condemnat,non
1837 5427 2072 5482 tantum

428 5511 502 5564 ob
538 5508 1015 5564 testimoniorum
1048 5507 1364 5576 defectum,
1391 5511 1493 5567 sed
1525 5518 1583 5568 et
1627 5511 1700 5568 ob
1758 5513 2072 5570 materiam

433 5597 774 5671 apostolicis
796 5597 1032 5669 scriptis
1063 5597 1308 5656 minime
1332 5603 2072 5674 consentaneam,etplane

431 5687 814 5755 boereticam;
847 5687 1239 5760 posteriorem
1270 5693 1655 5762 autem,quod
1689 5693 2076 5751 vetustiorum

427 5775 788 5847 testimoniis
818 5775 1141 5861 destitutus
1163 5784 1342 5852 esset,
1373 5794 1481 5854 pro
1510 5794 1632 5844 non
1660 5782 1808 5844 adeo
1837 5789 2076 5857 recepto

1449 447 1514 510 S.
1561 443 1959 510 IGNATIUS.
2002 473 2082 492 -
2121 433 2740 508 PROLEGOMENA.

2092 589 2148 652 Α
2176 585 2356 652 atque
2386 577 2693 650 explorato
2727 577 3142 633 tantummodo
3170 577 3370 645 habet,
3400 577 3558 636 unde
3588 578 3661 635 ab
3692 581 3824 637 aliis

2086 3325 2134 3391 C

3702 437 3823 502 812

2167 676 2376 744 postea
2406 674 2680 740 receptus
2711 673 2820 724 est.
2865 669 3103 724 Certum
3133 673 3333 724 autem
3357 673 3448 724 est
3500 669 3818 726 Eusebium

2166 777 2278 817 nec
2307 757 2494 815 ullum
2524 757 2745 812 librum
2777 757 2932 812 inter
2952 755 3411 825 canonicos,nec
3441 759 3600 814 inter
3627 759 3818 815 eccle-

2167 850 2436 908 siasticos
2474 865 2580 922 pro
2611 847 2950 904 indubitare
2978 865 3113 904 vero
3143 848 3646 920 recepisse,quem
3679 849 3818 905 scri-

2103 979 2113 989 .
2166 946 2404 1014 ptorum
2436 937 2978 994 ecclesiasticorum
3009 943 3146 994 ante
3179 953 3242 993 se
3287 937 3519 994 silentio
3549 938 3814 1010 prseteri-

2166 1035 2292 1086 tum
2335 1033 2394 1084 et
2448 1031 2715 1084 veterum
2771 1027 3132 1084 testimoniis
3177 1027 3416 1099 penitus
3465 1027 3817 1084 destitutum

2167 1115 2650 1182 anidmadvertit;
2674 1131 2868 1186 neque
2881 1130 2989 1187 pro
3003 1115 3336 1170 indubitate
3357 1115 3505 1171 falso
3537 1117 3620 1187 rej
3630 1116 3817 1172 ecisse

2167 1213 2344 1278 atque
2378 1203 2951 1272 condemnasse,nisi
2973 1209 3188 1276 printer
3217 1203 3695 1260 testimoniorum
3722 1203 3822 1260 de-

2165 1297 2390 1352 fectum
2421 1293 2648 1366 aliquid
2669 1294 2728 1350 in
2753 1293 2889 1348 libri
2913 1293 3166 1349 materia
3193 1293 3471 1349 vitiosum
3493 1293 3818 1366 deprehen-

2169 1385 2344 1454 derit,
2375 1391 2443 1441 ut
2471 1385 2533 1439 in
2553 1383 2713 1438 Petri
2755 1388 2812 1438 et
2855 1382 3100 1454 Apionis
3130 1382 3380 1456 dialogis
3411 1383 3519 1438 sub
3575 1384 3818 1440 nomine

2169 1475 2492 1532 Clementis
2516 1473 2866 1546 publicatis:
2902 1473 2998 1525 Ὢν
3030 1467 3296 1534 οὐδ’ὅλως
3326 1473 3515 1544 μνήμη
3545 1493 3630 1534 τις
3675 1472 3823 1547 παρὰ

2166 1569 2288 1626 τοῖς
2320 1563 2580 1624 παλαιοῖς
2610 1561 2848 1639 φὲρεταιο
2892 1557 3016 1616 οὐδὲ
3035 1558 3136 1637 γὰρ
3166 1561 3398 1636 καθαρόν
3417 1563 3517 1630 τῆς
3547 1561 3821 1618 Ἀποστο-

2167 1655 2334 1724 λικῆς
2365 1649 2680 1729 ὀρθοδοξίας
2710 1651 2986 1721 ἀποσώζει
3013 1651 3109 1706 τὸν
3130 1657 3473 1726 χαρακτῆρα.
3505 1675 3531 1702 ‹‹
3557 1652 3818 1718 Quorum

2168 1745 2324 1820 apud
2354 1743 2632 1814 antiquos
2652 1741 2819 1798 nulla
2849 1741 3090 1797 omnino
3117 1747 3307 1798 exstat
3327 1733 3550 1798 mentio
3577 1760 3590 1798 :
3623 1758 3818 1812 neque

2169 1837 2330 1894 enim
2363 1835 2596 1892 sincera
2615 1839 2792 1890 rectae
2831 1833 2970 1888 ﬁdei
3001 1833 3074 1888 ab
3105 1834 3394 1906 apostolis
3415 1833 3645 1890 traditas
3675 1839 3820 1890 nota

2092 1951 2140 2018 Β
2169 1928 2230 1984 in
2261 1927 2383 2018 illis
2406 1923 3024 2018 ex‘pressarreperitur.
3061 1944 3091 2018 ξ
3121 1926 3563 2018 Argumentum
3584 1924 3762 2018 igitur
3785 1940 3823 1980 ο,

2171 2014 2514 2074 testimonio
2533 2013 2870 2086 negativum
2894 2029 3016 2068 non
3039 2011 3308 2068 absolute
3333 2012 3820 2087 subterfugimus;

2172 2107 2277 2164 sed
2307 2104 2410 2161 ubi
2431 2105 2548 2158 vim
2571 2102 2834 2175 aliquem
2864 2101 3063 2170 habet,
3112 2102 3370 2158 libenter
3422 2103 3819 2172 admittimus,

2173 2197 2292 2252 imo
2323 2199 2382 2251 et
2403 2209 2702 2266 urgemus.
2735 2193 2801 2246 In
2833 2191 3096 2264 epistolis
3127 2193 3352 2264 Ignatio
3394 2193 3684 2264 ascriptis,
3715 2192 3830 2249 sed

2171 2303 2283 2342 nec
2313 2283 2385 2340 ab
2414 2281 2691 2350 Eusebio,
2725 2298 2834 2337 nec
2865 2281 2936 2338 ab
2959 2281 3316 2354 Hieronymo
3349 2283 3692 2338 memoratis
3723 2281 3831 2338 ad-

2173 2374 2506 2440 mittimus;
2538 2377 2598 2426 et
2626 2387 2760 2426 cum
2793 2387 2970 2426 nemo
3001 2388 3108 2443 per
3133 2376 3390 2443 quatuor
3433 2371 3644 2427 saecula
3684 2378 3828 2443 post

2173 2461 2386 2537 Ignatii
2417 2465 2672 2517 mortem
2703 2477 2906 2516 earum
2955 2459 3318 2528 meminerit,
3347 2461 3590 2516 omnino
3621 2459 3826 2530 rejici-

2173 2571 2328 2610 mus.
2363 2553 2428 2608 In
2461 2550 2732 2624 epistolis
2763 2567 3008 2622 prorsus
3039 2554 3176 2606 ante
3207 2550 3319 2605 hoc
3344 2549 3622 2605 saeculum
3643 2549 3827 2606 inau-

2173 2641 2332 2709 ditis,
2365 2657 2435 2697 ac
2464 2656 2538 2695 ne
2569 2656 2732 2696 nunc
2764 2639 3004 2711 quidem
3037 2639 3428 2708 exstantibus,
3454 2639 3559 2694 sed
3590 2639 3824 2695 solum-

2174 2730 2351 2787 modo
2380 2729 2456 2786 ad
2481 2728 2842 2786 eludendum
2866 2729 2920 2784 S.
2953 2728 3263 2802 Polycarpi
3294 2729 3702 2785 testimonium
3725 2746 3833 2786 ex-

2174 2819 2442 2892 cogitatis
2490 2819 2670 2875 etiam
2721 2834 3048 2891 urgemus;
3084 2825 3142 2874 et
3161 2835 3295 2874 cum
3331 2818 3506 2874 multi
3553 2835 3828 2890 unquam

2173 2907 2388 2964 saeculo
2449 2908 2698 2982 cognitas
2753 2907 2997 2974 fuerint,
3042 2924 3150 2980 pro
3195 2907 3477 2980 ﬁgmento
3508 2907 3828 2967 habemus.

2169 2996 2332 3052 Idem
2365 2996 2623 3067 denique
2643 3009 2868 3067 negans
2897 3001 3332 3068 argumentum,
3361 2997 3411 3051 si
3441 2996 3591 3052 forte
3609 2997 3837 3054 offera-

2177 3090 2294 3154 tur,
2317 3085 2510 3158 primo
2561 3083 2918 3140 discutimus
2943 3101 2957 3151 ;
2991 3083 3405 3152 discussum,si
3427 3084 3652 3140 nullam
3675 3085 3740 3140 in
3763 3103 3835 3144 se

2170 3174 2288 3230 vim
2322 3173 2542 3230 habere
2571 3172 2745 3228 nobis
2767 3173 3346 3246 videatur,negamus
3369 3191 3384 3243 ;
3409 3177 3469 3230 et
3491 3174 3838 3247 negationis

2171 3263 2465 3319 rationem
2495 3259 2829 3318 reddimus.

2241 3383 2358 3450 Ego
2385 3378 2734 3450 ucro,inquit
2753 3379 2836 3434 vir
2853 3377 3255 3449 doctissimus,
3284 3403 3311 3432 «
3329 3397 3453 3438 non
3475 3383 3838 3456 negaverint

2173 3467 2446 3542 quaedam
2465 3484 2594 3524 esse
2616 3467 3041 3542 hujusmodi,in
3053 3468 3272 3540 quibus
3282 3487 3592 3543 perperam
3605 3471 3720 3528 hoc
3733 3491 3834 3530 ar-

2171 3557 2437 3631 gumenti
2448 3573 2635 3629 genus
2655 3555 2990 3613 adhibeas.»
3001 3557 3070 3614 Et
3083 3573 3190 3630 ego
3208 3558 3506 3616 afﬁrmare
3519 3577 3635 3616 non
3652 3560 3833 3618 dubi-

2173 3647 2441 3716 taverim,
2463 3662 2704 3703 causam
2743 3653 3010 3703 nostram
3050 3647 3342 3720 ejusmodi
3376 3665 3527 3719 esse,
3559 3655 3622 3705 ut
3653 3651 3715 3706 in
3749 3669 3831 3711 ea

2171 3737 2284 3793 rite
2313 3735 2584 3793 adhiberi
2601 3735 2849 3792 minime
2878 3737 3084 3810 possit.
3105 3737 3162 3792 Si
3186 3737 3346 3794 enim
3370 3755 3632 3810 unquam
3657 3757 3845 3815 argu-

2173 3831 2447 3883 mentum
2479 3842 2514 3882 a
2560 3825 2902 3882 testimonio
2966 3827 3302 3900 negativum
3347 3828 3499 3884 nihil
3524 3829 3738 3901 valeat,
3773 3833 3846 3888 id

2179 3921 2304 3972 tum
2342 3915 2637 3990 praecipue
2670 3915 2756 3984 ﬁt,
2787 3931 2923 3971 cum
2955 3914 3130 3972 datur
3158 3923 3576 3990 argumentum
3595 3935 3630 3975 a
3657 3922 3807 3977 testi
3827 3953 3847 3964 -

2175 4005 2382 4061 monio
2413 4003 2856 4072 afﬁrmativum,
2887 4005 3048 4076 quod
3095 4005 3182 4061 illi
3233 4007 3410 4079 plane
3464 4009 3845 4068 contrarium

2175 4095 2389 4151 asserit
2401 4099 2459 4150 et
2470 4094 2932 4153 evincit.Contra
2944 4095 3106 4151 enim
3119 4094 3570 4153 afﬁrmationem
3591 4099 3842 4158 testium

2175 4186 2337 4240 omni
2373 4184 2488 4241 ﬁde
2531 4183 2866 4257 dignorum,
2900 4184 3185 4258 nullaque
3213 4185 3490 4243 falsitatis
3513 4192 3615 4244 aut
3634 4188 3842 4246 imbe-

2175 4273 2438 4330 cillitatis
2452 4273 2792 4345 suspicione
2807 4273 3385 4345 laborantium,nihil
3404 4277 3559 4333 valet
3576 4277 3841 4337 aliorum

2175 4362 2435 4436 negatio,
2467 4361 2653 4418 multo
2684 4361 2886 4418 minus
2918 4362 3245 4420 silentium.
3269 4365 3390 4422 Hoc
3421 4365 3662 4438 quidem
3688 4385 3842 4427 casu

2177 4457 2591 4524 argumentum
2611 4467 2837 4524 negans
2859 4469 3120 4525 seipsum
3134 4459 3310 4527 negat
3331 4473 3345 4522 ;
3368 4455 3652 4512 fundatur
3667 4459 3838 4516 enim

2177 4544 2241 4598 in
2269 4539 2538 4613 generali
2573 4541 2810 4597 silentio
2837 4558 2850 4598 :
2883 4547 2944 4598 at
2972 4559 3107 4600 cum
3137 4543 3226 4599 vel
3258 4543 3460 4615 plures
3498 4546 3590 4602 vel
3647 4549 3842 4606 etiam

2175 4645 2334 4686 unus
2363 4629 2931 4702 loquitur,generale
2965 4631 3270 4689 silentium
3290 4650 3412 4690 non
3445 4640 3552 4691 est.
3579 4636 3689 4702 Qui
3712 4639 3840 4696 vim

2177 4720 2308 4792 ejus
2345 4719 2601 4776 maxime
2630 4719 2980 4790 defendunt,
3011 4725 3154 4778 tunc
3181 4727 3416 4780 tantum
3443 4724 3656 4782 efﬁcax
3699 4744 3838 4784 esse

2176 4809 2461 4881 fatentur,
2487 4825 2622 4866 cum
2653 4809 2841 4866 nullus
2883 4812 3105 4868 omnino
3159 4814 3403 4884 scriptor
3455 4815 3690 4886 aequalis
3745 4818 3842 4874 vel

2176 4915 2387 4971 suppar
2406 4904 2639 4970 praestat
2671 4898 3040 4956 teitimonium
3062 4917 3085 4966 ;
3113 4899 3216 4956 ubi
3245 4907 3443 4959 autem
3485 4903 3572 4961 vel
3622 4905 3838 4978 plures

2177 4988 2266 5044 vel
2297 4988 2477 5045 etiam
2497 5004 2652 5044 unus
2681 4987 3104 5059 testaturﬂdici
3126 5005 3248 5046 non
3271 4997 3468 5062 potest
3483 4993 3700 5051 nullum
3721 5012 3846 5054 om-

2177 5078 2314 5132 nino
2346 5077 2723 5130 testimonium
2735 5077 3229 5146 prestare.Causa
3257 5077 3438 5152 igitur
3467 5085 3674 5138 nostra
3723 5083 3847 5140 hoc

2181 5169 2595 5238 argumentum
2654 5163 2901 5220 minime
2933 5163 3214 5223 admittit.
3247 5166 3377 5224 Non
3409 5170 3568 5226 enim
3599 5173 3844 5230 tantum

2180 5255 2522 5320 Eusebium,
2557 5254 2656 5325 qui
2689 5253 2846 5309 intra
2875 5253 3164 5310 ducentos
3186 5262 3325 5328 post
3369 5257 3594 5316 obitum
3618 5261 3846 5334 Ignatii

2181 5360 2372 5399 annos
2393 5342 2554 5412 vixit,
2589 5343 2807 5407 lloruit,
2841 5347 2902 5398 et
2930 5341 3242 5416 presbyter
3268 5344 3400 5412 fuit,
3423 5347 3846 5422 locupletissi-

2181 5449 2345 5490 mum
2369 5438 2582 5489 testem
2619 5431 2932 5500 habemus,
2969 5430 3075 5488 sed
3123 5439 3184 5489 et
3213 5441 3350 5492 ante
3383 5453 3519 5494 eum
3546 5439 3729 5497 etiam
3766 5443 3845 5499 ab

2184 5523 2315 5596 ipsa
2346 5521 2710 5579 sanctissimi
2741 5520 3020 5592 martyris
3051 5523 3332 5594 passione
3379 5528 3748 5601 complures.
3789 5532 3850 5589 S.

2183 5612 2544 5686 Polycarpus
2568 5612 2677 5669 has
2705 5611 2864 5684 ipsas
2885 5609 3316 5684 epistolas,non
3343 5616 3490 5674 alias
3520 5625 3623 5676 aut
3646 5620 3854 5680 diver-

2188 5718 2306 5771 sas,
2339 5703 2548 5759 eodem
2577 5718 2693 5775 quo
2721 5700 2956 5774 scriptas
2979 5707 3120 5760 sunt
3143 5720 3302 5764 anno
3333 5705 3587 5782 collegit,
3620 5711 3844 5785 edidit,

2187 5789 2521 5864 posteritati
2561 5787 3018 5865 conlaudavit,
3067 5796 3135 5857 ut
3183 5793 3315 5855 fuse
3363 5796 3688 5869 probatum
3729 5808 3851 5865 est.
