3974 6296
144 407 262 472 213

913 411 971 472 J.
1017 410 1443 473 PEARSONII
1488 407 1860 473 VINDICIE
1900 408 2379 474 IGNA'l‘lANJB.
2427 445 2506 460 —
2547 413 2750 476 PARS
2799 415 2852 476 Ι.

3458 420 3579 481 2η

147 547 313 603 Philo
349 553 408 602 et
452 545 820 619 AgathOpus,
879 548 940 602 Β.
1002 547 1208 621 Ignatii
1242 564 1312 603 ex
1344 547 1508 618 Syria
1539 548 1804 618 comites,
1837 548 1891 616 Α
1921 548 2155 604 efﬁcere
2188 565 2307 603 non
2340 555 2552 619 potest,
2581 555 2645 604 ut
2677 549 2835 621 quod
2867 549 2939 606 ab
2970 549 3100 606 aliis
3129 551 3574 617 visum,lectum

149 640 205 692 iu
239 639 400 692 Actis
429 639 701 708 proximo
726 655 885 693 anno
909 638 1104 703 editis,
1131 643 1196 692 ut
1216 638 1468 703 videtur,
1495 638 1807 708 epistolam

148 727 215 781 ad
240 731 545 783 Romanos
568 729 1395 783 commemorantﬁJrenaaus
1417 744 1537 782 non
1561 728 1806 784 aliunde

146 833 321 888 quam
347 834 417 872 ex
442 817 651 872 eadem
677 817 929 888 epistola
950 818 1242 888 insignem
1263 818 1618 872 sententiam
1644 824 1806 873 tran-

147 906 404 976 scripsit.
443 906 498 959 S.
534 907 916 976 TheOphilus,
959 905 1283 960 Antiochia:
1338 906 1670 975 episcopus,
1705 911 1808 961 aut

145 1001 296 1048 certe
331 1001 500 1048 vetus
531 1001 740 1048 auctor
773 995 828 1048 S.
865 995 1076 1049 Basilio
1136 993 1349 1061 dictus,
1395 993 1663 1064 ejusdem
1698 1012 1804 1048 saa-

145 1083 276 1151 culi,
310 1085 496 1139 aliam
531 1085 712 1139 etiam
747 1085 1104 1138 sententiam
1137 1099 1207 1138 ex
1239 1082 1486 1153 epistola
1507 1082 1581 1138 ad
1616 1083 1806 1155 Ephe-

147 1176 258 1229 sios
289 1181 604 1230 mutuatus
637 1175 952 1230 est.Tertio
977 1174 1194 1230 saeculo
1223 1175 1502 1246 Origenes
1533 1173 1803 1229 eamdem

145 1265 634 1319 commemoravit
655 1264 896 1335 juvenis
926 1264 1138 1330 adhuc,
1159 1269 1218 1318 et
1246 1264 1425 1318 aliam
1453 1279 1519 1316 ex
1553 1263 1804 1334 epistola

142 1353 210 1407 ad
241 1356 548 1409 Romanos
601 1353 759 1407 idem
811 1369 991 1407 senex
1043 1352 1356 1424 excerpsit,
1388 1369 1455 1406 ac
1485 1352 1800 1422 utrobique

139 1443 428 1514 lgnatium
463 1442 814 1497 nominavit.
847 1445 972 1496 Non
1003 1442 1184 1512 igitur
1212 1441 1397 1496 altum
1429 1441 1489 1494 in
1519 1440 1798 1506 Ecclesia,

137 1549 252 1588 non
284 1533 645 1587 diuturnum
678 1532 985 1586 silentium
1019 1531 1148 1585 fuit.
1182 1531 1460 1602 Epistolas
1499 1531 1554 1584 S.
1590 1530 1797 1602 Ignatii

140 1623 207 1677 ab
236 1623 368 1692 ipso
404 1638 614 1677 earum
649 1626 783 1675 ortu
841 1626 900 1676 et
951 1626 1104 1674 notae
1154 1625 1212 1676 et
1241 1619 1500 1674 illustres
1532 1619 1796 1685 fuerunt,

139 1722 454 1785 postquam
518 1715 778 1786 genuino
820 1714 1096 1784 martyris
1137 1712 1301 1778 fetui,
1334 1727 1453 1766 non
1486 1710 1795 1774 Eusebius,

138 1803 231 1856 sed
282 1804 337 1857 S.
375 1802 746 1873 Polycarpus
807 1801 1220 1855 obstetricatus
1265 1807 1371 1855 est.
1409 1801 1487 1854 Ex
1520 1815 1635 1870 quo
1670 1798 1798 1868 ejus

1915 643 1971 693 et
2003 644 2353 709 usurpatum
2389 638 2518 705 fuit,
2554 638 2611 692 id
2649 639 2894 694 omnino
2928 655 3048 694 non
3076 647 3252 695 esset.
3287 642 3432 696 Cum
3465 658 3573 697 au-

1914 733 2033 783 tem
2059 729 2185 796 jam
2217 727 2442 798 liquido
2465 733 2766 798 appareat,
2792 729 3025 783 nullum
3057 730 3117 783 in
3148 731 3429 800 praesenti
3461 747 3572 785 ne—

1912 817 2069 888 gotio
2101 822 2447 888 argumento
2479 817 2719 887 neganti
2771 817 2964 872 locum
2996 834 3124 872 esse
3152 834 3164 884 ;
3199 818 3348 873 illud
3373 836 3566 890 unum,

1911 913 1978 960 ut
2006 906 2189 959 voluit
2222 905 2492 972 Dallaeus,
2526 923 2685 960 nunc
2735 913 2937 974 restat,
2972 913 3036 960 ut
3078 924 3364 980 negemus
3395 910 3564 981 Igna-

1911 995 2072 1049 tiana
2102 995 2243 1050 viris
2287 1001 2346 1049 et
2389 995 2666 1049 Ecclesiis
2698 995 3100 1050 celeberrimis
3132 997 3314 1051 fuisse
3345 998 3563 1068 ignota,

1912 1088 1970 1138 et
1999 1085 2358 1154 conjecturis
2417 1086 2546 1154 ejus
2601 1086 3090 1155 respondeamus,
3134 1087 3347 1156 quibus
3376 1089 3563 1144 fretus

1911 1188 1979 1227 ea
2009 1175 2281 1240 asseruit,
2316 1189 2445 1243 qua;
2499 1174 2624 1244 ipse
2668 1175 2995 1229 certissime
3051 1176 3357 1247 ignoravit.
3391 1179 3459 1231 Et
3488 1178 3562 1232 ab

1908 1263 2132 1317 Irenaeo
2164 1262 2404 1332 quidem
2436 1262 2686 1327 orditur,
2738 1263 2808 1318 de
2841 1281 2957 1334 quo
2990 1265 3227 1335 copiose
3261 1265 3559 1336 disputat;

1909 1352 2013 1406 sed
2045 1368 2113 1407 ea
2143 1353 2344 1406 omnia
2375 1369 2480 1406 suo
2513 1353 2642 1408 loco
2675 1353 3078 1408 refutavimus.
3103 1353 3188 1408 Ab
3221 1355 3444 1409 Irenaeo
3467 1371 3566 1410 au-

1908 1445 2026 1495 tem
2055 1442 2266 1496 transit
2293 1442 2366 1496 ad
2397 1442 2721 1497 Ecclesiam
2761 1441 3241 1498 Alexandrinam.

1980 1547 2139 1602 «Sed
2155 1565 2350 1620 neque
2365 1549 3001 1620 Alexandrinis,inquit
3018 1552 3196 1621 capite
3207 1551 3565 1618 7,notiorem

1907 1654 2084 1708 quam
2103 1638 2326 1693 Irenaeo
2348 1644 2405 1692 et
2423 1639 2656 1694 Asianis
2676 1639 2860 1693 fuisse
2882 1639 3255 1710 epistolicum
3272 1640 3566 1712 lgnatium

1907 1727 2047 1782 satis
2071 1744 2138 1782 ex
2169 1727 2422 1797 quadam
2452 1728 2736 1799 singulari
2762 1727 2921 1781 illius
2943 1727 3219 1783 Ecclesize
3247 1729 3564 1784 traditione

1905 1822 2152 1871 constat.
2172 1819 2270 1871 »Εἰ
2293 1834 2434 1872 sane
2453 1822 2683 1871 constet
2707 1817 2999 1887 lgnatium
3023 1823 3291 1872 nostrum
3317 1817 3566 1873 Alexan-

139 1893 384 1962 epistola
418 1891 494 1945 ad
531 1891 946 1961 Philippenses
969 1890 1105 1944 data
1128 1891 1188 1943 in
1213 1889 1450 1960 publico
1478 1889 1630 1943 Asiae
1663 1905 1794 1942 con-

1920 1906 2092 1959 irinis
2113 1923 2231 1959 non
2257 1905 2437 1960 fuisse
2461 1907 2752 1960 notiorem
2780 1923 2957 1976 quam
2982 1908 3202 1960 Irenaeo
3227 1912 3284 1960 et
3306 1908 3562 1973 Asianis;

135 1989 302 2034 ventu
325 1979 1025 2050 personabat,lgnatiana
1046 1985 1357 2048 tantopere
1380 1977 1798 2032 commendata

136 2069 315 2124 latere
340 2069 515 2123 nullo
551 2068 724 2122 modo
749 2074 1086 2138 potuerunt.
1124 2068 1360 2122 Nullum
1386 2068 1565 2139 igitur
1594 2067 1691 2121 hic
1718 2068 1798 2121 si—

135 2159 378 2213 leutium
397 2157 658 2223 mullum
679 2155 950 2229 negantis
963 2157 1296 2228 argumenti
1315 2156 1792 2210 fundamentum.

202 2249 451 2302 Summa
500 2246 837 2319 argumenti
888 2262 921 2300 a
965 2247 1084 2300 viro
1116 2245 1461 2300 doctissimo
1520 2244 1794 2316 producti

133 2337 252 2392 haec
290 2343 401 2392 est.
441 2337 498 2392 Si
534 2354 685 2391 verte
747 2341 946 2390 essent
1001 2337 1093 2390 haa
1155 2335 1359 2408 Ignatii
1394 2335 1673 2406 epistolas,
1711 2352 1794 2390 eas

126 2427 383 2481 fuissent
414 2427 556 2480 viris
587 2425 858 2489 eruditis,
876 2425 1103 2480 Justino
1131 2425 1191 2479 in
1215 2425 1516 2496 primis,et
1546 2426 1794 2493 Irenieo,

127 2523 180 2570 et
209 2517 504 2570 Clementi
563 2514 986 2582 Alexandrino,
1047 2519 1105 2569 et
1154 2514 1537 2585 Tertulliano,
1573 2519 1631 2569 et
1659 2514 1794 2570 aliis

135 2608 402 2678 ejusdem
439 2622 650 2661 census
683 2610 862 2675 atque
919 2605 1022 2659 aavi
1077 2603 1470 2676 scriptoribus
1500 2604 1795 2676 cognitis-

132 2697 320 2751 simae.
357 2696 472 2750 Sed
495 2695 634 2749 viris
654 2694 773 2749 illis
796 2693 1215 2748 eruditissimis
1246 2693 1494 2765 cognitae
1523 2709 1641 2747 non
1667 2692 1794 2748 fue-

133 2789 297 2841 runt.
335 2786 482 2856 Ergo
516 2783 726 2856 lgnatii
777 2781 1038 2854 epistolae
1097 2799 1248 2837 verse
1305 2798 1428 2836 non
1459 2788 1617 2836 sunt.
1650 2784 1795 2837 Tum

131 2893 271 2931 vero
305 2893 412 2947 pro
441 2891 721 2930 concesso
744 2874 1060 2941 sumit,nos
1077 2873 1226 2928 illud
1246 2889 1433 2928 unum
1456 2879 1796 2944 negaturos,

134 2967 372 3037 ignotas
402 2964 630 3018 scilicet
671 2963 856 3018 fuisse
909 2962 1048 3016 viris
1096 2961 1214 3016 illis
1258 2962 1365 3016 has
1396 2961 1694 3032 epistolas.
1726 2967 1800 3016 At

136 3072 247 3109 nos
279 3053 396 3109 duo
430 3054 524 3108 hic
558 3069 864 3124 negamus,
900 3052 1179 3124 primum,
1233 3051 1281 3105 si
1328 3051 1596 3105 Justinus
1624 3051 1797 3120 forte,

137 3150 241 3200 aut
271 3143 565 3210 Clemens,
587 3148 688 3197 aut
704 3141 1127 3206 Tertullianus,
1153 3145 1256 3195 aut
1277 3140 1334 3194 hi
1357 3157 1566 3194 omnes
1589 3139 1799 3212 Ignatii

137 3233 425 3304 epistolas
481 3232 880 3304 ignorassent,
930 3230 1288 3302 Polycarpus
1346 3236 1566 3297 autem,
1607 3229 1794 3297 Philo,

135 3323 501 3395 Agathopus.
565 3320 946 3392 Theophilus,
993 3321 1274 3388 lrenaaus,
1325 3319 1626 3392 Origenes,
1676 3319 1797 3374 illis

138 3413 504 3482 antiquiores
535 3416 637 3465 aut
671 3425 875 3464 eorum
909 3409 1230 3481 synchroni
1264 3409 1599 3474 novissent;
1633 3408 1798 3464 nullo

137 3502 315 3556 modo
347 3501 639 3572 sequitur,
698 3500 806 3554 has
865 3497 1146 3568 epistolas
1204 3498 1413 3569 Ignatii
1469 3513 1636 3552 veras
1677 3513 1798 3552 non

139 3591 320 3646 fuisse
346 3607 359 3644 :
394 3587 827 3659 consequentia
858 3586 1037 3658 igitur
1067 3591 1300 3641 tantum
1330 3591 1421 3641 est
1452 3585 1796 3657 probabilis,

139 3698 256 3735 non
314 3680 669 3734 necessaria.
738 3677 1006 3732 Secundo
1064 3676 1195 3730 loco
1254 3691 1538 3748 negamus
1567 3676 1799 3748 ignotas

140 3771 322 3825 fuisse
353 3769 469 3824 illis
497 3770 636 3823 viris
671 3768 778 3822 has
809 3765 1110 3838 epistolas,
1133 3765 1310 3836 idque
1333 3765 1406 3820 ob
1440 3764 1585 3820 duas
1616 3766 1800 3820 ratio-

146 3877 272 3928 nes,
305 3866 432 3914 tum
466 3857 627 3929 quod
658 3855 897 3928 probari
946 3870 1255 3925 nunquam
1293 3871 1467 3925 posse
1499 3859 1799 3926 putamus,

148 3966 244 4004 eos
278 3964 484 4004 revera
516 3947 838 4019 ignorasse,
887 3949 1012 3999 tum
1059 3943 1216 4014 quod
1266 3943 1498 3998 meliori
1522 3944 1660 4014 jure
1691 3961 1800 3999 nos

145 4039 501 4110 colligimus,
536 4053 636 4091 eos
676 4035 874 4106 potius
915 4034 1138 4104 optime
1187 4033 1442 4088 novisse.
1487 4032 1607 4088 Illte
1638 4034 1799 4089 enim

147 4128 430 4198 epistolas,
463 4143 595 4197 quae
624 4124 971 4195 Polycarpo,
1002 4122 1259 4190 Philoni,
1281 4122 1589 4194 Agathopi,
1613 4123 1798 4178 Theo-

144 4216 324 4286 philo,
358 4215 587 4269 Irenaao
643 4218 703 4267 et
760 4211 993 4282 Origeni
1053 4215 1210 4264 notua
1254 4211 1512 4274 fuerunt,
1545 4210 1796 4276 Justino,

146 4301 823 4364 Clementi,Tertulliano
841 4299 1095 4369 aliisque
1112 4299 1378 4370 ejusdem
1396 4315 1609 4355 census
1623 4305 1800 4370 atque

146 4395 241 4448 avi
297 4391 695 4463 scriptoribus
734 4405 855 4444 non
903 4388 1181 4442 videntur
1229 4388 1546 4460 incognitas
1592 4388 1797 4447 fuisse.

145 4483 251 4537 Sed
282 4481 500 4554 Iguatii
531 4479 797 4550 epistola)
825 4478 970 4546 illis,
1005 4481 1072 4533 ut
1099 4477 1228 4532 fuse
1247 4477 1801 4546 ostendimus,notaa

145 4571 406 4627 fuerunt.
429 4571 580 4640 Ergo
614 4575 672 4623 et
699 4568 812 4623 his.
844 4567 914 4622 Et
937 4567 985 4622 si
1018 4566 1081 4621 in
1114 4566 1328 4622 horum
1358 4567 1638 4637 operibus
1667 4584 1800 4639 quas

1906 1995 2102 2049 notior
2132 1995 2288 2049 enim
2347 1995 2764 2050 Alexandrinis
2815 2000 2918 2049 aut
2946 1994 3075 2049 aliis
3109 1995 3563 2066 quibuscumque

1907 2101 2036 2139 esse
2088 2101 2207 2138 non
2238 2085 2446 2156 potuit,
2497 2102 2630 2140 cum
2677 2085 2796 2138 illis
2828 2085 3008 2138 fuerit
3037 2085 3404 2141 notissimus.
3449 2086 3561 2140 Pro

1906 2173 2221 2229 Athanasio
2254 2173 2516 2246 loquitur
2549 2174 2844 2230 sententia
2876 2191 3052 2244 quam
3087 2175 3379 2246 excerpsit
3407 2191 3420 2240 ;
3453 2192 3560 2246 pro

1905 2264 2141 2319 Asianis
2162 2264 2411 2336 epistola
2425 2265 2729 2336 Polycarpi
2753 2281 2859 2335 per
2879 2269 2966 2320 tot
2988 2263 3201 2320 saecula
3222 2265 3378 2336 apud
3402 2265 3562 2336 ipsos

1903 2352 2076 2408 lecta.
2101 2353 2214 2408 Sed
2242 2375 2269 2403 ‹‹
2293 2358 2380 2408 est
2404 2354 2530 2408 haec
2553 2353 2847 2416 doctrina,
2878 2353 3084 2423 inquit,
3118 2353 3189 2408 ab
3225 2354 3446 2426 Ignatio
3475 2355 3562 2407 in-

1906 2442 2281 2508 culcata,non
2295 2443 2469 2498 aliter
2483 2459 2656 2513 quam
2679 2444 2750 2497 ab
2766 2459 2884 2498 uno
2906 2443 3181 2514 episcopo
3201 2442 3562 2515 presbyteris

1904 2532 2262 2602 praesidente
2286 2532 2404 2603 regi
2425 2549 2598 2604 posse
2616 2549 2682 2588 ac
2706 2531 2921 2587 debere
2943 2532 3205 2605 singulas
3221 2532 3434 2587 Christi
3454 2532 3563 2586 Ec—

1906 2618 2135 2675 clesias.
2162 2641 2190 2670 »
2218 2619 2549 2689 De‘singulis
2571 2619 2721 2674 nihil
2742 2619 2889 2674 dixit
2910 2620 3262 2691 Ignatius,et
3283 2624 3480 2690 potest
3501 2620 3564 2672 in

1908 2724 1976 2762 ea
2007 2725 2145 2764 voce
2171 2709 2399 2780 aliquid
2433 2709 2616 2764 latere
2641 2725 2654 2774 ;
2677 2707 2781 2762 sed
2813 2709 2861 2762 si
2893 2713 3051 2763 recte
3078 2707 3467 2780 intelligatur,
3495 2723 3566 2762 ea

1907 2802 2066 2853 certe
2099 2797 2309 2858 Ignatii
2343 2797 2611 2852 doctrina
2640 2797 2772 2862 fuit,
2807 2802 2884 2862 et,
2917 2802 2983 2850 ut
3012 2797 3238 2868 opinor,
3273 2796 3566 2868 apostolo-

1905 2902 2039 2940 rum
2071 2885 2364 2956 discipulo
2420 2893 2472 2940 et
2532 2885 2807 2956 episcopo
2839 2885 3207 2954 dignissima.
3243 2887 3328 2939 An
3361 2889 3562 2938 autem

1907 2976 2034 3030 haec
2065 2974 2338 3030 doctrina
2365 2973 2782 3030 Alexandrinis
2821 2980 2948 3028 erat
2987 2974 3301 3046 incognita,
3332 2979 3397 3028 ut
3425 2973 3562 3028 inde

1910 3065 2086 3119 etiam
2119 3065 2411 3134 lgnatium
2439 3063 2512 3118 iis
2540 3062 2776 3135 penitus
2808 3063 3072 3136 ignotum
3104 3063 3290 3118 fuisse
3322 3062 3562 3134 colliga-

1909 3153 2085 3208 mus?
2104 3153 2261 3207 Nihil
2285 3153 2506 3208 minus.
2533 3154 2597 3206 In
2619 3151 2786 3206 nulla
2809 3168 3072 3222 unquam
3095 3151 3353 3206 Ecclesia
3373 3152 3559 3223 magis

1909 3247 2147 3313 recepta
2196 3248 2252 3296 et
2292 3242 2594 3297 obtervata
2652 3247 2742 3295 est
2799 3241 2923 3295 haec
2971 3241 3240 3296 doctrina
3289 3256 3463 3311 quam
3494 3241 3557 3294 in

1910 3331 2332 3386 Alexandrina.
2366 3331 2538 3386 Nulla
2567 3336 2706 3385 sunt
2745 3331 3017 3398 certiora,
3054 3336 3157 3385 aut
3184 3330 3370 3402 magis
3402 3329 3561 3400 apud

1907 3437 2114 3477 omnes
2147 3421 2208 3475 in
2241 3420 2510 3476 confesso
2548 3425 2952 3489 monumenta,
2984 3436 3162 3490 quam
3187 3437 3316 3490 qum
3350 3419 3421 3473 de
3452 3421 3560 3473 Ec-

1909 3509 2092 3565 clesia
2111 3509 2509 3566 Alexandrina
2532 3509 2767 3582 prodita
2789 3509 3118 3565 sunt.Unde
3135 3509 3222 3562 vir
3243 3507 3558 3576 maximus,

1909 3601 2070 3672 Hugo
2093 3601 2351 3666 Grotius,
2375 3601 2474 3671 qui
2499 3601 2743 3672 putavit,
2779 3600 2850 3655 ab
2875 3601 3046 3655 initio
3071 3599 3363 3656 Ecclesias
3395 3616 3561 3655 como

1909 3688 2075 3742 muni
2099 3687 2714 3759 presbyterorum,qui
2736 3685 2916 3741 iidem
2936 3704 3145 3743 omnes
3168 3695 3226 3744 et
3248 3688 3560 3760 episcopii,

1908 3782 1974 3832 ut
2002 3777 2104 3844 ait,
2126 3776 2309 3831 Paulo
2340 3776 2748 3846 Clementique
2771 3775 3072 3841 dicuntur,
3097 3777 3344 3831 consilio
3377 3777 3560 3831 fuisse

1909 3865 2286 3937 gubernatas,
2321 3863 2384 3917 in
2417 3879 2486 3918 ea
2517 3863 2815 3918 sententia
2852 3863 2982 3928 fuit,
3015 3863 3170 3932 quod
3203 3880 3408 3918 exsors
3441 3864 3564 3934 epi-

1911 3969 2226 4024 scoporum
2257 3952 2579 4007 auctoritas
2616 3950 2894 4005 Ecclesiae
2953 3951 3402 4019 consuetudine,
3431 3957 3566 4022 post

1910 4042 2086 4098 Marci
2120 4046 2372 4097 mortem
2404 4040 2983 4110 Alexandrim,atque
3015 4056 3084 4094 eo
3116 4040 3388 4110 exemplo
3420 4039 3562 4095 alibi

1909 4131 2204 4186 introduci
2237 4130 2500 4202 cmperit,
2560 4136 2624 4184 ut
2673 4129 2800 4200 ipse
2857 4134 3105 4183 testatur
3155 4128 3404 4199 epistola
3437 4129 3558 4185 162.

1908 4224 2076 4276 Certe
2118 4220 2174 4275 S.
2207 4221 2464 4274 Marcum
2519 4218 2889 4274 Alexandria:
2939 4219 3318 4274 constituisse
3361 4217 3561 4274 Eccle-

1911 4310 2058 4364 siam
2090 4326 2298 4364 omnes
2357 4307 2647 4374 scribunt,
2706 4307 3108 4379 episcopatum
3154 4307 3236 4362 ibi
3283 4308 3558 4364 habuisse

1910 4399 2302 4470 Hieronymus
2334 4397 2680 4469 praafatione
2712 4397 2774 4452 in
2825 4397 3202 4463 Matthaaum;
3251 4398 3558 4454 ordinasse

1912 4488 2254 4560 episcopum
2284 4488 2528 4542 nomine
2561 4487 2856 4542 Anianum
2882 4486 2972 4541 vel
3002 4487 3315 4552 Ananiam,
3350 4487 3559 4542 eodem

1911 4589 2206 4630 consensu
2236 4573 2517 4629 tradunt:
2553 4573 2900 4643 adjunxisse
2924 4573 3156 4629 Aniano
3187 4579 3254 4628 ut
3283 4575 3559 4645 episcopo

145 4677 300 4716 nunc
330 4663 592 4722 exstant,
650 4657 874 4712 mentio
932 4656 1146 4710 harum
1206 4655 1592 4726 epistolarum
1633 4657 1799 4712 nulla
1831 4645 1874 4710 D
1904 4667 2130 4717 certum
2163 4662 2648 4734 presbyterorum
2709 4667 2766 4716 et
2823 4661 3210 4718 diaconorum
3241 4678 3560 4718 numerum

145 4750 294 4805 facta
327 4754 440 4815 est,
475 4746 606 4802 ﬁeri
666 4751 866 4801 tamen
922 4749 1116 4816 potest
1144 4749 1213 4799 ut
1239 4745 1300 4798 in
1331 4744 1452 4799 illis
1481 4761 1613 4815 qua)
1640 4746 1798 4817 peri-

146 4837 551 4908 erunt,qualia
578 4836 764 4890 fuisse
785 4833 1225 4905 quamplurima
1247 4834 1800 4905 scimus,lgnatiana

144 4930 617 4985 commemorata
637 4924 778 4991 sint,
805 4922 1306 4994 quemadmodum
1329 4922 1402 4978 ab
1425 4923 1497 4977 iis
1518 4939 1666 4994 quos
1689 4940 1798 4979 no-

141 5019 504 5073 minavimus
561 5017 1123 5069 commemorantur.
1157 5011 1324 5075 Quod
1382 5012 1428 5066 si
1488 5028 1681 5082 neque
1729 5013 1794 5068 in

140 5108 336 5165 editis.
371 5120 570 5174 neque
593 5103 653 5157 iu
678 5099 1004 5172 deperditis
1028 5099 1117 5153 illi
1140 5099 1439 5171 lgnatiana
1469 5117 1798 5157 memoras-

140 5203 288 5262 seut,
312 5211 390 5250 ne
413 5195 501 5250 sic
526 5191 770 5264 quidem
793 5189 914 5244 ullo
937 5187 1114 5244 modo
1135 5189 1533 5260 sequitur.eos
1563 5191 1798 5260 penitus

139 5285 242 5340 illa
275 5281 641 5356 ignoravisse
701 5295 834 5348 quae
895 5276 996 5332 alii
1052 5281 1363 5334 noverunt.
1411 5280 1610 5348 Neque
1640 5279 1799 5334 enim

140 5390 344 5428 eorum
377 5371 642 5442 cuipiam
676 5368 736 5421 in
791 5366 990 5420 animo
1045 5365 1175 5429 fuit,
1237 5381 1443 5420 omnes
1482 5368 1800 5438 scriptores

143 5461 579 5518 ecclesiasticos
610 5461 714 5512 aut
747 5453 928 5509 etiam
961 5453 1220 5509 maxime
1250 5455 1660 5525 praacellentes
1689 5473 1801 5512 no-

145 5551 456 5608 minare.Si
488 5547 758 5616 denique
788 5543 849 5597 hi
881 5557 979 5597 eas
1004 5541 1177 5612 forte,
1213 5548 1315 5598 aut
1341 5543 1556 5600 horum
1588 5545 1800 5616 aliquis

148 5642 449 5714 ignoravit,
483 5643 591 5696 aut
620 5650 747 5691 non
777 5631 940 5700 vidit,
959 5636 1060 5686 aut
1079 5630 1141 5686 in
1164 5647 1270 5686 sua
1291 5631 1651 5690 bibliotheca
1681 5651 1800 5692 non

151 5732 369 5808 habuit,
393 5732 568 5800 iuius
600 5734 813 5793 tamen
866 5722 957 5785 vel
1010 5723 1194 5785 etiam
1214 5722 1480 5802 plurium
1507 5725 1800 5799 ignoratio

1905 4751 2131 4822 pariter
2158 4749 2582 4822 referunt.lpse
2605 4750 2926 4821 Eutychius
2951 4751 3286 4820 patriarcha
3312 4751 3562 4807 Alexan-

1902 4838 2309 4910 drinus,cujus
2325 4839 2658 4910 originibus
2681 4837 2961 4893 adversus
2980 4839 3272 4908 lgnatium
3291 4845 3562 4904 utuntur,

1904 4945 2026 4982 non
2049 4927 2222 4983 aliter
2241 4933 2444 4983 narrat
2464 4948 2479 4994 ;
2504 4949 2532 4978 ‹‹
2553 4926 2817 4981 Credidit
2837 4926 2909 4981 ab
2929 4943 2996 4980 eo
3016 4932 3280 4996 tempore
3303 4928 3563 4981 Ananias

1907 5017 1968 5071 in
1991 5017 2478 5085 Christum,unde
2494 5015 2810 5086 baptizavit
2825 5030 2960 5069 eum
2985 5016 3298 5080 Marcus,et
3314 5015 3566 5070 Alexan-

1910 5105 2053 5159 driae
2075 5105 2477 5175 patriarcham
2499 5104 3095 5173 constituit.Fuitque
3126 5104 3178 5158 is
3206 5104 3565 5174 patriarcha-

1904 5212 2038 5249 rum
2053 5196 2153 5265 qui
2175 5195 2548 5249 Alexandriaa
2563 5195 2826 5265 przefecti
2845 5194 3564 5264 suntprimus.Constituit

1905 5289 2103 5340 autem
2124 5283 2482 5354 evangelista
2505 5285 2732 5338 Marcus
2753 5299 2874 5338 una
2893 5299 3028 5338 cum
3053 5282 3280 5337 Anania
3308 5285 3562 5352 patriar-

1901 5375 2007 5429 cha
2020 5371 2332 5427 duodecim
2348 5370 2850 5442 presbyteros,qui
2866 5388 3079 5444 nempe
3089 5388 3216 5427 cum
3230 5375 3566 5444 patriarcha

1904 5467 2236 5517 manerent.
2252 5463 2419 5516 Vetus
2450 5461 2628 5514 Marci
2659 5459 2928 5514 Historiae
2957 5469 3169 5530 auctor,
3192 5463 3398 5518 beatus
3421 5467 3564 5520 Mar-

1906 5567 2011 5606 cus
2041 5551 2363 5606 Anizanum
2391 5549 2613 5604 ibidem
2637 5547 2933 5602 ordinavit
2953 5550 3322 5622 episcopum,
3348 5559 3406 5607 et
3437 5559 3558 5610 tres

1907 5639 2306 5710 presbyteros,
2325 5644 2384 5694 et
2405 5643 2630 5709 septem
2649 5636 2948 5690 diaconos.
2975 5657 3003 5684 »
3026 5639 3172 5692 Ecce
3192 5641 3554 5710 ipsissimam

1907 5727 2125 5792 faciem
2152 5727 2429 5799 Ecclesiae
2483 5724 2839 5800 lgnatianwl
2896 5724 3154 5789 Ammius
3206 5728 3366 5784 enim
3396 5729 3556 5788 idem
