3974 6296
351 347 468 406 215

1391 349 1460 412 S.
1509 343 1920 410 IGNATIUS.
1966 373 2043 386 —
2085 335 2698 402 PROLEGDMENA.

3649 342 3776 406 216

358 477 734 534 Alexandriae
756 478 868 534 fuit
884 479 1042 550 quod
1063 480 1320 548 lgnatius
1343 481 1688 550 Antiochim,
1711 477 1870 552 quod
1888 479 2001 533 Po-
2031 475 2084 544 Α
2113 472 2256 529 teris
2287 475 2346 526 et
2374 471 2640 528 diaconis
2671 470 2732 527 in
2763 487 2933 528 sacra
2960 471 3264 546 Scriptura
3289 474 3428 532 data
3450 491 3577 532 esse
3602 494 3616 534 :
3651 482 3772 534 Mu-

350 567 624 639 lycaI-pus
642 570 1287 640 Smyrnae.Potestatem
1303 570 1362 626 in
1378 571 1755 644 presbyteros
1767 567 2004 624 habuis-

353 675 414 712 se
437 659 636 728 negari
657 677 774 713 non
799 667 1150 731 potestcuin
1177 662 1264 716 vel
1286 663 1499 733 ipsum,
1522 661 1610 716 vel
1629 674 2002 716 successores

357 751 485 818 ejus
510 751 688 805 etiam
713 752 749 804 ii
775 751 995 822 quieos
1019 755 1221 808 volunt
1241 772 1273 810 a
1294 756 1588 827 presbyte'
1605 755 1654 808 is
1675 753 2002 820 ordinatos,

355 859 486 894 cum
509 859 571 894 ea
597 843 946 896 auctoritate
965 843 1324 899 describant.
1346 846 1528 900 Etiam
1551 845 2004 914 S.Hieronymus

359 932 609 1002 epistola
641 932 714 985 ad
747 935 1050 1005 Evagriuni
1081 953 1092 988 :
1129 957 1152 984 ιι
1190 937 1330 989 Nam
1382 942 1437 989 et
1490 934 1882 991 Alexandriae.
1916 935 2003 986 in-

357 1039 430 1091 qu
460 1027 498 1089 t,
522 1038 555 1075 a
579 1024 766 1076 Marco
791 1025 1150 1095 evangelista
1171 1043 1356 1097 usque
1379 1026 1452 1082 ad
1473 1026 1778 1081 Heraclam
1803 1028 1860 1078 et
1884 1023 2009 1078 Dio-

357 1110 589 1180 nysium
642 1111 950 1184 episcopos
994 1116 1320 1186 presbyteri
1351 1133 1585 1188 semper
1615 1131 1799 1170 unum
1833 1129 1902 1169 ex
1944 1129 2006 1167 se

358 1199 611 1255 electum
640 1203 699 1256 in
734 1203 1036 1257 excelsiori
1063 1206 1246 1272 gradu
1285 1206 1636 1262 collot-atum
1662 1205 2009 1276 episcopum

359 1308 493 1345 nom
507 1293 766 1360 inubant,
784 1311 896 1363 quo
909 1297 1078 1349 modo
1103 1297 1148 1349 si
1169 1297 1464 1352 exercitus
1482 1297 1900 1368 imperatorem
1923 1293 2012 1348 fa—

360 1385 517 1439 ciat.»
552 1386 792 1437 Ananiae
810 1385 1006 1456 itaque
1023 1388 1748 1462 successores,slngulares
1768 1387 2014 1443 Alexan-

363 1474 507 1528 ἀπίω
543 1475 822 1545 episc0pi.
859 1495 1045 1542 usque
1077 1479 1150 1532 ad
1185 1479 1492 1534 lleraclam
1523 1479 1614 1534 vel
1649 1477 2011 1533 Demetrium

365 1563 425 1616 in
460 1564 764 1618 OXC('i>i01'l
799 1567 1001 1636 gradu,
1028 1585 1202 1637 quam
1237 1568 1567 1640 presbyteri
1599 1568 1709 1631 sui,
1734 1568 2008 1622 fuerunt:

365 1660 424 1708 et
456 1654 694 1723 quidem
729 1673 862 1709 cum
887 1658 1233 1712 auctoritate
1267 1665 1324 1712 et
1349 1664 1637 1730 potestate
1669 1659 1727 1712 in
1759 1656 2012 1730 presby-

365 1749 540 1809 teros,
578 1751 642 1798 ut
672 1745 994 1815 imperator
1024 1749 1086 1801 in
1121 1748 1360 1804 milites.
1383 1750 1468 1804 Ita
1489 1747 1806 1821 agnovitin
1825 1749 2015 1802 Theo-

2115 562 2226 640 ρῐαι
2257 557 2313 615 δὲ
2345 560 2466 615 ὅσαι
2498 560 2773 629 ὑποθῆκηι
2836 560 2912 622 εἷς
2961 561 3230 636 πρόσωπα
3287 561 3514 620 ἐκλεκτὰ
3564 561 3771 622 διατείο

2111 670 2297 706 νουσαι
2357 647 2742 728 ἐγγεγράφπιται
2797 653 2916 712 ταῖς
2967 645 3188 726 βίϐλοις
3259 657 3378 716 ταῖς
3439 653 3644 727 ἁγίαις·
3715 655 3778 710 αἱ

2117 742 2212 816 μὲν
2241 735 2650 814 πρεσϐυτέροις,
2699 741 2752 794 αἱ
2808 739 2865 796 δὲ
2922 741 3262 812 ἐπισκόποις,
3297 743 3352 798 ai.
3381 739 3438 799 δὲ
3469 740 3778 819 διακόνοις,

2114 830 2284 887 ἄλλαι
2317 833 2538 907 χήραις.
2568 856 2595 883 ‹‹
2620 833 3069 904 Quamplurima
3091 842 3288 891 autem
3309 843 3610 910 praecepta
3639 855 3777 910 quas

2115 923 2189 979 ad
2209 923 2424 978 electas
2445 940 2729 996 personas
2753 924 3076 996 pertinent,
3108 925 3167 982 in
3195 927 3416 984 sanctis
3438 927 3609 984 libris
3627 928 3777 984 scri-

2117 1019 2217 1086 pta
2240 1019 2378 1068 sunt
2400 1031 2410 1067 :
2439 1013 2564 1069 ham
2589 1014 2827 1085 quidem
2853 1015 3360 1088 presbyteris.alia
3385 1034 3520 1073 vero
3543 1018 3780 1091 episco-

2119 1103 2353 1176 pis,alia
2373 1102 2780 1182 diaconis,alia
2803 1109 3002 1160 autem
3030 1105 3238 1175 viduis,
3259 1128 3288 1156 ››
3314 1107 3617 1182 Psedagog.
3644 1109 3663 1164 l
3693 1125 3778 1176 ιιι,

2119 1211 2167 1249 c.
2185 1195 2553 1260 l2.Agnoscit
2576 1194 2754 1266 igitur
2773 1194 3065 1257 Clemens.
3083 1217 3110 1246 «
3131 1195 3542 1253 Alexandrinae
3571 1197 3777 1254 Eccle-

2120 1284 2221 1339 sia:
2240 1284 2836 1356 presbyter,Pantmni
2854 1285 3090 1340 auditor
3115 1289 3213 1358 qui
3231 1287 3504 1360 postejus
3519 1295 3778 1344 mortem

2119 1375 2492 1430 Alexandriae
2516 1375 2980 1434 ecclesiasticam
3005 1378 3267 1435 scholam
3289 1380 3498 1448 tenuit,
3517 1402 3540 1431 ι
3567 1386 3626 1436 et
3651 1399 3784 1435 m1:-

2119 1465 2382 1544 ηχήσεων
2416 1468 2678 1536 magister
2705 1469 2838 1536 fuit,
2875 1472 3024 1523 teste
3084 1469 3466 1541 Hieronymo.
3497 1486 3616 1526 non
3647 1475 3785 1526 tan-

2121 1561 2248 1612 tum
2279 1561 2399 1611 tres
2421 1555 2658 1627 gradus,
2685 1556 2806 1613 sive
2833 1555 3116 1630 προκοπὰς
3149 1559 3583 1632 episcoporum,
3618 1576 3788 1632 pres-

2122 1647 2467 1719 byterorum
2508 1650 2564 1700 et
2614 1645 3002 1703 diaconorum
3046 1648 3108 1704 in
3152 1647 3410 1704 Ecclesia
3440 1665 3509 1705 ex
3539 1667 3654 1706 usu
3684 1667 3789 1706 re-

2127 1741 2349 1808 ceptos,
2367 1735 2470 1792 sed
2497 1741 2556 1792 et
2574 1753 2748 1792 usum
2772 1737 2942 1792 illum
2969 1755 3040 1794 ex
3056 1739 3383 1810 apostolica
3402 1739 3784 1798 institutione

365 1833 524 1906 philo
556 1835 960 1891 Alexandrino
1005 1838 1282 1910 episcopo
1335 1838 1436 1905 τὴν
1495 1835 1772 1901 αὐθεντίαν
1799 1842 1899 1905 τῆς
1930 1833 2012 1890 εὖ-

2219 1826 2477 1882 νίγειιυω.
2511 1827 2772 1892 Quatuor
2815 1829 2978 1884 enim
3024 1845 3242 1902 genera
3285 1847 3672 1902 personarum
3715 1831 3785 1888 in

367 1922 658 1998 αγγελικῆς
690 1921 964 1996 διαδοχῆς
997 1928 1276 1999 Synesius
1307 1928 1432 2001 ipse
1464 1929 1798 2002 episcopus,
1831 1927 1890 1982 id
1933 1933 2020 1982 est

2219 1915 2442 1988 'ipturis
2473 1915 2660 1972 electa
2689 1918 2991 1990 agnoscit;
3050 1935 3172 1974 non
3225 1920 3425 1976 minus
3467 1920 3786 1992 distinguit

335 2081 341 2086 _
361 2031 624 2070 summam
647 2019 1032 2072 auctoritatem
1049 2026 1098 2072 et
1122 2028 1536 2087 exsortemmon
1551 2037 1620 2075 ea
1637 2023 1808 2074 relate
1821 2017 2016 2088 acqui-

363 2105 557 2170 sitam,
594 2105 696 2160 sed
719 2107 790 2159 ab
823 2105 951 2178 ipsa
978 2108 1308 2164 successione
1330 2112 1506 2166 Μαι-οἰ
1529 2111 1874 2180 evangelista
1913 2107 2016 2164 de-

361 2196 633 2256 rivatum,
667 2197 840 2268 epist.
873 2200 980 2263 66;
1032 2197 1283 2270 ideoque
1334 2216 1468 2254 eum
1524 2199 1608 2256 ita
1658 2197 2011 2269 alloquitur:

365 2283 508 2356 Ἐγὼ
531 2281 588 2336 δὲ
623 2282 920 2356 βούλομαί,
943 2285 1033 2339 καὶ
1063 2286 1270 2363 ἀνάγκη
1299 2308 1392 2360 μοι
1417 2288 1554 2356 θεία,
1576 2287 1744 2361 νόμον
1769 2289 2015 2360 ἡγεῖσθαι

363 2378 465 2427 πᾶν
485 2371 574 2425 ὅτι
591 2371 649 2424 ἂν
667 2371 868 2434 ἐκεῖνος
888 2376 914 2428 ὁ
934 2374 1122 2449 θρόνος
1141 2376 1422 2450 (taetricum
1438 2380 1552 2450 Ego
1565 2385 1762 2434 autem
1786 2377 1940 2445 volo,
1961 2381 2022 2432 et

367 2465 692 2520 necessitas
725 2465 869 2520 mihi
899 2465 1094 2521 divina
1125 2467 1435 2536 incumbit,
1458 2468 1647 2541 legem
1680 2469 2017 2524 existimare

374 2555 501 2608 mihi
517 2555 920 2628 prazscriptam
937 2557 1227 2628 quidquid
1239 2558 1312 2614 ab
1326 2557 1430 2613 illa
1442 2558 1721 2613 cathedra
1735 2564 2017 2629 tanquam

371 2643 651 2699 divinitus
670 2645 997 2700 indicatum
1020 2647 1265 2714 fuerit,»
1281 2648 1449 2719 epist.
1471 2651 1558 2702 67.
1583 2647 1826 2713 Quando
1845 2647 2022 2716 igitur

373 2733 634 2806 lgnatius
663 2735 942 2806 epistolas
973 2736 1229 2808 scripsit,
1255 2737 1461 2792 eadem
1494 2737 1686 2793 forma
1715 2737 2022 2810 regiminis

375 2823 761 2879 ecclesiastici
775 2825 1145 2882 Alexandria:
1164 2827 1432 2898 fuit.quae
1457 2834 1582 2884 erat
1601 2827 1950 2896 Antiochiae,
1964 2833 2024 2882 et

378 2930 554 2985 quam
575 2913 636 2970 in
656 2914 788 2970 aliis
827 2917 1160 2972 civitatibus
1203 2915 1387 2974 fuisse
1425 2922 1718 2973 testantur
1741 2917 2020 2990 epistolae.

449 3005 571 3058 Imo
603 3021 738 3060 vero
797 3011 934 3061 ante
994 3007 1322 3073 Heraclam,
1357 3007 1564 3063 eadem
1596 3007 1867 3063 doctrina
1893 3023 2024 3078 quas

379 3093 450 3149 ab
486 3094 706 3166 lgnatio
737 3096 971 3166 prodita
991 3103 1081 3152 est
1101 3097 1161 3151 in
1185 3096 1442 3152 Ecclesia
1466 3095 1864 3152 Alexandrina
1896 3104 2028 3152 tan-

382 3202 559 3255 quam
587 3186 658 3242 ab
681 3185 852 3242 initio
877 3187 1090 3242 tradita
1112 3187 1587 3244 conservabatur.
1612 3189 1732 3244 Hoc
1753 3193 1844 3244 est
1867 3187 2027 3242 illius

2123 2013 2418 2079 praecepta
2449 2024 2580 2078 quae
2611 2007 2830 2064 dantur
2859 2009 3176 2082 episc0pis,
3203 2009 3276 2066 ab
3308 2010 3381 2067 iis
3411 2029 3543 2082 qua:
3574 2011 3786 2083 injun-

2124 2102 2343 2170 gnntur
2371 2097 2752 2168 presbyteris,
2789 2115 2967 2169 quam
2999 2115 3068 2156 ea
3113 2116 3243 2170 quae
3271 2099 3559 2168 diaconis,
3598 2100 3671 2156 ab
3707 2101 3787 2158 iis

2127 2202 2256 2256 qum
2290 2185 2478 2241 viduis
2511 2185 2958 2258 prmcipiuntur.
3009 2190 3084 2243 At
3131 2188 3428 2245 distinctm
3458 2195 3598 2245 sunt
3645 2206 3794 2261 per-

2127 2291 2310 2342 sonae,
2339 2279 2442 2331 aut
2462 2274 2678 2344 ofﬁcia,
2703 2277 2920 2348 quibus
2949 2277 3184 2334 diversa
3212 2285 3511 2352 prmcepta
3539 2280 3787 2336 deman-

2129 2366 2364 2423 dantur.
2398 2367 2649 2439 Agnovit
2679 2369 2856 2440 igitur
2887 2369 3161 2426 Clemens
3189 2371 3626 2428 Alexandrinus
3657 2389 3801 2430 eam

2130 2475 2436 2515 sacrorum
2477 2457 2756 2514 ordinum
2818 2460 3324 2531 distributionem,
3381 2463 3552 2534 cujus
3610 2480 3800 2520 usum

2131 2550 2400 2623 agnoscit
2431 2549 2791 2620 Blondellus,
2825 2551 3110 2608 divinitus
3139 2569 3246 2625 per
3277 2553 3574 2626 apostolos
3603 2554 3800 2612 fuisse

2132 2640 2492 2698 institutam.
2525 2641 2660 2696 Haec
2699 2641 2979 2698 Clemens
3036 2658 3108 2698 ex
3162 2643 3428 2699 Pantaani
3461 2641 3684 2710 schola,
3722 2661 3800 2698 ex

2133 2729 2456 2786 Clementis
2506 2729 2713 2785 eadem
2773 2730 3075 2803 Origenes.
3109 2731 3202 2788 Sic
3235 2731 3399 2788 enim
3431 2731 3529 2788 ille
3553 2731 3801 2804 juvenis

2134 2821 2329 2878 adhuc
2354 2819 2560 2874 homil.
2588 2820 2654 2873 13
2673 2819 2736 2874 in
2761 2820 2815 2876 S.
2836 2820 3052 2877 Lucam
3075 2837 3136 2876 τα
3159 2821 3219 2877 Si
3247 2821 3530 2878 audacter
3553 2822 3805 2895 expedit

2135 2907 2300 2979 loqui
2323 2907 2756 2978 Scripturarum
2788 2923 3030 2963 sensum
3063 2910 3357 2980 sequenti,
3391 2926 3498 2982 per
3524 2909 3800 2984 singulas

2135 2997 2427 3052 Ecclesias
2454 2995 2582 3051 bini
2612 3001 2749 3052 sunt
2780 2997 3222 3069 episcOpi,alius
3251 2999 3679 3066 visibilis,alius
3707 3001 3802 3056 in-
3868 3023 3874 3030 ·

2136 3085 2382 3142 visibilis
2411 3085 2512 3141 ille
2531 3085 2676 3142 visui
2694 3087 2888 3142 carnis
2916 3087 3012 3144 hic
3036 3089 3235 3144 sensui
3256 3091 3558 3160 patens.Et
3576 3105 3796 3147 rursus:

2142 3179 2257 3250 Ego
2289 3181 2431 3248 puto
2463 3176 2713 3232 inveniri
2739 3176 2914 3232 simul
2937 3194 3107 3248 posse
3129 3183 3190 3234 et
3209 3178 3488 3252 angelum
3521 3185 3580 3236 et
3607 3179 3804 3238 homi-

587 3230 656 3242 ..η
879 3230 1090 3242 -..._....
1113 3230 1587 3244 mutuam“-..
1612 3230 1732 3244 ..νυ
1754 3230 2026 3244 cum.--
2144 3230 2248 3250 -σ-
2289 3230 2310 3248 ι
2341 3230 2354 3232 -
2579 3230 2582 3231 κ
2703 3230 2710 3231 κ
3138 3230 3184 3234 --
3212 3230 3488 3252 "om-—
3527 3230 3579 3236 --
3609 3230 3775 3238 -ν--

383 3230 662 3345 martyris
686 3274 1114 3342 effatum,unde
1140 3275 1369 3347 reliqua
1389 3274 1689 3347 pendent:
1723 3274 1788 3332 Oi
1820 3271 2032 3330 ἐπίσκο·
2068 3230 2112 3299 C
2144 3283 2284 3328 nem
2331 3267 2519 3322 bonos
2549 3264 2823 3322 Ecclesiae
2854 3267 3186 3340 episcopos,
3241 3275 3304 3326 et
3356 3269 3802 3341 quodammodo

383 3380 479 3414 ποι
511 3363 561 3414 οἱ
608 3361 745 3415 κατὰ
790 3361 857 3416 τᾶ
904 3363 1109 3436 πέρατα
1159 3363 1459 3438 ὁρισθέντες
1492 3362 1543 3418 ἐν
1578 3364 1756 3434 Ἰησοῦ
1791 3366 2039 3438 Χριστοῦ

385 3449 582 3526 γνώμῃ
612 3448 807 3508 εἰσίν..
825 3453 1096 3525 Episcopi
1120 3471 1226 3526 per
1256 3459 1546 3510 terrarum
1573 3472 1706 3512 oras
1731 3454 2040 3512 constituti

391 3558 461 3596 ex
484 3541 698 3595 Christi
720 3547 862 3597 sunt
882 3544 1236 3612 sententia,»
1261 3544 1321 3599 id
1343 3549 1433 3600 est
1455 3562 1527 3601 ex
1549 3545 1852 3602 voluntate
1875 3545 2040 3600 Chri-

392 3629 466 3686 sti
498 3631 782 3702 apostolis
839 3633 1072 3706 cognita
1129 3640 1185 3688 et
1241 3635 1313 3690 ab
1366 3635 1440 3690 iis
1496 3635 1714 3692 tradita
1759 3635 2040 3692 ordinati.

392 3719 614 3785 Quibus
646 3721 798 3776 nihil
828 3721 992 3778 aliud
1021 3723 1273 3796 intelligi
1297 3729 1492 3796 potest
1521 3742 1699 3798 quam
1730 3725 2044 3798 episcopa-

391 3813 520 3865 tum
550 3811 731 3868 fuisse
757 3811 830 3868 ab
862 3813 1146 3885 apostolis
1177 3831 1250 3869 ex
1286 3813 1585 3872 voluntate
1625 3815 1840 3872 Christi
1871 3815 2039 3870 insti-

391 3902 677 3959 tutum.ld
699 3908 898 3959 autem
923 3903 1194 3959 Clemens
1224 3903 1682 3974 Alexandrinus,
1705 3921 1741 3962 a
1761 3907 2042 3962 Pantaeno

394 3993 522 4050 sine
554 3995 958 4050 controversia
981 3993 1245 4064 edoctus,
1257 3994 1572 4068 populares
1603 4012 1742 4052 suos
1773 3995 1874 4052 diu
1903 4001 2042 4052 ante

396 4083 652 4140 Heraclm
702 4083 1108 4156 episcopatum
1140 4084 1382 4141 docuit:
1433 4083 1580 4140 Ἐπεὶ
1613 4083 1703 4138 καὶ
1735 4083 1791 4138 αἱ
1819 4081 2046 4138 ἐνταῦθα

393 4174 530 4229 κατὰ.
556 4173 656 4240 τήν
708 4169 1032 4242 Ἐκκλησίαν
1090 4173 1364 4248 προκοπαὶ
1422 4170 1758 4242 ἔπισκόπων,
1815 4168 2047 4249 πρεσϐυ-

393 4260 583 4337 τέρων,
632 4258 916 4328 διακόνων,
969 4263 1289 4336 μιμήματα,
1322 4263 1497 4337 οἶμαι,
1531 4260 1826 4338 ἀγγελικῆς
1857 4259 2044 4334 δόξης,

397 4349 647 4420 κακείνης
666 4355 765 4418 τῆς
789 4349 1104 4423 οἰκονομίας
1124 4351 1480 4427 τυγχάνουσι.
1505 4375 1532 4402 ‹‹
1559 4353 1848 4419 Quoniam
1872 4357 1930 4408 et
1950 4353 2048 4410 hic

397 4441 461 4497 in
481 4439 743 4496 Ecclesia
766 4441 1210 4513 progressiones
1227 4441 1661 4514 episcoporum,
1680 4440 2050 4513 presbytero-

2143 3357 2322 3416 unius
2342 3357 2539 3428 operis
2560 3371 2689 3411 esse
2711 3355 3046 3428 participes.
3073 3357 3240 3424 Quod
3257 3374 3391 3415 cum
3413 3358 3497 3414 ita
3516 3359 3612 3426 sit,
3636 3377 3710 3431 pe
3721 3367 3807 3417 ta-

2151 3464 2284 3504 mus
2300 3446 2771 3518 omnipotentem
2795 3447 3004 3516 Deum,
3025 3452 3094 3503 ut
3114 3447 3308 3520 angeli
3329 3453 3389 3504 et
3405 3449 3678 3506 homines
3701 3453 3810 3507 Ec-

2145 3537 2462 3594 clesiarum
2481 3535 2742 3608 episcopi
2759 3535 3110 3608 adjumento
3130 3538 3252 3594 sint
3265 3537 3522 3604 nobis,et
3538 3541 3807 3599 sciamus

2148 3627 2431 3702 quoniam
2465 3627 2704 3697 utrique
2734 3644 2840 3698 pro
2871 3627 3046 3682 nobis
3076 3645 3112 3684 a
3148 3627 3400 3684 Domino
3424 3629 3802 3701 judicentur.

2219 3722 2358 3787 Quas
2399 3723 2558 3774 certe
2588 3735 2738 3790 pura
2767 3724 2911 3790 puta
2940 3726 3081 3776 sunt
3108 3719 3439 3792 Origenica,
3471 3726 3538 3777 ut
3565 3721 3640 3778 de
3664 3739 3810 3780 auc-

2145 3816 2273 3868 tore
2303 3811 2517 3867 harum
2545 3809 2932 3868 homiliarum
2985 3810 3241 3868 dubitari
3272 3829 3394 3869 non
3423 3813 3630 3886 possit.
3663 3815 3808 3871 Ilaec

2149 3905 2348 3958 autem
2379 3916 2447 3955 ea:
2501 3914 2660 3954 sensu
2717 3899 3133 3970 Scripturarum
3164 3900 3372 3958 habuit
3401 3903 3703 3978 Origenes,
3735 3911 3813 3960 ut

2148 3991 2274 4063 ipse
2295 3988 2642 4062 proﬁtetur:
2667 4005 2737 4044 ex
2767 3988 3005 4046 illarum
3034 3990 3215 4061 igitur
3233 3991 3506 4050 doctrina
3531 3995 3811 4066 agnoscit

2150 4080 2212 4136 in
2235 4079 2484 4153 singulis
2507 4078 2774 4136 ecclesiis
2794 4096 2981 4137 unum
3006 4082 3314 4138 hominem
3344 4083 3642 4140 visibilem
3683 4085 3814 4156 epi-

2151 4187 2394 4242 scopum
2405 4168 2584 4226 .Idem
2599 4169 2842 4226 homilia
2857 4171 2922 4226 17
2942 4187 2954 4225 :
2975 4193 3002 4222 ι(
3019 4171 3352 4228 Sicutenim
3365 4172 3438 4229 ab
3451 4173 3816 4230 ecclesiasti-

2152 4259 2236 4317 cis
2253 4258 2638 4332 dignitatibus
2660 4276 2780 4316 non
2793 4259 2989 4316 solum
3003 4261 3342 4330 fornicatio,
3364 4262 3466 4318 sed
3497 4269 3556 4320 et
3579 4265 3814 4335 nuptias

2149 4349 2478 4421 repellunt;
2497 4365 2694 4422 neque
2709 4349 2868 4405 enim
2891 4350 3343 4423 episcopus,nec
3362 4352 3818 4425 presbyter,nec

2153 4438 2576 4507 di-aconus,nec
2599 4436 2774 4495 vidua
2811 4444 3062 4510 possunt
3096 4455 3227 4496 esse
3248 4439 3469 4513 digami
3494 4457 3508 4508 ;
3531 4441 3618 4498 sic
3638 4443 3820 4499 forsi-

397 4547 531 4586 rum
569 4535 627 4586 et
655 4529 1062 4598 diaconorum,
1091 4531 1476 4598 imitationes,
1509 4535 1576 4585 ut
1603 4530 1880 4600 arbitror,
1911 4537 2050 4588 sunt
2085 4604 2088 4605 ν
2153 4533 2257 4586 tan
2301 4532 2360 4585 et
2389 4528 2463 4584 de
2493 4533 2648 4585 ccetu
2677 4529 3118 4600 primitivorum
3160 4529 3814 4605 immaculatorumque

397 4620 598 4693 gloriae
620 4621 902 4692 angelicae
933 4627 989 4676 et
1018 4621 1181 4676 illius
1205 4619 1684 4692 dispensationis,
1706 4638 1731 4672 ι
1767 4620 2044 4679 Slromat.
2077 4604 2122 4670 D
2154 4617 2599 4690 Ecclesim,qum
2611 4634 2730 4674 non
2744 4617 3228 4675 habetmaculam
3250 4636 3445 4692 neque
3465 4604 3818 4696 rugam,eji-

401 4711 446 4768 Ι.
488 4727 562 4766 νι.
591 4713 675 4765 Ea:
702 4727 823 4778 usu,
857 4711 1054 4782 inquit
1103 4709 1446 4767 Blondellus
1473 4715 1664 4766 natam
1693 4709 2044 4768 distributio-

399 4818 523 4858 nem
537 4799 1284 4871 admittebat.Accipiamus
1306 4798 1464 4869 quod
1484 4797 1586 4854 dat
1608 4814 1622 4853 :
1651 4815 1724 4854 ex
1747 4815 1859 4856 usu
1874 4806 2048 4858 erant

401 4891 462 4946 hi
493 4897 614 4947 tres
641 4891 857 4964 gradus
904 4890 1024 4945 sive
1068 4887 1512 4960 progressiones
1551 4904 1856 4946 sacrorum
1885 4890 2047 4946 ordi-

402 4998 546 5037 num
575 4982 638 5036 in
665 4979 924 5038 Ecclesia
947 4979 1068 5044 illa,
1089 4978 1318 5033 scilicet
1347 4977 1408 5033 in
1439 4994 1557 5048 qua
1579 4978 1852 5037 Clemens
1899 4981 2045 5037 scri-

402 5073 521 5144 psit
549 5075 608 5126 et
627 5071 938 5142 presbyter
963 5069 1094 5124 fuit.
1121 5067 1385 5123 Fuerunt
1409 5067 1588 5139 igitur
1615 5069 1675 5125 in
1703 5073 1946 5144 Egypto
1976 5089 2050 5129 ex

401 5179 514 5219 usu
569 5160 850 5232 episcopi,
905 5157 1254 5230 presbyteri,
1314 5157 1568 5229 diaconi,
1602 5177 1738 5218 cum
1776 5161 2048 5218 Clemens

399 5253 657 5324 scripsit,
689 5249 846 5322 quod
893 5245 1096 5302 Dallaei
1140 5253 1553 5318 argumentum
1584 5267 1828 5322 prorsus
1857 5251 2046 5323 elidit,

400 5349 467 5401 ut
496 5347 701 5414 postea
728 5336 1133 5395 ostendemus.
1183 5337 1294 5392 Sed
1332 5340 1574 5395 eamdem
1618 5347 1820 5409 tamen,
1854 5341 2050 5413 inquit

403 5432 764 5495 Blondellus,
785 5425 1064 5485 divinitus
1095 5443 1202 5500 per
1218 5433 1524 5501 apostolum
1547 5432 1861 5489 institutam
1885 5434 2048 5504 pleno

405 5540 498 5580 ore
527 5521 784 5590 negabat.
819 5519 938 5574 Hoc
967 5534 1072 5588 ego
1121 5521 1363 5576 etTatum
1393 5526 1516 5576 tam
1545 5521 1759 5578 falsum
1791 5539 1922 5578 esse
1951 5522 2047 5580 af-

405 5613 578 5668 ﬁrmo
603 5625 780 5680 quam
811 5607 970 5681 quod
999 5608 1386 5667 falsissimum
1413 5615 1521 5668 est.
1562 5614 1707 5668 Nam
1755 5611 1880 5684 ipse
1909 5611 2048 5668 alibi

407 5701 626 5764 diserte
655 5699 882 5775 scribit,
913 5699 1142 5760 diversa
1159 5706 1458 5779 praecepta
1475 5701 1790 5776 episcopis,
1809 5702 2050 5776 presby-

2153 4709 2344 4766 cietur
2362 4708 2632 4780 digamus
2647 4723 2660 4776 ;
2675 4725 2795 4764 non
2811 4725 2927 4780 quo
2941 4709 3005 4764 in
3017 4714 3306 4766 mternum
3319 4710 3590 4766 mittatur
3605 4711 3818 4770 incen-

2155 4800 2339 4866 dium,
2364 4798 2470 4855 sed
2499 4805 2878 4870 quo-partem
2907 4816 3030 4855 non
3059 4799 3274 4856 habeat
3303 4801 3366 4856 in
3393 4816 3576 4874 regno
3609 4802 3736 4859 Dei.
3775 4827 3812 4856 ν

2154 4889 2296 4955 Quis
2315 4893 2514 4944 autem
2535 4903 2657 4944 non
2688 4888 2889 4944 statim
2918 4887 3075 4945 videt
3123 4889 3252 4946 haec
3297 4890 3477 4947 etiam
3509 4908 3638 4948 esse
3665 4908 3818 4951 vere

2155 4977 2509 5051 Origenica‘l
2541 4977 2640 5032 His
2670 4983 2870 5034 autem
2895 4977 3198 5050 Origenes,
3229 4979 3386 5052 quod
3415 4980 3490 5037 ad
3521 4981 3820 5040 ecclesia-

2154 5068 2331 5124 sticas
2359 5066 2677 5140 dignitates
2722 5067 2954 5138 attinet,
2985 5067 3349 5126 Clementem
3377 5077 3820 5144 praceptorem

2158 5175 2331 5216 suum
2361 5159 2651 5230 sequitur,
2681 5163 2740 5214 et
2765 5164 3050 5230 tanquam
3083 5166 3339 5232 quatuor
3365 5161 3630 5220 diversas
3659 5180 3822 5222 enn-

2157 5255 2348 5306 merat
2375 5249 2480 5306 uni
2511 5247 2753 5321 quidem
2785 5250 2846 5304 in
2879 5251 2989 5306 hac
3037 5267 3102 5306 re
3132 5257 3424 5325 praecepto
3456 5253 3820 5326 apostolico,

2157 5341 2260 5396 sed
2289 5339 2609 5412 separatim
2640 5337 2877 5408 tradito,
2909 5339 3226 5412 subjectae.
3281 5342 3367 5397 Ita
3398 5343 3523 5414 ipse
3554 5343 3615 5399 in
3644 5359 3821 5402 com-

2156 5429 2468 5487 mentariis
2498 5429 2572 5485 ad
2620 5430 2958 5484 Manlianum
3017 5429 3241 5486 dirﬂcul
3254 5437 3374 5487 tum
3407 5433 3640 5503 (μιωεὶιί
3671 5435 3824 5490 κατὰ

2153 5523 2256 5590 τὴν
2291 5524 2391 5576 τοῦ
2432 5516 2776 5575 Ἀποστὸλου
2823 5516 2948 5592 περὶ
2994 5523 3103 5574 τῶν
3137 5518 3606 5592 ἔκκλησιαστιιιῶν
3637 5543 3820 5604 πραγ.

2159 5612 2344 5686 μάτων
2369 5606 2691 5684 νομοθεσίαν
2719 5609 2949 5666 solvere
2993 5613 3453 5678 conatur.Quam
3491 5614 3604 5670 hoc
3625 5615 3816 5676 modo

2152 5701 2472 5777 proponit:
2505 5695 2712 5758 Οὐδένα
2738 5698 2844 5778 γὰρ
2873 5701 2982 5756 τῶν
3013 5698 3121 5756 duo
3147 5705 3248 5772 τῆς
3275 5698 3609 5776 Ἐκκλησίις
3644 5703 3832 5804 ὅπερ.
