3974 6296
185 422 298 488 321

939 421 1000 486 J.
1042 422 1476 489 PEARSONII
1519 420 1842 490 VINDICIJ

1957 422 2416 494 ῘϐΝΑΤΙΑΝιΕ.
2461 463 2540 482 --
2581 430 2790 497 PARS
2833 434 2882 495 Ι.

3488 435 3606 494 822

194 562 274 618 ini
307 562 369 617 τὸ
400 559 615 616 νίπτειν
655 560 787 623 τοὺς
822 557 993 622 πόδας
1051 565 1148 616 τοῦ
1204 561 1550 624 πιστεύοντος
1609 559 1836 634 δούλου,

1957 568 2235 624 cerdotali
2260 569 2467 626 ordine
2485 568 3154 644 gloriantur,secundum
3169 567 3427 624 ordinem
3446 586 3616 625 suum

197 652 284 708 mi
341 651 474 712 τοὺς
535 658 722 727 γονεῖς
774 655 872 706 τοῦ
913 654 1054 706 υἷοῦ.
1117 651 1250 725 ὅπερ
1280 647 1399 715 ἔθος
1435 655 1523 720 ἦν,
1559 653 1620 707 οὗ
1649 653 1848 726 γίνεται

198 740 250 797 δὲ
287 745 397 810 νῦν,
461 748 488 810 ἦ
527 739 607 803 εἷς
659 735 977 816 ὑπερϐολὴν
1034 743 1401 812 σπανιώτατα,
1435 743 1522 798 καὶ
1553 744 1701 817 παρὰ
1735 748 1852 804 τοῖς

195 832 327 885 πάνυ
363 829 762 904 ἁπλουστέροις
784 828 874 883 καὶ
900 829 1312 904 ἀγροικοτέροις
1331 831 1593 907 γίνεται.‹‹
1616 834 1852 889 Neemi-

195 923 340 978 reris
364 922 408 977 si
427 922 536 977 tibi
565 921 984 993 exponendum
1008 922 1080 977 sil
1103 923 1420 996 anagogico
1444 941 1620 979 sensu
1639 925 1746 979 hoc
1763 924 1848 979 di-

193 1019 410 1076 ctum,»
429 1012 487 1066 Si
511 1017 856 1068 sanctorum
884 1011 1065 1083 pedes
1087 1014 1282 1082 lavit,c
1302 1014 1401 1069 ubi
1419 1014 1708 1086 jubentur
1736 1013 1850 1068 illas

194 1119 322 1173 quas
345 1102 713 1174 presbyteris
749 1103 1010 1174 analogaa
1033 1109 1172 1157 sunt
1193 1103 1564 1174 presbytides
1605 1105 1854 1160 honesta

195 1191 424 1246 docere.
455 1191 600 1246 Vide
622 1207 760 1247 vero
784 1208 971 1247 annon
995 1193 1171 1246 etiam
1193 1192 1556 1248 laboriosum
1573 1193 1638 1248 fit
1677 1193 1853 1249 cuili-

196 1280 291 1335 bet
313 1281 610 1352 discipulo
632 1281 869 1348 Christi,
892 1281 1108 1336 volenti
1130 1281 1378 1354 implere
1392 1281 1736 1338 mandatum
1760 1283 1851 1336 di-

194 1387 330 1426 cens
357 1388 409 1426 τ»
438 1372 509 1424 Et
538 1387 639 1424 vos
663 1371 893 1425 debetis
915 1371 1013 1425 alii
1041 1370 1294 1426 aliorum
1326 1373 1520 1427 lavare
1551 1372 1848 1444 pedes,«si

188 1461 326 1515 velit
358 1461 704 1532 corporales
736 1476 803 1514 ae
827 1461 1138 1516 sensibiles
1159 1462 1409 1516 fratrum
1434 1462 1613 1533 pedes
1632 1463 1846 1529 lavare,

194 1557 254 1606 nt
279 1550 494 1605 ﬁdeles
525 1551 589 1604 in
621 1551 827 1621 quovis
858 1551 988 1605 vitas
1011 1567 1226 1623 genere
1247 1552 1567 1608 existentes
1602 1553 1712 1607 hoc
1762 1553 1849 1608 fa-

193 1640 369 1705 ciant,
406 1640 529 1694 sive
564 1640 663 1710 qui
693 1639 973 1694 videntur
994 1657 1122 1695 esse
1156 1641 1216 1694 in
1259 1640 1622 1696 sublimitate
1655 1642 1846 1696 eccle-

195 1730 431 1785 siastica
467 1730 728 1801 episcopi
761 1736 821 1785 et
849 1731 1196 1801 presbyteri,
1234 1731 1352 1784 sive
1401 1732 1459 1786 in
1494 1732 1850 1802 quibusdam

195 1819 326 1875 aliis
362 1819 686 1874 mundanis
719 1819 1134 1892 dignitatigus:
1158 1821 1304 1875 adeo
1326 1827 1390 1874 ut
1412 1821 1561 1876 hanc
1595 1821 1667 1875 ob
1720 1839 1850 1876 cau-

1958 657 2245 714 incedunt
2266 660 2724 731 etaguntomnia
2741 676 2870 729 qum
2894 659 2997 714 illo
3009 659 3211 715 ordine
3225 658 3398 730 digna
3411 660 3610 714 sunt?»

1958 747 2085 814 (sed
2108 749 2247 803 utin
2272 755 2652 816 ms.nostro,«
2686 765 2815 820 qum
2839 748 2899 802 in
2931 749 3034 802 illo
3065 747 3332 803 ordinem
3366 747 3609 817 dignum

1960 843 2051 891 est
2070 837 2117 906 ‘1)
2151 838 2434 894 Similiter
2455 845 2652 894 autem
2695 844 2753 894 et
2782 839 3014 894 diaconi
3070 845 3242 910 putas
3279 839 3607 894 secundum

1959 927 2229 982 ordinem
2254 929 2570 983 ministerii
2594 929 2682 983 sui
2715 929 3000 983 incedunt
3025 929 3053 983 *ἶ
3072 931 3141 983 Et
3161 929 3316 984 unde
3341 935 3429 983 est
3449 928 3606 999 quod

1959 1035 2114 1090 saepe
2137 1019 2410 1074 audimus
2433 1019 2840 1092 blasphemare
2853 1019 3115 1074 homines
3130 1019 3412 1074 etdicere.
3427 1021 3604 1074 nEcce

1959 1111 2152 1181 qualis
2174 1112 2508 1182 episcopus,
2541 1117 2641 1166 aut
2673 1110 2862 1182 qualis
2912 1111 3240 1182 presbyter,
3274 1110 3362 1165 vel
3413 1109 3605 1181 qualis

1958 1195 2243 1252 diaconus
2266 1195 2526 1251 !«Nonne
2549 1196 2674 1250 haec
2697 1196 3100 1261 dicuntur,ubi
3120 1195 3206 1250 vel
3233 1196 3506 1251 sacerdos
3519 1193 3607 1248 vel

1959 1285 2235 1339 minister
2261 1284 2364 1338 Dei
2396 1284 2554 1338 visus
2585 1283 2842 1338 fueritin
2875 1283 3072 1354 aliquo
3104 1290 3312 1339 contra
3335 1283 3605 1338 ordinem

1959 1391 2132 1428 suum
2154 1373 2378 1430 venire.
2407 1373 2701 1444 etaliquid
2721 1378 2922 1428 contra
2946 1373 3372 1428 sacerdotalem
3388 1373 3477 1428 vel
3504 1375 3610 1427 Le-

1956 1463 2196 1517 viticum
2211 1463 2475 1517 ordinem
2490 1462 2977 1533 gerere?»Verum
2991 1463 3142 1516 enim
3155 1479 3289 1517 vero
3303 1462 3607 1535 Origenes,

1963 1551 2010 1606 si
2045 1551 2352 1607 Blondello
2384 1551 2746 1606 credendum
2769 1552 2866 1620 sit,
2894 1559 3022 1606 utut
3051 1552 3164 1606 tria
3193 1554 3252 1606 in
3282 1553 3423 1607 clero
3451 1555 3607 1622 capi-

1959 1648 2072 1696 tum
2102 1658 2324 1710 genera,
2357 1642 2740 1695 consuetudini
2785 1642 3130 1696 ecclesiarum
3155 1645 3365 1710 favens,
3398 1643 3604 1695 admit-

1959 1738 2071 1785 tere
2094 1731 2301 1801 passim
2349 1733 2590 1785 riceatur
2614 1749 2634 1793 ;
2687 1730 2781 1784 hic
2833 1737 3050 1799 tamen,
3085 1731 3240 1786 binos
3266 1738 3477 1786 tantum
3510 1748 3604 1786 sa-

1958 1821 2264 1875 cerdotum
2300 1825 2358 1874 et
2386 1821 2792 1886 diaconorum,
2827 1820 3084 1888 magistri
3107 1821 3394 1875 Clementis
3421 1837 3604 1875 exem-

196 1925 315 1963 sam
341 1908 634 1964 Dominus
658 1924 894 1980 quoque
916 1908 1110 1962 veniat
1130 1909 1201 1963 ad
1227 1908 1507 1963 lavandos
1531 1910 1709 1980 pedes
1734 1928 1850 1965 ser-
1881 1933 1927 1999 B
1952 1913 2069 1981 plo,
2103 1911 2308 1980 gradus
2337 1911 2601 1977 agnoscit.
2635 1911 2750 1980 Ego
2781 1925 2937 1976 vero,
2967 1916 3022 1964 et
3053 1910 3210 1980 apud
3239 1911 3605 1965 Clementem

192 1999 244 2051 vi
280 1998 602 2065 credentis,
637 2003 695 2051 et
716 2003 992 2067 parentes
1024 1996 1127 2051 ﬁlii
1157 2014 1170 2051 :
1205 1998 1361 2068 quod
1385 2002 1446 2052 in
1494 2015 1659 2056 more
1690 2002 1848 2071 posi-

194 2093 314 2143 tum
340 2093 509 2153 erat;
545 2086 648 2141 sed
671 2103 831 2142 nunc
862 2103 981 2142 non
1013 2087 1078 2141 fit
1100 2086 1185 2141 vel
1208 2104 1384 2158 supra
1415 2088 1656 2143 modum
1680 2091 1852 2144 raris-

191 2179 334 2233 sime
355 2184 414 2233 et
437 2177 597 2248 apud
616 2176 936 2232 admodum
953 2177 1254 2248 simplices
1277 2193 1343 2232 ac
1361 2179 1702 2234 rusticiores
1727 2181 1808 2234 fit.
1823 2200 1845 2230 ι

191 2269 257 2322 Ει
283 2284 351 2322 ea
384 2267 568 2322 etiam
593 2283 724 2337 quae
746 2272 904 2320 torno
921 2282 976 2320 χι
1001 2267 1060 2320 in
1084 2266 1420 2321 Matthmum
1441 2268 1658 2339 scripta
1676 2275 1846 2326 sunt:

188 2357 260 2413 Τὸ
280 2354 326 2410 δ’
360 2356 562 2428 ὅμοιον
605 2354 746 2428 ἐρεῖς
781 2355 872 2409 καὶ
903 2353 990 2408 ἐπὶ
1022 2359 1117 2408 τοῦ
1168 2355 1500 2429 ὀρεγομένου
1542 2355 1845 2426 ἐπισκοπῆς

192 2442 280 2500 διὰ
309 2446 416 2513 τὴν
448 2443 598 2517 παρὰ
629 2443 938 2517 ἀνθρώποις
971 2441 1144 2513 δόξαν,
1185 2445 1220 2512 ἤ
1278 2444 1378 2512 τὴδ
1412 2445 1517 2499 ἀπο
1548 2445 1843 2518 ἀνθρώπων

189 2533 512 2603 κολακείαν,
543 2530 580 2600 ἤ
613 2533 704 2588 τὸν
738 2533 846 2587 ἀπὸ
871 2537 978 2588 τῶν
1010 2534 1344 2608 προσιόντων
1379 2532 1534 2610 λόγῳ
1573 2535 1845 2612 πορισμὸν

191 2621 452 2678 διδόννων
486 2622 752 2699 προφάσει
797 2629 896 2692 τῆς
956 2618 1245 2684 εὐσεϐείας.
1303 2625 1362 2681 Ὀ
1406 2629 1536 2699 γοῦν
1594 2630 1844 2690 τοιοῦτος

189 2711 495 2773 ἐπίσκοπος
528 2713 592 2767 οὗ
619 2712 792 2768 κσλοῦ
832 2711 994 2787 ἔργου
1026 2713 1274 2786 ἐπιθνμεῖ
1305 2711 1428 2768 οὐδὲ
1459 2711 1677 2771 δύναται
1711 2717 1845 2771 εἶναι

196 2799 604 2871 ἀνεπίληπτος,
638 2797 764 2856 οὐδὲ
821 2800 1113 2874 νηφάλιος,
1150 2799 1278 2856 οὑδὲ
1337 2804 1587 2880 σώφρων,
1629 2804 1841 2878 μεθύων

191 2891 293 2944 ὑπὸ
328 2887 519 2962 δόξης,
551 2890 643 2944 καὶ
673 2888 996 2954 ἆκαλάστως
1016 2891 1187 2961 αὐτῆς
1226 2890 1660 2970 ἐμφορούμενος
1691 2894 1754 2949 τὸ
1787 2891 1846 2948 δὲ

183 2980 316 3034 αὐτὸ
348 2981 443 3034 καὶ
484 2979 608 3052 περὲ
642 2974 1030 3054 πρασϐυτέρων
1057 2981 1148 3036 καὶ
1181 2979 1445 3036 διακόνων
1474 2981 1847 3058 ἐρεῖς.‹‹8ἰῐιιὶ-

180 3071 321 3128 liter
345 3077 550 3128 autem
574 3071 735 3127 dices
758 3072 830 3126 de
864 3089 931 3128 eo
957 3073 1056 3144 qui
1091 3074 1495 3146 episcopatum
1523 3074 1844 3144 desiderat,

177 3167 241 3217 ut
262 3161 517 3234 gloriam
535 3161 692 3234 apud
712 3162 986 3218 homines
1000 3164 1516 3235 consequatur,vel
1533 3164 1846 3220 hominum

182 3252 657 3307 assentationem
684 3256 899 3324 captet,
932 3252 1022 3307 vel
1042 3257 1333 3322 quaastum
1353 3253 1424 3308 ab
1450 3253 1534 3307 eis
1574 3253 1843 3326 accipiat,

179 3343 278 3412 qui
295 3356 630 3397 sermonem
647 3341 782 3396 fidei
799 3341 1225 3413 amplectentes
1241 3342 1478 3414 pietatis
1493 3359 1669 3398 causa
1681 3342 1843 3399 dant.

181 3431 338 3486 Talis
361 3432 548 3503 igitur
570 3432 884 3503 episcopus
905 3453 932 3482 »
965 3431 1188 3487 bonum
1211 3449 1359 3503 opus
1380 3449 1490 3487 non
1520 3431 1840 3500 desiderat,

182 3537 362 3590 neque
388 3527 573 3590 potest
601 3537 710 3575 esse
740 3520 1302 3592 irreprehensibilis,
1355 3537 1530 3592 neque
1587 3521 1841 3591 sobrius,

188 3628 364 3682 neque
395 3610 663 3682 prudens
683 3609 752 3678 ¹⁷,
785 3633 814 3660 ‹‹
841 3616 1044 3683 utpote
1067 3611 1167 3681 qui
1191 3611 1378 3681 gloria
1403 3611 1600 3667 ebrius
1631 3613 1726 3680 sit,
1787 3617 1845 3667 et

185 3702 668 3772 intemperanter
689 3717 758 3755 ea
775 3701 956 3756 fuerit
976 3701 1388 3773 ingurgitatus.
1423 3700 1584 3756 Idem
1608 3718 1843 3772 quoque

183 3789 251 3844 de
266 3789 638 3862 presbyteris
660 3796 718 3846 et
740 3790 1000 3845 diaconis
1022 3790 1182 3845 dices
1210 3810 1235 3842 ι
1262 3792 1394 3845 Haec
1414 3790 1502 3845 vel
1523 3807 1589 3845 ex
1605 3791 1840 3861 Graecis,

181 3880 270 3934 vel
307 3879 380 3934 ab
407 3879 774 3950 Hieronymo
810 3880 951 3935 satis
983 3879 1240 3934 fideliter
1268 3880 1451 3935 versis
1499 3880 1791 3951 producta
1826 3897 1839 3936 :

181 3969 400 4041 quibus
433 3975 492 4024 et
523 3968 629 4024 illa
660 3987 791 4040 quae
811 3969 1084 4026 Rufﬂnus
1107 3970 1530 4042 interpretatus
1552 3975 1641 4025 est
1662 3971 1841 4027 etiam

180 4065 592 4115 consentanea
621 4064 778 4115 sunt.
838 4061 909 4114 Ut
936 4077 1008 4115 ex
1065 4060 1313 4115 homilia
1343 4061 1404 4115 in
1437 4062 1724 4116 Numeros
1747 4077 1843 4116 se-

181 4147 399 4214 cunda,
437 4163 617 4218 quam
653 4147 892 4202 tandem
926 4148 1214 4203 aRuffino
1244 4165 1473 4204 versam
1506 4165 1633 4204 esse
1666 4165 1839 4204 cons-

182 4242 284 4305 tat,
321 4254 392 4291 ex
427 4236 672 4309 prologo
705 4238 765 4291 in
793 4237 1050 4292 Emerici
1079 4237 1287 4310 Bigotii
1312 4238 1515 4293 codice
1532 4243 1764 4310 reperto
1784 4243 1843 4292 et

182 4328 250 4382 ab
286 4327 550 4382 Henrico
584 4327 815 4382 Valesio
848 4327 921 4382 ad
952 4327 1269 4383 Eusebium
1316 4329 1495 4397 edito,
1529 4329 1627 4399 qui
1662 4329 1841 4384 etiam

184 4417 242 4472 in
277 4417 654 4472 Bibliotheca
684 4417 914 4489 collegii
947 4418 1139 4472 nostri
1173 4418 1268 4472 SS.
1301 4417 1602 4473 Trinitatis
1653 4423 1843 4474 exstat

184 4523 275 4561 ms.
317 4508 386 4560 Et
408 4505 620 4561 titulus
644 4506 886 4576 quidem
911 4507 994 4562 ita
1013 4522 1075 4562 se
1093 4507 1274 4562 habet
1297 4523 1309 4563 :
1333 4509 1538 4579 Incipit
1550 4507 1836 4579 prologus.

186 4639 199 4654 .
245 4638 256 4650 .
309 4639 321 4650 .
371 4638 384 4651 .
435 4637 446 4649 .
493 4599 857 4652 Numerorum
885 4598 961 4653 ad
997 4599 1297 4653 Ursacium.

1961 2000 2330 2072 magistrum,
2365 2000 2450 2053 sic
2477 1999 2653 2053 etiam
2686 1998 2840 2069 apud
2890 1999 3202 2071 Origenem
3248 1999 3603 2070 discipulum

1963 2095 2079 2143 tres
2110 2089 2323 2160 gradus
2337 2088 2786 2156 invenio,unum
2803 2088 3115 2144 diaconum
3133 2089 3193 2143 in
3211 2089 3416 2144 ordine
3431 2090 3603 2144 mini-

1960 2179 2146 2247 sterii,
2182 2178 2350 2246 duos,
2383 2178 2642 2249 episc0pi
2672 2178 2917 2247 scilicet,
2939 2183 2996 2232 et
3023 2179 3378 2251 presbyteri,
3414 2181 3473 2233 in
3501 2196 3600 2234 or-

1958 2268 2094 2323 dine
2127 2267 2532 2332 sacerdotii,ut
2561 2271 2615 2320 et
2648 2266 2773 2336 ipse
2807 2283 2869 2320 se
2900 2267 3174 2338 explicat,
3205 2274 3263 2323 et
3279 2267 3512 2340 plenius
3537 2269 3596 2323 Β.

1957 2358 2209 2429 Cyrillus
2233 2357 2646 2413 Alexandrinae
2665 2357 2940 2412 Ecclesia;
2967 2357 3306 2428 patriarcha
3335 2357 3439 2412 lib.
3491 2374 3596 2411 xm

1955 2448 2031 2502 De
2060 2448 2385 2502 adoratione
2415 2449 2473 2501 in
2503 2447 2704 2516 spiritu
2734 2453 2787 2500 et
2815 2446 3052 2501 veritate
3072 2463 3093 2500 :
3122 2445 3185 2500 Et
3218 2442 3275 2498 δὲ
3303 2467 3385 2507 τις
3413 2440 3600 2498 ἕλοιτο

1954 2536 2044 2590 καὶ
2074 2542 2173 2604 τῆς
2203 2534 2534 2605 Ἐκκλησίας
2562 2535 2662 2602 τήν
2694 2532 2842 2601 τάξιν
2885 2535 3386 2610 πολυκραγμονεῖν,
3415 2537 3516 2602 τήν
3547 2535 3598 2588 ἐν

1955 2626 2110 2698 νόμῳ
2139 2623 2594 2700 προανατῦπωσιν
2625 2624 3086 2696 καταθαυμάσειεν
3103 2625 3162 2679 ἄν
3197 2625 3420 2686 εἰκότως
3449 2626 3604 2680 Ἐπι-

1956 2717 2182 2775 σκόποις
2217 2715 2312 2788 μὲν
2343 2715 2467 2788 γὰρ,
2503 2714 2594 2768 ἅτε
2626 2711 2692 2783 δὴ
2735 2714 2858 2768 τότε
2888 2715 3247 2788 καθηγεῖσθαι
3310 2714 3599 2789 λαχοῦσιν,

1953 2803 2043 2858 καὶ
2079 2804 2174 2877 μέν
2203 2809 2320 2866 τοῖς
2362 2803 2448 2857 ἐπὶ
2479 2804 2578 2872 τὴν
2612 2803 2748 2876 μείω
2781 2802 3027 2858 διὲπὸυσι
3075 2803 3245 2875 τάξιν,
3305 2797 3602 2872 πρεσϐυτέ-

1958 2915 2072 2969 ροις
2104 2891 2160 2948 δὲ
2200 2914 2367 2970 φημι,
2393 2892 2738 2947 πεπίστευται
2761 2893 2823 2947 τὸ
2857 2893 3206 2967 θυσιασήριον
3258 2892 3442 2946 καὶτὰ
3494 2885 3600 2946 ἔσω

1952 2987 2050 3038 τοῦ
2114 2982 2613 3055 καταπετάσματος,
2669 2984 2752 3044 οἷς
2803 2981 2863 3035 ἄν
2921 2981 3120 3057 πρέποι
3165 2980 3255 3036 καὶ
3325 2980 3600 3056 λέγεσθαι,

1955 3073 2060 3130 Καὶ
2118 3071 2413 3150 φυλάξουσι
2469 3073 2570 3141 τὴν
2629 3071 2896 3148 ἱερατείαν
2955 3070 3153 3126 αὐτῶν·
3215 3069 3490 3131 διακόνοις
3539 3091 3602 3146 γε

1959 3163 2052 3235 μὲν
2083 3162 2168 3233 τὸ,
2201 3159 2511 3230 Φυλάξουσι
2556 3160 2651 3222 τὰς
2710 3158 2954 3239 φυλακὰς
2982 3166 3079 3228 νῆς
3114 3164 3334 3234 σκηνῇς,
3373 3185 3400 3212 ‹‹
3437 3161 3603 3226 Quod

1906 3309 1924 3334 η
1958 3255 2004 3309 si
2023 3254 2154 3326 quis
2179 3252 2319 3308 velit
2350 3253 2524 3308 etiam
2575 3251 2847 3307 Ecclesiae
2897 3251 3170 3306 ordinem
3230 3252 3600 3323 perquirere,

1958 3343 2120 3398 illam
2146 3359 2276 3413 quas
2298 3343 2360 3397 in
2391 3343 2518 3413 lege
2549 3346 2640 3396 est
2672 3341 3210 3413 praafigurationem
3237 3340 3373 3411 jure
3403 3340 3601 3394 admi-

1956 3435 2202 3490 rabitur.
2232 3433 2536 3505 EpiSCOpis
2568 3433 2746 3499 enim,
2781 3449 2848 3487 ac
2897 3433 2945 3486 si
3004 3437 3144 3487 tunc
3201 3432 3600 3503 principatum

1955 3524 2146 3580 sortiti
2167 3523 2759 3593 essent,atqueeliam
2776 3521 2847 3576 iis
2871 3520 2971 3592 qui
2993 3521 3333 3576 inferiorem
3354 3521 3601 3594 gradum

1956 3612 2558 3686 gerunt,presbyteris
2589 3610 3272 3681 inquam,concreditum
3304 3615 3392 3665 est
3413 3610 3600 3665 altare

1955 3709 2154 3774 etquaa
2169 3706 2306 3758 sunt
2322 3702 2478 3755 intra
2497 3699 2924 3770 velum,quibus
2937 3700 3112 3755 etiam
3131 3700 3246 3755 dici
3269 3700 3562 3756 convenit:
3575 3721 3602 3748 υ

1952 3794 2021 3847 Et
2063 3791 2401 3846 custodient
2460 3788 2856 3844 sacerdotium
2910 3804 3122 3853 suum;
3173 3790 3420 3844 diaconis
3476 3805 3601 3843 vero

1953 3883 2138 3937 illud:
2162 3879 2508 3935 Custodient
2539 3877 2840 3933 custodias
2883 3876 3361 3932 tabernaculi.Ex
3380 3878 3598 3934 Rufﬁni

1953 3972 2131 4026 etiam
2161 3970 2427 4024 versione
2479 3966 2745 4038 Origenis
2799 3966 3219 4020 Commentarii
3251 3967 3310 4020 in
3357 3967 3600 4022 Cantica

1953 4060 2319 4117 canticorum
2352 4057 2666 4113 habentur.
2701 4057 2767 4110 In
2798 4055 3045 4110 homilia
3068 4059 3284 4122 autem,
3318 4059 3384 4108 ut
3439 4071 3599 4109 nunc

1950 4155 2212 4216 vocatur,
2245 4147 2506 4203 secunda
2528 4146 2640 4201 ista
2673 4145 2920 4216 legimus
2953 4162 2965 4200 :
2998 4145 3150 4199 Vidit
3180 4150 3229 4199 et
3256 4145 3434 4198 sedem
3459 4160 3598 4211 pue-

1950 4257 2138 4296 rorum
2178 4242 2316 4309 ejus,
2351 4237 2445 4309 (de
2477 4236 2678 4308 regina
2707 4235 2858 4290 Saba
2889 4238 2946 4290 et
2976 4234 3289 4290 Salomone
3316 4233 3598 4303 loquitur)

1952 4352 1979 4379 ‹‹
2001 4327 2666 4396 ecclesiasticum,puto,
2691 4322 2964 4379 ordinem
2992 4323 3260 4394 dicit,qui
3287 4323 3347 4377 in
3375 4322 3606 4394 episco-

1948 4423 2123 4490 patus
2142 4417 2232 4472 vel
2263 4414 2617 4488 presbyterii
2642 4413 2882 4469 sedibus
2904 4413 3347 4470 habetur.Vidit
3367 4419 3426 4468 et
3441 4411 3603 4467 ordi-

1949 4507 2223 4563 nationes
2236 4505 2326 4560 vel
2341 4504 2625 4561 stationes
2641 4503 3037 4558 ministrorum
3051 4503 3604 4582 ejus,dia'conorum,

1953 4603 2018 4651 ut
2037 4596 2182 4650 mihi
2205 4593 2731 4660 videtur,ordinem
2751 4597 3044 4647 memorat
3064 4593 3383 4648 astantium
3405 4591 3600 4646 divino

252 4685 516 4756 Reliqua
551 4686 710 4740 enim
733 4687 1046 4742 manifeste
1099 4692 1238 4743 sunt
1261 4703 1449 4755 erasa,
1484 4687 1557 4743 ob
1618 4687 1840 4743 Rnfﬂni
1871 4683 1916 4747 D
1950 4684 2302 4740 ministerio.
2336 4705 2364 4733 »
2398 4684 2468 4736 Et
2494 4681 2671 4753 paulo
2693 4687 2858 4753 post:
2891 4703 2911 4730 ι
2948 4683 3080 4736 Haec
3111 4698 3246 4754 ergo
3273 4681 3473 4736 omnia
3501 4681 3602 4736 ubi

185 4780 504 4840 nomen,ut
528 4775 985 4832 videtur.Prima
1008 4777 1276 4848 epistola:
1301 4777 1618 4844 sententia,
1653 4800 1680 4826 ‹‹
1712 4783 1849 4832 utar

183 4865 379 4920 verbis
405 4865 536 4930 tibi,
569 4865 772 4935 frater,
806 4864 964 4920 beati
997 4867 1297 4938 martyris,
1347 4867 1498 4922 bene
1534 4866 1844 4936 admones,

190 4954 417 5009 Donate
435 4953 844 5022 charissime,»
870 4955 924 5009 S.
960 4955 1318 5027 Cyprianum
1358 4962 1518 5011 certe
1542 4955 1845 5027 intelligit,

190 5045 360 5116 cujus
393 5042 495 5098 illa
527 5042 701 5098 verba
733 5048 871 5098 sunt
900 5045 960 5100 in
992 5045 1163 5099 initio
1202 5045 1478 5101 secunda:
1530 5044 1797 5117 epistolas
1831 5061 1844 5100 :

197 5135 339 5187 Bene
369 5133 647 5200 admones,
682 5134 888 5189 Donate
935 5133 1276 5190 charissime.
1310 5134 1556 5206 Reliqua
1615 5134 1676 5187 in
1734 5149 1843 5188 ms.

195 5229 399 5277 nostro
439 5240 575 5278 cum
636 5221 954 5294 Bigotianis
1013 5241 1254 5296 prorsus
1305 5224 1688 5292 conveniunt,
1729 5223 1848 5278 nisi

193 5313 347 5384 quod
377 5331 486 5385 pro
537 5314 694 5368 breve
721 5312 902 5380 saltim
933 5313 1165 5385 legatur
1217 5315 1366 5369 brevi
1396 5314 1560 5380 saltu,
1625 5317 1684 5367 et
1738 5328 1846 5384 pro

195 5402 306 5460 haec
321 5409 689 5476 perurgente,
715 5403 903 5459 multo
934 5405 1174 5473 rectius,
1211 5404 1322 5460 haec
1377 5408 1704 5475 perurgente
1748 5408 1799 5456 te
1830 5417 1845 5469 ;

196 5491 496 5549 Ursacium
532 5493 697 5549 enim
721 5492 1060 5563 alloquitur,
1085 5498 1151 5548 ut
1179 5493 1332 5548 bene
1354 5492 1683 5548 observavit
1704 5491 1852 5546 Hue-

198 5581 326 5638 tius.
351 5585 432 5640 Ex
462 5583 739 5638 versione
762 5581 943 5654 igitur
995 5581 1214 5637 Rufflni
1248 5582 1364 5636 hhc
1421 5581 1686 5652 Origenis
1742 5578 1850 5633 ha-

197 5669 436 5732 bentur!
471 5674 776 5729 «Putasne
801 5671 903 5744 qui
925 5671 1257 5728 sacerdotio
1273 5672 1639 5744 fnngatur,et
1659 5669 1721 5725 in
1754 5683 1849 5724 sa-

266 5789 313 5828 "
338 5791 360 5853 ι
388 5792 540 5853 Tim.
564 5805 657 5863 in,
680 5791 734 5844 2.

1954 4773 2099 4829 vidit
2129 4774 2189 4828 in
2213 4772 2388 4828 domo
2417 4771 2572 4843 regis
2602 4771 2857 4841 paciﬁci,
2885 4771 3004 4825 imo
3035 4771 3271 4825 Christi.
3308 4795 3328 4823 ι
3369 4770 3452 4825 lta
3480 4776 3602 4824 tres

1957 4859 2197 4915 ordines
2229 4859 2290 4912 in
2321 4857 2586 4912 Ecclesia
2609 4855 2820 4910 Christi
2863 4855 2970 4909 sub
3003 4856 3196 4909 Veteri
3227 4857 3602 4910 Testamento

1955 4948 2364 5020 praefiguratos
2389 4945 2579 5001 docet.
2612 4945 2764 4999 Duos
2799 4948 3030 4998 tantum
3065 4941 3407 4997 Blondellus
3438 4942 3599 5007 vidit,

1958 5037 2116 5108 quod
2147 5036 2320 5092 sedes
2336 5041 2461 5090 tum
2479 5032 2840 5106 presbyteris
2871 5036 2993 5086 tum
3021 5030 3312 5102 episcopis
3335 5031 3606 5086 tribuan-

1956 5130 2072 5181 tur.
2106 5127 2185 5181 De
2209 5141 2328 5195 qua
2356 5141 2420 5179 re
2451 5122 2881 5190 alibi.;lnterim
2912 5121 3179 5194 Origenis
3211 5121 3507 5176 sententia
3533 5120 3603 5175 de

1959 5215 2186 5270 diverso
2221 5212 2404 5282 gradu
2436 5213 2770 5283 eorum,qui
2795 5212 2855 5265 in
2877 5210 3176 5267 cathedris
3196 5210 3417 5281 populo
3456 5227 3603 5282 prai-

1962 5302 2406 5370 sidebant,satis
2438 5306 2643 5371 aperta
2674 5307 2763 5354 est
2791 5317 2861 5356 ex
2893 5303 2966 5357 iis
2997 5318 3127 5373 quas
3159 5300 3408 5355 homilia
3438 5317 3487 5354 vr
3545 5302 3604 5354 in

1959 5394 2256 5449 Jeremiam
2285 5388 2526 5462 protuli,
2558 5389 2656 5443 ubi
2682 5389 2943 5460 seipsum
2972 5395 3248 5447 numerat
3269 5390 3424 5444 inter
3445 5399 3605 5452 καθε-

1963 5481 2223 5553 ζομένους
2263 5477 2316 5533 ἐν
2347 5471 2831 5552 πρεσϐυτερείῳβῑ
2868 5484 3067 5535 tamen
3098 5479 3364 5553 agnoscit
3383 5478 3474 5533 τὸν
3501 5478 3600 5545 τὴν

1959 5570 2173 5624 πάντων
2202 5570 2363 5640 ἡμῶν
2388 5565 2857 5641 ἰγκεχειρισμὲνον
2889 5565 3360 5640 ἀρχήν-αὶίὺὶᾳαθ
3391 5568 3606 5624 distin-

1961 5661 2088 5733 guit
2113 5660 2272 5716 inter
2301 5655 2656 5714 ἐπισκοπικὸν
2686 5653 2878 5727 θρόνον
2911 5663 2970 5713 et
2999 5651 3418 5732 πρεσϐττεριίου
3440 5659 3610 5734 τιμήν
