3974 6296
352 408 472 472 223

1411 404 1472 468 5.
1517 399 1918 468 IGNATIUS.
1949 430 2027 444 --
2069 394 2680 460 PROLEGOMENA.

3645 405 3772 468 ω

425 540 538 597 Sed
563 538 1016 598 Salmasusidin
1038 538 1285 612 Origene
1307 538 1638 611 vidit,quod
1658 537 1853 594 videre
1875 549 1995 590 non
2029 533 2078 604 Α
2113 531 2242 604 ipso
2271 530 2538 603 apostolo
2569 530 2866 589 derivasse
2899 546 2915 600 ;
2946 531 3258 606 Origenem
3289 534 3571 590 Demetrii
3621 555 3765 608 syn-

361 632 556 706 potuit
583 629 947 698 Blondellus,
981 646 1098 702 quo
1126 629 1338 702 probet
1366 645 1554 686 unum
1584 634 1816 686 tantum
1874 626 1997 698 epi-

351 722 514 794 scopi
547 727 605 778 et
634 721 963 794 presbyteri
992 720 1240 793 gradum
1283 720 1355 776 ab
1387 720 1511 788 illo,
1572 725 1638 776 ut
1695 725 1754 775 et
1810 735 1844 774 a
1883 717 2001 772 Cle-

351 817 572 881 mente,
603 811 950 883 proditum:
1009 812 1182 866 Unum
1239 811 1420 879 enim,
1470 809 1687 881 inquit,
1747 806 1999 879 σόστημοι

355 923 384 952 ι(
411 901 816 974 agnoscit,hoc
846 900 1277 972 est,collegium
1295 901 1606 957 hominum
1629 899 1746 956 vita
1765 904 1999 971 specta-

352 995 548 1046 torum
571 996 629 1044 et
649 989 978 1053 doctrina,a
999 1007 1115 1062 quo
1140 990 1386 1064 singulae
1409 989 1674 1046 ecclesias
1714 989 2001 1061 guberna-

349 1079 586 1138 bantur.
597 1082 701 1136 nUt
716 1080 1072 1137 sententiam
1088 1081 1182 1136 Ori
1191 1081 1354 1154 genis
1373 1080 1444 1136 de
1465 1081 1576 1136 hoc
1587 1097 1707 1136 uno
1721 1085 2000 1150 systema-

353 1177 410 1227 te
429 1171 850 1245 gubernatorio
896 1172 1190 1238 ostendat,
1224 1172 1420 1228 locum
1452 1172 1610 1228 hunc
1663 1187 1734 1227 ex
1766 1169 1870 1236 lib,
1897 1185 1998 1226 vni

352 1261 559 1318 Contra
587 1261 797 1318 Celsum
823 1261 1527 1318 infelicissimeadducit:
1577 1260 1771 1332 Ἡμεῖς
1831 1254 1888 1312 δὲ
1942 1255 1994 1312 ἐν

351 1347 547 1423 ἑκάστῃ
575 1347 734 1405 πόλει
768 1347 912 1406 ἄλλο
946 1350 1198 1422 σύστημα
1242 1347 1528 1424 πατρίδος,
1573 1349 1784 1412 κτισθὲν
1839 1345 1996 1422 λόγῳ

350 1441 484 1493 Θεοῦ
514 1436 888 1512 ἐπιστάμενοι,
917 1439 1044 1502 τοὺς
1075 1437 1332 1502 δυνατοὺς
1366 1439 1517 1516 λόγῳ
1546 1440 1637 1494 καὶ
1690 1438 1799 1514 βίῳ
1859 1436 1996 1512 ὑγιεῖ

351 1528 680 1604 χρωμένους
707 1525 895 1603 ἂρχειν
920 1527 1006 1583 ἐπὶ
1023 1529 1086 1584 τὸ
1108 1527 1304 1608 ἄρχειν
1319 1527 1632 1598 ἐκκλησιῶν
1655 1523 2000 1603 παρακαλοῦ·

353 1639 468 1692 μεν.
501 1622 683 1686 Quem
715 1621 798 1676 ita
815 1620 890 1676 ad
912 1637 1084 1678 suum
1103 1623 1468 1693 propositum
1495 1622 1686 1694 primo
1709 1622 1998 1692 interpre-

347 1715 542 1767 tatur:
579 1732 607 1761 ‹‹
629 1713 745 1766 Nos
787 1711 1003 1767 veroin
1036 1712 1280 1784 singulis
1302 1712 1637 1768 civitatibus
1667 1711 1827 1770 aliud
1867 1727 1998 1766 cor-

351 1800 610 1871 pus,sive
633 1799 946 1872 collegium
970 1800 1174 1872 patriae
1197 1800 1372 1856 verbo
1401 1801 1502 1857 Dei
1526 1800 1870 1856 institurum
1889 1817 1994 1855 no-

2104 621 2418 691 chronum,
2449 621 2727 678 eumdem
2753 621 3025 678 ordinem
3049 639 3118 678 ex
3147 623 3302 696 typis
3331 623 3641 697 legalibus,
3673 645 3752 685 ex

2105 710 2276 768 dictis
2328 711 2670 784 Salvatoris,
2729 729 2802 768 ex
2849 715 3162 786 praeceptis
3193 713 3536 786 apostolicis
3564 717 3758 774 dedu-

2102 802 2280 873 xisse,
2313 819 2423 858 nec
2451 820 2714 876 unquam
2739 821 2874 860 cum
2915 804 3330 876 presbyteratu
3386 806 3758 877 confudisse,

2107 891 2210 947 sed
2237 893 2566 966 episcopos,
2614 893 3015 966 presbyteros,
3035 894 3314 952 diaconos
3346 913 3583 970 semper
3613 915 3756 956 cum

2103 983 2328 1053 Ignatio
2362 999 2731 1039 numerasse.
2766 984 2838 1039 Ut
2864 989 3072 1055 postea
3107 983 3370 1042 Isidorus
3431 986 3755 1058 Pelusiota,

2107 1071 2420 1144 presbyter
2464 1073 2784 1145 Aigyptius,
2848 1073 3193 1148 episcopum
3247 1073 3416 1130 τύπον
3470 1079 3567 1130 τοῦ
3616 1079 3754 1152 Χρι-

2104 1163 2232 1214 στοῦ
2265 1161 2523 1234 appellat
2551 1162 2654 1217 lib.
2688 1179 2729 1233 ι,
2779 1163 2950 1235 epist.
3009 1166 3131 1235 136,
3185 1165 3593 1238 episcopatum
3649 1167 3756 1238 τήν

2101 1255 2198 1308 τοῦ
2228 1251 2494 1308 τοσούτου
2525 1249 2695 1328 ὕψους
2722 1247 3000 1325 ἀνέέϐασιν,
3031 1255 3135 1314 lib.
3169 1274 3210 1326 ι,
3271 1259 3445 1330 epist.
3490 1261 3591 1314 104-
3623 1277 3639 1327 ;
3698 1265 3762 1316 et

2101 1343 2164 1398 τὸ
2221 1350 2322 1414 τῆς
2379 1341 2685 1414 ἐπισκοπῆς
2729 1343 2818 1400 καὶ
2875 1343 3051 1419 ὄνομα
3105 1345 3195 1402 καὶ
3244 1351 3468 1422 πρᾶγμα
3521 1351 3664 1404 θεῖον
3698 1348 3759 1404 ὅν

2101 1433 2193 1488 καὶ
2247 1439 2491 1508 κρεῖττον
2547 1433 2726 1505 πάσης
2781 1431 3066 1498 πολιτείας
3113 1457 3172 1491 τε
3229 1438 3318 1492 καὶ
3349 1437 3522 1510 ἀξίας,
3551 1440 3655 1496 lib.
3689 1459 3752 1508 il,

2104 1524 2276 1597 epist.
2315 1529 2434 1595 125,
2467 1529 2527 1582 et
2558 1543 2780 1587 nomen
2811 1532 2868 1582 et
2897 1544 3024 1584 rem
3045 1527 3236 1600 ipsam
3274 1529 3534 1586 divinam
3565 1547 3753 1604 agno-

2105 1615 2234 1683 scit,
2257 1620 2436 1686 prout
2465 1632 2501 1672 a
2529 1616 2942 1688 presbyteratu
2967 1617 3353 1692 distinguitur
3383 1637 3396 1676 :
3441 1619 3560 1692 agit
3589 1622 3755 1678 enim

2104 1703 2176 1760 de
2209 1705 2574 1777 episcopatu,
2609 1723 2787 1778 quem
2827 1707 3042 1763 Hierax
3073 1708 3383 1780 presbyter
3436 1712 3755 1768 recusavit.

2104 1793 2238 1848 Haec
2269 1793 2447 1866 igitur
2475 1793 2746 1851 doctrina
2773 1795 2845 1851 de
2875 1796 3251 1852 institutione
3275 1797 3601 1868 apostolica
3631 1801 3758 1871 epi-

343 1889 534 1946 vimus
557 1889 828 1946 doctrina
857 1895 916 1946 et
942 1890 1060 1945 vita
1081 1907 1224 1947 sana
1243 1891 1541 1947 utentium
1563 1896 1739 1963 atque
1785 1890 1860 1946 ad
1902 1906 1998 1944 re-
2027 1907 2075 1976 Β
2105 1900 2418 1976 scaporum
2440 1900 2512 1976 ex
2526 1890 2726 1940 mente
2741 1884 3054 1976 Christi,de
3075 1886 3260 1976 gradu
3281 1903 3317 1942 a
3336 1889 3754 1962 presbyteratu

345 1977 607 2036 hendum
630 1979 1162 2052 idoneorum,quos
1177 1981 1496 2038 invitamus
1509 1981 1581 2038 ad
1599 1982 1998 2053 praefecturam

349 2066 734 2124 ecclesiarum
766 2068 1400 2140 capessendam.»Dein
1427 2068 1997 2139 observat.perillud

352 2155 602 2230 σύστημα
619 2157 674 2209 ἐν
710 2156 908 2228 ἐκάστᾳ
927 2155 1086 2212 πόλει
1113 2157 1324 2212 κτισθὲν
1348 2155 1502 2232 Λόγῳ
1531 2161 1665 2212 Θεοῦ
1696 2159 1894 2230 palam
1917 2176 1998 2215 es-

313 2261 319 2268 '
348 2261 411 2301 se
442 2261 578 2302 eum
613 2245 944 2318 intelligere
972 2245 1410 2318 presbyterium
1459 2247 1748 2318 cujusque
1796 2247 1992 2303 civita-

347 2335 424 2391 tis
453 2352 490 2392 a
520 2337 636 2391 Deo
659 2352 766 2408 per
795 2336 1092 2408 spostolos
1113 2335 1472 2392 institutum.
1498 2338 1620 2392 Imo
1652 2338 1997 2410 veropalam

347 2431 436 2482 est
461 2425 590 2482 haec
618 2426 820 2481 omnia
843 2441 971 2482 esse
995 2431 1356 2491 contorta,et
1377 2427 1594 2482 misere
1615 2432 1818 2484 coacta
1841 2444 1995 2484 :non

345 2516 507 2573 enim
539 2514 892 2587 simpliciter
920 2513 1086 2580 σῦστη
1098 2534 1172 2587 μα
1197 2515 1346 2571 dixit
1372 2516 1800 2588 Origenes,non
1821 2539 1851 2568 «
1875 2517 1994 2573 col-

342 2604 561 2678 legium
593 2606 903 2662 hominum
933 2606 1052 2661 vita
1081 2612 1481 2678 spectatorum
1512 2613 1572 2663 et
1625 2607 1898 2664 doctrina
1959 2625 1995 2665 a

344 2713 460 2767 quo
487 2697 734 2768 singulae
767 2696 1032 2753 ecclesia)
1061 2697 1674 2768 gubernabantur,»ut
1692 2699 1831 2754 inde
1861 2717 1994 2772 pre-

347 2785 672 2858 sbyterium
705 2792 984 2854 eruatur;
1007 2787 1112 2843 sed
1133 2785 1384 2859 σ-Βστημα
1413 2783 1694 2859 πατρίδος,
1746 2795 1805 2844 et
1858 2790 1994 2860 qui-

343 2875 479 2932 dem
510 2873 678 2944 ἄλλο,
709 2877 770 2932 id
798 2883 891 2934 est
917 2877 1223 2949 συστήματι
1255 2874 1518 2948 πατρίδος
1549 2878 1706 2949 apud
1735 2879 1992 2951 gentiles

340 2964 405 3020 in
435 2966 644 3022 eadem
675 2966 908 3023 civitate
967 2967 1323 3038 oppositum.
1379 2965 1677 3040 Προτρέπει
1733 2963 1782 3020 δ’
1845 2969 1991 3039 ἡμᾶς

340 3051 544 3114 Κέλσος
573 3052 664 3109 καὶ
694 3053 782 3109 ἐπὶ
812 3055 876 3110 τὸ
909 3053 1096 3130 ἄρχειν
1129 3061 1230 3124 τῆς
1261 3051 1570 3128 πατρίὸις.‹ι
1593 3057 1745 3122 Quin
1764 3057 1836 3113 ad
1865 3075 1990 3114 ma.-

337 3143 618 3216 gistratus
641 3145 702 3202 in
732 3146 924 3218 patria
951 3145 1242 3216 gerendas
1265 3146 1536 3202 hortatur
1555 3163 1665 3202 nos
1688 3148 1888 3204 Celsus
1923 3167 1982 3205 :»

341 3233 666 3306 respondet
740 3236 1038 3307 Origenes,
1127 3235 1492 3292 Christianos
1544 3236 1704 3292 aliud
1756 3245 1985 3307 systema

335 3329 547 3396 patriae
575 3342 916 3397 agnoscere,
950 3331 1007 3380 et
1035 3325 1094 3380 in
1128 3326 1229 3380 illo
1259 3332 1575 3398 systemate
1607 3329 1983 3392 magistratus

340 3431 542 3470 creare
576 3433 590 3482 ;
623 3413 797 3486 plane
827 3420 894 3470 ut
917 3415 1058 3470 alibi
1088 3414 1351 3486 loquitur
1392 3417 1463 3472 de
1523 3417 1801 3473 Ecclesiis
1857 3419 1980 3489 Dei,

333 3507 393 3559 et
423 3503 689 3560 ecclesiis
721 3503 925 3575 populi
956 3504 1018 3560 in
1063 3504 1271 3560 eadem
1329 3506 1583 3576 civitate,
1636 3508 1707 3562 (le
1761 3525 1877 3578 qua
1917 3525 1979 3564 re

334 3609 533 3664 supra.
569 3593 892 3648 Salmasius
923 3593 1150 3650 nullam
1180 3595 1545 3652 mentionem
1577 3595 1718 3651 facit
1750 3597 1976 3668 patriai,

331 3681 436 3736 sed
466 3683 835 3738 convertitin
867 3688 1125 3754 systema
1144 3684 1404 3740 virorum
1431 3686 1548 3741 vita
1577 3692 1977 3756 spectatorum

329 3777 389 3826 et
417 3771 707 3839 doctrina,
739 3771 916 3844 plane
946 3778 1155 3830 contra
1187 3779 1443 3830 mentem
1467 3774 1819 3844 Origenis,et
1847 3792 1980 3830 ver-

328 3861 540 3918 borum
573 3864 1102 3920 constructionem.
1134 3865 1217 3920 Tu
1256 3865 1340 3921 ita
1369 3875 1558 3921 vertas
1591 3881 1604 3920 :
1631 3889 1657 3916 ‹‹
1693 3866 1808 3920 Nos
1836 3882 1970 3922 vero

329 3954 394 4010 in
416 3971 770 4026 unaquaque
787 3954 1019 4011 civitate
1040 3954 1204 4011 aliud
1223 3959 1482 4028 systema
1502 3955 1623 4011 sive
1644 3962 1858 4012 emtum
1881 3973 1978 4028 pa-

331 4045 458 4101 triae
489 4045 663 4100 verbo
695 4045 797 4100 Dei
847 4045 1188 4101 institutum
1223 4050 1668 4117 cognoscentes,
1703 4051 1975 4116 potentes

330 4152 604 4192 sermone
625 4140 682 4190 et
712 4135 830 4192 vita
859 4152 1005 4192 sana
1035 4140 1270 4190 utentes
1300 4135 1374 4190 ad
1430 4135 1844 4206 praefecturam
1875 4153 1972 4192 ec-

327 4227 642 4283 clesiarum
670 4226 1076 4283 adhortamur.
1103 4248 1132 4276 »
1165 4226 1334 4281 Prius
1356 4225 1598 4296 quidem
1619 4222 1808 4298 ἄρχειν
1835 4244 1973 4284 cum

328 4317 640 4372 manifeste
671 4314 956 4391 παρέλκοι,
1006 4317 1072 4372 in
1123 4315 1612 4386 interpretatione
1645 4317 1841 4370 omisi.
1877 4317 1971 4373 Sic

327 4411 522 4462 autem
556 4405 756 4460 omnia
781 4405 942 4462 clara
972 4409 1197 4474 sunt,et
1220 4420 1325 4476 per
1354 4403 1504 4460 illud
1529 4399 1673 4458 ἄλλο
1713 4401 1968 4476 σύστημα

325 4491 586 4568 πατρίδος
617 4494 765 4550 nihil
793 4495 955 4552 aliud
985 4494 1236 4567 intelligi
1267 4497 1480 4564 potest,
1541 4509 1722 4565 quam
1777 4499 1962 4550 costus

325 4585 602 4642 Ecclesia:
645 4585 954 4658 gentilium
1004 4583 1250 4641 cratibus
1305 4582 1631 4655 oppositus.
1686 4583 1853 4648 Quod
1907 4588 1966 4640 et

2105 1973 2405 2042 distincto,
2435 1973 2654 2046 illoque
2709 1974 3123 2042 eminentiore,
3173 1975 3365 2048 deque
3413 1977 3760 2036 obedientia

2102 2063 2248 2134 ipsis
2307 2068 2591 2136 tanquam
2654 2063 2930 2121 Patribus
2959 2082 2994 2121 a
3039 2066 3270 2122 Christo
3304 2068 3643 2124 constitutis
3675 2069 3754 2126 ab

2102 2154 2378 2210 omnibus
2409 2155 2760 2226 prestanda,
2782 2173 2818 2212 a
2858 2157 2914 2212 S.
2967 2156 3188 2229 Ignatio
3219 2159 3294 2214 ad
3347 2160 3750 2232 quorumdam

2102 2243 2412 2300 hominum
2438 2247 2730 2314 fastidium
2759 2261 2926 2318 usque
2953 2249 3195 2318 repetita
3240 2254 3293 2304 et
3344 2249 3646 2317 inculcata,
3682 2251 3750 2307 in

2101 2332 2502 2390 Alexandrina
2530 2335 2792 2391 Ecclesia
2814 2335 2926 2390 fuit
2966 2337 3399 2409 receptissima,
3431 2339 3494 2394 in
3539 2339 3750 2398 schola

2100 2423 2461 2479 catechetica
2489 2424 2706 2480 eximia
2736 2424 2979 2496 quidem
3008 2425 3114 2482 illa
3134 2432 3193 2482 et
3221 2428 3479 2484 maxime
3513 2445 3750 2486 memo-

2099 2511 2271 2568 rabili
2299 2513 2371 2568 ab
2401 2513 2572 2568 initio
2603 2514 2926 2586 proposita,
2958 2532 2994 2571 a
3039 2515 3341 2572 Clemente
3373 2519 3628 2590 parcius,
3660 2519 3738 2575 ab

2099 2601 2348 2674 Origene
2371 2602 2445 2658 ad
2467 2603 2812 2659 eorumdem
2835 2604 3146 2661 hominum
3167 2606 3414 2664 fortasse
3431 2608 3743 2664 fastidium

2097 2693 2351 2764 repetita
2388 2698 2447 2748 et
2473 2693 2772 2750 inculcata
2804 2709 2818 2761 ;
2849 2694 3043 2752 forma
3080 2696 3254 2751 etiam
3307 2696 3615 2768 regiminis
3667 2697 3746 2754 ab

2097 2783 2319 2855 lgnatio
2350 2783 2413 2838 in
2463 2783 2735 2839 Asiaticis
2793 2785 3062 2840 ecclesiis
3095 2786 3266 2841 toties
3298 2786 3604 2842 dtcantata
3631 2787 3752 2843 fuit

2097 2872 2372 2928 omnibus
2405 2873 2668 2928 numeris
2706 2873 3076 2930 Alexandria)
3133 2882 3582 2947 repraesentata.
3614 2877 3747 2933 Iino

2096 2979 2216 3018 non
2247 2968 2478 3018 tantum
2513 2963 2815 3036 lgnatiana
2845 2965 3119 3020 Ecclesia:
3145 2965 3335 3020 forma
3365 2966 3437 3021 ab
3469 2966 3748 3038 Origene,

2096 3051 2487 3108 celeberrimo
2544 3053 3080 3110 Alexandrinorum
3139 3055 3441 3127 magistro,
3513 3056 3740 3126 ubique

2094 3146 2379 3213 tanquam
2402 3142 2802 3199 vetustissima
2819 3148 2876 3198 et
2895 3160 2931 3199 a
2951 3144 3183 3215 proavis
3205 3144 3462 3200 deducta
3479 3144 3750 3202 celebra-
3806 3163 3810 3166 '

2099 3236 2235 3296 tur;
2267 3231 2374 3288 sed
2403 3237 2461 3286 et
2490 3231 2699 3304 lgnatii
2731 3232 2997 3304 epistolaa
3027 3233 3100 3288 ab
3132 3234 3258 3306 ipso
3283 3251 3558 3306 expresse
3598 3243 3747 3291 sunt

2099 3323 2314 3389 citatas,
2346 3329 2412 3380 ut
2438 3323 2553 3380 late
2583 3325 3132 3383 ostendimus.Fieri
3161 3327 3358 3398 itaque
3382 3344 3502 3383 non
3521 3333 3745 3399 potest,

2094 3417 2161 3468 ut
2188 3420 2605 3486 argumentum
2635 3413 2876 3486 aliquod
2903 3415 3213 3486 formetur,
3237 3417 3394 3488 quod
3437 3417 3739 3490 lgnatium

2095 3503 2468 3574 epistolicum
2491 3503 2906 3560 Alexandrinis
2935 3505 3306 3578 incognitum
3333 3507 3514 3563 fuisse
3545 3525 3741 3579 usque

2092 3591 2168 3648 ad
2197 3592 2436 3650 Eusebii
2459 3599 2728 3666 tempora
2749 3594 3136 3652 demonstret.

2165 3681 2277 3738 Sed
2307 3683 2368 3738 id
2392 3685 2525 3740 satis
2555 3691 2787 3754 constat,
2821 3685 3015 3757 inquit
3043 3686 3130 3741 vir
3153 3684 3557 3756 doctissimus,
3591 3709 3620 3737 ‹‹
3667 3705 3744 3744 ex

2091 3770 2350 3842 quadam
2379 3772 2665 3846 singulari
2696 3773 2857 3829 illius
2884 3774 3163 3830 Ecclesia)
3189 3775 3510 3831 traditione
3565 3777 3750 3848 plane

2089 3862 2444 3935 penilusque
2455 3863 2803 3920 adversante
2817 3882 2834 3932 ;
2847 3882 3134 3938 imamque
3146 3867 3296 3923 tradi
3306 3868 3524 3924 tionem
3534 3873 3750 3940 postea

2087 3967 2264 4008 usum
2294 3958 2480 4010 vocat.
2511 3954 2720 4010 Mirum
2775 3955 3017 4026 quidem
3039 3955 3089 4011 si
3131 3956 3346 4028 aliquis
3366 3973 3530 4025 usus,
3563 3956 3738 4028 isque

2087 4041 2426 4114 peculiaris,
2459 4043 2900 4100 demonstraret
2929 4045 3128 4102 omnia
3179 4063 3309 4118 quas
3375 4045 3449 4102 ab
3511 4049 3737 4120 lgnatio

2085 4131 2304 4203 scripta
2333 4133 2741 4204 perhibentur,
2771 4133 2956 4190 fuisse
2987 4135 3108 4190 illis
3150 4135 3429 4191 omnibus
3487 4153 3735 4206 prorsus

2083 4218 2404 4293 incognita.
2436 4222 2594 4294 apud
2625 4241 2774 4294 quos
2791 4241 2936 4280 usus
2964 4223 3067 4279 ille
3098 4223 3249 4280 forte
3281 4223 3556 4280 obtinuit.
3583 4226 3735 4290 Quid

2081 4310 2225 4364 mihi
2251 4314 2468 4381 profers
2489 4329 2654 4368 umus
2683 4315 2837 4369 urbis
2867 4315 3318 4370 consuetudinem
3337 4313 3566 4370 ‘laiebat
3585 4314 3732 4369 olim

2083 4399 2475 4472 Hieronymus
2507 4417 2522 4457 :
2549 4404 2881 4474 praesertim
2919 4403 2967 4458 si
2995 4404 3322 4476 cogitemus
3350 4405 3740 4460 consuetudi-

2079 4503 2240 4558 nem,
2272 4489 2391 4546 sive
2421 4507 2594 4547 usum
2626 4491 2796 4548 illum
2827 4509 2898 4548 ex
2917 4509 3124 4548 eorum
3143 4493 3443 4550 sententia
3462 4494 3564 4566 qui
3591 4509 3732 4551 eum

2079 4578 2472 4648 tradiderunt,
2504 4579 2606 4636 diu
2637 4587 2775 4636 ante
2827 4583 3140 4654 Ignatium,
3188 4582 3261 4638 ab
3311 4583 3442 4655 ipsa
3473 4582 3758 4661 Alexan-,

323 4675 502 4732 verba
529 4652 675 4747 qua;
690 4692 828 4731 mox
857 4680 1188 4746 sequuntur
1209 4652 1520 4728 manifeste
1557 4673 1812 4743 probant
1831 4689 1845 4728 ε
1871 4673 1968 4728 Καὶ
2003 4652 2046 4717 D
2075 4665 2262 4724 drinaa
2292 4669 2568 4726 Ecclesia
2596 4652 2946 4728 fundatione
2994 4652 3370 4744 usurpatum,
3421 4689 3600 4744 quam
3655 4672 3734 4728 ad

325 4763 369 4818 εἰ
401 4762 666 4838 ἄρχουσιν
696 4763 749 4818 οἱ
777 4760 963 4824 καλῶς
989 4759 1255 4837 ἄρχοντες
1287 4757 1342 4814 ἐν
1379 4762 1450 4834 τῇ
1505 4759 1805 4832 Ἐκκλησία
1861 4761 1968 4817 ὑπὸ

321 4858 424 4921 τῆς
457 4850 598 4907 im
639 4851 769 4907 Θεὸν
825 4846 1108 4925 πατρίδος,
1154 4847 1303 4924 λέγω
1353 4845 1430 4917 δὲ,
1481 4853 1581 4919 τῆς
1635 4848 1967 4922 Ἐκκλησίας

324 4939 702 5019 ἐκλεγόμενοι·
735 4940 969 5017 ἄρχουσι
998 4940 1138 4996 κατὰ
1177 4939 1245 4994 τὰ
1297 4939 1399 4994 ὑπὸ
1457 4941 1553 4995 τοῦ
1605 4943 1740 4995 Θεοῦ
1775 4961 1971 5017 προτε-

323 5029 582 5107 ταγμένα.
617 5057 646 5085 ‹‹
678 5035 762 5088 Ac
792 5033 864 5098 si,
887 5031 988 5102 qui
1019 5030 1171 5086 bene
1201 5034 1464 5100 prmsunt
1484 5030 1780 5102 Ecclesiis,
1806 5049 1841 5090 a
1865 5051 1967 5104 pa-

323 5125 441 5182 tria
464 5124 792 5182 secundum
822 5124 1028 5182 Deum.
1061 5119 1174 5175 hoc
1205 5124 1296 5174 est
1323 5119 1606 5190 Ecclesia,
1629 5121 1803 5178 electi
1823 5140 1970 5194 prte-

322 5216 632 5290 sint,juxta
651 5211 998 5287 praescripta
1025 5209 1127 5266 Dei
1153 5213 1381 5282 regunt.
1405 5232 1435 5262 »
1460 5211 1739 5283 Idemque
1769 5214 1966 5269 maxi.

322 5321 419 5360 me
445 5303 806 5360 confirmant
825 5315 958 5370 qum
980 5315 1052 5354 ex
1067 5296 1269 5353 eodem
1300 5298 1488 5370 Opere
1521 5298 1726 5356 Contra
1757 5301 1970 5358 Celsum

321 5392 394 5448 de
417 5391 680 5449 Ecclesia
706 5389 830 5458 Dei,
865 5393 926 5444 et
953 5386 1206 5445 ecclesia
1232 5387 1430 5460 populi
1461 5388 1524 5444 in
1575 5388 1783 5447 eadem
1827 5391 1971 5448 civi-

320 5489 442 5541 tate
472 5489 608 5539 ante
639 5478 1015 5537 adduximus.

393 5576 474 5630 Ex
497 5573 591 5628 his
609 5571 989 5643 perspicuum
1011 5573 1101 5624 est
1118 5567 1484 5626 Clementem
1503 5570 1970 5628 Alexandrinum

323 5677 397 5720 ex
420 5659 642 5718 Schola
659 5658 946 5726 Pantani,
978 5663 1118 5716 ante
1173 5658 1541 5715 Demetrium
1599 5659 1966 5732 episcopum,

327 5751 705 5826 episcopatus
733 5747 984 5826 gradum
1022 5746 1438 5823 presbyteratu
1485 5747 1855 5822 superiorem
1892 5749 1966 5806 ab

2075 4757 2496 4830 evangelistam
2525 4758 3004 4828 celeberrimum,
3039 4766 3098 4816 et
3125 4761 3181 4817 S.
3213 4761 3374 4818 Petri
3435 4762 3721 4819 comitem

2075 4846 2434 4903 referebant.
2457 4849 2740 4906 Poterant
2771 4866 2912 4906 sane
2962 4849 3347 4906 Alexandrini
3398 4856 3456 4906 et
3507 4852 3725 4923 Ignatii

2078 4935 2296 5008 scripta
2325 4936 2677 5008 recipere,et
2695 4938 3056 5010 peculiarem
3079 4939 3344 5011 aliquem
3375 4956 3550 4996 usum
3569 4942 3733 5013 apud

2077 5025 2238 5098 ipsos
2265 5025 2336 5082 ab
2364 5025 2535 5082 initio
2575 5027 2967 5097 obtinentem,
3002 5027 3142 5084 licet
3170 5029 3292 5084 illis
3312 5029 3466 5086 forte
3520 5030 3732 5087 adver-

2079 5115 2804 5189 santem,retinere.ldque
2831 5118 3027 5174 facere
3058 5134 3159 5174 eos
3187 5119 3445 5176 voluisse
3477 5119 3570 5176 vel
3591 5121 3734 5178 inde

2079 5204 2362 5261 credibile
2387 5209 2497 5274 est,
2533 5205 2692 5278 quod
2749 5223 2894 5264 usus
2958 5207 3061 5263 ille
3109 5207 3428 5280 peculiaris
3485 5209 3728 5280 dicitur,

2077 5295 2344 5367 adeoque
2356 5295 2608 5354 aliarum
2619 5297 2884 5354 omnium
2899 5298 3287 5356 ecclesiarum
3305 5300 3728 5356 consuetudini

2077 5383 2418 5442 adversans.
2450 5386 2640 5451 Quare
2679 5387 2840 5444 enim
2897 5403 2964 5443 ex
2997 5387 3126 5444 sola
3178 5388 3388 5461 Ignatii
3429 5390 3731 5448 sententia

2080 5473 2192 5530 sibi
2224 5474 2537 5546 patefacta,
2571 5492 2707 5532 eum
2739 5477 3171 5549 relinquerent,
3205 5491 3382 5548 quem
3442 5477 3734 5537 adversus

2076 5563 2453 5620 traditionem
2513 5567 2784 5623 omnium
2838 5565 3224 5624 ecclesiarum
3249 5568 3540 5624 hactenus
3579 5571 3734 5626 reti-

2076 5661 2333 5714 nuerant
2346 5656 2374 5712 Ἰ
2393 5658 2512 5713 Aut
2531 5657 2581 5712 si
2601 5657 2686 5712 vis
2701 5662 2865 5714 tanta
2891 5658 3233 5716 auctoritati
3280 5659 3601 5732 lgnatianaa
3625 5662 3735 5718 tri-

2075 5743 2315 5804 buenda
2343 5762 2474 5804 esse
2505 5745 2796 5818 videatur,
2809 5747 2999 5806 multo
3030 5749 3252 5808 rectius
3284 5766 3356 5808 ex
3377 5765 3492 5807 usu
3509 5749 3646 5828 tali,
3677 5753 3734 5810 si
