3974 6296
172 376 287 437 225

898 368 933 431 .l
944 412 959 428 .
1005 366 1355 429 PEARSON
1364 368 1424 429 II
1466 364 1828 430 VINDICIIE

1942 365 2359 431 iNATlANE.
2405 400 2483 417 -
2523 371 2731 433 PARS
2773 371 2823 435 Ι.

3466 375 3588 440 226

180 512 307 585 quis
332 525 601 581 unquam
622 506 759 575 fuit,
786 503 1061 562 concludi
1082 504 1317 578 poterit.
1340 504 1632 577 lgnatium
1661 504 1830 559 illum
1862 503 1912 569 Α
1944 503 2267 574 Dionysium
2298 508 2357 561 in
2386 523 2532 563 more
2562 508 2660 563 illo
2691 510 3079 581 comprehendi
3107 496 3284 568 voluit
3309 513 3587 585 Hierony-

181 601 547 675 epistolicum
570 596 994 653 Alexandrinis
1015 596 1197 651 fuisse
1221 594 1691 668 cognitum.quia
1707 611 1826 649 non

180 693 275 748 diu
305 697 625 764 postquam
648 688 916 760 epistolm
945 687 1019 741 iis
1049 686 1322 742 videntur
1351 687 1653 757 evulgato),
1686 702 1828 740 usus

178 783 275 838 ille
305 780 532 847 eviluit,
576 780 696 833 imo
729 778 1002 842 evanuit;
1037 793 1197 840 nam,
1247 782 1397 831 teste
1448 777 1826 846 Hieronymo,

180 871 405 927 duravit
435 866 856 924 tantummodo
891 865 963 921 ad
993 865 1319 930 Heraclam,
1353 865 1474 935 qui,
1532 865 1657 919 vivo
1707 865 1828 919 Ori-

179 978 318 1034 gene
347 965 405 1015 et
436 958 762 1022 scribente,
796 957 988 1028 primo
1019 956 1175 1028 apud
1204 955 1636 1009 Alexandrinos
1666 956 1829 1026 Igna-

182 1053 474 1107 tianarum
507 1054 681 1113 teste,
722 1047 915 1102 factus
969 1051 1054 1102 est
1114 1046 1444 1117 episc0pus,
1494 1050 1550 1098 et
1600 1044 1821 1116 Diony-

182 1144 349 1199 sium.
387 1142 488 1212 qui
523 1139 763 1211 Origeni
796 1138 1047 1193 maxime
1081 1137 1327 1193 favebat.

245 1241 355 1297 Sed
373 1241 685 1295 videamus
709 1238 943 1293 tandem
962 1236 1261 1308 qualisille
1285 1252 1430 1290 usus
1454 1235 1650 1295 fuerit,
1684 1252 1827 1306 quo-

181 1332 348 1388 modo
377 1330 609 1402 Ignatio
633 1328 954 1383 adversans
976 1344 989 1393 ;
1014 1326 1171 1397 quali
1207 1326 1630 1396 consequentia
1665 1328 1824 1391 lgna-

181 1424 477 1478 tianorum
509 1419 804 1491 ignoratio
836 1418 975 1472 inde
1010 1423 1309 1487 sequatur,
1359 1422 1416 1470 et
1445 1415 1586 1487 quid
1626 1416 1726 1470 illa
1756 1415 1831 1471 ad

178 1513 449 1586 generale
468 1507 1231 1567 silentiumanteEusebium
1245 1506 1539 1571 faciat,cui
1556 1506 1834 1561 innititur

179 1619 395 1675 negans
419 1603 864 1674 argumentum.
886 1599 1034 1654 Usus
1054 1597 1154 1652 ille
1173 1596 1490 1668 peculiaris
1504 1596 1829 1651 secundum

180 1693 609 1763 Hieronymum
657 1689 831 1760 epist.
875 1689 964 1755 85,
1012 1686 1113 1741 ubi
1157 1690 1363 1741 contra
1406 1702 1505 1741 eos
1547 1686 1829 1757 disputat,

179 1783 271 1853 qui
316 1782 607 1837 diaconos
653 1778 1017 1851 presbyteris
1065 1776 1494 1843 anteferebant,
1546 1776 1643 1831 hic
1697 1781 1828 1831 est:

182 1872 363 1927 «Nam
389 1876 449 1924 et
470 1866 850 1924 Alexandria:
875 1883 907 1921 a
928 1868 1116 1920 Marco
1140 1865 1515 1937 evangelista.
1545 1880 1735 1935 usque
1759 1865 1831 1919 ad
1862 1886 1908 1950 Β

180 1960 479 2016 Heraclam
498 1958 558 2012 et
572 1954 1582 2029 Dionysiuu‘episcopos,presbyteri
1601 1970 1833 2025 semper

177 2067 355 2106 unum
380 2067 453 2105 ex
476 2065 543 2104 se
564 2048 823 2103 electum
847 2046 908 2101 in
931 2046 1238 2101 excelsiori
1269 2045 1453 2117 gradu
1474 2044 1829 2099 collocatum

180 2142 519 2213 episcopum
534 2138 951 2203 nominabant;
968 2136 1264 2207 quomodo
1280 2136 1327 2189 si
1342 2136 1635 2190 exercitus
1649 2134 1831 2206 impe-

177 2239 431 2287 ratorem
448 2229 763 2295 faciat,aut
780 2227 1013 2282 diaconi
1035 2226 1255 2295 eligant
1276 2225 1348 2281 de
1365 2240 1629 2296 se,quem
1652 2224 1829 2279 indu-

178 2322 379 2376 strium
398 2320 765 2379 noverint,et
782 2316 1263 2371 archidiaconum
1281 2320 1505 2371 vocent.
1519 2316 1827 2371 Secundum

175 2420 352 2467 autem
378 2410 712 2480 Eutychium
738 2408 1058 2477 hujusmodz’
1078 2414 1190 2463 est:
1222 2406 1549 2462 Constituit
1582 2422 1829 2477 evange-

176 2500 305 2555 lista
328 2500 566 2554 Marcus
583 2513 703 2552 una
733 2513 869 2551 cum
904 2496 1129 2550 Anania
1154 2495 1487 2565 patriarcha
1516 2494 1826 2549 duodecim

177 2589 576 2661 presbyteros,
602 2587 701 2657 qui
728 2602 941 2656 ne-mpe
972 2601 1102 2639 cum
1127 2584 1463 2657 patriarcha
1491 2589 1825 2652 manerent,

178 2680 317 2735 adeo
338 2684 410 2734 ut
427 2695 566 2734 cum
589 2675 1288 2748 vocaretpatriarchatus,
1313 2691 1498 2729 unum
1530 2691 1561 2729 e
1592 2678 1658 2728 12
1688 2691 1824 2746 pre-

178 2769 430 2840 sbyteris
446 2768 755 2841 eligerent,
782 2766 953 2838 cujus
973 2765 1151 2837 capiti
1174 2764 1388 2836 reliqui
1410 2764 1685 2819 undecim
1705 2780 1828 2820 ma-

181 2875 288 2914 nus
330 2859 712 2930 imponentes
749 2855 1321 2928 ipsihenedicerent,
1345 2858 1403 2909 et
1433 2854 1830 2926 patriarcham

182 2946 698 3016 crearent,deinde
714 2946 907 3000 virum
922 2945 1185 3016 aliquem
1206 2944 1498 3016 insignem
1522 2944 1832 3015 eligerent,

183 3054 356 3110 quem
399 3053 603 3092 secum
635 3035 1047 3109 presbyterum
1069 3035 1518 3100 constituerent,
1551 3033 1680 3089 loco
1703 3035 1832 3107 ejus

181 3128 279 3199 qui
309 3128 507 3183 factus
540 3131 631 3181 est
652 3124 1015 3197 patriarcha,
1047 3130 1113 3180 ut
1143 3124 1224 3179 ita
1254 3140 1493 3195 semper
1535 3128 1835 3180 exstarent

181 3216 521 3273 duodecim.
540 3217 743 3287 Neque
765 3213 943 3271 desiit
961 3213 1333 3270 Alexandria;
1363 3214 1698 3269 institutum
1721 3215 1832 3271 hoc

182 3307 251 3363 de
281 3306 676 3379 presbyteris,
704 3309 771 3360 ut
800 3303 1028 3360 scilicet
1055 3303 1419 3376 patriarchas
1450 3308 1723 3359 crearent
1762 3321 1833 3360 ex

183 3396 551 3469 presbyteris
572 3399 597 3449 1
610 3399 859 3466 2,usque
877 3394 951 3450 ad
968 3398 1236 3465 tempora
1252 3392 1574 3449 Alexandri
1594 3393 1836 3464 patriar-

186 3487 305 3541 chae
327 3483 743 3549 Alexandrini,
777 3483 877 3555 qui
895 3483 1005 3538 fuit
1025 3499 1095 3538 ex
1115 3499 1365 3538 numero
1389 3482 1491 3537 illo
1513 3502 1537 3534 υ
1571 3500 1830 3539 cccxvm.

188 3576 297 3631 Hos
318 3575 415 3630 vul
439 3575 696 3630 Dallaeus
714 3574 776 3629 in
794 3589 1027 3628 summa
1046 3572 1133 3628 rei
1156 3572 1593 3639 consentire,de
1615 3576 1836 3644 tempo-

184 3684 243 3722 re
268 3666 482 3722 leviter
502 3665 860 3735 discrepare.
895 3663 1049 3730 Quod
1076 3664 1221 3719 enim
1249 3663 1584 3731 institutum,
1618 3663 1830 3735 inquit,

188 3758 543 3827 Hieronymus
570 3756 645 3811 ad
674 3755 1018 3826 Dionysium,
1050 3755 1088 3809 i.
1115 3771 1168 3810 e.
1192 3754 1267 3810 ad
1294 3771 1350 3810 a.
1373 3755 1441 3810 D.
1462 3756 1586 3826 264,
1611 3756 1833 3811 durasse

190 3848 339 3915 dicit,
386 3847 448 3901 id
498 3845 801 3916 Eutychius
848 3844 921 3899 ad
964 3844 1368 3914 Alexandrum,
1417 3844 1457 3900 i.
1492 3860 1541 3899 e.
1578 3844 1652 3900 ad
1681 3860 1734 3900 δ..
1764 3845 1828 3900 D.

188 3937 421 3993 circiter
449 3936 579 4003 308,
604 3948 976 4006 perseverasse
1004 3934 1142 3989 vult.

256 4036 472 4091 Verum
520 4033 668 4089 mihi
699 4048 822 4088 non
871 4031 1017 4088 adeo
1056 4030 1199 4087 levis
1226 4030 1627 4104 discrepantia
1670 4031 1832 4089 vide-

182 4128 311 4180 tur:
345 4140 490 4180 cum
519 4123 681 4179 enim
705 4123 1100 4193 Hieronymus
1120 4138 1349 4177 morem
1380 4139 1517 4179 eum
1548 4139 1736 4194 usque
1757 4122 1832 4179 ad

184 4214 487 4271 Heraclam
541 4218 599 4268 et
648 4211 996 4284 Dionysium
1026 4211 1271 4267 durasse
1303 4211 1465 4281 dicit,
1497 4217 1600 4267 aut
1643 4212 1829 4268 dura-

184 4305 407 4360 tionem
441 4310 726 4374 tanquam
757 4302 1043 4357 incertam
1068 4300 1269 4368 tradit,
1295 4306 1397 4357 aut
1418 4308 1578 4358 certe
1606 4301 1832 4358 indicat

182 4394 487 4450 lleraclam
518 4392 704 4448 fuisse
748 4390 1031 4446 ultimum
1076 4391 1178 4461 qui
1225 4390 1428 4461 priori,
1481 4390 1831 4463 Dionysium

182 4489 378 4539 autem
412 4482 676 4555 primum
699 4479 799 4552 qui
832 4480 949 4536 alio
971 4496 1138 4537 more
1166 4479 1357 4535 factus
1374 4484 1465 4535 est
1494 4480 1828 4552 episcopus.

180 4570 818 4641 Heraclas,secundum
831 4569 1494 4637 Eusebium,undecimo
1513 4569 1830 4626 Alexandri

1938 609 2074 659 mus,
2106 595 2299 666 inquit
2354 597 2499 664 ille;
2545 598 2789 653 ultimus
2842 601 3021 671 igitur
3070 602 3398 658 secundum
3450 620 3590 660 eum

1938 699 2164 737 morem
2191 686 2377 741 factus
2402 694 2488 741 est
2511 690 2822 760 episCOpus
2845 691 3196 759 Demetrius,
3231 709 3388 748 anno
3419 695 3592 750 Com-

1939 776 2094 829 modi
2134 776 2217 843 10,
2271 779 2501 833 Domini
2566 784 2685 834 190.
2746 783 3033 845 Quocirca
3082 784 3474 854 Hieronymus
3532 790 3593 840 et

1938 867 2257 937 Eutychius
2291 886 2409 922 non
2444 869 2649 922 leviter
2678 870 2749 925 de
2789 877 3056 942 tempore
3111 872 3450 945 discrepare
3498 876 3587 930 di-

1940 970 2041 1008 cen
2057 954 2109 1007 di
2142 962 2293 1009 sunt.
2322 960 2519 1027 itaque
2552 964 2615 1011 ut
2647 959 2799 1014 hanc
2831 960 3082 1015 duorum
3120 962 3363 1017 testium
3395 963 3590 1021 disso-

1939 1044 2199 1097 nan'iazn
2235 1046 2481 1103 letter-it;
2518 1049 2729 1103 miram
2762 1049 3204 1106 distinctionem
3236 1055 3586 1124 excogitavit

1939 1133 2242 1193 δκδὶυὶῖυιιιὶτι,
2280 1143 2335 1190 et
2369 1154 2501 1191 cum
2534 1142 2784 1208 uterque
2835 1140 2905 1194 de
2957 1140 3130 1211 facto,
3182 1142 3301 1196 sive
3351 1144 3422 1198 de
3478 1160 3590 1200 usu

1940 1226 2349 1279 tantummmlo
2384 1225 2677 1297 loquatur.
2708 1234 2763 1282 et
2793 1229 3071 1285 historice
3102 1247 3228 1285 rem
3259 1233 3417 1290 nude
3450 1251 3588 1290 nar-

1940 1320 2047 1375 rat.
2086 1342 2103 1363 ιλ
2133 1317 2318 1369 Aliter
2339 1318 2408 1371 de
2433 1318 2610 1385 facto,
2636 1322 2836 1388 inquit.
2865 1321 3126 1390 loquitur
3157 1323 3333 1378 simul
3363 1326 3588 1395 acjure

1938 1402 2052 1458 loci
2080 1405 2357 1475 simplici.
2392 1411 2708 1477 antequam
2735 1408 2853 1463 ulla
2879 1411 3123 1464 omnino
3150 1428 3292 1467 usus
3316 1418 3417 1467 aut
3448 1412 3585 1470 facti

1940 1494 2185 1548 mutatio
2212 1494 2290 1548 ibi
2317 1495 2824 1566 introduceretur;
2852 1499 3083 1553 alterde
3102 1500 3236 1572 jure
3261 1502 3592 1574 simpliciet

1939 1583 2194 1639 instituti
2220 1586 2545 1640 mutatione
2571 1609 2617 1644 ιν.
2642 1588 2685 1642 Ο
2718 1589 3064 1658 praeclaram
3097 1599 3275 1662 atque
3308 1586 3587 1649 subtilem

1941 1683 2492 1748 distinctionem,et
2523 1686 2757 1756 qualem
2814 1689 3062 1744 fortasse
3117 1691 3364 1749 diversis
3411 1696 3593 1750 Justi-

1939 1774 2134 1829 nianei
2155 1774 2309 1845 juris
2336 1776 2631 1845 periochis
2662 1778 2941 1847 adaptare
2973 1781 3230 1852 poteris:
3266 1783 3359 1837 his
3391 1789 3587 1841 autem

1940 1863 2238 1918 historicis
2270 1865 2733 1919 narratiunculis
2751 1884 3056 1939 nunquam
3082 1871 3371 1941 quadrare
3395 1879 3591 1930 osten-

1941 1955 2135 2010 deris!
2172 1956 2433 2010 Priorem
2469 1964 2695 2029 partem
2729 1959 3085 2032 Hieronymo
3117 1963 3415 2035 assignat;
3449 1982 3584 2023 eum

1938 2045 2058 2100 vult
2088 2051 2210 2100 tum
2244 2046 2314 2101 de
2346 2047 2519 2113 facto,
2556 2054 2680 2103 tum
2712 2049 2782 2103 de
2808 2051 2943 2118 jure
2980 2051 3091 2106 loci
3123 2053 3375 2125 simplici
3399 2055 3583 2113 disse-

1938 2152 2088 2198 rere,
2124 2153 2255 2190 cum
2292 2136 2411 2195 ille.
2442 2137 2604 2194 nulla
2638 2139 2881 2195 omnino
2927 2141 2998 2195 de
3036 2143 3171 2213 jure
3219 2142 3374 2200 facta
3423 2163 3588 2203 men-

1939 2225 2119 2288 tione,
2151 2226 2219 2280 de
2244 2227 2394 2281 facto
2420 2229 2828 2285 tantummodo
2854 2231 3149 2301 loquatur,
3174 2232 3439 2305 illudque
3462 2241 3585 2292 tam

1937 2314 2194 2370 breviter
2224 2320 2465 2388 timque
2501 2318 2748 2373 obscure
2793 2320 3001 2387 tradat,
3054 2325 3116 2375 ut
3160 2322 3255 2377 vix
3299 2324 3442 2395 quid
3487 2345 3590 2383 vo-

1936 2404 2117 2460 luerit
2175 2407 2489 2479 intelligas.
2551 2409 2866 2481 Presbyteri
2917 2428 3087 2465 unum
3144 2429 3213 2467 ea:
3264 2413 3491 2469 electum
3531 2415 3594 2471 in

1938 2498 2223 2553 excelsiori
2250 2501 2437 2568 gradu
2470 2501 2791 2556 collocatum
2830 2504 3140 2573 episcopum
3188 2506 3591 2571 nominabant;

1939 2586 2227 2657 quojure,
2250 2604 2435 2658 quave
2457 2588 2678 2660 injuria
2702 2590 2812 2644 hoc
2832 2590 3052 2645 factum
3078 2591 3170 2647 sit.
3198 2594 3590 2665 Hieronymus

1937 2692 2057 2730 non
2088 2675 2268 2743 dicit;
2303 2676 2420 2730 imo
2469 2678 2609 2747 quid
2664 2678 2824 2732 aiiud
2872 2679 3141 2746 fecerint,
3193 2698 3371 2751 quam
3428 2682 3588 2753 quod

1939 2764 2282 2836 episc0pum
2312 2765 2700 2832 nominarint,
2752 2783 2872 2820 non
2922 2766 3115 2823 docet.
3172 2769 3309 2823 Vult
3346 2771 3587 2841 quidem

1940 2853 2222 2909 Seldenus
2256 2872 2325 2909 ex
2352 2855 2544 2910 verbis
2592 2856 2935 2929 Hieronymi
2984 2857 3177 2931 colligi
3228 2859 3443 2914 debere
3474 2877 3586 2933 pa-

1940 2942 2258 2998 triarcham
2277 2960 2310 2998 θ,
2326 2944 2688 3016 presbyteris
2710 2944 2961 3000 electum
2983 2952 3041 3000 et
3055 2946 3391 3004 ordinatum
3406 2947 3590 3006 fuisse

1941 3052 2074 3090 cum
2108 3035 2502 3109 Hieronymus
2553 3042 2831 3092 neutrum
2883 3037 3112 3094 doceat.
3166 3040 3317 3095 Dicit
3348 3040 3591 3111 quidem

1944 3125 2286 3198 episcopum
2320 3142 2389 3179 ex
2421 3126 2783 3198 presbyteris
2838 3126 3113 3197 electum,
3146 3144 3180 3183 a
3204 3129 3587 3201 presbyteris,

1944 3232 2063 3269 non
2096 3216 2302 3282 docet;
2336 3215 2526 3287 potuit
2572 3221 2770 3272 autem
2817 3235 2887 3273 ex
2933 3217 3294 3289 presbyteris
3338 3218 3410 3274 ab
3455 3219 3586 3275 aliis

1944 3303 2100 3377 eligi,
2133 3304 2219 3359 vel
2251 3320 2284 3359 a
2314 3305 2555 3377 populo,
2588 3305 2676 3360 vel
2707 3306 2778 3361 ab
2812 3307 3104 3378 episcopis
3136 3307 3308 3375 aliis;
3353 3314 3412 3363 et
3440 3324 3584 3364 sane

1936 3392 2208 3448 videntur
2233 3393 2306 3448 ab
2318 3394 2749 3465 antiquissimis
2776 3395 3140 3467 temporibus
3158 3413 3192 3452 a
3214 3396 3431 3469 populo
3447 3397 3584 3470 eligi

1936 3481 2310 3537 Alexandria:
2343 3483 2623 3555 episcopi.
2658 3483 2840 3555 quue
2873 3500 2940 3539 ex
2972 3484 3219 3557 antiqua
3264 3490 3583 3540 consuetu-

1936 3570 2073 3626 dine
2107 3573 2177 3627 ab
2208 3573 2537 3644 Epiphanio
2582 3573 2891 3630 observata
2921 3576 3117 3646 colligi
3176 3574 3424 3631 meliore
3446 3575 3584 3647 jure

1935 3675 2166 3741 potest;
2200 3672 2370 3742 cujus
2402 3672 2524 3727 haec
2553 3672 2728 3728 verba
2759 3678 2897 3728 sunt
2917 3674 3213 3730 hmresi69
3233 3691 3246 3730 :
3265 3674 3427 3738 Ἐθος
3451 3672 3508 3728 δὲ
3530 3673 3583 3729 ἐν

1936 3755 2315 3833 Ἀλεξανδρείᾳ
2367 3761 2442 3832 μὴ
2479 3759 2751 3833 χρονίζειν
2797 3761 2930 3832 μετὰ
2975 3760 3232 3830 τελευτήν
3283 3763 3581 3819 ἐπισκόπου

1932 3847 2059 3910 τοὺς
2099 3846 2543 3920 καθισταμένους,
2587 3845 2716 3902 ἀλλ’
2748 3849 2859 3920 ἅμα
2889 3848 3124 3926 γίνεσθαι
3149 3850 3370 3926 εἰρήνης
3403 3849 3579 3923 ἕνεκα,

1932 3941 2028 3993 τοῦ
2077 3938 2151 4011 μὴ
2198 3932 2535 4011 παρατριϐὰς
2579 3937 2817 4013 γίνεσθαι
2865 3935 2915 3993 ἐν
2949 3943 3063 4000 τοῖς
3112 3936 3291 4007 λαοῖς,
3320 3942 3427 3993 τῶν
3482 3940 3577 4014 μὲν

1931 4022 2088 4080 τόνδε
2106 4024 2506 4092 οελόντων,τῶν
2533 4022 2589 4080 δὲ
2605 4021 2814 4080 τόνδε.‹‹
2834 4027 3205 4109 Alexandria:
3225 4033 3423 4084 autem
3441 4046 3587 4086 con-

1934 4116 2181 4172 suetudo
2213 4121 2391 4185 est,ut
2418 4122 2552 4188 post
2573 4118 2831 4190 episcopi
2852 4123 3102 4173 mortem
3134 4134 3443 4173 successor
3463 4135 3586 4176 non

1934 4206 2154 4262 diutius
2173 4206 2609 4273 ditieratur,sed
2633 4207 2905 4277 subinde,
2937 4208 3101 4279 pacis
3123 4207 3357 4263 tuendas
3376 4210 3586 4281 gratia,

1933 4299 2304 4369 subrogetur,
2328 4314 2401 4353 ne
2424 4298 2559 4353 aliis
2582 4298 2908 4368 hunc,aliis
2932 4299 3102 4355 illum
3124 4299 3585 4372 postulantibus,

1934 4387 1995 4442 in
2032 4392 2251 4459 poputo
2288 4387 2487 4459 jurgia
2520 4393 2580 4442 el:
2617 4389 3029 4445 contentiones
3071 4391 3426 4446 exsisterent
3456 4412 3506 4446 ».

2005 4478 2137 4532 Huic
2168 4481 2367 4532 autem
2401 4479 2768 4534 consuetudo
2801 4480 3083 4551 supponit
3137 4480 3426 4552 populum
3458 4480 3591 4537 Ale-

1930 4565 2214 4634 vandriae,
2238 4570 2304 4621 ut
2330 4566 2390 4621 in
2417 4566 2551 4622 aliis
2583 4567 2870 4631 ecclesiis,
2904 4585 3041 4624 suas
3068 4569 3129 4624 in
3156 4568 3428 4643 eligendo
3465 4570 3592 4641 epi-

181 4679 337 4718 anno
372 4640 611 4717 creatus
634 4664 723 4715 est
740 4660 1012 4731 episcous
1035 4658 1614 4725 Alexandrinus,hoc
1645 4662 1826 4726 est,A.
1859 4640 1906 4705 D
1939 4670 2115 4726 scopo
2148 4655 2473 4725 antiquitus
2504 4660 2702 4727 partes
2726 4656 3025 4712 habuisse.
3054 4658 3221 4713 Certe
3246 4640 3588 4726 Eusebiani,

182 4753 245 4807 D.
281 4755 411 4808 232.
456 4753 535 4806 At
589 4749 913 4822 Eutychius
966 4748 1371 4805 Alexandrum
1433 4748 1831 4820 patriarcham

179 4841 434 4897 vetuisse
458 4839 659 4905 tradit,
681 4855 757 4894 ne
786 4838 1067 4911 deinceps
1088 4837 1483 4911 patriarcham
1504 4838 1834 4910 presbyteri

182 4934 495 4995 crearent;
527 4928 761 5002 primus
792 4928 972 5001 igitur
1001 4927 1101 4999 qui
1134 4927 1251 4984 alio
1291 4943 1456 4983 more
1505 4927 1696 4983 factus
1746 4932 1838 4983 est

182 5018 555 5075 Alexandria)
594 5017 929 5089 episcopus,
962 5016 1288 5072 secundum
1317 5016 1690 5087 Eutychium,
1724 5016 1837 5071 fuit

181 5106 497 5164 Alexandri
520 5122 834 5163 successor
848 5104 1431 5177 Athanasius,quiA.
1454 5105 1517 5160 D.
1550 5107 1673 5173 326,
1703 5109 1836 5177 post

183 5200 500 5256 concilium
522 5199 833 5255 Nicmnum
863 5202 1097 5253 creatus
1127 5200 1235 5253 est.
1280 5200 1436 5251 Inter
1465 5195 1642 5269 igitur
1672 5212 1837 5252 crea-

181 5290 400 5345 tionem
434 5287 721 5357 Heraclm,
755 5287 858 5359 qui
911 5286 1161 5342 ultimus
1191 5303 1225 5342 a
1255 5285 1616 5357 presbyteris
1646 5286 1835 5341 factus

182 5384 532 5435 estauctore
548 5375 1517 5449 Hieronymo,etconsecrationem
1533 5374 1839 5431 Athanasii

183 5470 275 5538 qui
306 5471 537 5541 primus
570 5468 645 5525 ab
680 5466 977 5539 episc0pis
1009 5471 1388 5522 consecratus
1440 5468 1548 5534 est,
1594 5471 1834 5520 auctore

180 5557 476 5630 Eutychio,
514 5556 665 5614 anni
697 5556 888 5612 ferme
934 5561 1175 5611 centum
1207 5560 1358 5609 sunt.
1389 5555 1511 5609 Imo
1547 5555 1834 5626 majorem

178 5645 641 5723 discrepantiam
666 5645 766 5700 hic
786 5644 1058 5717 agnoscit
1078 5644 1388 5713 Seldenus,
1406 5644 1634 5716 primus
1653 5642 1834 5716 hujus

174 5740 498 5814 argumenti
562 5734 982 5793 architectus:
1040 5735 1146 5791 Nec
1201 5733 1351 5790 enim
1398 5733 1689 5789 Heraclam
1736 5746 1835 5790 nec

1945 4745 2043 4815 qui
2071 4745 2433 4802 creationem
2466 4745 2519 4799 S.
2563 4747 2871 4802 Athanasii
2921 4746 3203 4820 abrogare
3252 4748 3588 4818 voluerunt,

1945 4836 2240 4893 defectum
2272 4837 2577 4910 popularis
2607 4838 2914 4893 electionis
2945 4838 3324 4910 objiciebant,
3358 4844 3417 4894 et
3463 4840 3588 4911 epi-

1946 4926 2106 4997 scopi
2137 4928 2386 4999 Aigypti,
2430 4926 2491 4980 in
2540 4927 2766 5000 synodo
2817 4927 3174 5000 congregati,
3223 4927 3473 4998 epistola
3516 4928 3591 4984 ad

1945 5032 2151 5072 omnes
2187 5016 2454 5072 Ecclesiae
2488 5017 2794 5073 catholicae
2834 5018 3141 5089 episcopos
3182 5016 3402 5089 scripta
3448 5035 3589 5074 con-

1944 5106 2191 5161 trarium
2223 5121 2436 5177 magna
2467 5106 2650 5160 animi
2684 5105 3064 5162 contentione
3103 5108 3486 5161 asseruerunt
3533 5107 3592 5160 et

1943 5194 2141 5250 testati
2175 5199 2334 5261 sunt,
2368 5190 2453 5247 ὅτι
2485 5189 2543 5246 δὲ
2572 5198 2675 5247 πᾶν
2704 5194 2766 5248 τὸ
2789 5191 3004 5264 πλῆθος
3035 5194 3125 5248 καὶ
3155 5197 3259 5256 πᾶς
3282 5193 3309 5248 ὁ
3335 5190 3466 5254 λαὸς
3487 5197 3587 5261 τῆς

1941 5280 2241 5350 καθολικῆς
2300 5277 2649 5348 Ἐκκλησέας,
2703 5281 2884 5356 ὥσπερ
2952 5281 3011 5338 ἐκ
3070 5285 3195 5356 μιᾶς
3253 5283 3440 5356 ψυχῆς
3496 5278 3587 5335 καὶ

1945 5375 2199 5448 σώματος
2233 5368 2660 5441 συνεληλυθότες
2702 5367 2960 5439 ἀνεϐόων,
3014 5367 3258 5448 ἔκραζον,
3314 5372 3588 5435 αἱτοῦντες

1943 5462 2256 5526 Ἀθά-λάσιον
2291 5459 2585 5515 ἐπίσκοπον
2614 5461 2686 5533 τῇ
2746 5459 3067 5532 Ἐκκλησίᾳ.
3129 5484 3149 5514 ι
3186 5463 3351 5529 Quod
3396 5461 3589 5520 omnis

1945 5550 2280 5620 multitudo,
2313 5550 2623 5620 omnisque
2655 5548 2909 5621 populus
2940 5548 3247 5604 catholicae
3291 5550 3588 5621 Ecclesiae,

1944 5647 2229 5713 tanquam
2250 5657 2317 5696 ex
2348 5656 2466 5696 una
2496 5639 2697 5695 anima
2728 5643 2785 5695 et
2813 5653 3061 5711 corpore
3092 5639 3432 5711 congregati
3470 5639 3588 5695 cla-

1945 5731 2209 5790 moribus
2238 5729 2878 5803 vociferationibusque
2914 5723 3292 5801 postularunt
3336 5728 3592 5784 Athana~
