3974 6296
364 344 484 409 227

1401 348 1466 410 S.
1515 344 1910 408 IGNATIUS.
1957 368 2034 386 -—-
2076 337 2691 400 PROLEGOMENA.

3659 352 3785 414 228

364 488 518 544 sium
539 483 817 541 Ecclesiae
840 484 1180 558 episcopum
1203 483 1330 540 dari
1355 507 1383 534 »
1403 501 1416 551 ;
1433 484 1591 556 quod
1612 496 1806 553 neque
1822 480 1884 534 hi
1902 495 2004 533 ne-
2033 481 2089 547 Α
2123 473 2491 539 Heracleani.
2515 478 2866 533 totnumero
2879 476 3138 535 instituti
3154 484 3314 551 sunt,
3331 483 3458 540 sine
3481 485 3779 559 episcopis

365 595 478 649 que
511 578 598 634 illi
630 577 924 642 fecissent,
962 577 1009 631 si
1051 575 1251 647 populi
1303 575 1584 648 suffragia
1634 574 1694 627 in
1742 569 2008 642 eligendo

362 669 637 740 episcopo
669 668 995 738 antiquitus
1018 667 1212 721 locum
1244 666 1474 721 nullum
1507 659 2007 719 habuissent.lmo

362 759 674 830 Gregorius
701 757 1095 812 Nazianzenus
1146 762 1292 810 orat.
1340 758 1401 808 21
1456 756 1609 809 hanc
1659 750 2007 807 electionem

361 864 481 902 non
505 846 820 917 prioribus,
855 847 956 901 sed
987 844 1414 916 posterioribus
1459 842 1721 915 Opponit,
1755 852 2005 907 eamque

361 936 747 1006 apostolicam
779 936 1054 1007 appellat.
1090 933 1246 991 Οὕτω
1282 932 1377 1005 μὲν
1410 931 1499 984 οὗν
1533 930 1624 984 καὶ
1680 926 1768 982 διὰ
1815 929 2002 992 ταῦτα,

360 1026 529 1102 ψήφῳ
558 1028 654 1078 τοῦ
687 1023 821 1078 λαοῦ
869 1025 1089 1095 παντὸς,
1139 1024 1203 1078 οὐ
1252 1023 1390 1077 κατά
1440 1021 1528 1075 τὸν
1580 1017 1797 1092 ὕστερον
1847 1018 2002 1086 νική-

359 1134 525 1169 σαντα
566 1114 849 1188 πονηρὸν⁶,
910 1110 1034 1167 οὐδὲ
1093 1116 1329 1186 φονικῶς
1388 1131 1444 1165 τε
1498 1111 1588 1163 καὶ
1643 1110 1999 1181 τυραννικῶς,

353 1201 479 1256 ἀλλ’
514 1201 895 1264 ἀποστολικῶς
922 1223 980 1256 τε
1010 1201 1101 1256 καὶ
1139 1204 1520 1272 πνευματικῶς
1571 1197 1659 1252 ἐπὶ
1706 1197 1795 1250 τὸν
1847 1196 1999 1265 Μάρ-

351 1311 451 1345 κου
483 1290 666 1366 θρόνον
701 1291 970 1364 ἁνάγεται.
1007 1314 1034 1341 ‹‹
1068 1291 1160 1346 Sic
1192 1292 1388 1362 igitur,
1422 1295 1598 1359 atque
1630 1287 1703 1342 ob
1735 1303 1833 1342 eas
1857 1302 1999 1340 cau-

355 1400 471 1450 sas,
494 1383 673 1437 totius
695 1383 896 1454 populi
932 1381 1244 1453 suﬂ‘ragiis,
1271 1398 1390 1435 non
1420 1385 1618 1434 autem
1668 1377 1997 1432 secundum

347 1462 593 1543 pravum
617 1471 955 1542 exemplum
982 1469 1138 1540 quod
1157 1474 1361 1540 postea
1379 1467 1642 1534 inolevit,
1672 1481 1865 1536 neque
1892 1481 1998 1536 per

346 1561 462 1615 vim
478 1577 545 1615 ac
567 1561 810 1626 caedem,
843 1560 944 1615 sed
967 1560 1288 1631 apostolico
1312 1563 1369 1614 et
1391 1556 1684 1630 spirituali
1717 1553 1890 1610 modo
1922 1553 1996 1607 ad

345 1650 521 1704 Marci
543 1649 821 1706 thronum
845 1649 1109 1703 evehitur
1129 1649 1330 1702 ».Cum
1355 1647 1532 1719 igitur
1563 1651 1720 1700 totus
1743 1642 1996 1714 populus

347 1739 622 1794 electioni
657 1739 917 1810 episcopi
949 1756 1009 1792 se
1041 1739 1352 1802 insereret,
1388 1741 1447 1791 et
1499 1735 1702 1790 civitas
1751 1731 1992 1803 amplis-

2118 563 2332 618 factani
2353 579 2482 618 esse
2497 565 2898 634 »,conjectura
2911 567 3085 640 plane
3099 574 3364 628 estomni
3379 577 3780 633 verisimilitu-

2120 652 2257 706 dine
2280 652 2581 708 destituta.
2607 657 2771 718 Nam,
2798 657 3029 713 etiamsi
3050 661 3487 720 ordinationem
3521 667 3775 737 patriar-

2119 742 2370 809 chalem,
2388 761 2521 799 cum
2541 746 2602 800 in
2623 748 2864 819 :Egypto
2883 749 3084 820 plures
3102 753 3365 826 episcopi
3391 763 3610 823 essent,
3643 758 3774 814 sine

2117 842 2412 916 episcopis
2433 845 2651 901 factam
2665 865 2795 903 esse
2818 850 3020 906 credet
3039 855 3378 924 nemo,quis
3401 861 3599 911 tamen
3616 874 3740 928 pra:
3753 889 3775 901 -

2117 931 2682 1006 stabit,Hieronymo
2707 943 2913 992 notum
2936 941 3142 1006 fuisse,
3159 949 3297 997 ante
3309 945 3591 1000 Demetrii
3617 951 3774 1002 tem-

2112 1038 2258 1092 pora
2280 1024 2515 1080 nullum
2535 1026 2595 1080 in
2626 1028 2867 1098 Egypto
2899 1035 3114 1099 praeter
3143 1033 3389 1088 unicum
3419 1034 3774 1110 Alexandri-

2112 1128 2256 1166 num
2279 1114 2571 1170 exstitisse
2596 1117 2939 1188 episcopum
2957 1119 2983 1173 ‘I
3003 1121 3324 1192 Eutychius
3348 1125 3616 1180 omnium
3644 1125 3773 1197 pri-

2113 1218 2244 1257 mus
2276 1203 2386 1258 hoc
2417 1206 2750 1276 prodidisse
2781 1208 3271 1279 deprehenditur,
3303 1231 3336 1268 a
3387 1232 3504 1285 quo
3553 1215 3769 1270 Hiero-

2109 1307 2326 1363 nymus
2358 1294 2516 1348 idem
2549 1295 2778 1350 discere
2810 1314 2930 1352 non
2961 1301 3174 1370 potuit.
3203 1301 3326 1358 lmo
3377 1304 3510 1374 quis
3559 1305 3767 1360 credet

2109 1381 2549 1452 Hieronymum,
2578 1386 2626 1438 si
2649 1386 3146 1454 hocnovisset,vel
3172 1392 3220 1445 si
3242 1391 3419 1446 fando
3442 1393 3767 1464 aliquando

2108 1484 2453 1549 audivisset,
2487 1486 2545 1540 id
2577 1486 2649 1540 ab
2701 1488 2942 1558 Evagrio
2990 1490 3185 1546 celare
3232 1493 3485 1548 voluisse
3536 1494 3598 1548 in
3653 1496 3770 1550 hoc

2107 1575 2644 1645 argumento,quod
2671 1577 2859 1648 magis
2880 1578 2953 1632 ad
2977 1581 3380 1636 exornandam
3407 1583 3770 1655 presbyterii

2107 1661 2457 1732 dignitatem
2490 1665 2680 1719 multo
2713 1666 3003 1722 fecisset?
3033 1670 3226 1739 quue
3261 1672 3440 1742 igitur
3470 1673 3769 1744 Hierony-

2105 1767 2237 1805 mus
2260 1752 2332 1806 de
2357 1753 2442 1808 rei
2467 1755 2603 1824 jure
2626 1756 2951 1826 quidquam
2985 1759 3244 1829 scripsit,
3279 1777 3474 1832 neque
3503 1763 3574 1816 de
3604 1762 3763 1818 facto

348 1829 498 1883 Sima
554 1834 729 1896 esset.
781 1834 838 1882 et
899 1827 1153 1882 maXimO
1214 1827 1710 1923 Christianorum”
1741 1837 1993 1923 ο
2026 1858 2073 1923 Β
2103 1845 2340 1913 tempus
2369 1849 2488 1897 tam
2517 1845 2863 1916 scrupulose
2896 1847 3188 1916 limitavit,
3215 1851 3318 1905 sed
3348 1853 3764 1908 tantummodo

346 1917 694 1983 abundaret,
729 1922 786 1971 et
814 1924 1102 1988 praiterea
1131 1915 1460 1988 presbyteri
1495 1930 1632 1969 suos
1675 1911 1753 1966 ibi
1788 1910 1994 1964 distin-

344 2013 468 2062 ctos
511 2014 692 2062 coetus
752 2008 870 2062 sive
926 2007 1215 2062 Ecclesias
1277 2005 1563 2061 haberent
1621 2001 1993 2074 (observante

340 2097 691 2169 Epiphanio,
724 2096 866 2150 haer.
899 2099 964 2151 69
993 2114 1006 2150 ε
1038 2097 1198 2152 ’Ὀσαι
1229 2095 1329 2167 γὰρ
1363 2091 1651 2160 ἐκκλησίαι
1707 2096 1806 2158 τῆς
1856 2088 1990 2141 καθ-

340 2183 536 2253 ολικῆς
599 2183 926 2253 Ἐκκλησίας
984 2182 1035 2237 ἐν
1090 2179 1467 2255 Ἀλεξανδρείᾳ
1512 2179 1613 2234 ὑπὸ
1661 2175 1750 2232 ἕνα
1824 2176 1992 2252 ἀρχι-

340 2274 631 2329 επίσκοπον
676 2274 851 2342 οὖσαι,
879 2273 968 2326 καὶ
997 2274 1114 2326 κατ’
1147 2270 1282 2326 ἰδίαν
1306 2270 1526 2330 ταύταις
1575 2267 1988 2343 ἐπιτεταγμένοι

340 2363 471 2419 εἰσίν
492 2357 870 2437 πρεσϐύτεροι,
896 2359 984 2416 διὰ
1013 2363 1107 2416 τὰς
1141 2358 1592 2429 ἐκκλησιαπικάς
1641 2356 1829 2432 χρείας
1877 2359 1987 2409 τῶν

341 2449 669 2524 οἷκητόρων.
713 2474 740 2502 α
776 2451 1008 2505 Etenim
1039 2455 1331 2522 quotquot
1352 2447 1722 2504 Alexandriae
1745 2445 1990 2501 catholi-

341 2557 424 2595 cae
447 2541 885 2594 communionis
909 2539 1183 2594 Ecclesiae
1212 2544 1370 2608 sunt,
1404 2538 1508 2593 uni
1541 2537 1986 2608 archiepiscopo

339 2629 466 2702 subj
479 2635 793 2695 ectze,suus
811 2630 1023 2700 cuique
1046 2631 1398 2701 praepositus
1423 2633 1512 2683 est
1527 2627 1989 2700 presbyter,pro-

335 2725 466 2791 pter
488 2719 915 2774 ecclesiasticas
938 2719 1334 2774 habitantium
1374 2719 1756 2774 necessitates
1776 2738 1802 2766 υ
1828 2735 1842 2783 ;
1877 2732 1984 2770 no-

335 2813 496 2862 tante
522 2809 700 2863 etiam
720 2810 1064 2877 Sozomeno,
1097 2809 1199 2864 lib.
1232 2826 1272 2878 ι,
1298 2825 1424 2879 cap.
1463 2810 1525 2861 1ὅ
1553 2825 1565 2861 :
1607 2806 1764 2861 Εἶναι
1797 2802 1900 2879 γὰρ
1933 2801 1985 2856 ἐν

335 2894 716 2971 Ἀλεξανδρείᾳ
748 2893 889 2967 ἔθος,
936 2899 1173 2972 καθάπερ
1217 2899 1310 2952 καὶ
1356 2902 1470 2966 νῦν,
1519 2896 1632 2958 ἑνὸς
1683 2896 1837 2956 ὃντος
1887 2894 1983 2948 τοὺ

332 2985 470 3040 κατᾶ
516 2985 732 3041 πάντων
794 2985 1114 3055 ἐπισκόπου,
1163 2982 1557 3061 πρεσϐυτέρους
1608 2983 1719 3055 ἰδίᾳ
1762 2984 1856 3046 τὰς
1904 2984 1986 3038 ἐκ·

334 3073 568 3144 κλησίας
597 3076 866 3153 κατέχειν,
920 3076 1008 3129 καὶ
1056 3076 1146 3130 τὸν
1198 3076 1249 3130 ἐν
1296 3076 1482 3136 αὐταῖς
1532 3073 1661 3129 λαὸν
1717 3073 1978 3147 συνάγειν.

335 3167 500 3221 Hunc
525 3168 683 3222 enim
709 3184 931 3221 morem
957 3183 1086 3222 esse
1118 3166 1508 3236 Alexandriae,
1534 3165 1634 3236 qui
1654 3165 1980 3219 etiamnum

333 3261 786 3323 manet,ut,cum
805 3273 959 3310 unus
983 3257 1295 3326 episcopus
1317 3255 1592 3309 omnibus
1609 3254 1825 3325 praesit,
1843 3270 1978 3324 pre-

331 3344 550 3413 sbyteri
572 3346 885 3414 separatim
906 3345 1186 3399 ecclesias
1207 3344 1599 3411 obtineant,et
1612 3342 1892 3414 populum
1906 3343 1979 3396 ad

328 3431 460 3486 illas
481 3433 793 3486 convenire
818 3433 1059 3497 solitum
1074 3434 1373 3504 colligant)
1392 3433 1698 3502 »;ideoque
1717 3431 1868 3502 apud
1884 3449 1977 3503 po-

329 3521 538 3592 pulum
571 3537 741 3574 suum
774 3538 1048 3592 magnam
1081 3523 1331 3593 quisque
1381 3523 1791 3577 auctoritatem
1823 3520 1976 3575 obti-

328 3617 520 3678 neret,
563 3610 886 3665 electiones
919 3611 1112 3666 subito
1145 3613 1326 3666 factas
1359 3629 1488 3666 esse
1519 3610 1846 3683 putandum
1867 3615 1976 3676 est,

325 3716 400 3755 ne
431 3715 599 3755 mora
658 3699 1013 3754 tumultibus
1070 3701 1546 3771 factionibusque
1605 3701 1976 3755 occasionem

327 3788 638 3860 praeberet.
674 3789 934 3860 Indeque
963 3796 1168 3846 natum
1192 3808 1416 3845 morem
1441 3791 1616 3844 illum
1642 3788 1979 3844 Alexandri-

327 3879 420 3932 nis
453 3883 610 3933 certe
643 3879 1003 3949 peculiarem
1034 3897 1141 3951 par
1181 3886 1270 3934 est
1309 3880 1571 3944 credere,
1623 3895 1801 3949 quem
1852 3894 1975 3932 me-

327 3972 520 4021 morat
544 3967 848 4023 Liberatus
866 3968 926 4022 in
950 3969 1242 4022 Breviario
1269 3985 1326 4022 τα
1341 3967 1715 4022 Consuetudo
1735 3966 1974 4036 quidem

324 4061 415 4110 est
436 4056 828 4123 Alexandriae,
864 4057 1031 4111 illum
1069 4057 1167 4127 qui
1191 4057 1468 4112 defuncto
1490 4055 1774 4120 succedit,
1798 4071 1975 4110 excu-

319 4143 447 4200 bias
470 4162 646 4215 super
668 4145 928 4199 defuncti
952 4163 1167 4217 corpus
1187 4162 1748 4218 agere,manumque
1772 4143 1974 4199 dexte-

315 4251 445 4289 ram
468 4234 597 4304 ejus
631 4235 809 4304 capiti
845 4251 949 4288 suo
981 4236 1310 4306 imponere,
1347 4241 1403 4289 et
1433 4235 1661 4306 sepulto
1694 4234 1971 4288 manibus

317 4323 440 4376 suis
473 4322 740 4392 accipere
773 4323 923 4377 collo
957 4341 1060 4378 suo
1095 4330 1154 4379 B.
1204 4326 1380 4380 Marci
1427 4325 1698 4396 pallium,
1737 4327 1793 4376 et
1826 4329 1967 4377 tunc

317 4410 582 4482 legitime
607 4411 811 4467 sedere
836 4435 886 4469 ››.
912 4417 1051 4469 Erat
1069 4416 1247 4487 igitur
1271 4414 1640 4470 Alexandriae
1669 4429 1879 4484 magna
1910 4413 1970 4468 in

321 4499 586 4572 eligendo
624 4501 922 4573 episcopo,
955 4505 1117 4575 pacis
1156 4505 1363 4576 gratia,
1386 4503 1707 4568 festinatio,
1738 4508 1795 4556 et
1821 4503 1971 4556 inso-

2099 1946 2358 1995 veterem
2380 1943 2700 2012 quamdam
2720 1945 3126 2014 traditionem,
3153 1964 3332 2017 quam
3361 1966 3395 2004 a
3413 1952 3616 2005 nescio
3645 1968 3768 2022 quo

2098 2030 2578 2102 acceperat,sati's
2609 2033 2859 2088 obscure
2892 2035 3295 2107 descripsit,et
3326 2038 3400 2092 ad
3431 2039 3766 2095 retunden-

2097 2118 2233 2174 dam
2293 2121 2681 2176 diaconorum
2726 2125 3120 2193 quorumdam
3151 2128 3432 2182 Romanae
3476 2130 3759 2185 Ecclesia)

2095 2208 2476 2264 insolentiam
2509 2212 2835 2282 usurpavit.

2165 2310 2366 2384 Neque
2398 2316 2583 2387 magis
2615 2318 2994 2388 Eutychianee
3024 2321 3352 2376 narrationi
3383 2321 3637 2378 alterum
3664 2324 3753 2379 di-

2095 2401 2429 2458 stinctionis
2461 2405 2794 2461 membrum
2841 2409 3198 2480 respondet;
3239 2412 3559 2483 Eutychius
3593 2412 3751 2467 enim

2093 2506 2214 2545 non
2234 2490 2303 2546 de
2321 2491 2456 2562 jure
2476 2493 2758 2564 disputat,
2785 2495 2888 2550 sed
2911 2496 2981 2551 de
3002 2497 3178 2565 facto,
3211 2499 3282 2554 de
3301 2516 3463 2555 more
3488 2501 3744 2568 scilicet,

2093 2587 2270 2652 atque
2302 2582 2611 2638 duratione
2643 2590 2702 2639 et
2742 2587 3107 2658 expiratione
3150 2589 3298 2660 ejus,
3356 2608 3534 2662 quam
3585 2594 3757 2648 attri-

2091 2670 2220 2725 buit
2239 2671 2430 2726 edicto
2454 2672 2773 2728 Alexandri
2797 2677 3202 2746 patriarcham
3219 2680 3420 2750 Neque
3443 2681 3638 2748 desiit,
3666 2685 3755 2736 in-

2090 2772 2210 2839 quit
2230 2785 2344 2824 mos
2356 2770 2454 2825 ille
2470 2772 2944 2844 presbyterorum
2955 2775 3326 2832 Alexandrim
3341 2780 3753 2836 constituendi

2088 2859 2487 2932 patriarcham
2513 2877 2579 2915 ex
2609 2861 2680 2916 iis
2712 2861 3024 2918 duodecim
3053 2865 3414 2938 presbyteris
3443 2885 3634 2940 usque
3667 2871 3749 2925 ad

2087 2955 2318 3020 tempus
2329 2949 2648 3004 Alexandri
2667 2972 2692 2999 η
2703 2951 2867 3006 .Male
2881 2958 3071 3008 autem
3087 2953 3258 3010 docet
3275 2956 3558 3013 Seldenus
3571 2961 3653 3014 Eu
3663 2965 3750 3032 ty-

2088 3038 2288 3093 chium
2308 3038 2612 3094 decretum
2633 3039 2966 3098 Alexandro
2982 3043 3478 3115 tribuere,quoda
3503 3048 3744 3105 Nicamo

2088 3128 2334 3183 concilio
2366 3127 2586 3184 factum
2645 3137 2752 3194 est,
2817 3148 3040 3187 canone
3111 3142 3370 3205 quarto;
3415 3138 3744 3209 Eutychius

2020 3220 2062 3285 (ζ
2093 3217 2249 3271 enim
2283 3217 2463 3272 tradit
2493 3217 2914 3288 Alexandrum,
2957 3238 3077 3276 non
3125 3229 3359 3279 tantum
3409 3226 3741 3282 instituisse

2090 3307 2450 3361 creationem
2481 3309 2832 3379 patriarchae
2861 3327 2969 3382 per
3013 3313 3341 3385 episcopos,
3402 3315 3506 3370 sed
3557 3316 3743 3373 etiam

2090 3395 2438 3450 electionem
2464 3414 2530 3450 ex
2553 3397 2684 3452 aliis
2708 3415 2885 3469 quam
2904 3400 3319 3458 Alexandrinis
3350 3405 3740 3476 presbyteris,

2089 3485 2160 3539 de
2194 3502 2309 3556 qua
2340 3503 2400 3540 re
2439 3487 2587 3541 nihil
2621 3488 3011 3545 habetcanon
3045 3491 3145 3546 ille
3196 3494 3508 3563 Nicmnus;
3544 3512 3744 3567 neque

2087 3589 2246 3638 recte
2279 3585 2536 3655 conjicit,
2567 3603 2852 3642 canonem
2887 3589 3056 3644 illum
3099 3607 3166 3646 ex
3213 3598 3343 3647 voto
3393 3594 3743 3662 Alexandri,

2087 3677 2189 3727 aut
2210 3689 2373 3728 more
2392 3675 2491 3729 illo
2513 3677 2908 3732 Alexandrino
2933 3685 3126 3735 ortum
3152 3681 3464 3751 habuisse;
3493 3685 3743 3739 minime

2087 3763 2246 3817 enim
2277 3762 2671 3820 dubitandum
2705 3773 2791 3822 est
2822 3769 2965 3838 quin
2999 3771 3224 3841 primus
3247 3789 3457 3843 canon,
3478 3774 3577 3845 qui
3599 3774 3746 3829 dici-

2087 3857 2183 3906 tur
2213 3855 2594 3924 opostolicus,
2629 3855 2729 3910 diu
2754 3863 2890 3912 ante
2921 3857 3087 3914 illum
3114 3877 3403 3916 canonem
3428 3863 3740 3919 Nicaanum

2085 3941 2357 3998 conditus
2390 3945 2501 3999 sit:
2534 3942 2865 4008 Ἐπίσκοπος
2896 3949 3315 4021 χειροτονείσθω
3355 3949 3455 4004 ὑπὸ
3499 3948 3737 4005 ἐπισκό-

2082 4051 2198 4085 πων
2233 4027 2330 4084 δύο
2363 4029 2398 4099 ἤ
2430 4037 2613 4106 τριῶν.
2647 4036 2828 4090 Nemo
2853 4037 3034 4104 enim,
3061 4044 3375 4110 postquam
3391 4041 3741 4096 NiceeniPa-

2084 4125 2202 4176 tres
2234 4127 2352 4177 tres
2382 4124 2688 4196 episcopos
2717 4125 2791 4180 ad
2822 4127 3260 4184 ordinationem
3307 4131 3734 4202 postulassent.

2084 4210 2230 4266 duos
2272 4212 2540 4268 sufﬁcere
2571 4213 2835 4270 dixisset.
2871 4215 3022 4280 Quid
3053 4218 3212 4288 quod
3242 4235 3378 4291 pars
3412 4220 3632 4276 decreti
3656 4224 3736 4278 ab

2080 4310 2414 4366 Alexandro
2446 4311 2604 4378 facti,
2633 4331 2740 4369 nec
2792 4314 2865 4370 ad
2915 4333 3206 4373 canonem
3257 4321 3559 4375 Nicaanum
3606 4321 3734 4377 ullo

2079 4401 2254 4455 modo
2285 4403 2873 4473 pertinens,maxime
2896 4408 3159 4463 notanda
3177 4409 3436 4478 sit,quod
3459 4409 3742 4467 videatur

2077 4491 2435 4563 restringere
2453 4509 2680 4548 morem
2695 4494 3007 4565 antiquum
3021 4496 3092 4551 de
3109 4497 3377 4570 eligendo
3393 4500 3740 4569 patriarcha

319 4588 425 4643 lita
457 4606 576 4659 prie
607 4590 833 4646 honore
875 4594 928 4647 S:
965 4594 1163 4661 Marci,
1193 4594 1255 4647 in
1287 4592 1542 4647 creando
1585 4592 1960 4647 caeremonia.

2165 4581 2279 4636 nad
2299 4582 2650 4638 electionem
2666 4599 2700 4638 a
2725 4584 3108 4656 presbyteris,
3144 4587 3246 4642 sed
3269 4604 3340 4642 ex
3363 4589 3738 4661 presbyteris

320 4678 431 4733 Sed
453 4679 844 4751 Hieronymus
875 4699 1069 4754 neque
1105 4682 1345 4737 modum
1377 4682 1438 4736 in
1466 4681 1777 4747 electione,
1810 4682 1968 4752 quod

315 4773 387 4829 ad
413 4776 691 4846 suffragia
711 4777 945 4840 attinet,
969 4793 1163 4848 neque
1186 4777 1647 4832 caeremoniasin
1668 4777 1966 4830 creatione

312 4863 630 4932 adhibitus,
664 4883 858 4938 neque
884 4868 983 4936 jus
1004 4867 1188 4922 ullum
1209 4884 1330 4938 praa
1353 4867 1582 4921 caeteris
1596 4865 1963 4937 presbyterio

313 4953 516 5010 datum
549 4962 651 5011 aut
681 4973 1030 5012 concessum
1063 4963 1510 5022 commemorat,
1561 4957 1676 5011 nisi
1709 4957 1864 5028 quod
1897 4974 1965 5013 ex

313 5043 459 5114 ipsis
488 5043 559 5098 de
590 5045 744 5100 facto
773 5062 962 5116 usque
996 5046 1069 5100 ad
1104 5046 1409 5100 Heraclam
1437 5047 1750 5118 episcopus
1783 5047 1964 5119 elige-

312 5138 497 5200 retur,
530 5139 589 5188 et
621 5133 694 5189 ab
723 5135 869 5205 ipsis
896 5133 1393 5204 promulgaretur.

381 5233 529 5286 Nam
558 5231 715 5302 quod
736 5231 1025 5287 Seldenus
1045 5232 1516 5288 comminiscitur
1539 5233 1962 5305 Hieronymum

307 5335 559 5375 securum
589 5320 654 5374 de
689 5326 927 5389 tempore
956 5321 1246 5375 Heraclam
1267 5328 1652 5389 antevertente,
1681 5324 1962 5394 quoniam

307 5409 584 5480 cognovit
613 5408 844 5463 nullum
875 5409 938 5461 in
966 5410 1208 5480 :Egypto
1253 5416 1391 5465 ante
1437 5416 1705 5482 tempora
1752 5413 1957 5468 Deme-

305 5497 404 5550 trii
433 5497 776 5568 episcopum
802 5496 1006 5566 fuisse,
1036 5498 1157 5552 «ad
1176 5498 1449 5553 citeriora
1477 5499 1834 5554 descendere
1855 5518 1960 5555 no-

303 5585 491 5641 luisse
515 5591 816 5658 tempora:
844 5587 985 5657 quia
999 5586 1092 5641 vix
1113 5587 1314 5643 forsen
1332 5588 1488 5644 credi
1508 5589 1796 5659 potuisset
1809 5590 1961 5644 ordi-

305 5673 612 5733 nationem
632 5676 1111 5748 patriarchalem,
1127 5682 1439 5749 postquam
1457 5677 1960 5750 episcopi,saltem

2075 4670 2390 4735 factam,de
2411 4688 2527 4742 qua
2555 4671 2628 4727 ad
2660 4673 2836 4728 verba
2867 4675 3208 4748 Hieronymi
3242 4676 3520 4733 diximus.
3556 4680 3737 4734 Anti-

2077 4777 2258 4832 quum
2288 4761 2445 4816 enim
2467 4778 2694 4818 morem
2725 4763 2974 4820 desiisse
2999 4766 3272 4836 tradit,eo
3287 4767 3447 4838 quod
3467 4768 3730 4824 Alexan-

2077 4851 2183 4906 der
2205 4871 2226 4898 α
2249 4851 2505 4907 decrevit
2528 4859 2613 4921 ut,
2633 4860 2873 4909 vacante
2901 4856 3323 4926 patriarcham,
3346 4858 3634 4930 eligerent
3661 4876 3737 4916 ex

2075 4967 2425 5022 quacunque
2458 4950 2700 5006 tandem
2727 4953 2988 5025 regione,
3023 4954 3140 5010 sive
3173 4971 3242 5010 ex
3263 4955 3577 5012 duodecim
3605 4957 3734 5014 illis

2073 5041 2582 5114 presbyteris,sive
2604 5041 2940 5098 aliisvirum
2959 5043 3219 5115 aliquem
3239 5045 3544 5114 eximium,
3569 5063 3739 5118 pers-

2072 5138 2256 5204 pectaa
2293 5131 2625 5204 probitatis,
2660 5147 2918 5203 eumque
2945 5135 3345 5204 patriarcham
3377 5143 3653 5192 crearent
3677 5160 3734 5196 ››.

2074 5221 2292 5276 Electio
2308 5220 2485 5289 igitur
2499 5221 2598 5274 viri
2617 5221 2708 5293 cuj
2718 5223 2947 5293 uspiam
2963 5224 3516 5296 eximii,perspectm
3531 5226 3738 5297 prohi-

2073 5311 2210 5366 tatis
2241 5311 2553 5381 antiquum
2587 5327 2814 5367 morem
2837 5314 3158 5380 evacuavit;
3180 5331 3295 5385 quo
3319 5321 3619 5386 spectasse
3646 5316 3738 5371 vi-

2073 5412 2288 5466 dentur
2305 5411 2408 5465 illa
2437 5410 2993 5482 pseudo-Ambrosii
3014 5413 3076 5468 in
3100 5431 3226 5485 cap.
3254 5417 3286 5468 4
3311 5414 3386 5471 ad
3403 5415 3693 5488 Ephesios
3719 5435 3737 5475 :

2071 5503 2315 5570 Denique
2370 5500 2516 5570 apud
2562 5504 2859 5571 Egyptum
2910 5505 3223 5574 presbyteri
3274 5507 3623 5576 consignant,
3684 5512 3742 5566 si

2065 5608 2170 5661 pm
2188 5605 2302 5646 ssns
2330 5605 2441 5643 non
2463 5589 2537 5643 sit
2566 5589 2868 5662 episcopus.
2893 5593 3007 5648 Sed
3037 5597 3166 5665 quia
3189 5602 3468 5666 coeperunt
3494 5612 3736 5668 sequen-

2071 5687 2146 5734 tes
2180 5678 2492 5749 presbyteri
2521 5677 2738 5748 indigni
2793 5681 3039 5739 inveniri
3085 5683 3160 5740 ad
3198 5687 3476 5756 primatus
3532 5693 3739 5744 tenen-
