3974 6296
142 351 249 412 233

868 350 927 413 J.
973 347 1407 413 PEARSONII
1449 348 1593 412 VIN
1603 348 1836 411 DICIIB
1874 347 2358 411 lGNATiAN/E.
2401 381 2483 398 --
2523 347 2734 410 PARS
2782 348 2834 411 Ι.

3447 353 3566 415 234

139 486 388 543 etiamad
413 485 795 556 antiquitates
824 484 1090 542 Ecclesia
1133 501 1250 541 sua
1295 484 1578 542 eruendas
1625 491 1792 555 atque
1821 484 1876 551 Α
1905 499 2142 555 scopum
2189 483 2535 553 Rohensem,
2580 482 2928 540 Thaddaum
2985 483 3316 557 episcopum
3363 485 3568 544 Massi-

144 576 508 648 explicandas
542 575 724 632 multo
753 575 1078 646 imparatior
1135 579 1191 631 et
1237 573 1485 646 ineptior
1529 577 1669 632 erat.
1719 573 1800 630 De

143 666 380 722 archivis
437 674 635 721 autem
682 665 1063 734 Alexandria,
1120 663 1324 736 quibus
1405 663 1660 721 Annales
1720 668 1800 719 tot

140 755 338 812 debere
369 760 568 826 putat,
600 769 829 825 prorsus
860 753 1197 810 incredibile
1227 761 1331 812 est.
1387 752 1544 810 Libri
1592 768 1795 810 omnes

147 844 509 901 bibliotheca
541 843 964 915 Alexandrina,
1012 851 1177 913 capta
1204 861 1238 899 a
1269 843 1580 900 Meslemiis
1637 842 1796 912 urbe,

140 936 331 991 statim
370 934 688 1004 perierunt.
735 934 910 990 Iussit
953 933 1155 988 Amrus
1202 932 1393 990 Ebno’l
1439 933 1508 988 As
1557 932 1801 1003 dispergi

141 1041 224 1080 eos
252 1041 354 1096 per
384 1025 592 1080 balnea
619 1022 972 1078 Alexandria
1003 1031 1162 1095 atque
1204 1021 1330 1078 illis
1373 1021 1796 1096 calefaciendis,

139 1115 425 1170 comburi:
461 1115 541 1169 ita
570 1114 751 1184 spatio
781 1115 1034 1169 semestri
1061 1114 1371 1185 consumpti
1398 1122 1546 1180 sunt,
1593 1119 1652 1168 ut
1685 1119 1800 1167 tra—

139 1206 220 1259 dit
243 1203 558 1274 Gregorius
591 1203 962 1259 Ahulfaraius.
997 1203 1142 1260 Audi
1185 1205 1319 1276 quid
1347 1205 1558 1273 factum
1608 1204 1798 1270 fuerit,

140 1293 320 1365 inquit
358 1292 481 1362 ille,
514 1301 566 1348 et
588 1294 813 1348 mirare.
846 1294 967 1349 Imo
999 1293 1177 1362 magis
1237 1295 1432 1348 mirari
1488 1299 1794 1360 oporteret,

138 1383 182 1437 si
224 1387 357 1453 post
411 1399 600 1438 annos
652 1383 830 1438 ferme
882 1383 988 1438 200
1039 1398 1346 1454 paucorum
1399 1381 1795 1438 Melchitarum

136 1473 442 1543 episcopus
472 1472 722 1542 origines
749 1471 1018 1528 Ecclesia
1065 1471 1470 1528 Alexandrina
1514 1471 1592 1527 ibi
1643 1471 1794 1526 inve-

137 1564 296 1619 niret.
328 1567 497 1618 Certe
525 1569 635 1616 tam
672 1562 1022 1631 negligenter
1065 1561 1470 1618 Alexandrina
1530 1559 1794 1616 Ecclesia

141 1652 440 1708 historiam
477 1651 776 1720 pertexuit,
809 1658 871 1705 ut
902 1666 1013 1707 non
1049 1651 1227 1720 magis
1271 1651 1440 1722 hujus
1489 1666 1659 1720 quam
1705 1649 1789 1704 al-

139 1747 310 1799 terius
371 1741 694 1812 cujuspiam
755 1752 1119 1796 nionumenta
1179 1743 1289 1812 ipsi
1341 1740 1566 1811 cognita
1613 1741 1794 1796 fuisse

135 1839 424 1902 appareat.
462 1831 715 1887 Marcum
749 1831 1155 1902 evangelistam
1192 1833 1360 1885 tradit
1383 1847 1534 1885 nono
1576 1830 1793 1885 Claudii

138 1939 286 1978 anno
314 1922 725 1976 Alexandriam
756 1921 998 1983 venisse,
1058 1921 1238 1990 primo
1291 1921 1531 1975 Neronis
1577 1919 1789 1976 ibidem

140 2011 415 2082 martyrio
451 2022 784 2065 coronatum
833 2025 992 2076 esse;
1043 2018 1096 2064 et
1153 2017 1340 2064 tamen
1399 2009 1549 2064 idem
1601 2009 1786 2076 refert,

141 2109 393 2170 tempore
455 2099 699 2155 Neronis
773 2099 998 2154 Petrum
1056 2099 1352 2168 scripsisse
1416 2099 1788 2169 Evangelium

142 2187 338 2253 Marci,
369 2189 630 2243 dictante
661 2187 872 2256 Marco,
908 2191 964 2244 in
998 2188 1134 2244 urbe
1166 2189 1362 2246 Roma.
1413 2188 1542 2244 Hac
1577 2205 1692 2244 non
1723 2205 1789 2244 ex

149 2279 508 2334 Alexandria
539 2278 806 2342 archivis,
836 2281 931 2333 sed
965 2278 1201 2334 diversis
1247 2278 1636 2348 scriptoribus,
1693 2279 1788 2349 qui

139 2366 420 2422 contraria
468 2367 843 2436 tradiderunt,
889 2369 1014 2423 sine
1059 2368 1275 2436 judicio
1324 2368 1527 2423 hausit.
1577 2369 1787 2424 Conci-

141 2456 272 2511 liare
305 2456 431 2511 hac
463 2455 692 2526 quidem
723 2455 900 2513 voluit
933 2456 1232 2522 Seldenus,
1265 2458 1360 2512 sed
1395 2456 1620 2513 frustra.
1669 2458 1787 2514 Non

137 2544 314 2601 solum
347 2555 540 2600 autem
587 2552 840 2615 tempore
887 2545 1150 2612 Neronis,
1192 2547 1286 2601 sed
1342 2561 1487 2602 anno
1541 2547 1788 2618 ejusdem

137 2639 333 2706 primo,
367 2650 585 2690 necesse
612 2642 691 2690 est
737 2637 794 2689 ut
840 2636 1004 2690 vellet
1049 2648 1234 2691 noster
1277 2636 1635 2704 Euangelium
1686 2637 1789 2692 hoc

135 2727 428 2794 scriptum,
461 2725 605 2794 quod
627 2725 820 2796 palam
849 2730 927 2780 est
958 2741 1032 2779 ea:
1063 2726 1134 2779 iis
1160 2739 1286 2796 qua
1324 2726 1480 2795 infra
1509 2726 1670 2781 habet
1721 2728 1789 2784 de

142 2813 292 2869 exitu
324 2821 444 2868 tum
477 2815 632 2868 Petri
659 2816 778 2868 tum
804 2813 989 2869 Marci
1016 2813 1199 2869 eodem
1232 2817 1287 2869 in
1317 2830 1484 2870 anno.
1529 2815 1584 2869 Si
1633 2817 1786 2871 enim

146 2913 491 2973 supponatur
522 2903 891 2974 Evangelium
926 2903 1098 2960 Marci
1125 2904 1401 2975 scriptum
1449 2903 1624 2960 fuisse
1674 2905 1789 2974 pri-

143 3007 232 3048 mo
290 2991 535 3049 Neronis
586 3008 760 3061 anno,
812 2992 1029 3063 reliqua
1081 2999 1267 3049 tamen
1311 2993 1623 3050 consistere
1672 3009 1789 3049 non

147 3091 397 3150 possunt.
432 3082 511 3138 Eo
559 3083 712 3138 enim
760 3098 914 3138 anno
957 3097 1065 3152 quo
1115 3090 1372 3138 mortuus
1428 3086 1515 3139 est
1565 3082 1789 3138 Marcus

148 3171 498 3227 Alexandria
528 3187 643 3228 non
677 3172 857 3240 potuit
886 3173 1073 3227 Roma
1121 3172 1333 3228 dictare
1371 3172 1786 3243 Evangelinm;

147 3274 324 3332 neque
358 3260 517 3317 enim
549 3261 882 3334 Eutychius,
929 3277 1115 3332 neque
1161 3262 1458 3333 quisquam
1506 3264 1653 3318 alius
1683 3265 1787 3320 doc

141 3358 224 3404 cet
251 3351 510 3405 Marcum
567 3351 807 3422 Egypto
853 3351 926 3406 ad
972 3351 1196 3407 Petrum
1243 3351 1647 3422 commigrasse
1677 3352 1789 3408 Bo-

146 3453 323 3494 mam:
374 3455 560 3510 neque
607 3440 662 3494 id
717 3439 925 3496 factum
983 3441 1185 3496 docere
1241 3440 1423 3512 potuit
1476 3441 1788 3511 Eutychius

145 3529 317 3597 primo
349 3529 594 3586 Neronis
625 3545 803 3598 anno,
834 3544 965 3586 cum
1018 3530 1138 3600 ipse
1182 3530 1366 3586 tradat
1417 3530 1646 3586 Petrum
1691 3547 1785 3588 oc-

146 3618 316 3672 cisum
346 3633 472 3674 esse
501 3634 652 3675 anno
680 3618 774 3688 22,
835 3625 965 3688 post
1012 3618 1338 3688 passionem
1383 3620 1630 3686 Domini,
1683 3620 1790 3690 hoc

145 3717 237 3774 est,
287 3717 420 3763 ante
471 3708 776 3778 imperium
834 3709 1097 3766 Neronis.
1157 3710 1288 3766 Hac
1345 3719 1536 3768 autem
1591 3713 1790 3768 omnia

142 3805 264 3852 sunt
321 3794 610 3851 ἀσῦστατα..
660 3797 1122 3855 Patriarcharum
1180 3798 1439 3869 nomina,
1535 3807 1590 3857 et
1645 3801 1790 3856 mira

142 3889 359 3958 quidem
391 3905 559 3960 sape,
593 3889 778 3960 prodit
818 3889 1164 3960 Eutychius:
1198 3906 1383 3947 annos
1430 3891 1599 3948 etiam
1646 3907 1790 3948 enu-

143 3984 330 4046 merat,
363 3995 455 4035 res
511 3983 699 4050 gestas
753 3979 992 4036 minime
1040 3987 1470 4037 commemorat.
1523 3982 1661 4036 Cum
1718 3981 1785 4037 ad

141 4068 483 4124 Demetrium
517 4068 802 4139 pervenit,
859 4069 1006 4139 quod
1063 4077 1195 4125 ante
1251 4069 1492 4139 dixerat,
1549 4071 1786 4141 repetit:

136 4161 358 4212 Primus
391 4157 491 4211 ille
521 4157 971 4227 patriarcharum
1020 4159 1294 4228 episcopos
1343 4161 1404 4213 in
1449 4161 1671 4230 Aigypti
1699 4161 1787 4216 di-

133 4246 274 4302 tione
300 4245 635 4310 ordinavit;
689 4252 750 4301 ut
805 4253 859 4302 et
905 4247 975 4301 de
1013 4245 1296 4302 Heracla:
1346 4247 1483 4318 Ejus
1547 4254 1791 4319 tempore

133 4335 441 4407 appellatus
472 4340 554 4391 est
582 4335 905 4405 patriarcha
932 4334 1346 4391 Alexandrinus
1373 4336 1546 4405 Baba,
1605 4335 1664 4391 id
1711 4340 1790 4392 est

129 4442 274 4480 auus.
308 4424 458 4492 Quid
493 4432 685 4479 autem
717 4423 779 4478 in
812 4423 1063 4480 Ecclesia
1095 4432 1236 4480 tunc
1265 4427 1536 4495 temporis
1574 4425 1788 4482 factum

135 4518 234 4579 est,
271 4513 566 4584 quomodo
599 4512 874 4582 Origenes
929 4511 1048 4568 illic
1091 4512 1356 4584 agitatus,
1397 4529 1514 4570 non
1553 4515 1789 4570 omnino

1907 589 2146 630 nensem
2195 579 2250 630 et
2307 573 2724 630 Theodoretum
2773 574 3100 645 episcopum
3144 578 3570 648 Ancyrensem,

1908 678 2050 735 quos
2098 678 2293 719 coram
2347 661 2692 732 imperatore
2743 669 2911 734 atque
2957 664 3281 734 patriarcha
3339 682 3566 738 compa-

1909 760 2091 809 ruisse
2121 754 2322 822 docet;
2364 767 2464 824 per
2515 751 2860 808 Thaddaum
2907 753 3318 811 Massinensem
3366 756 3562 814 Theo-

1906 844 2110 902 dorum
2141 841 2602 912 Mopsuestennm
2634 841 2984 914 intelligens,
3032 851 3086 900 et
3132 845 3560 904 Theodoretum

1907 948 2008 1004 pro
2049 932 2284 1004 Cyrensi
2337 931 2727 1002 Ancyrensem
2783 933 3100 1006 appellans.
3159 936 3353 992 Solum
3407 937 3563 994 enim

1909 1021 2062 1077 Ibam
2094 1027 2247 1079 recte
2269 1021 2524 1076 nominat
2548 1021 2896 1094 Rohensem,
2919 1023 3028 1080 hoc
3069 1031 3155 1081 est
3183 1025 3556 1084 Edessenum.

1909 1110 2070 1168 Roha
2102 1111 2255 1167 enim
2289 1118 2344 1166 ct
2373 1105 2602 1166 Ἔδεσσα
2650 1112 2845 1170 eadem
2899 1113 3124 1170 civitas.
3173 1114 3334 1172 Undc
3384 1117 3562 1173 Abul-

1907 1200 2142 1270 pharaio
2173 1201 2360 1272 Abgar
2389 1217 2489 1256 rex
2520 1202 2704 1268 Ito/ta,
2738 1202 2832 1272 qui
2883 1203 3030 1274 apud
3076 1204 3382 1261 Eusebium
3413 1206 3561 1264 dici-

1909 1299 1996 1345 tur
2018 1283 2296 1364 ’Άϐγαρος
2329 1289 2618 1365 τοπάρχης
2649 1286 2926 1360 Ἐδέσσης.
2959 1293 3094 1348 Erat
3140 1301 3329 1350 autem
3379 1296 3556 1366 Abga-

1906 1397 2020 1450 rus,
2056 1381 2175 1435 sive
2205 1381 2464 1452 Abgarus
2495 1396 2801 1437 commune
2853 1398 3067 1439 nomen
3117 1384 3423 1441 Osdroena
3477 1403 3562 1442 re-

1904 1471 2192 1542 gulorum,
2256 1486 2495 1539 quorum
2541 1473 2692 1542 regia
2743 1472 2970 1528 Edessa
3029 1474 3153 1542 fuit,
3215 1483 3271 1529 ut
3330 1483 3561 1532 testatur

1903 1561 2228 1629 ProcOpius.
2283 1562 2434 1616 Idem
2472 1563 2632 1616 tradit
2669 1564 2975 1618 Antonium
3036 1563 3186 1620 inter
3229 1565 3448 1621 Roham
3507 1575 3560 1622 et

1902 1648 2190 1704 Haranum
2227 1651 2478 1706 occisum
2513 1666 2652 1715 esse,
2689 1659 2746 1705 ut
2777 1651 2834 1706 in
2881 1651 3102 1706 Eusebii
3144 1653 3431 1711 Chronico
3479 1655 3560 1710 lc-

1903 1740 2125 1808 gimus:
2159 1741 2428 1794 Antonius
2457 1739 2797 1808 inter/icitur
2831 1743 2976 1796 inter
3003 1744 3267 1797 Edessam
3311 1751 3362 1798 et
3413 1745 3549 1798 Car-

1824 1851 1869 1914 Β
1903 1845 2015 1884 ras.
2047 1835 2126 1884 Ita
2161 1829 2355 1893 Roha,
2392 1829 2495 1885 hoc
2537 1840 2618 1884 est
2670 1829 2888 1885 Edessa
2939 1830 3336 1886 Constantium
3389 1834 3557 1888 Hele-

1903 1935 2032 1975 nam
2069 1919 2356 1974 invenisse
2387 1919 2552 1975 refert
2591 1918 2916 1990 Eutychius.
2969 1920 3127 1982 Quod
3162 1921 3212 1976 si
3256 1921 3549 1978 observas-

1901 2018 1982 2065 set
2013 2011 2318 2075 Seldenus,
2354 2025 2645 2080 nunquam
2680 2009 2743 2065 in
2792 2010 3166 2083 Eutychiauis
3219 2014 3335 2067 suis
3381 2015 3558 2068 dixis-

1900 2099 1981 2158 set
2011 2117 2024 2157 :
2063 2103 2299 2158 Ubinam
2334 2101 2446 2156 hac
2477 2100 2654 2168 Rhea,
2681 2116 2775 2171 ego
2806 2117 2893 2157 me
2923 2104 3131 2158 nescire
3154 2106 3351 2173 fateor,
3403 2120 3553 2160 nun-

1898 2207 2069 2261 quam
2133 2192 2203 2246 ad
2263 2187 2480 2268 Ῥαφίαν
2543 2190 2848 2246 Phanicia
2925 2191 3122 2247 urbem
3182 2193 3552 2264 confugisset,

1899 2296 2200 2351 nunquam
2230 2281 2361 2336 inde
2393 2279 2717 2350 Drepanum
2779 2281 2838 2335 in
2891 2280 3158 2352 Bithynia
3210 2282 3552 2352 deduxisset,

1899 2385 2190 2438 nunquam
2223 2367 2394 2423 verba
2422 2368 2661 2424 Cedreni
2693 2366 2816 2441 περὶ
2845 2368 2944 2438 τήν
2971 2370 3070 2432 τῆς
3093 2367 3287 2430 Anxia;
3304 2367 3466 2424 πόλιν
3493 2372 3551 2428 in

1896 2457 2020 2532 περὶ
2051 2459 2149 2527 τήν
2181 2463 2282 2525 τῆς
2309 2457 2530 2532 Ῥαφίας
2577 2455 2742 2511 πόλιν
2783 2464 3210 2531 commutasset,
3263 2467 3553 2535 totamque

1896 2550 2124 2606 Helena
2157 2550 2450 2605 historiam
2479 2565 2576 2619 per
2606 2565 2665 2604 se
2716 2550 2853 2604 satis
2902 2550 3179 2607 incertam
3239 2559 3318 2607 tot
3365 2555 3552 2624 conje-

1897 2641 2074 2697 cturis
2120 2639 2731 2708 emendationibusque
2777 2640 3138 2696 incertiorem
3190 2643 3548 2699 reddidisset.

1899 2732 2148 2797 Quatuor
2181 2730 2366 2799 itaque
2421 2730 2571 2783 viros
2620 2728 2680 2784 in
2731 2728 2966 2784 historia
3016 2731 3395 2786 ecclesiastica
3445 2749 3550 2787 no-

1899 2821 2149 2875 tissimos
2187 2833 2382 2874 coram
2413 2817 2738 2873 Justiniano
2795 2817 3182 2888 comparuisse
3220 2822 3390 2875 tradit
3439 2821 3549 2877 Eu-

1902 2907 2146 2977 tychius,
2179 2907 2276 2977 qui
2305 2921 2505 2962 omnes
2534 2905 2629 2960 diu
2669 2912 2801 2961 ante
2861 2908 3068 2962 mortui
3117 2907 3376 2963 fuerant:
3410 2925 3546 2980 quo-

1901 3011 2026 3052 rum
2057 2995 2314 3051 omnium
2343 2995 2776 3066 antiquissimus
2805 3003 2920 3051 erat
2948 2996 3245 3066 Origenes,
3277 3013 3394 3054 non
3425 2999 3548 3070 cpi-

1899 3099 2103 3156 scopus
2163 3084 2583 3154 Manbagensis,
2639 3085 2734 3140 sed
2792 3085 3083 3155 presbyter
3139 3093 3193 3142 et
3243 3088 3548 3144 catechista

1899 3173 2343 3240 Alexandrinus,
2394 3174 2516 3245 ipse
2564 3173 2965 3244 Adamantius,
3016 3191 3186 3246 quem
3229 3175 3548 3233 Demetrius

1896 3261 2132 3332 Egypto
2165 3260 2394 3332 fugavit,
2453 3261 2622 3332 idque
2672 3277 2778 3332 Ope
2836 3262 3006 3318 trium
3066 3264 3546 3336 Eutychianorum

1895 3351 2319 3422 episcoporum,
2372 3357 2432 3406 ut
2475 3350 2754 3407 Seldenus
2813 3351 3141 3410 hariolatur.
3195 3355 3302 3410 Sed
3363 3354 3545 3426 qualis

1895 3439 1980 3494 illi
2009 3441 2079 3496 de
2104 3439 2388 3496 Demetrio
2416 3439 2554 3496 fides
2582 3440 2907 3497 adhibenda
2937 3447 3044 3511 est,
3093 3443 3188 3514 qui
3241 3444 3544 3516 Origenem

1897 3529 2314 3586 nescivit‘lﬁic
2355 3536 2542 3586 autem
2574 3529 2896 3587 Demetrius
2927 3539 2985 3588 ut
3018 3537 3130 3590 tres
3159 3533 3454 3604 episcopos
3482 3535 3543 3591 in

1893 3617 2114 3688 Egypti
2147 3618 2363 3674 ditione
2393 3619 2698 3686 ordinavit,
2737 3621 2814 3676 ita
2843 3621 2912 3676 ad
2945 3627 3056 3678 tres
3101 3624 3398 3694 episcopos
3444 3641 3543 3679 ex-

1899 3715 1982 3764 tra
2011 3708 2314 3779 Egyptum
2354 3708 2602 3777 scripsit.
2651 3709 2722 3764 Eo
2754 3717 3013 3780 tempore,
3065 3709 3276 3783 inquit,
3322 3714 3545 3786 scripsit

1901 3797 2206 3855 Demetrius
2237 3797 2565 3869 patriarcha
2593 3799 3004 3855 Alexandrinus
3033 3800 3103 3855 ad
3142 3803 3381 3858 Gabium
3430 3804 3543 3874 epi-

1892 3903 2110 3960 scOpum
2160 3885 2756 3959 Hierosolymitanum,
2796 3887 3099 3942 Maximum
3155 3889 3543 3961 patriarcham

1894 3979 2291 4035 Antiochenam
2347 3981 2399 4032 et
2461 3977 2724 4034 Victorem
2779 3977 3158 4049 patrsareham
3213 3981 3540 4051 Romanum,

1892 4069 1957 4124 de
1987 4069 2204 4124 ratione
2231 4068 2484 4138 computi
2511 4066 2800 4122 Paschalis
2846 4073 2899 4122 et
2947 4067 3151 4136 ieiunii
3203 4066 3542 4133 Christiano-

1896 4174 2041 4221 rum,
2074 4161 2126 4213 et
2155 4157 2421 4228 quomodo
2469 4173 2503 4211 a
2540 4157 2810 4212 Paschate
2848 4155 3166 4214 Iudaeorum
3212 4157 3540 4214 deducatur.

1895 4249 1960 4303 At
1991 4245 2228 4301 Gahium
2277 4247 2398 4315 ipse
2449 4245 2616 4300 tradit
2664 4247 2730 4300 17
2775 4246 2980 4302 Aurelii
3025 4263 3178 4304 anno
3221 4247 3544 4320 Hierosoly-

1895 4337 2004 4391 mis
2034 4337 2363 4407 episcOpum
2398 4342 2653 4391 creatum
2687 4342 2798 4391 tres
2829 4344 3049 4392 tantum
3079 4353 3264 4394 annos
3296 4339 3543 4396 sedisse:

1893 4432 1987 4482 aut
2019 4425 2194 4498 igitur
2224 4424 2331 4481 sub
2365 4425 2479 4482 line
2521 4424 2753 4496 imperii
2796 4426 3035 4492 Aurelii,
3089 4435 3185 4482 aut
3231 4427 3336 4484 sub
3385 4428 3548 4485 initio

1898 4516 2090 4570 statim
2149 4515 2442 4570 Commodi
2501 4515 2711 4584 scripta
2768 4518 2856 4572 est
2913 4515 3034 4572 hac
3109 4516 3368 4587 epistola.
3429 4519 3549 4585 Quo

132 4601 322 4656 docet:
361 4609 422 4656 ut
455 4601 718 4657 videatur
745 4601 1149 4657 Adamantium
1199 4601 1363 4658 illum
1401 4603 1572 4674 plane
1619 4604 1780 4674 lgno-
1812 4591 1859 4655 D
1892 4611 2167 4675 tempore,
2218 4618 2325 4659 nec
2383 4603 2702 4659 Demetrius
2746 4604 3106 4660 Alexandriae
3157 4606 3402 4676 praefuit,
3451 4608 3552 4663 sed

132 4707 295 4748 rasse.
321 4691 528 4762 Neque
554 4690 677 4747 hac
707 4691 1039 4762 conjectura
1072 4706 1225 4748 mera
1281 4699 1364 4748 est
1391 4715 1407 4760 ς
1457 4691 1579 4762 ipse
1630 4693 1785 4749 enim

134 4783 196 4833 de
223 4781 427 4851 quinto
458 4779 710 4836 concilio
736 4795 931 4850 agens,
984 4780 1105 4836 hac
1149 4779 1344 4837 scribit
1378 4797 1392 4835 :
1441 4781 1568 4838 Fuit
1618 4782 1788 4838 etiam

135 4875 372 4944 tempore
401 4872 716 4928 Iustiniani
744 4871 1015 4941 Origenes
1062 4871 1341 4944 episcopus
1386 4873 1786 4943 Manbagensis,

139 4964 228 5030 qui
256 4961 752 5033 metempsychosin
775 4963 1030 5029 asseruit,
1060 4961 1528 5018 resurrectionem
1555 4978 1784 5034 negans.

143 5056 201 5105 At
233 5051 322 5107 hic
353 5052 499 5122 ipse,
528 5065 696 5122 quem
749 5065 1084 5122 episcopum
1127 5050 1566 5123 Manbagensem
1597 5056 1766 5108 vocat

139 5141 277 5196 alius
308 5156 428 5196 non
451 5147 569 5196 erat
595 5156 764 5210 quam
807 5139 1082 5210 Origenes
1122 5140 1510 5211 Adamantius,
1561 5141 1788 5197 notissi-

139 5245 256 5286 mus
285 5231 386 5287 ille
425 5229 638 5286 schola
669 5229 1067 5286 Alexandrina
1098 5229 1393 5301 prafectus
1418 5239 1472 5287 et
1525 5230 1789 5288 Demetrii

139 5318 518 5384 synchronus.
551 5316 696 5372 Eum
742 5323 953 5385 tamen,
1010 5317 1056 5371 si
1106 5315 1381 5388 Eulychio
1431 5317 1562 5374 huic
1605 5320 1787 5376 credi-

133 5422 272 5470 inus,
314 5405 685 5462 Justinianus
739 5405 1047 5475 imperator
1094 5407 1647 5478 ConstantinOpolim
1694 5425 1788 5467 ao-

131 5497 374 5565 cersivit,
408 5504 464 5552 et
517 5495 830 5568 Eutychius
887 5496 1210 5565 patriarcha
1257 5497 1790 5569 Constantinopoli-

125 5588 287 5642 tanus
317 5584 871 5645 exeommuntcavit.
912 5585 1138 5641 Addidit
1184 5593 1372 5642 autem
1425 5585 1514 5644 illi
1563 5589 1678 5644 tres
1727 5588 1790 5646 in

119 5673 320 5732 itinere
366 5684 422 5734 et
491 5674 1086 5734 excommunicatione
1139 5677 1400 5746 comites,
1451 5674 1608 5732 Ibam
1665 5677 1788 5749 epi-

437 5797 722 5858 PATBUL.
770 5793 880 5857 Gs.
929 5791 1002 5854 V.

1894 4693 2176 4760 Julianus,
2201 4707 2308 4748 nec
2338 4691 2531 4748 Victor
2563 4692 2782 4760 Roma,
2827 4693 2923 4748 sed
2978 4692 3338 4751 Eleutherus.
3389 4696 3554 4753 Certe

1897 4797 2027 4837 cum
2058 4781 2310 4854 epistolae
2342 4796 2410 4838 ex
2443 4781 2662 4838 oriente
2691 4782 2762 4836 ad
2796 4780 3077 4837 Victorem
3108 4783 3177 4837 de
3206 4784 3552 4841 celebrando

1896 4871 2168 4928 Paschate
2215 4870 2400 4927 missa
2460 4877 2614 4940 sunt,
2669 4869 2966 4927 Narcissus
3028 4871 3552 4942 Hierosolymorum

1897 4960 2196 5030 episcopus
2226 4959 2370 5028 fuit;
2420 4958 2572 5015 inter
2628 4959 2906 5015 Gaianum
2963 4966 3176 5029 autem,
3230 4976 3399 5032 quem
3449 4962 3554 5018 Ga-

1897 5049 2056 5106 hium
2086 5047 2328 5119 appellat
2358 5047 2695 5117 Eutychius,
2727 5054 2780 5103 et
2813 5048 3165 5114 Narcissum,
3209 5065 3414 5106 novem
3449 5069 3553 5122 pa-

1900 5139 2157 5198 triarcha
2204 5136 2613 5206 Hierosolymis
2669 5137 2956 5194 sederunt.
3008 5138 3202 5210 Neque
3250 5155 3379 5198 vero
3437 5141 3555 5198 ulla

1896 5237 2076 5287 exstat
2133 5225 2405 5283 memoria
2457 5225 2681 5296 cripta
2734 5225 2802 5281 ad
2861 5227 3145 5285 Victorem
3185 5246 3218 5284 a
3271 5232 3553 5288 Demetrio

1897 5316 2184 5390 epistoia;
2217 5313 2472 5386 episcopi
2503 5316 2725 5369 tantum
2780 5314 3082 5373 Palestina
3134 5318 3392 5376 indicant
3417 5319 3553 5376 Ale-

1895 5407 2210 5463 xandrinos
2239 5417 2432 5459 secum
2465 5402 2526 5458 in
2555 5402 2647 5458 die
2691 5403 2980 5460 Paschatis
3029 5405 3386 5466 observando
3415 5425 3556 5467 con-

1897 5495 2128 5559 sentire,
2162 5493 2332 5563 idque
2364 5495 2557 5564 patere
2586 5507 2655 5548 ex
2685 5491 2889 5548 litteris
2914 5493 2980 5548 ad
3033 5510 3096 5550 se
3136 5497 3383 5554 invicem
3417 5501 3554 5555 mis-

1897 5585 1997 5652 sis,
2031 5582 2187 5639 nulla
2218 5580 2488 5638 Demetrii
2520 5580 2810 5639 mentione
2859 5581 3026 5638 facta.
3080 5585 3211 5650 Qua
3254 5585 3396 5640 dixit
3444 5587 3551 5657 igi-

1899 5681 1987 5733 tur
2017 5673 2086 5729 de
2143 5669 2428 5728 Demetrio
2485 5670 2823 5742 Eutychius,
2877 5686 2944 5729 ex
2996 5671 3244 5730 archivis
3293 5673 3556 5732 Ecclesia

3279 5792 3318 5850 8
