3974 6296
454 351 570 417 235

1493 347 1557 408 S.
1606 345 2000 408 IGNATIUS.
2046 375 2124 389 —
2165 343 2783 406 PROLEGOMENA.

3752 342 3875 406 236

455 489 854 548 Alexandrinae
889 503 1002 544 non
1034 485 1268 556 habuit;
1307 484 1602 541 videamus
1644 499 1717 540 an
1763 481 2002 539 certiora
2033 483 2102 537 de
2133 481 2183 549 Α
2216 480 2330 552 ipse
2384 479 2484 536 ille
2556 481 2880 552 patriarcha
2933 483 3183 540 Adriano
3241 483 3424 540 dictus
3481 484 3551 541 de
3604 483 3876 557 episcopo

455 581 800 649 Alexandro,
849 582 954 633 sub
1003 593 1113 648 quo
1161 582 1406 632 veterem
1463 573 1939 630 consuetudinem
2006 573 2106 628 de-

458 673 619 729 siisse
646 672 746 735 ait,
780 670 986 728 tradat:
1011 666 1345 731 Alexander,
1368 665 1572 736 inquit,
1600 663 1868 719 Achillam
1898 665 2110 718 socium

457 779 640 826 suum,
673 760 770 830 qui
800 762 926 813 ante
961 759 1142 828 ipsum
1183 754 1513 827 patriarcha
1567 755 1772 824 luerat,
1821 752 1886 808 de
1929 752 2109 823 gradu

455 849 824 923 patriarchali
852 845 1063 916 deiecit,
1095 845 1250 917 quia,
1285 844 1423 900 Aria
1444 851 1671 914 recepto,
1718 845 1909 897 contra
1955 841 2110 897 Petri

455 941 825 998 Alexandrini
887 937 1214 993 mandatum
1261 939 1489 1007 fecerat.
1551 934 1692 990 Cum
1758 933 1879 1004 ipse
1941 940 2108 988 antea

454 1033 762 1097 narrasset,
795 1027 1104 1096 Achillam,
1157 1033 1449 1096 postquam
1495 1040 1590 1079 sex
1635 1039 1818 1080 annos
1865 1025 2103 1092 sederat,

454 1129 743 1174 mortuum
775 1118 968 1173 fuisse.
1003 1115 1294 1182 Quomodo
1326 1115 1495 1184 igitur
1533 1115 1599 1166 ad
1652 1112 1826 1167 ﬁnem
1875 1111 2105 1168 concilii

458 1210 698 1275 Nicreni,
725 1208 1046 1263 Alexander
1073 1221 1199 1260 eum
1224 1205 1292 1259 de
1339 1204 1513 1275 gradu
1558 1201 1925 1274 patriarchali
1967 1201 2107 1271 deji—

455 1315 582 1355 cere
609 1298 837 1368 potuit?
873 1296 1106 1366 Decepit
1134 1309 1286 1360 eum,
1319 1302 1377 1348 ut
1411 1295 1634 1362 Opinor,
1660 1291 1910 1346 nominis
1941 1290 2105 1346 simi-

454 1389 656 1445 litudo.
694 1388 823 1441 Erat
862 1386 1014 1442 enim
1045 1383 1295 1439 Achillas
1325 1383 1556 1452 quidam
1601 1380 1914 1452 presbyter,
1969 1380 2102 1436 Ario

454 1477 839 1545 consentiens,
873 1490 1042 1545 quem
1075 1473 1243 1528 simul
1276 1487 1405 1527 cum
1455 1471 1585 1526 Ario
1637 1471 2098 1526 excommunica-

447 1568 531 1623 vit
561 1565 894 1621 Alexander.
931 1563 1055 1619 Non
1084 1568 1166 1617 est
1195 1560 1370 1631 igitur
1397 1561 1540 1615 adeo
1571 1558 1681 1614 fide
1731 1557 1939 1629 dignus
1991 1558 2098 1613 Eu-

447 1655 696 1724 tychius,
730 1661 786 1708 ut
820 1653 868 1707 ei
929 1659 1024 1706 aut
1073 1650 1202 1720 soli,
1247 1657 1342 1704 aut
1389 1649 1572 1719 primo
1629 1649 1798 1719 hujus
1849 1647 2099 1702 historiae

447 1743 726 1801 conditori
759 1742 1074 1797 credamus.

2215 570 2598 626 Alexandrino
2629 571 2873 642 intelligi
2928 572 3136 629 debere
3191 573 3352 629 nullo
3403 575 3571 630 modo
3629 575 3871 632 videtur

2213 659 2339 715 Non
2365 667 2581 715 tantum
2604 660 2736 730 quia
2768 661 2965 717 titulus
2993 662 3090 718 ille
3121 663 3266 718 nulli
3305 663 3572 734 episcopo
3621 680 3686 720 ea
3735 674 3872 720 aeta-

2216 752 2290 816 te,
2323 752 2420 804 aut
2451 750 2708 820 sequenti
2739 751 2945 806 saeculo
2977 751 3224 808 tributus
3255 769 3379 809 esse
3425 762 3694 824 appareat
3724 772 3737 823 ;
3772 756 3873 810 sed

2215 844 2272 896 et
2293 841 2440 910 quod
2473 857 2538 896 ea
2578 857 2704 913 quae
2736 843 2804 898 de
2833 844 3151 913 patriarcha
3174 853 3366 901 narrat
3412 845 3718 915 Adrianus,
3753 847 3876 918 epi-

2215 946 2390 1001 scopo
2422 931 2815 988 Alexandrino
2872 933 3118 989 minime
3175 934 3542 990 conxeniant.
3595 935 3751 1002 Cum,
3783 937 3872 992 in-

2213 1020 2338 1090 quit
2389 1021 2686 1091 digi/ptum
2739 1025 2988 1084 venerit;
3032 1023 3275 1094 lequitur
3332 1024 3500 1094 igitur
3545 1025 3614 1080 de
3656 1041 3722 1081 eo
3778 1026 3876 1095 qui

2212 1108 2566 1164 Alexandria
2631 1110 2890 1169 habitare
2944 1128 3060 1167 non
3120 1111 3354 1182 solebat,
3413 1113 3506 1168 sed
3565 1113 3874 1183 aliquando

2210 1201 2433 1253 tantum
2470 1200 2770 1270 Egyptum
2801 1202 2980 1268 adire,
3041 1209 3232 1272 utpote
3286 1201 3382 1272 qui
3422 1201 3480 1257 in
3525 1201 3634 1258 alia
3679 1203 3873 1274 aliqua

2209 1287 2438 1357 regione
2470 1289 2702 1345 viveret.
2735 1289 2874 1345 Cum
2931 1291 3070 1346 forte
3111 1292 3409 1362 Egyptum
3458 1299 3688 1363 peteret,
3727 1309 3862 1350 coa-

2215 1383 2342 1430 ctus
2373 1383 2452 1431 est
2483 1393 2601 1432 non
2633 1383 2854 1434 tantum
2902 1381 3254 1451 Serapidem,
3304 1382 3403 1437 sed
3461 1385 3519 1437 et
3575 1381 3869 1438 Christum

2212 1464 2521 1533 colere;ab
2546 1469 2841 1539 utriusque
2890 1470 3060 1540 igitur
3105 1471 3263 1526 cultu
3315 1477 3432 1526 erat
3491 1471 3734 1526 alienus.
3771 1472 3873 1527 Mi-

2211 1571 2306 1611 ror
2353 1557 2540 1627 itaque
2597 1558 2861 1628 cuiquam
2916 1559 2976 1614 in
3035 1567 3283 1616 mentem
3341 1561 3537 1616 venire
3593 1563 3868 1631 potuisse»

2209 1645 2330 1702 haec
2361 1647 2429 1701 de
2472 1647 2738 1718 episcopo
2795 1649 3186 1704 Alexandrino
3228 1649 3378 1705 dicta
3437 1649 3656 1718 fuisse;
3699 1655 3868 1722 quasi

2207 1734 2303 1790 ille
2337 1739 2640 1807 Egyptum
2673 1737 2978 1808 aliquando
3011 1746 3226 1794 tantum
3264 1743 3498 1808 peteret,
3532 1747 3584 1795 et
3615 1755 3745 1795 cum
3778 1741 3864 1796 ibi

517 1833 848 1901 Respondeo
882 1831 1065 1895 tertio,
1100 1828 1267 1899 plane
1298 1825 1636 1882 incredibile
1663 1841 1806 1892 esse,
1861 1831 1922 1880 ut
1965 1825 2096 1880 nul-
2124 1850 2172 1916 B
2205 1831 2374 1893 esset,
2407 1824 2695 1881 Christum
2742 1827 2928 1882 colere
2974 1835 3267 1896 cogeretur
3301 1852 3315 1894 ;
3365 1829 3673 1898 praesertim
3725 1845 3860 1885 cum

453 1923 541 1977 Ius
572 1922 736 1977 fuerit
773 1922 833 1976 in
867 1928 978 1974 tota
1022 1919 1258 1989 Egypto
1316 1917 1615 1988 episcOpus
1665 1922 1868 1986 praeter
1909 1915 2090 1969 solum

445 2012 914 2077 Alexandrinum,
981 2017 1113 2063 ante
1169 2007 1441 2062 Demetrii
1501 2006 1983 2076 patriarchatum;
2041 2010 2095 2059 et

443 2101 812 2156 assertionem
856 2099 1195 2154 contrariam
1230 2114 1298 2151 ex
1329 2095 1559 2165 cptimis
1591 2095 1838 2149 historias
1886 2110 2094 2149 monu-

443 2191 654 2245 mentis
683 2187 1059 2244 demonstrari
1089 2204 1278 2258 posse.
1339 2186 1559 2254 Scripta
1610 2193 1692 2239 est
1739 2184 1975 2253 epistola
2022 2183 2092 2238 ab

443 2283 700 2337 Adriano
732 2279 1072 2347 imperatore
1111 2277 1178 2330 ad
1222 2276 1556 2330 Servianum
1602 2273 1892 2330 consulem
1941 2273 2092 2328 circa

443 2373 568 2424 aD.
604 2367 708 2422 432
747 2368 1036 2437 sexaginta
1095 2366 1271 2419 ferme
1331 2367 1498 2419 annis
1555 2371 1856 2431 antequam
1914 2362 2091 2416 tactus

443 2463 530 2515 est
560 2457 881 2529 patriarcha
910 2455 1268 2510 Demetrius:
1302 2469 1414 2508 non
1450 2455 1601 2508 enim
1645 2451 1742 2506 ille
1792 2452 2090 2518 episcopus

443 2547 624 2602 factus
653 2553 728 2600 est
763 2563 794 2598 a
825 2550 892 2598 D.
929 2545 1050 2610 175,
1109 2550 1161 2596 ut
1213 2541 1449 2595 immani
1507 2540 1936 2611 prochronismo
1985 2543 2086 2594 do-

438 2644 523 2692 cet
557 2635 870 2690 Salmasius
899 2633 956 2687 in
989 2634 1309 2701 Apparatu;
1346 2633 1440 2684 sed
1474 2646 1625 2684 anno
1655 2630 1953 2685 Commodi
1987 2630 2085 2684 de-

436 2725 607 2786 cimo,
643 2730 698 2776 ut
743 2722 907 2776 refert
966 2719 1238 2775 Eusebius
1296 2719 1356 2773 in
1404 2718 1694 2783 Chronico,
1737 2719 1889 2773 circa
1933 2734 1983 2772 a.
2023 2718 2082 2772 ι).

436 2814 558 2867 19η.
593 2811 752 2866 Hane
796 2811 992 2865 Latine
1041 2807 1307 2878 scriptam
1367 2808 1619 2877 Phlegon
1683 2806 1916 2862 libertus
1963 2806 2087 2876 ejus

433 2899 804 2969 conservavit,
854 2903 911 2954 et
984 2898 1209 2952 Flavius
1265 2896 1540 2966 Vopiscus
1591 2911 1656 2950 ex
1704 2911 1770 2950 eo
1813 2895 2084 2950 transcri-

430 2991 567 3062 psit,
602 2999 660 3044 ut
690 2989 808 3059 ipse
840 2988 1010 3043 refert
1039 2987 1099 3040 in
1139 2987 1270 3040 Vita
1301 2985 1614 3039 Saturnini.
1651 2985 1830 3053 Hujus
1881 2983 2086 3053 episto-

428 3079 498 3135 lae
541 3079 706 3134 verba
763 3081 936 3131 sunt:
997 3075 1311 3146 Egyptum,
1372 3090 1536 3144 quam
1593 3073 1736 3128 mihi
1793 3073 2080 3142 laudabas,

425 3167 700 3226 Serviane
729 3167 1072 3230 charissime,
1105 3172 1277 3218 totam
1305 3163 1479 3217 didici
1521 3163 1709 3229 levem,
1757 3163 2073 3232 pendulam,

2203 1921 2506 1984 utrumque
2538 1915 2859 1971 Judseorum
2920 1917 3252 1986 patriarchae
3310 1933 3374 1972 ea
3421 1926 3581 1974 astate
3623 1919 3862 1974 notissi-

2201 2018 2293 2058 mo
2326 2009 2436 2058 tam
2471 2003 2646 2073 probe
2704 2005 3027 2060 conveniat.
3092 2006 3418 2061 Judaeorum
3473 2007 3860 2076 patriarcham

2199 2089 2484 2160 intelligo,
2511 2094 2605 2162 qui
2631 2091 2690 2147 in
2715 2092 3014 2148 Palaestina
3054 2093 3296 2160 vivebat,
3328 2109 3441 2149 non
3477 2096 3575 2165 qui
3605 2097 3862 2152 Alexan-

2200 2179 2338 2234 driae
2368 2181 2709 2236 constitutus
2742 2181 2866 2247 fuit,
2901 2189 2960 2236 ut
3004 2183 3273 2251 putabant
3329 2184 3544 2238 Petitus
3572 2193 3623 2239 et
3660 2185 3863 2240 Petrus

2199 2284 2230 2322 a
2262 2268 2471 2324 Marca.
2506 2269 2584 2324 De
2615 2285 2726 2339 quo
2753 2270 3008 2340 loquitur
3037 2271 3310 2339 Origenes
3367 2271 3499 2344 Περὶ
3551 2271 3770 2346 ἀρχῶν,
3807 2275 3853 2332 l.

2200 2373 2276 2423 ιν,
2310 2372 2362 2413 c.
2396 2358 2418 2412 i
2452 2375 2465 2411 :
2500 2357 2701 2412 Dicunt
2730 2375 3051 2429 permanere
3098 2359 3277 2415 adhuc
3315 2360 3626 2432 principtm
3665 2379 3738 2417 ea:
3766 2379 3861 2434 ge-

2195 2460 2327 2500 nere
2355 2445 2535 2510 Iudae,
2591 2448 2780 2514 istum,
2831 2448 3108 2513 videlicet,
3156 2451 3256 2519 qui
3302 2457 3382 2505 est
3429 2450 3608 2520 gentis
3658 2467 3856 2507 eorum

2194 2537 2469 2606 princeps,
2502 2551 2663 2606 quem
2695 2539 2983 2592 nominant
3031 2539 3429 2607 patriar-chum.
3478 2539 3752 2609 Loquitur
3782 2545 3857 2599 de

2194 2640 2254 2680 re
2281 2625 2410 2695 ipsi,
2443 2641 2570 2680 cum
2612 2626 3028 2682 Alexandrinus
3057 2637 3222 2698 esset,
3273 2645 3386 2684 non
3445 2631 3800 2698 incomperta
3837 2650 3851 2700 ;

2193 2720 2247 2769 et
2279 2715 2661 2784 patriarcham
2694 2731 2806 2771 non
2846 2716 2976 2771 huic
3024 2724 3123 2771 aut
3175 2717 3259 2772 illi
3312 2719 3524 2788 regioni
3569 2722 3852 2790 praeposi-

2192 2811 2336 2870 tum,
2366 2805 2460 2860 sed
2495 2806 2665 2860 totius
2689 2807 2876 2876 gentis
2915 2808 3228 2877 principem
3277 2809 3564 2865 describit.
3601 2812 3702 2866 Hic
3735 2811 3853 2880 igi-

2193 2901 2284 2948 tur
2324 2896 2373 2949 si
2434 2895 2575 2951 forte
2631 2898 2930 2966 Egyptum
2993 2899 3230 2964 veniret,
3290 2907 3344 2954 et
3401 2899 3729 2968 Serapidem
3792 2910 3848 2958 et

2190 2983 2474 3039 Christum
2499 2983 2684 3040 colere
2703 2985 3031 3056 cogebatur,
3065 2989 3386 3042 Patriarcba
3408 2990 3579 3058 igitur
3607 2991 3847 3047 Adriani

2190 3089 2317 3128 cum
2357 3073 2827 3147 arcbisynagogis
2888 3075 3217 3132 Judaeorum
3270 3079 3464 3146 procul
3521 3078 3695 3134 dubio
3728 3095 3845 3135 nu-

2187 3163 2496 3218 merandus
2526 3169 2628 3220 est.
2690 3163 2896 3218 Christi
2937 3173 3125 3220 autem
3173 3167 3444 3237 episcopi,
3477 3174 3531 3222 et
3571 3165 3845 3223 Christia-

427 3223 562 3312 etad
586 3223 772 3310 omnia
792 3256 962 3325 fama:
982 3223 1255 3306 momenta
1297 3250 1638 3306 volitantem.
1673 3223 1767 3305 Illi
1791 3250 1889 3322 qui
1917 3223 2074 3305 Sera;
2105 3223 2148 3290 θ
2189 3267 2391 3307 norum
2434 3252 2744 3324 presbyteri
2776 3253 2846 3308 ad
2888 3223 3224 3310 Ecclesium.
3246 3223 3626 3326 Egipiiacam
3663 3258 3844 3325 perti-

425 3350 520 3420 pin
554 3347 757 3415 colunt,
792 3343 1102 3401 Christiani
1129 3349 1298 3396 sunt:
1327 3346 1375 3397 et
1405 3341 1584 3397 devoti
1610 3348 1739 3396 sunt
1767 3341 1960 3412 Serapi
1979 3345 2073 3412 qui

423 3450 482 3490 se
504 3433 712 3488 Christi
725 3434 1001 3504 episcopos
1041 3431 1256 3485 dic-unt.
1308 3431 1472 3485 Nemo
1515 3429 1635 3484 illic
1681 3431 2069 3501 archisynago-

425 3541 524 3594 gus
543 3522 882 3587 Judoeorum,
904 3536 1059 3576 nemo
1081 3518 1390 3574 Samarztis.
1441 3535 1599 3575 nemo
1632 3519 2070 3575 Christianorum

418 3614 836 3684 presbyter,non
858 3608 1298 3674 mathematicus,
1322 3624 1431 3665 non
1446 3623 1705 3679 aruspex,
1720 3625 1827 3663 non.
1851 3609 2066 3680 aliptes.

422 3705 541 3770 Ipse
569 3702 662 3756 ille
683 3699 1019 3772 patriarcha
1039 3715 1164 3753 cum
1187 3703 1476 3770 [Egi/ptum
1501 3698 1812 3767 venerit,ab
1833 3699 1966 3754 aliis
1981 3697 2070 3753 Se-

419 3793 669 3864 rapidem
689 3791 1019 3857 adorare,ab
1044 3790 1174 3844 aliis
1204 3791 1418 3860 cogitur
1447 3787 1744 3845 Christum.
1778 3789 2066 3844 Habemus

420 3883 512 3938 hic
545 3880 944 3953 patriarcham.
996 3879 1197 3934 Christi
1246 3878 1560 3948 episcopos,
1611 3886 1664 3934 et
1712 3877 2065 3934 Christiano-

415 3988 540 4028 rum
573 3970 945 4042 presbyteros.
977 3969 1047 4023 Et
1076 3967 1455 4038 patriarcham
1488 3968 1714 4037 quidem
1767 3982 1884 4023 non
1935 3975 2062 4024 tan-

417 4066 538 4116 tum
580 4059 964 4123 Casaubonus,
1020 4058 1114 4112 sed
1171 4063 1224 4111 et
1279 4055 1590 4111 Salmasius
1642 4072 1741 4126 pro
1799 4055 2063 4127 episcOpo

414 4149 801 4207 Alexandrino
836 4148 1021 4202 habet.
1054 4148 1134 4201 En
1164 4148 1500 4218 episcopum,
1535 4147 1720 4216 inquit
1772 4145 1888 4213 ille,
1938 4147 2058 4202 Ale-

414 4238 760 4296 xandrinum
793 4234 1029 4290 Adriani
1057 4236 1390 4307 temporibus
1412 4235 1783 4303 ratriarcbam
1815 4235 2018 4290 dictum
2039 4239 2064 4288 .9

414 4330 531 4384 Non
564 4325 736 4397 igitur
765 4333 874 4380 tam
905 4340 1089 4380 recens
1127 4331 1201 4380 est
1235 4323 1572 4396 patriarchae
1615 4338 1813 4377 nomen
1857 4325 1918 4378 in
1963 4326 2060 4378 Ec-

415 4417 579 4472 clesia
611 4416 945 4482 Christiana,
979 4431 1140 4485 quam
1192 4413 1418 4486 quidam
1459 4412 1636 4468 videri
1681 4413 1894 4478 volunt,
1945 4414 2062 4483 qui-

416 4507 512 4560 bus
539 4507 712 4577 placet
741 4519 838 4559 nec
865 4503 1077 4560 Nicwni
1102 4501 1276 4574 primi
1303 4501 1530 4555 concilii
1559 4508 1715 4567 aetas,
1750 4505 1900 4556 tanta
1937 4505 2057 4571 post

2180 3340 2412 3396 nebant.
2447 3343 2512 3395 Et
2545 3349 2695 3397 recte
2725 3342 2872 3398 inter
2921 3359 3145 3411 sparsos
3176 3345 3244 3399 ad
3275 3346 3368 3414 jus
3417 3345 3844 3402 lustinianeum

2179 3429 2347 3485 ﬂores
2374 3429 2632 3485 observat
2675 3433 2836 3501 Hugo
2890 3431 3160 3488 Grotius:
3207 3432 3508 3504 Episcopus
3558 3434 3842 3490 Christia-

2177 3535 2276 3575 nos
2303 3536 2338 3574 a
2368 3519 2704 3590 presbyteris
2733 3519 3034 3590 distinguit
3082 3521 3362 3576 Adrianus
3408 3524 3721 3593 imperator,
3779 3525 3845 3582 in

2177 3607 2416 3678 epistola
2474 3622 2600 3679 qua:
2661 3618 2744 3664 est
2813 3609 2963 3681 apud
3021 3609 3310 3681 Vopiscum
3366 3610 3684 3667 Satnrnino.
3749 3613 3839 3670 An

2175 3699 2328 3755 enim
2362 3699 2432 3754 de
2461 3699 2578 3754 illis
2610 3701 2684 3754 ita
2714 3699 3042 3770 loqueretur
3068 3700 3371 3768 Adrianus,
3418 3701 3466 3757 si
3515 3701 3837 3771 presbyteri

2175 3788 2280 3844 soli
2334 3788 2394 3844 in
2451 3788 2688 3858 Egypto
2740 3796 2875 3845 tunc
2921 3788 3197 3859 temporis
3252 3789 3514 3858 fuissent,
3573 3791 3832 3861 episcopi

2173 3878 2360 3934 nulli?
2385 3879 2588 3935 Mirum
2617 3879 3031 3950 subterfugium
3065 3888 3146 3936 est
3171 3897 3279 3952 quo
3300 3884 3474 3938 utitur
3504 3883 3826 3939 Seldenus:

2170 3969 2288 4024 Non
2322 3974 2436 4024 tam
2465 3969 2534 4024 de
2563 3969 2846 4041 episcopis,
2889 3986 3056 4042 quam
3092 3972 3157 4026 de
3195 3970 3275 4027 eis
3319 3974 3414 4042 qui
3446 3987 3504 4027 se
3548 3971 3831 4043 episcopos

2171 4059 2250 4114 ibi
2279 4059 2492 4128 dixere,
2529 4059 2779 4130 loquitur
2807 4059 3130 4122 Adrianus;
3173 4062 3329 4132 quasi
3362 4061 3459 4132 qui
3502 4077 3562 4118 se
3603 4061 3832 4132 episco-

2169 4163 2272 4220 pos
2313 4148 2522 4217 dixere,
2555 4147 2809 4218 episcopi
2849 4163 2964 4203 non
2995 4156 3206 4204 essent.
3254 4149 3383 4208 Non
3429 4165 3522 4206 eos
3573 4163 3835 4223 accusat,

2167 4237 2314 4307 quod
2352 4252 2562 4292 nomen
2600 4235 2959 4304 simularent,
2991 4241 3088 4291 aut
3117 4237 3314 4293 ﬁctum
3350 4238 3455 4294 sibi
3497 4248 3833 4304 sumerent;

2165 4327 2260 4381 sed
2298 4326 2448 4395 quod
2480 4325 2811 4396 religionem
2845 4327 3169 4396 proderent,
3203 4329 3350 4398 quod
3403 4327 3636 4396 Sarapin
3668 4329 3836 4384 cole-

2166 4419 2314 4479 rent,
2346 4415 2443 4484 qui
2480 4430 2538 4469 se
2569 4431 2683 4469 non
2716 4415 3056 4485 simpliciter
3099 4417 3414 4486 episcopos,
3463 4418 3559 4473 sed
3609 4417 3832 4475 Christi

2163 4503 2461 4574 episcopos
2505 4505 2780 4570 dicerent,
2841 4505 3092 4574 adeoque
3147 4505 3487 4561 Christianas
3526 4505 3829 4576 religionis

412 4595 720 4650 Adrianum
750 4592 1070 4662 intervallo,
1102 4593 1374 4646 usitatum
1404 4589 1548 4644 illud
1595 4589 1740 4644 inter
1787 4588 2057 4645 Christia-
2090 4586 2136 4652 D
2169 4607 2364 4648 curam
2396 4591 2503 4647 sibi
2537 4592 2719 4661 primo
2751 4592 2874 4648 loco
2906 4593 3298 4662 vindicarent;
3331 4595 3479 4664 quod
3523 4610 3652 4650 cum
3681 4596 3832 4652 alia-

408 4700 506 4739 nos
536 4686 705 4755 fuisse
731 4699 828 4754 pro
849 4698 908 4737 eo
938 4683 1036 4755 qui
1065 4682 1168 4735 toti
1195 4679 1416 4734 dicecesi
1445 4687 1706 4749 praeerat,
1751 4685 1806 4732 et
1852 4679 2052 4736 dicace-

405 4789 524 4828 seos
554 4773 823 4827 exarchus
846 4772 1146 4826 dicebatur.
1183 4769 1324 4836 Quas
1354 4766 1492 4822 alibi
1520 4767 1772 4838 refellam
1789 4783 1811 4829 ,ο
1859 4776 1908 4824 et
1959 4785 2050 4824 sa-

403 4866 474 4920 tis
505 4863 596 4919 hic
631 4864 777 4919 locus
835 4864 1106 4931 con/utat.
1158 4858 1451 4924 Quomodo
1502 4858 1816 4929 praestiterit
1864 4866 2054 4929 postea

405 4955 460 5008 id
493 4953 639 5024 quod
672 4953 781 5008 hoc
813 4949 938 5006 loco
972 4947 1295 5018 promittit,
1343 4945 1468 5001 aliis
1507 4947 1933 5016 disquirendum
1965 4964 2052 5003 re-

403 5047 618 5114 linquo.
653 5044 812 5099 Certe
866 5040 1007 5095 libro
1058 5038 1127 5091 De
1177 5036 1433 5108 primatu
1479 5054 1653 5109 papae,
1705 5055 1830 5108 cap,
1863 5039 1915 5106 4,
1950 5055 2050 5095 no.

401 5149 536 5188 men
568 5130 902 5203 patriarchae
934 5127 1121 5182 adhuc
1169 5126 1391 5194 retinet,
1445 5127 1514 5182 de
1562 5127 1806 5182 exarcho
1844 5127 2053 5184 dioece-

400 5238 523 5277 seos
552 5222 738 5289 aliter,
774 5219 998 5286 opinor,
1052 5213 1244 5269 sentit.
1292 5214 1350 5269 Si
1400 5217 1525 5287 quis
1575 5217 1896 5287 patriarcha
1934 5221 2052 5272 tum

397 5320 616 5366 vocatus
669 5311 766 5372 est,
827 5313 889 5360 ut
943 5304 1008 5358 de
1059 5304 1306 5375 episcopo
1363 5306 1756 5361 Alexandrino
1821 5311 2048 5375 constat,

396 5414 550 5469 quem
582 5393 817 5452 Adriani
862 5394 1210 5463 imperatoris
1253 5409 1372 5450 aevo
1423 5393 1502 5448 sic
1548 5395 1879 5464 appellatum
1934 5399 2050 5465 epi-

393 5487 532 5542 stola
563 5487 680 5551 eius
711 5482 945 5540 ostendit
967 5483 1025 5537 in
1049 5482 1350 5538 Saturnini
1394 5484 1527 5538 Vita
1546 5500 1580 5537 a
1600 5483 1794 5539 Flavio
1819 5485 2049 5554 Vopisco

392 5575 592 5645 posita,
627 5589 736 5629 non
757 5589 877 5629 eam
904 5587 1002 5644 per
1033 5571 1174 5626 illud
1203 5576 1412 5643 tempus
1459 5571 1718 5628 habuisse
1763 5574 2048 5643 signiﬁca-

394 5663 599 5719 tionem
628 5667 838 5719 certum
870 5670 967 5732 est,
1001 5677 1166 5734 quam
1209 5660 1412 5718 habuit
1462 5670 1668 5732 postea.
1720 5659 1860 5716 Mihi
1893 5678 2046 5733 vero,

2163 4697 2287 4737 rum
2333 4680 2715 4738 Ecclesiarum
2774 4681 3034 4751 episcOpi
3091 4683 3159 4738 ad
3219 4682 3659 4740 sacriﬁcandum
3709 4685 3830 4741 diis

2161 4769 2458 4842 gentilium
2489 4770 2614 4840 cogi
2646 4771 2804 4826 nullo
2837 4771 3005 4826 modo
3038 4780 3295 4843 possent,
3327 4771 3412 4828 illi
3456 4773 3528 4828 ob
3583 4773 3822 4832 insitam

2161 4861 2316 4932 genti
2371 4860 2658 4916 levitatem
2714 4859 2971 4930 Serapim
3023 4863 3348 4918 adorarent.
3407 4861 3487 4918 De
3537 4862 3834 4935 episcOpis

2161 4949 2333 5018 igitur
2365 4949 2612 5018 loquitur
2639 4948 2965 5004 Adrianus:
2992 4950 3173 5022 Neque
3207 4955 3392 5006 autem
3437 4950 3570 5007 hinc
3620 4956 3828 5022 sequi-

2160 5046 2274 5103 tur,
2306 5038 2617 5108 episcopum
2651 5036 2731 5091 ibi
2775 5038 2949 5106 [uisse
2997 5046 3128 5095 tunc
3176 5040 3417 5110 aliquem
3467 5049 3676 5111 praeter
3722 5059 3835 5112 pa-

2158 5125 2458 5182 triarcham
2489 5127 2688 5190 alium,
2739 5141 2848 5196 qua
2895 5128 3138 5198 episcOpi
3181 5144 3382 5184 nomen
3424 5134 3523 5185 aut
3567 5130 3829 5201 dignitas

2159 5213 2471 5288 presbyteri
2498 5212 2721 5269 nomine
2747 5215 3002 5286 superius
3031 5216 3304 5284 habitum,
3329 5221 3424 5273 aut
3446 5217 3512 5273 ab
3533 5233 3592 5274 eo
3621 5218 3828 5276 diver-

2157 5320 2299 5374 sum,
2328 5304 2510 5374 inquit
2541 5302 2657 5358 ille.
2690 5301 2860 5367 Quasi
2887 5319 3016 5359 vero
3045 5306 3329 5362 Adrianus
3386 5308 3708 5376 cognoverit
3746 5311 3829 5366 il-

2158 5394 2258 5449 lud
2297 5408 2592 5460 arcanum,
2647 5393 2796 5462 quod
2850 5393 2946 5450 isti
3003 5402 3294 5466 tantopere
3339 5397 3651 5464 venditant,
3702 5400 3824 5456 ali-

2159 5483 2386 5555 quando
2446 5481 2664 5537 eisdem
2704 5483 2891 5538 vocari
2950 5484 3246 5555 episc0pos
3299 5493 3354 5542 et
3410 5486 3774 5556 presbyteros
3806 5509 3825 5548 :

2160 5572 2322 5644 quasi
2351 5571 2450 5627 ille
2487 5571 2874 5642 apostolorum
2936 5575 3411 5632 consuetudinem
3457 5586 3822 5655 sequeretur,

2147 5671 2213 5720 et
2242 5661 2404 5718 aliter
2433 5675 2526 5717 eas
2557 5675 2720 5718 voces
2748 5664 3027 5733 acceperit
3059 5679 3127 5722 ac
3156 5664 3325 5735 vulgo
3371 5664 3638 5723 homines
3689 5676 3824 5732 tum
