3974 6296
428 423 546 487 23o

1469 412 1533 470 S.
1583 405 1980 469 IGNATIUS.
2028 432 2106 447 —
2148 400 2764 462 PROLEGOMENA.

3731 406 3863 464 240

433 562 594 631 genis
627 566 885 622 mortem,
919 553 1009 609 cui
1042 560 1091 606 ct
1123 554 1363 605 maxime
1397 549 1548 615 lavit,
1586 546 1726 601 nihil
1779 545 1846 598 de
1878 542 2082 597 Deme-
2116 540 2167 605 Α
2204 541 2422 607 tempro
2473 555 2530 593 se
2567 537 2880 608 episwpum
2939 539 3290 594 Alexandriae
3345 539 3638 595 Anianum
3684 557 3696 596 :
3733 540 3877 595 aliis

437 627 527 705 irit
555 660 640 703 aut
675 647 925 702 Heraclea
951 640 1262 698 auxiliariis
1284 642 1418 692 dixit
1451 655 1464 704 ;
1512 644 1581 691 de
1603 636 1775 689 ναι-ἰῆς
1814 632 2099 702 episcOpie
2171 643 2383 698 quoque
2413 627 2673 683 Ecclesiis
2704 629 2864 699 longe
2901 629 3125 700 taleque
3145 629 3447 699 episcopos,
3478 631 3866 700 presbyteros,

438 741 704 809 loquitur,
742 752 855 791 non
906 742 1169 801 tanquam
1225 730 1404 792 novis,
1454 727 1548 781 sed
1605 739 1655 780 ut
1698 726 1793 778 alii
1853 727 1920 777 de
1970 720 2090 776 suis

435 831 618 885 solent
645 829 698 882 in
737 825 978 895 prepriis
1017 820 1374 876 dimccsibus.
1409 817 1648 882 Scripsit
1697 814 1767 868 ad
1800 815 2086 867 Cononem

437 918 964 985 I-lerumpolttanum
1025 913 1384 980 epiectipum,
1415 909 1481 961 ad
1541 908 1827 960 liter-ciuem
1863 904 2088 971 episco-

443 1025 575 1078 pum
612 1003 1096 1074 [Egyptiacunmd
1135 1007 1472 1054 Ammonem
1513 995 1810 1050 Berenices
1868 993 2085 1054 episco-

437 1115 594 1169 pum,
628 1096 697 1149 ad
727 1093 1025 1148 Basilidem
1075 1088 1564 1153 Pentapolitanum
1623 1099 2013 1169 eptsccpum,“
2037 1087 2089 1134 et

437 1166 599 1241 alios.
633 1185 745 1240 Sub
779 1182 934 1236 illius
959 1179 1290 1249 pontiﬁcatu
1333 1172 1383 1228 ἐν
1441 1170 1768 1228 Πενταπόλει
1825 1175 1925 1236 τῆς
1979 1166 2091 1222 ἄνω

445 1270 654 1342 Λιϐύης
715 1269 1012 1336 τηνικαῦτά
1068 1287 1204 1327 τινες
1259 1268 1366 1319 τῶν
1423 1262 1731 1316 ἐπισκόπων
1793 1259 2088 1334 ἐφρόνησαν

445 1366 512 1418 τὰ
546 1359 882 1428 Σαϐελλίου,
941 1361 1171 1425 quidam
1234 1361 1628 1427 episcoiiorum
1681 1354 1739 1407 iu
1797 1349 2091 1419 Pentapoli

443 1454 678 1509 Sabellii
704 1452 1040 1508 sententiam
1089 1448 1596 1516 amplectebantur,
1628 1444 1856 1510 quidam
1906 1450 2091 1493 autem

454 1543 757 1599 orthodoxi
793 1557 922 1596 eum
981 1555 1167 1595 coram
1231 1538 1494 1606 Dionysio
1554 1534 1809 1587 Romano
1865 1545 2098 1584 accusa-

455 1633 582 1688 bant
614 1649 626 1688 :
661 1641 816 1686 erant
854 1633 1020 1691 igitur
1054 1640 1186 1682 tunc
1244 1635 1514 1691 temporis
1547 1625 1603 1676 in
1648 1621 1936 1689 Pentapoli
1972 1615 2094 1686 cpi-

451 1723 578 1791 copi
621 1721 960 1789 complures,
1023 1731 1201 1786 neque
1262 1714 1572 1784 pauciores,
1629 1711 1854 1778 opinor,
1928 1722 2097 1777 quam

446 1811 658 1866 ibidem
720 1809 868 1864 eirea
919 1804 1226 1861 Alexandri
1277 1802 1514 1870 tempori
1549 1802 1907 1854 exstiterunt.
1959 1795 2100 1850 Nam

452 1915 580 1956 cum
613 1908 801 1967 postea
831 1895 1146 1951 Palzrbisca
1188 1896 1245 1949 et
1299 1891 1543 1960 Hydrax,
1587 1891 1693 1944 vici
1757 1885 2098 1956 Pentapolis,

2198 716 2455 772 diaconos
2484 716 2726 772 dederat.
2751 721 2813 772 In
2839 718 3150 786 Syriaxario
3180 717 3379 774 Graeco
3409 719 3462 772 S.
3498 722 3718 776 Marcus
3768 722 3871 775 de-

2201 806 2471 862 scribitur
2501 809 2782 880 πανταχοῢ
2813 806 3262 880 θαυματουργῶν,
3313 805 3403 860 καὶ
3464 808 3558 868 τὰς
3614 808 3858 881 Χριστοῦ

2201 893 2495 964 ἐκκλησίας
2527 901 2884 967 κατακοσμῶν
2908 894 3274 970 χειροτονίαις
3305 894 3615 950 ἐπισκόπων
3643 897 3862 952 καὶτῶν

2201 984 2411 1041 λοιπῶν
2434 982 2737 1058 κληρικῶν.
2777 986 3131 1055 Nicephorus
3161 988 3426 1041 Callistus
3462 988 3628 1052 lib.ll,
3653 1003 3704 1044 c.
3740 991 3809 1044 43
3851 1005 3866 1044 :

2203 1078 2288 1134 Ἑν
2321 1080 2538 1152 Κυρήνῃ
2573 1100 2629 1133 τε
2655 1079 2744 1133 καὶ
2779 1077 3112 1133 Πενταπόλει
3142 1077 3329 1133 πολλὰ
3358 1079 3448 1133 καὶ
3472 1077 3666 1154 ἄπειρα
3695 1079 3868 1154 ἐργα-

2203 1169 2458 1238 σάμενος,
2495 1169 2584 1222 καὶ
2634 1168 2929 1238 ἐκκλησίας
2977 1165 3442 1241 ἀνοικοδομήσας,
3498 1169 3742 1243 κλήρους
3805 1191 3878 1224 τε

2202 1259 2290 1313 καὶ
2325 1258 2652 1320 ἐπισκόπους
2677 1260 2764 1314 καὶ
2813 1256 2995 1314 τᾶλλα
3051 1261 3441 1333 προσηκόντως
3501 1257 3876 1336 διενεργήσας

2204 1350 2280 1411 εἷς
2310 1351 2410 1418 τήν
2447 1348 2849 1425 Ἀλεξένὸρειαν
2881 1350 3044 1405 πάλιν
3101 1349 3390 1405 ἐπάνεισιν.
3452 1358 3586 1407 Haec
3660 1354 3871 1408 GrtPci.

2207 1443 2324 1496 Vita
2375 1443 2432 1497 S.
2499 1443 2673 1498 Marci
2721 1460 2786 1497 ex
2846 1443 3242 1512 antiquissimo
3319 1445 3516 1498 codice
3576 1452 3708 1497 ante
3763 1443 3872 1496 100

2205 1550 2389 1586 annos
2411 1532 2728 1601 descripta:
2765 1536 2964 1587 Beatus
3013 1538 3199 1587 autem
3259 1539 3481 1587 Marcus
3537 1533 3875 1587 Anizsunum

2208 1624 2566 1678 AlexandriaD
2595 1623 2872 1678 ordinavit
2901 1625 3232 1693 episcOpum,
3270 1637 3320 1678 et
3341 1632 3447 1679 tres
3494 1623 3864 1694 presbyteros,

2209 1710 2265 1765 id
2296 1716 2371 1765 est
2393 1712 2639 1775 Mettum,
2671 1711 2938 1766 Sabinum
2960 1716 3009 1765 et
3043 1711 3360 1778 Cerdonem,
3395 1717 3443 1767 et
3472 1724 3606 1780 septe
3626 1729 3679 1765 γη
3735 1715 3862 1766 dia-

2210 1808 2447 1870 conos,et
2469 1802 2610 1856 alios
2639 1801 2892 1856 undecim
2921 1804 2992 1855 ad
3019 1801 3458 1856 Ecclesiasticum
3485 1800 3870 1854 ministerium

2209 1892 2560 1960 pertinentes.
2590 1891 2653 1944 Et
2685 1889 3032 1958 Pentapolim
3061 1891 3275 1960 pergit.
3313 1929 3326 1943 .
3356 1929 3368 1944 .
3405 1929 3420 1943 .
3459 1930 3470 1943 .
3505 1899 3554 1944 et
3600 1890 3866 1944 ordinans

455 1991 568 2045 Bibi
601 1989 858 2060 Ρτορτίοε
887 1986 1189 2058 εΡίεοοΡοε
1216 1982 1338 2038 ﬁeri
1383 1985 1699 2044 curassem.
1732 1977 1804 2032 ab
1836 1975 2107 2031 omnibus
2141 1983 2189 2049 B
2218 1980 2491 2051 episcOpos
2519 1995 2617 2050 per
2645 1980 2895 2049 regiones
2921 1979 3048 2033 illas
3068 1985 3121 2034 et
3140 1979 3602 2047 clericos,iterum
3625 1980 3871 2034 Alexan-

472 2079 711 2148 Synesio
769 2075 1151 2132 renuntiatum
1211 2078 1294 2128 est
1350 2070 1577 2139 πάτριον
1653 2063 1922 2121 εἶναικαὶ
1975 2062 2110 2117 ἀπο-

472 2164 727 2221 στολικὸν
789 2159 1163 2236 Ἐρυθρίτιδας
1215 2156 1470 2214 εἶναικαὶ
1526 2155 1722 2217 ταύτας
1773 2154 1871 2215 τὰς
1901 2149 2111 2221 ἀκκλη·

475 2256 618 2325 σίας,
657 2273 732 2311 ex
787 2255 971 2326 patria
1026 2255 1079 2307 et
1126 2248 1419 2320 apostolica
1464 2245 1818 2302 ordinatione
1872 2242 2112 2314 Erythro

471 2347 815 2404 contributas
835 2359 948 2399 esse
979 2341 1076 2396 has
1104 2339 1392 2405 Ecclesias,
1441 2335 1711 2406 Erythraei
1761 2333 1934 2404 igitur
1989 2331 2109 2402 epi-

472 2437 634 2507 scopi
686 2431 1144 2506 jurisdictionem
1206 2429 1519 2486 secundum
1577 2442 1793 2483 morem
1847 2423 2112 2481 Ecclesiae

472 2525 810 2596 Egyptiacw
857 2522 927 2578 ad
985 2519 1293 2591 apostolica
1341 2525 1597 2587 tempore
1648 2514 1984 2572 referebant.
2045 2514 2114 2569 Et

471 2616 724 2673 Siderius
756 2611 1074 2668 Palaebisce
1124 2611 1446 2680 episcopus,
1503 2607 1721 2663 nemini
1779 2605 2111 2670 succedens,

467 2707 592 2762 sine
622 2718 947 2761 successore
979 2709 1232 2756 mortuus
1261 2703 1348 2754 est
1375 2715 1390 2765 ;
1413 2713 1543 2753 nam
1565 2698 1790 2752 decreto
1810 2693 2114 2764 TheOphili

467 2795 719 2865 episcopi
777 2789 1180 2848 Alexandrini:
1243 2778 1580 2843 Παλαίϐισκα
1636 2781 1726 2837 καὶ
1783 2779 1977 2854 ’Ύδραξ
2035 2779 2111 2842 εἷς

463 2883 565 2950 τήν
598 2877 829 2955 ἀρχαίαν
862 2878 1010 2950 τάξιν
1039 2875 1366 2954 ἐτάχθησαν,
1398 2875 1488 2927 καὶ
1519 2873 1681 2946 ,πρὸς
1739 2871 1800 2926 τὸ
1856 2869 2111 2944 Ἐρυθρὸν

467 2971 872 3048 ἀνελήφθησαν,
906 2969 1212 3025 Palaebisca
1240 2973 1294 3022 et
1327 2965 1556 3037 Hydrax
1584 2964 1646 3019 in
1683 2963 1972 3034 antiquum
2023 2977 2114 3016 or-

467 3063 653 3117 dinem
687 3060 939 3127 redactae,
978 3063 1033 3114 et
1080 3056 1323 3129 Erythro
1356 3054 1700 3111 contributae.
1735 3054 1891 3108 Idem
1945 3051 2113 3108 etiam

467 3151 769 3221 Dionysius
827 3154 1043 3215 narrat,
1101 3147 1522 3202 Chaeremonem
1580 3143 1908 3214 episcopum
1979 3141 2114 3209 Nili,

471 3239 801 3312 ὗπεργήρων
867 3241 1114 3293 extrema
1168 3239 1466 3299 senectute,
1527 3239 1678 3288 mola
1721 3231 2117 3303 persecutione

2222 2069 2405 2124 driam
2438 2068 2606 2124 venit.
2653 2069 2916 2124 Rabanus
2964 2069 3192 2124 Maurus
3247 2069 3444 2125 eadem
3504 2085 3632 2124 cum
3693 2070 3871 2125 Meta-

2222 2159 2450 2228 phraste
2477 2159 2664 2225 tradit,
2699 2165 2759 2213 ut
2788 2166 2841 2214 et
2878 2157 3182 2226 Notkerus,
3215 2165 3267 2214 et
3319 2158 3563 2214 Alfricus
3619 2157 3868 2213 Cantua-

2223 2248 2429 2304 riensis
2457 2249 2777 2319 episcopus,
2809 2255 2864 2302 et
2884 2248 3189 2302 0rdericus
3229 2247 3444 2303 Vitatis.
3479 2249 3632 2304 Inter
3662 2247 3876 2304 Arabas

2223 2336 2695 2406 Martyrologium
2736 2336 3130 2392 Melchitarum
3165 2351 3179 2392 :
3226 2336 3565 2407 Atiquandiu
3619 2343 3872 2393 moratus

2221 2434 2300 2482 est
2355 2426 2562 2481 Marcus
2599 2428 2661 2480 in
2711 2426 2845 2482 urbe
2901 2428 3116 2498 Cyrene
3182 2427 3596 2499 Cyrenaeorum,
3635 2425 3873 2497 indeque

2221 2513 2626 2571 Alexandriam
2672 2531 2791 2586 qua
2819 2514 2965 2585 apud
2984 2515 3232 2570 Pharum
3278 2521 3374 2583 est,
3397 2515 3648 2586 perrexit
3679 2531 3694 2571 :
3735 2515 3871 2570 dein

2222 2607 2284 2660 in
2314 2607 2544 2660 Baream
2562 2605 2835 2676 profectus
2873 2609 2970 2672 est,
3026 2607 3304 2676 multaque
3351 2605 3526 2662 edidit
3572 2607 3874 2674 miracula,

2223 2697 2274 2749 et
2297 2692 2500 2748 Christi
2521 2693 2778 2748 ecclesias
2808 2693 3122 2762 exornavit,
3147 2694 3486 2750 constituens
3537 2697 3615 2750 eis
3657 2694 3878 2766 episco-

2219 2785 2522 2855 pos,atque
2551 2782 2638 2839 his
2668 2782 3328 2854 inferioresﬁsacerdotes.
3384 2785 3452 2840 Et
3503 2789 3744 2840 Severus
3806 2786 3882 2839 De

2233 2872 2376 2932 Vilis
2429 2873 2880 2947 patriarcharum
2943 2873 3450 2929 Alexandrinorum
3501 2891 3515 2930 :
3585 2873 3706 2943 Ipse
3750 2889 3881 2928 vero

2224 2964 2498 3022 discedens
2526 2963 2860 3032 Pentapolin
2896 2962 3164 3034 perrexit,
3197 2965 3513 3035 mansitque
3569 2962 3650 3018 ibi
3699 2979 3883 3019 annos

2225 3056 2384 3125 duos,
2413 3056 2760 3110 annuntians
2789 3057 2840 3108 et
2868 3052 3135 3108 ordinans
3165 3053 3462 3123 episcopos,
3503 3053 3880 3124 presbyteros,

2223 3150 2275 3201 et
2304 3146 2562 3200 diaconos
2592 3143 2650 3198 in
2677 3141 2934 3198 omnibus
2962 3141 3076 3211 eius
3104 3141 3427 3214 provinciis.
3447 3140 3516 3198 Ut
3568 3142 3754 3197 videre
3791 3149 3880 3196 est.

2223 3235 2370 3305 apud
2402 3232 2855 3289 Ecchellensem.
2879 3229 3115 3286 Nullum
3144 3230 3314 3301 igitur
3355 3229 3721 3300 Eutychianaa
3751 3238 3877 3286 tra-

467 3328 529 3384 in
559 3328 821 3383 Arabiam
853 3341 986 3382 cum
1008 3325 1249 3395 conjuge
1279 3339 1383 3380 sua
1411 3323 1744 3378 secessisse:
1790 3336 1955 3391 quem
1987 3335 2106 3376 cre-
2140 3339 2184 3406 α
2225 3322 2460 3378 ditionis
2490 3322 2924 3377 fundamentum
2948 3327 3053 3376 est.

468 3416 644 3472 dibile
671 3424 756 3472 est
785 3416 977 3470 sedem
1009 3429 1130 3469 eam
1157 3413 1404 3469 tenuisse
1434 3420 1737 3482 antequam
1794 3410 2112 3466 Demetrius

467 3503 799 3560 auxiliarios
827 3504 1094 3559 adversus
1125 3502 1424 3572 Origenem
1472 3501 1582 3557 sibi
1642 3499 1928 3572 adjunxit.
1990 3500 2112 3556 Imc

467 3594 612 3648 duos
642 3591 837 3656 .libros
897 3594 967 3648 De
1007 3590 1465 3659 promissionibus
1522 3589 1746 3660 scripsit
1794 3596 2113 3646 commotus

468 3681 616 3737 libro
686 3681 916 3752 Nepotis
971 3680 1212 3752 J’Egyptii
1267 3679 1540 3750 episcOpi,
1575 3679 1673 3749 qui
1713 3677 2110 3734 Chtliastarum

467 3770 783 3827 doctrinam
811 3769 1289 3841 promulgaverat,
1345 3776 1398 3825 et
1447 3769 1794 3839 jampridem
1858 3775 2113 3824 mortuus

464 3860 664 3916 fuerat.
700 3859 894 3929 Nepos
927 3859 1018 3914 hic
1049 3858 1275 3927 reliquit
1297 3858 1704 3926 Psalmodiam,
1735 3857 1774 3926 ᾖ
1807 3856 1963 3930 μέχρι
1993 3858 2108 3923 νῦν,

462 3949 648 4019 inquit
679 3947 983 4019 Dionysius
1011 3946 1162 4016 apud
1197 3945 1398 4003 Euseb.
1431 3947 1470 4002 l.
1504 3962 1606 4012 vn,
1659 3962 1708 4002 c.
1753 3946 1847 4015 25,
1905 3941 2111 4000 πολλοὶ

458 4040 564 4091 τῶν
600 4032 850 4111 ἀδελφῶν
874 4033 1256 4105 εὐθυμοῦνται.
1314 4035 1461 4091 Illud
1528 4041 1720 4090 autem
1782 4033 1942 4107 μέκρι
1993 4036 2105 4099 νῦν,

460 4142 630 4198 usque
652 4128 724 4181 ad
752 4127 852 4181 hoc
883 4129 1116 4196 tempus,
1149 4140 1266 4180 non
1307 4123 1518 4180 modici
1551 4123 1818 4193 temporis
1842 4123 2112 4180 interval-

463 4217 583 4271 lum
617 4219 798 4271 notat.
831 4216 986 4271 Idem
1028 4229 1227 4269 rursus
1262 4231 1276 4268 :
1309 4217 1448 4269 Cum
1477 4214 1537 4268 in
1580 4213 1913 4268 Arsinoitica
1966 4229 2112 4283 prae-

465 4307 680 4372 tectura
711 4318 895 4370 essem,
929 4298 1054 4355 ἔνθα
1081 4300 1188 4376 πρὸ
1209 4297 1426 4355 πολλοῦ
1486 4303 1647 4354 τοῦτο
1691 4296 1995 4367 ἐπεπόλαζε
2048 4299 2111 4353 τὸ

469 4386 671 4467 δόγμα,
705 4393 762 4447 in
786 4408 890 4462 qua
912 4391 1266 4464 jampridem,
1288 4388 1562 4446 increbuit
1591 4389 1709 4445 hare
1738 4388 1925 4459 opinio
1958 4403 1971 4442 :
2017 4389 2112 4444 ubi

468 4480 612 4537 illud
644 4481 748 4554 πρὸ
788 4477 1026 4548 πολλοῦ,
1059 4483 1174 4536 sive
1195 4479 1558 4552 jampridem,
1592 4493 1710 4533 non
1729 4484 1908 4547 potest
1942 4477 2112 4534 intel-

468 4570 566 4638 ligi
597 4571 666 4626 de
691 4573 975 4627 sententia
1009 4586 1185 4639 nuper
1215 4573 1358 4633 orta,
1391 4569 1486 4623 sed
1522 4569 1737 4622 vetusta
1789 4573 1844 4621 et
1899 4567 2111 4621 invete-

2296 3413 2630 3482 Respondeo
2661 3420 2881 3481 quarto,
2918 3427 2990 3467 ne
3021 3410 3361 3480 Eutychium
3418 3411 3646 3481 quidem
3681 3411 3872 3481 ipsum

2223 3503 2369 3560 hanc
2394 3501 2742 3557 historiolam
2774 3508 3039 3571 tanquam
3061 3501 3426 3556 traditionem
3452 3518 3498 3571 ,ει
3556 3499 3875 3570 majoribus

2221 3596 2511 3661 acceptam
2535 3589 2766 3658 referre,
2797 3588 2896 3644 sed
2943 3588 3093 3644 velut.
3127 3588 3457 3658 questionis
3495 3588 3712 3644 Criticae
3771 3596 3872 3644 aut

2218 3679 2607 3749 Philologicae,
2640 3679 2788 3748 apud
2820 3677 3033 3733 Arabas
3062 3677 3148 3732 sui
3175 3676 3444 3748 temporis
3493 3677 3741 3747 agitatis,
3775 3694 3873 3733 so-

2219 3768 2581 3825 lutionemin
2606 3768 2881 3823 honorem
2915 3767 3179 3824 Ecclesiae
3211 3783 3328 3823 suae
3374 3767 3598 3822 factam.
3658 3765 3880 3823 Arabes

2218 3860 2372 3915 enim
2402 3857 2699 3930 putabant,
2725 3864 2820 3912 aut
2853 3857 3036 3926 putari
3059 3856 3378 3923 voluerunt,
3420 3871 3632 3911 nomen
3689 3872 3878 3926 papae,

2217 3965 2321 4003 sua
2350 3955 2508 4004 aetate
2535 3946 2792 4017 pontiﬁci
2818 3949 3074 4002 Romano
3105 3945 3466 4015 peculiariter
3513 3945 3874 4014 attributum,

2218 4038 2404 4108 primo
2437 4037 2610 4092 fuisse
2649 4035 3053 4091 Alexandrinis
3108 4035 3390 4106 episcopis
3448 4034 3666 4103 datum,
3727 4043 3781 4090 et
3842 4054 3878 4092 a

2219 4126 2428 4197 populo
2458 4125 2785 4196 Egyptiaco
2816 4131 3176 4194 usurpatum,
3207 4131 3260 4180 et
3288 4123 3359 4178 ab
3390 4122 3502 4178 illis
3530 4124 3601 4178 ud
3663 4124 3873 4180 Roma-

2219 4231 2326 4270 nos
2351 4214 2647 4284 pontiﬁces
2677 4212 3026 4278 devolutum,
3059 4218 3118 4265 ut
3150 4212 3380 4267 tradunt
3421 4212 3690 4280 Georgius
3742 4212 3868 4268 Ho-

2219 4304 2464 4358 maidius
2497 4311 2549 4358 et
2583 4301 2912 4358 Abubacrus
2933 4300 3280 4357 Habbasides
3322 4303 3468 4371 apud
3526 4301 3875 4360 Ecchellen-

2220 4409 2359 4448 sem.
2392 4393 2530 4447 Cum
2561 4391 2732 4460 igitur
2759 4407 2792 4445 a
2822 4389 3031 4445 Graecis
3060 4388 3267 4444 eruditi
3299 4388 3705 4460 intelligerent,
3737 4408 3872 4449 eum

2221 4481 2447 4536 titulum
2483 4480 2662 4547 primo
2681 4477 3132 4549 patriarcharum
3152 4477 3669 4536 Alexandrinorum
3695 4481 3876 4537 Hera-

2224 4567 2325 4624 clia
2356 4568 2687 4624 attributum
2724 4567 2923 4632 fuisse,
2957 4584 2988 4621 a
3047 4565 3338 4638 Dionysio,
3399 4566 3667 4641 scilicet(
3702 4587 3876 4641 quem

465 4667 605 4728 rata,
647 4675 770 4730 quae
803 4668 990 4716 tamen
1026 4660 1223 4714 relicto
1273 4675 1304 4711 a
1338 4657 1551 4726 Nepote
1609 4653 1755 4709 libro
1805 4655 2109 4710 nitebatur.
2141 4657 2197 4724 D
2228 4657 2564 4728 scriptorem
2598 4660 2758 4712 vocat
2779 4655 3127 4726 Eutychius;
3163 4653 3380 4710 nullius
3409 4657 3561 4711 enim
3620 4657 3878 4716 Alexan-

471 4748 573 4816 Diu
605 4749 790 4819 itaque
814 4755 1070 4804 mortuus
1118 4752 1202 4802 est
1253 4745 1442 4813 Nepos
1495 4742 1792 4813 episcopus
1847 4747 1947 4811 τῆς
2007 4741 2106 4799 Ai-

464 4834 674 4910 γύπτου
705 4842 837 4892 ante
870 4835 1268 4908 pontiﬁcatum
1300 4833 1577 4904 Dionysii,
1602 4832 1899 4904 episcopus
1920 4841 2108 4891 autem

461 4929 641 4983 factus
672 4926 765 4981 diu
797 4933 927 4981 ante
957 4922 1229 4979 Demetrii
1257 4920 1608 4978 auxiliarios.

529 5013 786 5085 Denique
817 5012 1045 5067 traditio
1075 5009 1196 5076 illa,
1229 5011 1298 5064 de
1338 5008 1522 5065 tribus
1579 5011 1858 5082 episcOpis
1915 5030 1950 5068 a
2009 5017 2109 5070 De-

458 5107 656 5158 metrio
709 5103 893 5173 primo
951 5101 1009 5155 in
1063 5101 1299 5172 Egypto
1342 5100 1524 5169 factis,
1575 5101 1840 5159 omnibus
1899 5103 2108 5162 Graecis

454 5201 623 5263 atque
653 5189 868 5246 Latinis
898 5191 1092 5259 ignota
1124 5189 1225 5245 fuit
1262 5205 1275 5244 :
1310 5190 1535 5246 traditio
1587 5199 1772 5248 autem
1829 5193 1919 5249 illi
1965 5208 2103 5251 con-

454 5283 644 5344 traria,
673 5281 742 5333 de
761 5279 1046 5350 episcopis
1088 5297 1119 5333 a
1145 5279 1199 5334 S.
1236 5279 1426 5336 Marco
1479 5281 1537 5335 in
1588 5281 1916 5354 Egyptiaca
1964 5285 2104 5341 dice-

453 5369 567 5424 ccsi
599 5368 876 5422 institutis
909 5377 960 5423 et
995 5368 1197 5423 Graecis
1228 5376 1280 5424 et
1337 5369 1574 5438 L‘tinis,
1611 5379 1777 5440 atque
1835 5371 2107 5430 Arabibus

453 5464 586 5511 nota
618 5457 976 5513 iuit.Simeon
1021 5458 1427 5528 Metaphrastes
1455 5459 1525 5516 de
1548 5461 1606 5517 S.
1660 5459 1849 5517 Marco
1885 5479 1898 5518 :
1969 5463 2104 5519 Con-

457 5547 638 5601 stituit
671 5551 721 5601 el
749 5547 1098 5616 conﬁrmavit
1127 5546 1387 5602 ecclesias
1434 5563 1531 5618 per
1576 5547 1825 5617 Libyam,
1878 5550 2107 5606 Marma-

454 5633 654 5701 ricam,
687 5635 1132 5703 Ammoniacam,
1165 5637 1535 5705 Pentapolim,
1561 5638 1994 5708 Alexandriam,
2031 5641 2105 5694 lo-

454 5739 622 5794 caque
655 5738 780 5796 quae
808 5724 1082 5781 Bucolicse
1110 5724 1550 5783 direbantur.....
1598 5725 1981 5786 Ordinaverat
2009 5745 2107 5786 au-

2223 4747 2372 4802 drini
2404 4747 2656 4818 episcOpi
2681 4753 2812 4802 ante
2843 4760 2970 4801 eum
3002 4743 3214 4816 scripta
3266 4744 3604 4816 exstabant),
3665 4749 3766 4819 qui
3811 4750 3873 4805 in

2219 4837 2455 4908 epistola
2494 4838 2563 4892 ad
2617 4837 3008 4893 Philemonem
3077 4835 3196 4892 hac
3253 4835 3608 4892 tradiderat:
3660 4841 3872 4894 Τοῦτον

2217 4924 2328 5001 ἐγὼ
2401 4925 2493 4980 τὸν
2551 4923 2744 4980 κανόνα
2798 4924 2886 4978 καὶ
2945 4924 3036 4978 τὸν
3092 4922 3261 4978 τύπον
3291 4924 3436 4998 παρὰ
3463 4928 3561 4978 τοῦ
3595 4928 3871 5000 μακαρίου

2215 5016 2372 5070 πάπα
2401 5017 2562 5088 ἡμῶν
2614 5015 2818 5088 Ἀρακᾶ
2875 5007 3209 5086 παρέλαϐον.
3263 5015 3411 5069 Hanc
3459 5031 3555 5086 ego
3610 5016 3870 5086 regulam

2215 5125 2279 5164 ac
2297 5111 2534 5179 formam
2565 5122 2599 5160 α
2630 5104 2782 5160 beato
2809 5119 2956 5176 papa
2985 5107 3169 5159 nostro
3213 5102 3440 5158 Heracla
3483 5105 3698 5175 accepi;
3731 5121 3866 5163 cum

2217 5197 2358 5265 haec,
2393 5196 2652 5268 inquam,
2677 5212 2710 5249 a
2742 5193 2952 5249 Graecis
2981 5192 3359 5263 accepissent,
3391 5192 3662 5249 rationem
3700 5210 3868 5252 exco-

2217 5289 2486 5359 gitarunt,
2520 5301 2693 5358 quare
2724 5285 2818 5340 hic
2848 5284 3096 5340 Heraclea
3129 5282 3485 5353 potissimum
3525 5283 3722 5338 titulus
3779 5294 3867 5341 al-

2216 5377 2555 5432 trihucretur
2587 5396 2602 5444 ;
2635 5383 2840 5432 etcum
2861 5389 3059 5431 vocem
3091 5370 3272 5428 πάπαν
3299 5372 3372 5428 ad
3431 5371 3649 5426 πάππον
3701 5373 3875 5430 incli-

2214 5481 2353 5523 nare
2408 5466 2685 5533 viderent,
2740 5479 2923 5534 neque
2971 5463 3124 5519 enim
3184 5463 3416 5518 deerant
3463 5460 3705 5518 Graeculi
3770 5464 3868 5533 qui

2217 5556 2385 5610 etiam
2417 5555 2556 5614 illuc
2588 5556 2898 5618 traherent,
2941 5556 3147 5610 miram
3181 5554 3329 5609 hanc
3364 5552 3654 5608 historiam
3696 5570 3872 5609 exco-

2213 5648 2601 5719 gitarunt,qua
2637 5660 2753 5700 non
2781 5644 2884 5700 sub
2915 5643 3182 5700 Demetrii
3238 5655 3511 5713 tempore,
3546 5643 3643 5698 sed
3698 5643 3875 5698 t—lera-

2223 5735 2630 5809 clae,populum
2649 5733 2787 5789 illud
2816 5733 3122 5791 discrimen
3146 5733 3296 5790 inter
3325 5731 3621 5803 episcopos
3645 5731 3878 5806 Egypti
