3974 6296
119 401 216 459 241

817 397 873 458 J.
919 397 1363 460 PEARSONII
1407 397 1790 460 VINDICIE
1833 400 2317 465 IGNATIANE.
2365 434 2440 449 -—-
2483 401 2686 462 PARS
2727 401 2778 461 Ι.

3387 395 3506 455 242

118 533 604 606 nuperinstitutos,
636 539 690 590 et
717 533 1163 590 Alexandrinum
1196 533 1573 606 patriarcham
1616 534 1745 590 ani-
1772 535 1827 602 Α
1856 535 2052 609 chara;
2077 539 2383 611 alloquitur
2405 538 2558 595 enim
2582 533 2742 613 φίλον
2767 532 2990 609 πατέρα.
3015 529 3507 604 llesychIa'ta-na,

119 624 450 681 madvertisse
463 625 868 692 ostendant,ut
888 627 1083 693 postea
1106 623 1394 694 vulgarem
1417 624 1746 694 episcopum

117 715 251 784 abba,
282 713 664 784 patriarcham
694 729 916 786 papam,
947 714 1003 769 id
1035 720 1124 770 est
1160 729 1323 769 avum
1371 715 1746 785 appellarent,

121 805 357 873 quoniam
387 804 496 874 ipsi
529 803 785 874 episcopi
817 803 1194 872 patriarcham
1226 803 1424 858 obbam
1455 811 1743 860 vocarent.

122 896 226 950 Haec
253 910 376 950 vera
415 909 540 951 esse
605 892 694 950 vel
747 893 880 950 inde
936 894 1122 964 primo
1175 893 1537 964 perspicitur,
1596 894 1744 963 quod

119 984 396 1053 Eutychius
428 999 545 1040 non
604 987 936 1054 perpetuam
995 984 1383 1039 narrationem
1435 990 1605 1050 texat,
1650 989 1746 1039 aut

119 1073 380 1130 historiam
441 1074 513 1129 de
571 1073 934 1129 institutione
1019 1073 1416 1144 episcoporum
1479 1072 1744 1129 electioni

119 1163 548 1236 presbytererum
579 1162 909 1219 immediate
960 1161 1288 1233 subjungat,
1338 1163 1432 1218 sed
1485 1163 1746 1234 quaestio-

117 1268 224 1307 nem
252 1252 427 1310 obiter
464 1252 706 1321 inserat,
738 1267 910 1322 quare
938 1252 1270 1322 patriaecba
1323 1251 1743 1307 Alexandrinus

117 1340 273 1397 dictus
297 1341 368 1397 sit
399 1359 546 1414 papa
575 1344 598 1396 Ρ
629 1343 812 1406 Quam
869 1342 1099 1412 quidem
1149 1341 1521 1410 quaestionem
1581 1340 1742 1396 dissi-

118 1431 594 1500 mulatSeldenus,
631 1440 691 1486 ut
722 1437 987 1501 tanquam
1042 1437 1259 1502 partem
1309 1429 1515 1500 prioris
1563 1429 1740 1485 histo-

118 1519 192 1572 ria:
217 1520 584 1589 posteriorem
614 1520 870 1577 inducat.
904 1519 982 1575 ita
1030 1519 1188 1575 enim
1245 1517 1593 1589 Eutychium
1653 1517 1739 1573 lo-

119 1616 350 1678 quantum
381 1615 756 1681 repraesentat
783 1625 796 1666 :
839 1613 893 1666 Is
922 1609 1091 1664 etiam
1140 1608 1371 1680 (nempe
1399 1606 1740 1678 Alexander)

117 1696 249 1766 petiit
274 1698 339 1753 ab
365 1699 473 1764 eis,
504 1714 575 1754 ne
598 1697 930 1771 patriarcha
956 1697 1372 1754 Alexandrinus
1401 1712 1552 1769 papa
1582 1697 1736 1752 voci-

115 1791 314 1859 taretur,
345 1789 492 1861 quod
523 1788 807 1858 signiﬁcat
863 1805 1048 1845 avum.
1103 1789 1187 1843 Ita
1238 1787 1405 1843 vertit
1458 1787 1621 1858 petiit
1666 1785 1738 1842 ab

113 1877 194 1944 eis,
220 1884 356 1975 tat-ex
385 1878 501 1934 alio
529 1878 732 1975 codice
761 1878 906 1975 diu-it
935 1875 1020 1933 vel
1067 1876 1395 1933 mandatum
1449 1874 1599 1931 dedit
1628 1876 1728 1946 eis,
1764 1909 1810 1975 Β

116 1981 170 2021 ac
195 1965 237 2020 si
262 1966 571 2024 decreverit
597 1966 943 2035 Alexander,
999 1981 1073 2024 ne
1123 1966 1364 2037 posthac
1412 1963 1733 2035 patriarcha

115 2057 497 2114 Alexandrinus
515 2075 664 2130 papa
679 2058 979 2113 diceretur.
1009 2057 1149 2112 Cum
1170 2056 1295 2128 ipse
1318 2054 1636 2112 Alexander
1665 2070 1731 2110 eo

112 2147 212 2216 ipso
240 2149 464 2203 nomine
492 2165 530 2203 a
557 2147 677 2203 suis
733 2146 899 2218 vulgo
959 2146 1374 2216 indigitaretur.
1427 2143 1730 2215 Inscriptio

113 2236 323 2305 epistolas
351 2238 498 2307 apud
533 2236 910 2292 Athanasium
946 2235 1091 2291 libro
1123 2241 1203 2291 De
1231 2233 1455 2307 synodi:
1489 2251 1502 2291 :
1535 2234 1729 2289 Μακα-

118 2321 196 2394 ρίῳ
221 2325 359 2396 πάπᾳ
387 2322 674 2396 ἐπισκόπῳ
735 2324 895 2395 ἡμῶν
944 2319 1290 2397 Ἀλεξάνδρῳ
1344 2322 1396 2376 ol
1441 2316 1731 2398 πρεσϐύτε-

117 2431 183 2484 ροι
207 2413 287 2467 καὶ
317 2414 368 2468 o't
398 2411 648 2468 διάκονοι
689 2409 741 2466 ἐν
773 2411 962 2486 Κυρίῳ
996 2411 1228 2486 χαίρειν.
1261 2412 1449 2469 Prima
1479 2412 1728 2484 epistolae

118 2505 394 2560 sententia:
448 2503 527 2560 'H
586 2502 768 2563 πίστις
799 2503 960 2575 ἡμῶν
989 2503 1024 2571 ἡ
1055 2499 1115 2556 ἐκ
1165 2500 1469 2576 προγόνων,
1519 2500 1586 2570 ἢν
1635 2499 1728 2554 καὶ

117 2588 199 2644 ἀπὸ
226 2595 314 2647 acii
373 2593 795 2666 μεμαθήκαμεν,
854 2589 1084 2666 μακάριε
1127 2591 1299 2660 πάπα,
1351 2589 1517 2661 ἐστὶν,
1566 2588 1726 2658 αὕτη·

118 2681 242 2738 Etin
268 2700 498 2755 corpore
534 2683 810 2755 epistola,
859 2681 932 2742 ὡς
989 2679 1079 2735 καὶ
1135 2679 1197 2734 σὺ
1256 2679 1434 2750 αὐτὸς,
1497 2678 1729 2753 μακάριε

114 2769 253 2828 πάπα.
285 2773 632 2829 Athanasius
661 2772 974 2828 Alexandri
998 2786 1292 2829 successor
1340 2771 1726 2828 Alexandrum

111 2875 285 2930 papam
312 2865 558 2930 vocavit,
589 2867 647 2919 et
677 2863 797 2934 ipso
846 2862 915 2918 ab
969 2862 1216 2932 lsehyra,
1264 2861 1522 2926 Arsenio,
1571 2861 1725 2916 Con-

112 2953 284 3009 staulio
335 2951 523 3014 πάπας
577 2959 812 3010 vocatus
868 2958 969 3007 est.
1033 2952 1138 3006 Sed
1189 2951 1335 3007 hanc
1408 2949 1724 3006 versionem

109 3041 220 3096 satis
243 3043 536 3113 exagitavit
559 3040 965 3098 Ecchelleusis.
1001 3039 1380 3096 Doctissimus
1409 3039 1726 3096 Pocoekius

109 3138 264 3186 noster
291 3132 364 3188 ita
395 3132 580 3188 reddit
613 3146 626 3186 :
662 3129 814 3186 Buod
851 3136 1040 3186 autem
1092 3132 1350 3200 quaerunt
1398 3129 1723 3200 [nonnulli],

116 3235 253 3289 quare
279 3221 604 3292 patriarcha
635 3220 1048 3276 Alerandrinus
1080 3224 1298 3276 vocetur
1322 3234 1470 3290 papa
1489 3221 1514 3271 .9
1543 3219 1725 3289 (cuius

115 3273 318 3365 hominis
345 3312 700 3381 signiﬁcatus
726 3313 803 3366 est
833 3309 992 3380 avus)
1025 3273 1337 3376 [sciendum
1350 3273 1478 3379 ait].
1524 3273 1589 3363 Iit
1618 3273 1723 3378 igi-
1764 3273 1806 3340 (ἶ

113 3403 179 3450 tur
217 3399 295 3454 illi
351 3399 654 3470 qumstioni
712 3400 1076 3469 responderet
1126 3396 1458 3470 Eutycbius,
1512 3395 1611 3451 illa
1659 3396 1728 3451 de

118 3484 655 3554 tribusaDemetrio,
715 3487 914 3558 viginti
969 3486 1041 3541 ab
1098 3485 1338 3542 Heracla
1397 3484 1556 3541 factis
1609 3486 1727 3553 ορί-

115 3577 264 3644 scopis
290 3578 541 3633 inaudita
579 3577 773 3642 tradit,
812 3584 870 3632 ut
899 3575 1084 3631 solent
1114 3575 1222 3640 illi,
1256 3575 1350 3644 qui
1379 3575 1449 3629 de
1479 3572 1726 3630 voeabu-

119 3660 264 3720 lorum
321 3667 647 3739 originibus
701 3665 1014 3737 disputant.
1073 3663 1279 3720 Omnia
1361 3671 1547 3718 autem
1606 3677 1726 3733 quae

117 3755 335 3811 tradttet
373 3757 580 3824 iutilia,
615 3764 664 3811 et
701 3755 843 3810 falsa
897 3758 955 3809 et
1007 3754 1248 3808 absurda
1307 3762 1461 3808 sunt.
1522 3751 1728 3807 Statuit

117 3850 235 3897 enim
262 3847 397 3902 abba
454 3848 577 3902 sive
635 3844 815 3899 πάπαν
878 3843 1200 3913 signiﬁcare
1254 3859 1439 3910 avum,
1502 3842 1726 3898 titulum

115 3928 242 3989 illum
271 3937 603 4006 patriarchae
665 3938 884 4000 datum,
942 3949 1070 3990 cum
1129 3933 1274 3988 alius
1329 3933 1561 4002 reliquis
1602 3931 1726 4000 epi-

118 4024 266 4092 scOpEs
329 4034 729 4096 competeret;
784 4025 954 4095 idque
1012 4023 1192 4092 primo
1242 4022 1618 4086 Alexandriae,
1671 4028 1727 4074 ut

118 4120 292 4182 postea,
321 4116 561 4182 scilicet,
609 4113 862 4168 Romano
916 4111 1169 4182 pontiﬁci
1208 4112 1626 4166 attribueretur.
1665 4109 1727 4165 Ut

118 4198 253 4267 igitur
307 4204 420 4260 haec
489 4205 686 4259 fabula
737 4202 961 4272 penitus
1025 4201 1372 4270 explodatur,
1434 4205 1722 4256 ostendam

116 4291 262 4354 primo
291 4309 480 4350 vocem
511 4290 722 4360 πάπαν,
753 4307 878 4361 qua:
909 4291 1161 4346 Heraclea
1196 4289 1404 4345 tributa
1427 4296 1534 4356 est,
1567 4306 1725 4343 nun-

114 4393 248 4444 tiudm
276 4384 625 4450 signiﬁcasse
657 4397 840 4435 avum.
874 4379 1081 4436 Vocem
1115 4379 1262 4434 hanc
1314 4379 1723 4448 Syracusanam

116 4478 207 4523 θεεε
234 4472 414 4528 volunt
443 4469 819 4529 Grammatiei
851 4467 1136 4526 nonnulli.
1172 4468 1416 4524 Suidas:
1477 4467 1636 4523 Οὕτω
1669 4463 1727 4520 δὲ

115 4551 288 4627 λέγεται
345 4563 490 4635 παρὰ
544 4557 943 4634 Συρακουσίοις
981 4556 1217 4628 ὁπατὴρ
1268 4555 1468 4619 πάπας.
1522 4559 1724 4611 Eusta-

116 4645 495 4705 ἰὺίιιδεἈλλοί
554 4647 634 4718 δὲ,
696 4649 779 4702 ’ὁτι
841 4646 984 4721 παρᾶ
1039 4643 1426 4714 Συρακουσίοις
1484 4645 1663 4706 πάπας
1697 4645 1724 4699 ὁ
1759 4649 1801 4712 D

115 4737 279 4809 πατήρ.
334 4742 509 4796 Aliter
568 4739 938 4808 Etymologus
990 4754 1004 4792 :
1089 4734 1248 4792 Οὕτω
1302 4733 1513 4809 λέγεται
1580 4734 1726 4809 παρὰ

118 4825 454 4893 Συρακουσίοις
493 4829 522 4881 ὁ
571 4827 782 4901 πατὴρ,
842 4827 965 4886 πᾶς.
1029 4827 1185 4893 Quod
1244 4826 1472 4896 quidem
1534 4842 1721 4880 verum

120 4925 214 4967 esse
241 4927 424 4985 potest,
455 4920 702 4974 alterum
730 4932 844 4971 non
868 4916 1025 4970 item.
1054 4914 1195 4968 Nam
1231 4931 1334 4969 vox
1362 4912 1543 4972 πάπας
1589 4901 1725 4983 ipsis

120 4998 372 5070 Syracusis
402 5009 568 5074 longe
618 5005 902 5076 antiquior
945 5012 1047 5059 est.
1107 5003 1391 5074 Syracusas
1449 5003 1600 5058 enim
1656 5001 1726 5057 ab

124 5091 288 5148 Archia
315 5099 548 5152 conditas
580 5101 717 5152 sunt
755 5094 841 5150 vel
892 5092 995 5148 sub
1049 5092 1288 5157 Cltdico,
1320 5098 1378 5146 ut
1431 5090 1722 5161 Eusebius,

123 5179 187 5232 vel
235 5185 400 5250 potius
450 5187 557 5241 sub
617 5182 882 5252 )Escbylo
961 5181 1374 5237 Alhenensium
1449 5195 1599 5250 rege,
1667 5187 1727 5235 ut

124 5269 327 5328 Marmor
355 5273 830 5331 Arundellianum
860 5289 874 5339 ;
912 5271 1034 5327 haec
1083 5278 1270 5326 autem
1306 5285 1408 5326 vox
1440 5269 1546 5324 sub
1593 5267 1726 5324 Dio-

121 5367 256 5421 gneto
304 5363 371 5418 ab
452 5363 700 5420 Homero
788 5373 1055 5431 usurpata
1136 5367 1242 5430 est,
1300 5360 1370 5414 de
1427 5357 1722 5426 Nausicaa,

123 5443 296 5518 0dyss.,
325 5453 380 5522 Ζ,

215 5531 264 5588 δὲ
315 5538 437 5618 μάλ’
495 5539 639 5618 ἄγχι
699 5541 864 5592 στᾶσα
921 5535 1080 5614 φίλον
1139 5536 1346 5611 πατέρα
1412 5534 1720 5612 προσέειπε·

124 5604 294 5661 Πάππα
317 5604 447 5690 οζλζ

177 5747 268 5806 Ubi
321 5755 465 5812 vocis
537 5751 934 5824 interpretatio
1017 5751 1332 5810 certissima
1388 5757 1493 5822 est,
1565 5751 1727 5806 Pater

1857 626 2242 702 προσφώνησις
2285 623 2478 688 παιδὸς
2533 624 2670 701 πρὸς
2727 622 2948 698 πατέρα.
3009 623 3281 679 Primteva
3337 620 3508 692 igitur

1858 713 2196 785 signiﬁcatio
2252 719 2349 771 τοῦ
2405 715 2604 786 πάπας,
2664 715 2754 772 vel
2812 713 3034 786 poetice
3089 711 3335 778 πάπποις,
3424 715 3508 765 est.

1855 810 2012 874 pater
2061 803 2215 860 Idem
2273 804 2441 860 etiam
2504 803 2736 860 verbum
2793 797 3098 868 παππάζειν
3129 799 3264 855 inde
3321 797 3508 853 dedu-

1859 899 2012 948 ctum
2046 900 2280 965 usurpat
2311 893 2505 960 Iliad.,
2536 893 2578 948 E
2611 909 2626 948 :

1964 1016 2109 1076 Οὐδὶ
2136 1017 2190 1073 τί
2223 1040 2312 1092 μιν
2346 1014 2540 1081 παῖδες
2567 1017 2691 1072 ποτὶ
2724 1015 2944 1092 γούνασι
2975 1013 3378 1085 παππάζουσιν.

1927 1145 2036 1202 Ubi
2073 1153 2234 1202 vetus
2266 1143 2649 1202 Seboliastes:
2705 1140 3082 1210 Παππάζουσι,
3128 1138 3324 1193 πάππα
3384 1157 3502 1214 φω-

1852 1239 2024 1304 νοῦσι,
2055 1237 2260 1309 πατέρα
2289 1233 2540 1290 καλοῦσι.
2573 1234 2885 1307 Hesychius
2917 1237 3050 1305 post
3091 1233 3155 1290 ν.
3209 1228 3503 1300 Παζοίνης,

1857 1325 2026 1382 habet
2080 1325 2446 1394 παππάζοιεν,
2532 1319 2922 1398 παρακαλοῖεν.
3011 1321 3120 1376 Sed
3202 1327 3504 1390 utrumque

1852 1415 2042 1471 locum
2063 1416 2249 1472 obiter
2274 1415 2716 1471 emaeulandum
2741 1412 2957 1479 censui,
2985 1410 3087 1482 qui
3115 1416 3503 1481 postnuperos

1849 1508 2096 1564 editores
2127 1507 2311 1562 adhuc
2342 1506 2399 1561 in
2457 1506 2664 1560 mendo
2710 1504 2882 1574 jacet.
2943 1501 3126 1556 Primo
3175 1499 3348 1570 igitur
3395 1502 3505 1551 Πα-

1855 1594 2062 1665 ζοίνης,
2097 1595 2148 1648 οἱ
2195 1595 2314 1648 κατ’
2364 1591 2623 1661 Ἰταλίαν,
2675 1592 2978 1648 manifeste
3034 1595 3301 1656 corrupta
3347 1593 3503 1654 sunt,

1848 1685 2108 1742 etseries
2165 1685 2480 1740 litterarum
2534 1698 2635 1753 pro
2691 1684 2718 1748 ζ
2778 1679 3020 1750 postulat
3079 1679 3124 1747 ξ.
3183 1677 3275 1732 Sic
3331 1676 3502 1746 igitur

1849 1776 2049 1846 legas:
2109 1771 2294 1842 Παξοὶ,
2352 1778 2513 1840 νῆσοι
2567 1769 2685 1824 κατ’
2742 1765 2995 1832 Ἰταλίαν,
3047 1769 3239 1832 Ραωε,
3297 1763 3503 1820 insuit?

1845 1879 2014 1936 prope
2042 1863 2288 1920 Italiam.
2328 1863 2404 1917 De
2434 1859 2642 1932 quibus
2674 1858 2892 1914 Plinius
2921 1854 2961 1912 l.
2995 1872 3072 1919 iv,
3103 1871 3154 1910 ο.
3190 1855 3256 1907 12
3291 1868 3304 1907 :
3339 1852 3498 1908 Circa

1842 1971 1964 2011 eam
1996 1954 2231 2024 aliquot,
2264 1951 2358 2006 sed
2395 1950 2466 2006 ad
2511 1949 2742 2006 Italiam
2797 1961 3027 2016 vergens
3078 1943 3376 2008 Thorones,
3427 1941 3498 1997 ad

1844 2043 2174 2100 Leucadiam
2204 2044 2379 2098 Ραωᾶ
2409 2041 2563 2104 ὀνκ,
2607 2039 2868 2111 quinque,
2907 2035 2973 2090 Μ.
3007 2035 3250 2090 discretae
3279 2049 3315 2087 a
3353 2030 3484 2087 Cor-

1839 2151 1996 2206 eyra.
2031 2137 2111 2190 De
2131 2131 2338 2203 quibus
2361 2130 2530 2186 etiam
2571 2127 2842 2197 Polybius
2894 2123 3298 2193 intelligendus
3327 2121 3370 2178 1.
3403 2136 3481 2176 Il:

1843 2215 2148 2276 Συνέϐαλον
2187 2222 2304 2278 τοῖς
2333 2221 2442 2273 τῶν
2471 2217 2719 2291 Ἀχαιῶν
2769 2212 2988 2290 σκάφεσι
3037 2210 3160 2287 περὶ
3216 2210 3342 2271 τοὺς
3388 2229 3484 2263 κα-

1841 2307 2138 2383 λουμένους
2169 2305 2397 2378 Παξοῦς,
2430 2307 2519 2364 vel
2551 2307 2715 2372 forte,
2743 2304 2838 2362 τὰς
2857 2300 3201 2374 καλουμένας
3250 2297 3481 2371 Παξοῦς.

1838 2401 2101 2458 Secundo
2154 2415 2255 2470 pro
2311 2394 2674 2466 παππάζοιεν,
2735 2388 3126 2467 παρακαλοῖεν,
3185 2391 3486 2462 legendum

1839 2490 2024 2562 quivis
2056 2489 2247 2546 statim
2279 2489 2450 2559 videt,
2492 2486 2812 2552 παπάζοιεν,
2870 2480 3076 2556 πατέρα
3120 2478 3359 2535 καλοῖεν.
3411 2481 3491 2535 Ila

1837 2583 1988 2653 apud
2017 2580 2479 2651 Aristophanem,
2513 2578 2792 2648 Optimum
2821 2575 3032 2644 linguas
3065 2574 3256 2629 Atticas
3306 2573 3489 2627 inter-

1837 2679 2079 2742 pretem,
2123 2671 2392 2741 Trygmus
2423 2667 2568 2723 ﬁlias
2597 2663 2924 2736 alloquitur,
2953 2664 3012 2719 in
3048 2665 3186 2718 Pace
3206 2677 3226 2716 :

1991 2799 2158 2859 'Hvlr.’
2183 2799 2244 2855 ἄν
2278 2797 2510 2869 αὶτίζητ’
2543 2796 2704 2873 ἂρτον
2735 2792 2915 2851 πάπαν
2949 2815 3016 2868 με
3045 2791 3330 2848 καλοῦσαι.

2046 2933 2190 2989 Cum
2214 2944 2416 3002 panem
2441 2925 2628 3000 petitis
2658 2940 2858 2997 papam
2891 2939 2976 2980 me
3003 2927 3275 2980 vocantes.

1905 3067 2081 3130 Quem
2115 3065 2303 3121 locum
2343 3061 2656 3133 respiciens
2715 3059 3065 3131 Hesychius:
3127 3055 3338 3124 Πάπας,
3387 3077 3484 3110 πα-

1832 3153 1963 3229 τρὸς
1997 3151 2363 3226 ὑποκόρισμα.
2396 3152 2463 3207 Et
2485 3151 2561 3206 ita
2584 3149 2711 3206 ﬁliae
2740 3149 3038 3220 Trygaaum
3072 3146 3480 3217 alloquuntur:

1832 3247 1898 3297 Ὢ
1936 3241 2128 3298 παπια.
2165 3247 2247 3299 Ita
2277 3258 2470 3298 rursus
2500 3249 2554 3297 et
2586 3240 2648 3296 in
2706 3239 2906 3311 Vespis,
2959 3236 3056 3293 ubi
3103 3236 3480 3293 Scboliastes:

1834 3333 2016 3387 Παπία
2046 3329 2124 3404 δὲ,
2159 3332 2348 3406 πάτερ.
2385 3333 2515 3387 Erat
2551 3330 2723 3399 igitur
2753 3328 2873 3384 haec
2907 3327 3210 3383 liberorum
3264 3326 3334 3380 ab
3366 3327 3485 3395 ipsa

1838 3423 2045 3492 linguae
2065 3426 2276 3477 Graecae
2306 3419 2525 3490 origine
2556 3418 2768 3473 blanda
2797 3415 3102 3488 appellatio
3156 3414 3299 3484 patri
3330 3415 3482 3470 data.

1835 3513 2180 3569 Posteriores
2237 3510 2414 3567 Graeci
2475 3509 2734 3565 eamdem
2810 3505 3256 3577 appellationem
3315 3506 3484 3560 etiam

1836 3603 1951 3658 illis
1982 3603 2325 3668 tribuerunt,
2359 3617 2500 3672 quos
2533 3598 2692 3669 quasi
2742 3605 2962 3667 patrum
3015 3596 3139 3652 loco
3183 3594 3482 3650 habemus.

1834 3693 2172 3748 Scholiasles
2211 3691 2432 3745 Homeri
2463 3705 2475 3742 :
2509 3685 2727 3754 Πάππα,
2781 3684 3159 3763 προσφῦνησις
3213 3681 3484 3761 φιλοφρο-

1834 3801 1934 3851 νητ
1954 3783 2040 3848 ικὴ
2070 3779 2337 3851 νεωτέρου
2368 3777 2504 3850 πρὸς
2535 3769 2918 3850 πρεσϐύτερον.
2971 3778 3238 3829 Juttiores
3295 3777 3480 3829 senio-

1833 3871 1991 3927 ribns
2024 3881 2292 3940 tanquam
2326 3868 2429 3921 ﬁlii
2460 3864 2785 3936 parentibus
2832 3864 3055 3917 titulum
3086 3864 3236 3917 hunc
3268 3861 3481 3916 tribue-

1834 3962 2002 4027 bant;
2025 3975 2073 4016 et
2098 3959 2196 4014 ubi
2217 3958 2362 4012 ueluti
2392 3957 2635 4024 dignitas
2655 3957 2842 4023 aliqua
2864 3953 3120 4012 accessit.
3155 3950 3351 4006 titulus
3384 3969 3479 4006 ve-

1835 4050 2146 4106 nerationis
2175 4045 2499 4102 habebatur.
2529 4042 2607 4098 Τὸ
2634 4040 2825 4096 πάππα
2846 4039 2933 4093 καὶ
2955 4037 3016 4093 τὸ
3040 4035 3189 4092 ἄππα
3212 4037 3272 4092 οὗ
3300 4036 3479 4110 ψιλῶς

1835 4139 1862 4192 ὁ
1893 4136 2097 4209 πατὴρ,
2129 4132 2442 4207 ἀλλὰπρὸς
2491 4130 2696 4204 πατέρα
2746 4129 2972 4198 σεπτική
3029 4128 3200 4204 φωνή,
3254 4128 3481 4184 Suittas.

1833 4229 1944 4285 Sub
1970 4230 2074 4284 bac
2108 4225 2491 4282 venerationis
2522 4232 2658 4278 nota
2689 4221 2868 4282 πάπας
2928 4239 2960 4275 a
3007 4220 3239 4288 Graecis,
3279 4237 3422 4290 papa
3451 4238 3483 4273 a

1838 4319 2064 4384 Latinis,
2097 4315 2376 4386 primaevis
2419 4312 2684 4369 Ecclesiae
2743 4310 3092 4382 temporibus
3133 4310 3485 4364 tribuebatur

1834 4409 2136 4478 episcopis,
2186 4420 2325 4477 quos
2384 4405 2508 4460 loco
2564 4401 2943 4473 spiritualium
3008 4409 3222 4469 patrum
3273 4399 3482 4453 halluc-

1836 4505 1987 4553 runt.
2032 4498 2197 4552 Nulla
2255 4496 2351 4550 hic
2408 4493 2520 4561 avi,
2578 4493 2734 4548 nulla
2792 4496 2970 4561 putris
3023 4497 3246 4560 patrum
3304 4489 3480 4544 notio.

1837 4593 1952 4642 Hoc
1983 4597 2166 4641 autem
2203 4585 2451 4639 secundo
2482 4588 2736 4652 apparet,
2771 4581 2917 4649 quod
2955 4580 3265 4633 titulusille
3287 4586 3480 4633 eorum

1835 4695 1950 4734 aevo
1982 4694 2094 4748 quo
2125 4678 2193 4730 de
2225 4674 2460 4729 Heracla
2519 4681 2817 4740 osurpatus
2867 4679 2970 4733 est,
3024 4671 3152 4724 aliis
3203 4668 3482 4737 episcottis

1837 4784 2003 4839 quant
2042 4765 2372 4832 patriarchis
2403 4762 2728 4817 communis
2761 4769 2899 4814 erat.
2952 4759 3144 4812 Clerus
3189 4761 3478 4812 Romanus

1835 4860 1903 4911 ad
1965 4856 2182 4911 clerum
2244 4852 2786 4918 Carthaginensetu:
2852 4846 3152 4899 Didicimus
3204 4860 3482 4899 secessisse

1840 4943 2178 5001 benedictum
2211 4957 2420 5011 papam
2475 4939 2824 5008 (‘ypriauum
2849 4950 2882 4988 a
2909 4933 3206 4988 Clementia
3262 4932 3480 4984 subdia-

1833 5049 1988 5090 cono.
2025 5033 2196 5087 tidem
2232 5031 2290 5085 in
2333 5029 2499 5083 titulo
2549 5025 2802 5092 epistolae
2854 5025 2918 5075 ad
2975 5023 3158 5090 ipsum
3217 5021 3480 5088 scriptae;

1838 5122 2114 5195 Cypriane
2143 5134 2298 5189 papae
2346 5113 2650 5187 presbyteri
2693 5119 2744 5166 et
2793 5111 3008 5165 diaconi
3067 5111 3250 5165 Romae
3306 5110 3482 5164 consi-

1834 5217 2032 5268 stentes
2061 5210 2117 5264 S.
2151 5211 2232 5263 Ita
2265 5208 2452 5261 Romae
2511 5205 2587 5257 ita
2620 5203 2676 5256 in
2710 5201 2894 5255 Africa
2930 5199 3102 5253 locuti
3147 5205 3316 5253 sunt:
3353 5197 3483 5253 Uni-

1836 5302 1984 5358 versi
2013 5301 2340 5369 confessores
2372 5292 2652 5365 Cypriane
2691 5305 2843 5361 papae
2874 5289 2928 5344 S.
2964 5289 3338 5356 Hieronymus
3378 5287 3486 5341 ali-

1836 5392 2062 5464 quando
2135 5385 2514 5455 Tthphilum
2607 5382 2958 5451 cpiseOpum,
3035 5376 3485 5433 Alexandrinum

1833 5497 2032 5554 papam
2069 5477 2336 5550 appellat,
2380 5478 2439 5528 ut
2470 5472 2526 5527 in
2559 5468 2830 5540 Apologia
2864 5468 3130 5523 adversus
3170 5465 3484 5534 Butﬁnttm,

1835 5573 1980 5638 Ergo
2001 5567 2273 5638 etpistola’
2305 5577 2468 5636 papae
2494 5557 2779 5630 Theophili
2803 5563 2860 5611 et
2891 5554 3218 5627 Epiphanii
3247 5561 3300 5611 et
3325 5556 3478 5610 alio-

1834 5675 1962 5715 rum
1990 5659 2364 5729 episcoporum
2395 5661 2443 5708 te
2491 5656 2704 5724 petunt,
2758 5654 2810 5703 te
2857 5647 3152 5712 lacerant;
3212 5649 3269 5702 et
3314 5644 3483 5717 paulo

1836 5756 2006 5824 post:
2074 5746 2243 5803 Lectis
2325 5757 2502 5814 nuper
2581 5753 2744 5813 papae
2837 5733 3118 5808 TheOphili
3217 5735 3481 5804 epistolis,
