3974 6296
427 371 545 431 243

1466 362 1529 428 s.
1579 357 1978 430 lGNATIUS.
2025 399 2102 411 -
2145 362 2769 432 PBOLEGOMENA.

3719 372 3852 430 244

434 509 783 576 iterumque:
817 504 972 560 Nunc
995 506 1245 576 primum
1270 521 1303 559 a
1323 520 1463 575 papa
1497 502 1789 576 Theophzlo
1822 503 2075 559 didicisse
2104 510 2160 576 A
2189 506 2336 574 apud
2368 506 2658 578 [Ethiopas
2687 509 3084 564 intemeratum
3116 508 3187 562 ad
3251 521 3354 562 sua
3383 521 3559 578 usque
3591 511 3858 579 tempora

439 596 748 667 impietates
777 595 912 665 ejus.
946 596 1013 649 Et
1043 595 1101 649 in
1133 593 1368 664 epistola
1425 594 1490 648 ad
1543 595 1728 662 ipsum
1773 593 1940 648 data:
1983 591 2086 648 Ad-

441 685 623 740 nitere
661 701 808 754 ergo,
843 701 984 756 papa
1009 683 1386 739 amantissime
1415 687 1577 754 atque
1599 684 1926 738 beatissime.
1963 680 2089 738 Non

449 777 599 846 quod
635 773 784 829 hunc
817 773 1049 828 titulum
1098 774 1479 828 Alexandrino
1527 773 1791 842 episcOpo
1840 771 2092 841 peculia—

447 880 564 918 rem
600 865 1277 930 crederet;Anastasium
1319 863 1468 917 enim
1521 860 1689 915 simul
1742 876 1871 915 cum
1916 859 2098 915 Theo-

448 954 604 1022 philo
635 953 959 1012 nominans.
1013 954 1198 1016 illum,
1250 969 1361 1006 non
1414 952 1588 1015 hunc,
1639 965 1842 1020 papam
1892 957 2087 1004 vocat:

450 1040 590 1108 Quid
621 1041 840 1110 faciunt
871 1043 1119 1112 epistolae
1152 1040 1435 1110 Theophili
1462 1041 1717 1109 episcopi,
1749 1037 1880 1109 quid
1933 1052 2094 1108 papae

443 1133 750 1188 Anastasii.
784 1149 843 1185 ιη
877 1141 986 1185 tota
1019 1132 1145 1185 orbe
1175 1130 1497 1186 hierelicum
1518 1137 1893 1200 persequentes
1919 1128 1945 1181 ?
1975 1130 2092 1182 Imo

443 1220 502 1274 iu
534 1223 773 1289 epistula
807 1224 872 1274 ad
909 1220 1286 1288 Theophilum
1318 1221 1450 1272 data
1488 1217 1843 1272 Auastasium
1894 1232 2093 1287 papam

444 1310 718 1377 appellat,
754 1311 834 1363 Ex
867 1310 1272 1379 dispensatione
1303 1310 1402 1362 Dei
1428 1312 1634 1376 [actum
1665 1316 1813 1376 puto.
1853 1311 1911 1359 ut
1939 1321 2003 1360 eo
2033 1303 2095 1358 in

444 1406 687 1467 tempore
719 1408 778 1452 tu
807 1415 1012 1470 quoque
1043 1399 1114 1451 ad
1175 1396 1523 1451 Anastasium
1569 1412 1769 1465 papam
1807 1394 2093 1449 scriberes.

447 1488 604 1540 Alius
625 1492 794 1543 etiam
819 1493 1011 1542 ιιιηιιιιιι
1044 1493 1270 1542 numine
1295 1488 1554 1557 iudigitat
1581 1505 1591 1540 :
1618 1487 1695 1541 Ne
1713 1503 1798 1540 me
1822 1489 2007 1539 mittas
2027 1483 2098 1538 ad

449 1595 548 1634 sca-
577 1579 766 1632 millia
800 1580 1066 1633 librorum
1101 1581 1234 1646 τίνω,
1261 1593 1390 1647 quos
1426 1577 1621 1644 legisse
1660 1575 1873 1629 beatum
1897 1591 2098 1645 papam

448 1672 820 1743 Epiphanimu
844 1673 1192 1727 criminaris;
1229 1679 1275 1721 el
1314 1683 1537 1721 rubus:
1574 1667 1767 1736 Erupit
1797 1664 2100 1735 aliquando

451 1777 634 1817 contra
674 1778 872 1831 pupum
934 1758 1327 1828 Epiphaniam,
1380 1755 1643 1825 Apologia
1701 1755 1971 1810 secunda.
2033 1753 2098 1806 In

449 1852 721 1923 prumuiiu
779 1848 1327 1904 Uununentarimum
1387 1846 1446 1901 in
1529 1844 1761 1910 Jonam,
1822 1842 2098 1900 Caeterum

447 1959 554 1994 mm
587 1941 929 2007 ignoramus.
967 1938 1247 1991 Chron-ali
1277 1952 1418 2006 papa
1447 1933 1803 1989 uenerabilis.
1858 1937 1921 1987 In
1977 1931 2099 2000 epi-

449 2036 589 2085 sti-la
623 2037 688 2084 all
722 2031 1094 2091 Augustinum
1124 2044 1134 2054 ·
1168 2027 1506 2082 Incolumem
1555 2033 1607 2079 et
1653 2025 1763 2078 mei
1809 2037 2100 2077 memorem

451 2134 498 2178 te
531 2122 736 2175 Christi
773 2120 997 2173 (mmini
1035 2117 1328 2172 clementia
1385 2120 1628 2181 tueatur,
1683 2113 1899 2168 domine
1942 2128 2100 2167 vene-

451 2213 621 2266 rande
642 2227 690 2264 et
727 2207 1042 2262 beatissime
1093 2223 1258 2276 pupa.
1311 2205 1390 2258 Ita
1442 2203 1642 2274 reliqui
1701 2203 1953 2273 ejusdem
2000 2199 2102 2254 aevi

455 2318 662 2356 nomen
699 2313 863 2369 papa
894 2296 1124 2350 cuilibet
1185 2296 1449 2365 episc0po
1502 2293 1842 2349 tribuebant.
1893 2290 2099 2357 Tertio,

460 2393 727 2445 usitatum
777 2389 928 2442 hunc
986 2386 1207 2439 titulum
1270 2386 1438 2438 etiam
1490 2390 1622 2437 ante
1678 2381 2011 2449 Dionysium
2049 2387 2103 2434 et

460 2482 757 2536 Heraclam
787 2482 952 2534 docet
986 2493 1088 2531 nos
1135 2475 1520 2531 Tertullianus
1551 2473 1650 2527 lib.
1702 2475 1778 2527 De
1824 2470 2104 2542 pudicitia

467 2588 589 2639 cap.
629 2572 716 2638 l3,
750 2570 846 2638 qui
903 2568 972 2623 de
1019 2567 1284 2637 episcOpo
1334 2566 1585 2619 Romano
1626 2563 1745 2618 haec
1804 2561 2002 2616 habet:
2037 2563 2104 2614 In

461 2677 582 2716 eum
615 2661 852 2714 hominis
901 2656 1133 2722 exitum,
1193 2663 1465 2726 quantum
1500 2661 1667 2723 potes,
1710 2649 2104 2706 misericordia

460 2749 737 2805 illecebris
769 2748 941 2802 bonus
964 2748 1228 2818 pastor,et
1253 2743 1562 2799 benedictus
1577 2757 1721 2813 papa
1738 2741 2102 2797 concionaris.

458 2839 599 2895 Cum
630 2839 798 2907 igitur
827 2852 930 2892 vox
960 2851 1109 2905 papa
1140 2849 1430 2904 nunquam
1462 2832 1742 2901 signiﬁcet
1788 2846 1973 2896 avum,
2006 2828 2102 2883 sed

457 2929 722 2984 omnibus
752 2925 1036 2996 episcopis
1065 2939 1286 2993 semper
1318 2921 1526 2978 tributa
1564 2920 1654 2987 sit,
1688 2926 1742 2975 et
1790 2919 1948 2988 prius
1979 2916 2102 2988 qui-

456 3018 592 3072 dem
624 3015 889 3086 episcopo
921 3014 1172 3068 Romano
1223 3027 1388 3080 quam
1447 3008 1855 3075 Alexandrino,
1906 3007 2104 3062 inania

457 3112 586 3162 sunt
617 3104 808 3160 omnia
853 3103 924 3158 ob
988 3118 1108 3172 quae
1168 3101 1316 3156 hanc
1364 3098 1656 3153 historiam
1715 3095 2104 3165 excogitarunt

453 3194 667 3250 Arabes
699 3211 714 3262 ;
746 3191 885 3247 falsa
914 3191 1084 3246 etiam
1131 3193 1189 3244 et
1237 3188 1472 3244 historia
1523 3187 1592 3261 ad
1641 3187 1842 3242 horum
1883 3192 2100 3240 tantum

459 3283 957 3340 conﬁrmationem
984 3277 1212 3334 tradita.

530 3389 902 3446 Excussimus
928 3385 1299 3442 traditionem
1329 3383 1733 3455 Egyptiacam,
1783 3398 1952 3454 quam
2001 3397 2107 3438 nos

463 3494 759 3548 nunquam
785 3485 972 3532 natam
1004 3475 1176 3532 fuisse
1215 3474 1637 3540 contendimus,
1687 3479 1740 3528 et
1791 3471 1861 3527 ab
1909 3470 2105 3527 Arabi-

467 3568 572 3624 bus
601 3565 992 3622 tantummodo
1022 3564 1250 3632 ﬁctam;
1283 3578 1415 3619 ecce
1443 3569 1629 3618 autem
1682 3561 1850 3617 etiam
1897 3558 2106 3616 redivi-

461 3671 588 3711 vam
622 3662 675 3710 et
704 3654 772 3709 ad
806 3653 960 3708 hunc
991 3667 1170 3721 usque
1197 3651 1348 3706 diem
1375 3649 1730 3721 superstitem
1758 3650 1768 3704 l
1801 3645 2108 3719 Eutychia-

462 3761 596 3799 nam
660 3743 1012 3800 traditionem
1067 3741 1254 3810 ﬁrmat
1318 3740 1455 3796 idem
1516 3741 1858 3806 institutum,
1922 3737 2109 3807 inquit

458 3833 727 3900 Dallaaus,
766 3832 828 3888 in
885 3829 1275 3903 antiquitsima
1329 3839 1380 3886 et
1437 3829 1786 3885 nobilissima
1839 3825 2108 3883 Ecclesia:

457 3922 804 3995 Ai'gyptiacx
819 3921 1069 3987 traduce,
1095 3918 1401 3990 [Ethiopica
1423 3918 1862 3986 Christianitate,
1893 3917 1972 3972 ad
1991 3915 2107 3970 hac

455 4029 627 4084 usque
648 4016 898 4083 tempora
916 4017 1220 4066 servatum.
1244 4009 1308 4063 In
1331 4007 1484 4064 omni
1504 4008 1654 4062 enim
1673 4006 1998 4076 zElhiopica
2012 4005 2109 4061 Ec-

453 4104 626 4160 clesia
654 4117 798 4158 unus
825 4104 902 4157 est
923 4100 1043 4170 jam
1067 4098 1134 4154 ab
1154 4097 1403 4168 antiquis
1435 4097 1773 4170 temporibus
1801 4097 2103 4166 episcOpus,

457 4191 662 4258 abuna,
694 4194 754 4244 ut
771 4197 993 4255 vocant,
1023 4187 1079 4241 id
1109 4191 1197 4242 est
1222 4185 1577 4258 patriarcha,
1607 4187 1704 4256 qui
1731 4186 1899 4240 etiam
1947 4181 2108 4238 hodie

456 4280 524 4335 ab
564 4277 957 4335 Alexandrino
1000 4275 1333 4348 patriarcha
1384 4283 1728 4332 consecratur
1756 4278 1809 4330 et
1840 4274 2104 4327 mittitur-

457 4369 704 4438 Antiqua
741 4373 930 4423 autem
960 4370 1216 4436 tempora
1246 4379 1367 4436 quas
1399 4365 1532 4431 sint,
1583 4367 1778 4434 postea
1821 4360 2106 4428 ostendit;

457 4457 539 4512 ait
567 4457 626 4512 in
656 4456 954 4527 EthiOpim
985 4453 1193 4525 pariter
1247 4468 1313 4510 ao
1359 4453 1583 4526 Egypti
1641 4449 2009 4521 amplissimis
2055 4454 2110 4504 et

459 4545 961 4603 Christianissimis
1018 4543 1338 4600 civitatibus
1397 4542 1586 4598 nullos
1653 4539 1725 4594 ad
1785 4555 1819 4594 a
1880 4538 1943 4592 D.
2007 4537 2109 4591 190

2128 1891 2176 1954 Β

2191 595 2612 664 permansisse?
2643 596 2786 652 nihil
2808 597 3028 654 horum.
3061 598 3122 652 Id
3153 611 3328 652 unum
3358 605 3640 664 asserunt,
3668 613 3854 668 supe—

2193 683 2330 738 riori
2359 685 2566 741 saeculo
2595 687 2784 742 nullos
2814 687 2988 742 fuisse
3017 686 3076 742 in
3103 687 3350 743 Ecclesia
3381 686 3694 756 Ethiopica
3724 687 3854 757 epi-

2195 789 2415 843 scopos,
2446 774 2689 830 abunam
2724 791 2898 830 unum
2947 777 3019 831 ab
3076 774 3462 831 Alexandrino
3519 777 3852 845 patriarcha

2197 862 2439 917 electum
2473 871 2525 918 et
2564 871 2840 919 creatum.
2876 866 3083 920 Demus
3144 867 3312 935 igitur
3356 865 3410 920 id
3453 881 3647 921 verum
3695 882 3856 933 esse,

2199 954 2344 1021 quod
2375 968 2572 1007 eorum
2620 955 2941 1009 testimonio
2993 955 3380 1020 conﬁrmatur,
3442 954 3667 1010 etiamsi
3727 955 3856 1009 illis

2201 1040 2366 1110 longe
2399 1041 2585 1110 plures
2615 1043 2961 1097 contrarium
2995 1043 3164 1112 plane
3193 1044 3451 1110 doceant,
3503 1052 3671 1113 atque
3699 1045 3858 1099 inter

2199 1145 2296 1184 eos
2327 1130 2448 1200 ipse
2477 1131 2802 1186 Salmasius.
2852 1136 2931 1187 An
2987 1133 3121 1187 inde
3179 1135 3429 1203 sequitur
3487 1133 3856 1188 traditionem

2203 1220 2612 1287 Eutychianam
2636 1222 2692 1276 in
2729 1222 2964 1292 Egypto
2991 1238 3177 1278 revera
3200 1223 3270 1278 ab
3319 1222 3482 1278 initio
3511 1222 3856 1290 obtinuisse,

2203 1315 2259 1363 et
2274 1324 2363 1364 om
2376 1325 2500 1363 nem
2519 1312 2827 1379 lgnatianis
2842 1312 3094 1380 epistolis
3109 1312 3274 1368 ﬁdem
3291 1311 3672 1381 abrogandam
3689 1316 3862 1367 esse?

2201 1397 2355 1451 Nulli
2389 1399 2617 1453 fuerunt
2667 1399 2722 1452 in
2778 1400 3066 1470 Ethiopia
3124 1400 3374 1470 episcOpi
3417 1413 3615 1469 praeter
3670 1415 3859 1455 unum

2203 1487 2446 1543 abunam
2473 1489 2683 1544 saeculo
2721 1507 2834 1544 χιιι.
2869 1490 3012 1559 Ergo
3043 1491 3184 1546 nulli
3218 1500 3375 1546 erant
3421 1491 3479 1546 in
3531 1498 3643 1546 tota
3689 1491 3861 1561 [Egy-

2205 1577 2387 1645 ptiaca
2429 1578 2657 1632 dimcesi
2690 1577 2870 1647 primo
2902 1578 2986 1632 vel
3021 1579 3273 1634 secundo
3313 1579 3520 1633 saculo
3571 1594 3751 1650 usque
3785 1580 3858 1634 ad

2204 1682 2258 1720 a.
2292 1666 2358 1719 D.
2394 1665 2496 1719 490
2552 1667 2804 1737 episcOpi
2861 1677 3062 1737 praeter
3119 1669 3569 1725 Alexmdrinnm
3619 1668 3864 1739 patriar-

2205 1756 2370 1812 cham
2397 1776 2411 1824 ;
2440 1757 2677 1828 ideoque
2707 1757 2960 1826 epistolas
2994 1759 3195 1825 lgnatii
3227 1759 3485 1815 conﬁctae
3519 1767 3672 1814 sunt.
3727 1759 3858 1815 Non

2207 1845 2532 1914 probataut
2585 1848 2850 1909 admittit,
2914 1849 3136 1917 opinor,
3193 1847 3338 1904 hanc
3386 1849 3859 1918 consequentiam

2210 1935 2292 1988 vir
2323 1935 2700 1991 doctissimus.
2736 1936 2967 2006 Reliqua
2996 1938 3148 1994 enim
3180 1937 3374 1993 omnia
3403 1953 3524 2008 quae
3556 1953 3864 1994 enumera-

2209 2026 2416 2090 vimus,
2477 2025 2544 2079 ad
2596 2025 3005 2098 Eutychianam
3065 2027 3431 2083 traditionem
3491 2028 3863 2095 ﬁrmandam,

2212 2114 2374 2184 plura
2403 2122 2596 2170 autem
2628 2117 2696 2170 ad
2754 2117 3033 2186 Ignatium
3077 2119 3436 2188 epistolicum
3486 2120 3868 2188 rejiciendum

2212 2204 2536 2260 necessaria
2561 2212 2691 2259 sunt
2720 2221 2734 2260 :
2768 2221 2894 2275 quas
2924 2207 3111 2263 adhuc
3151 2207 3310 2264 nullo
3358 2206 3686 2262 testimonio
3735 2223 3878 2263 con-

2214 2293 2538 2362 ﬁrmantur,
2558 2293 2686 2350 .imo
2718 2310 2840 2364 qua:
2878 2294 3038 2352 nullo
3069 2296 3394 2353 conﬁrmari
3429 2300 3685 2368 possunt.

2286 2401 2476 2457 Primo
2506 2403 2658 2457 enim
2692 2401 3090 2459 Christianitas
3112 2405 3436 2477 Ethiopica
3466 2405 3535 2461 ab
3558 2405 3723 2462 initio
3743 2422 3863 2462 non

2213 2491 2432 2546 videtur
2463 2491 2638 2550 fuisse
2695 2493 2960 2548 Ecclesiae
3016 2497 3356 2566 Egyptiacae
3411 2495 3631 2550 tradux.
3693 2495 3863 2563 Nam,

2215 2587 2353 2636 teste
2384 2581 2617 2646 Irenaeo,
2653 2582 2689 2637 I.
2724 2599 2809 2648 ιιι,
2841 2597 2892 2638 c.
2938 2581 3030 2653 42,
3081 2584 3258 2654 Spado
3301 2586 3505 2654 regina
3547 2584 3867 2656 Ethiopum

2212 2671 2418 2725 missus
2445 2679 2524 2726 est
2556 2673 2613 2726 in
2662 2673 2916 2742 regiones
2948 2673 3247 2744 (Ethiopiae
3295 2673 3714 2745 praedicaturus
3769 2681 3868 2730 hoc

2213 2760 2352 2830 quod
2381 2762 2494 2831 ipse
2521 2760 2845 2816 crediderat.
2872 2761 3028 2818 Idem
3061 2769 3299 2818 testatur
3329 2762 3530 2818 Euseb.
3560 2763 3597 2819 l.
3634 2777 3696 2830 ιι,
3729 2779 3782 2820 c.
3808 2765 3864 2830 l,

2212 2857 2265 2904 et
2297 2849 2355 2906 S.
2391 2849 2618 2905 Hieron.
2653 2850 2714 2905 in
2743 2867 2836 2906 LIII
2869 2851 3050 2919 Isaia,
3085 2856 3139 2907 et
3167 2853 3224 2907 S.
3272 2852 3443 2921 Cyril.
3494 2853 3713 2909 catech.
3768 2854 3856 2908 17.

2214 2939 2371 2994 Unde
2400 2947 2453 2994 et
2509 2939 2795 3010 lEthiopes
2853 2940 2961 3012 ipsi
2991 2958 3023 2994 a
3052 2941 3315 3011 Philippo
3362 2942 3619 3012 apostolo
3668 2959 3732 2997 se
3788 2945 3856 2999 ad

2212 3027 2381 3084 ﬁdem
2413 3043 2715 3084 conversos
2740 3028 3094 3097 proﬁtentur.
3145 3029 3352 3085 Volunt
3381 3030 3546 3085 etiam
3588 3030 3860 3086 nonnulli

2212 3116 2269 3173 S.
2325 3117 2598 3173 Thomam
2658 3117 3020 3187 [Ethiopibus
3061 3117 3429 3188 Evangelium
3490 3120 3854 3188 praedicasse,

2213 3205 2310 3260 alii
2341 3205 2398 3260 S.
2433 3205 2786 3271 Matthmum,
2810 3213 2868 3260 ut
2895 3209 3052 3280 Socr.
3089 3207 3126 3261 Ι.
3159 3223 3197 3275 ι,
3231 3222 3282 3263 c.
3315 3206 3404 3277 49,
3437 3207 3699 3262 Rufﬁnus
3732 3208 3768 3264 Ι.
3800 3225 3856 3263 x.

2217 3309 2267 3350 c.
2298 3295 2352 3362 9,
2390 3294 2684 3365 Utcunque
2724 3295 2814 3362 sit,
2873 3301 3006 3350 sunt
3061 3296 3213 3351 enim
3272 3295 3466 3366 primas
3519 3297 3860 3367 evangelica;

2217 3383 2686 3454 promulgationis
2717 3384 2950 3453 vestigia
2973 3390 3031 3439 ut
3056 3385 3204 3456 apud
3251 3385 3391 3440 alias
3420 3397 3614 3455 gentes
3644 3403 3674 3440 a
3704 3385 3864 3440 Grae-

2215 3474 2299 3528 cis
2331 3472 2497 3543 longe
2525 3472 2783 3541 diss;tas,
2836 3474 2911 3528 ita
2941 3480 2996 3528 et
3031 3473 3178 3543 apud
3224 3473 3512 3544 EthiOpas
3557 3475 3718 3530 valde
3750 3476 3861 3530 ob-

2218 3575 2400 3624 scura,
2435 3576 2604 3617 nemo
2634 3568 2820 3617 tamen
2852 3570 3101 3617 veterum
3145 3562 3284 3617 dixit
3338 3563 3629 3634 Ethiopas
3678 3565 3863 3634 primo

2216 3649 2306 3707 vel
2355 3650 2610 3706 secundo
2667 3651 2873 3707 saeculo
2931 3651 3268 3722 retigionem
3325 3652 3704 3709 Christianam
3789 3652 3861 3709 ab

2215 3739 2490 3810 Egyptiis
2543 3739 2857 3807 didicisse;
2916 3740 3065 3809 quod
3125 3748 3241 3795 erat
3321 3742 3392 3796 ad
3448 3741 3862 3811 Eutychianam

2216 3838 2574 3895 traditionem
2608 3838 2945 3893 ﬁrmandam
2987 3838 3270 3909 imprimis
3311 3839 3546 3910 probatu
3597 3856 3859 3896 necessa-

2215 3929 2389 3983 rium.
2422 3928 2488 3983 Et
2521 3927 2726 3983 mirum
2757 3935 2862 3994 est,
2895 3935 3028 3999 quot
3053 3934 3106 3984 et
3136 3928 3324 4000 qualia
3365 3929 3481 3984 haec
3531 3929 3602 3984 de
3646 3930 3865 4000 lgnatio

2215 4018 2542 4088 conjectura
2597 4016 2872 4072 Dallasum
2951 4016 3164 4083 docuit,
3221 4032 3343 4088 quae
3396 4025 3561 4074 antea
3631 4035 3864 4088 prorsus

2216 4107 2518 4178 ignoravit.
2573 4107 2658 4162 Ita
2705 4107 2858 4161 enim
2905 4107 3026 4175 ipse
3069 4107 3138 4161 de
3195 4107 3470 4178 Pseudep.
3511 4116 3690 4178 apost.
3753 4108 3870 4175 1.1,

2216 4208 2267 4249 c.
2299 4194 2375 4248 2:
2409 4193 2512 4248 Sed
2542 4194 2826 4264 IEthiOpas
2855 4192 3077 4262 quidem
3124 4195 3430 4260 mittamus,
3479 4210 3710 4264 quorum
3757 4212 3872 4251 non

2215 4285 2330 4339 nisi
2357 4286 2740 4340 recentissima
2767 4284 3040 4347 novimus,
3073 4282 3303 4354 antiqua
3326 4285 3494 4355 plane
3528 4287 3863 4355 ignoramus.

2291 4373 2555 4427 Fatemur
2610 4372 2863 4442 quidem,
2924 4371 3196 4440 quidquid
3255 4372 3325 4426 ab
3418 4374 3716 4445 Eunucho,
3765 4383 3866 4431 aut

2217 4461 2455 4528 Thema,
2486 4468 2581 4516 aut
2609 4460 2873 4516 Matlhsso
2904 4459 3110 4515 factum
3139 4464 3229 4516 est
3265 4460 3325 4516 in
3364 4461 3481 4517 illis
3513 4465 3858 4537 regionibus,

2218 4550 2509 4622 Ethiopas
2557 4550 2863 4620 aliquando
2935 4549 3314 4606 Christianam
3386 4551 3718 4626 religionem
3788 4556 3858 4611 ab

459 4636 776 4706 episcopos,
802 4635 1050 4692 abunam
1085 4641 1302 4690 tantum
1333 4631 1506 4688 fuisse
1548 4627 1928 4699 lEthiopicum
1962 4630 2024 4682 ut
2053 4634 2105 4682 et
2136 4635 2183 4700 Ι)
2214 4639 2489 4710 ίΕεγριὶξς
2517 4639 2790 4706 hausisse,
2825 4640 2974 4711 quod
3008 4640 3188 4696 multa
3216 4641 3629 4700 demonstrant,
3691 4646 3855 4712 Qum-

458 4725 840 4798 patriarcham
869 4724 1339 4780 Alexandrinum.

534 4834 730 4900 Quaero
760 4840 946 4889 autem
1006 4832 1157 4888 unde
1213 4831 1333 4885 haec
1396 4825 1587 4882 omnia
1646 4840 1748 4896 pro
1804 4824 2107 4894 compertis

463 4923 670 4979 habeat
727 4923 813 4977 vir
867 4921 1246 4978 doctissimus.
1307 4916 1499 4972 Testes
1564 4922 1801 4985 quatuor
1855 4912 2105 4983 adducit,

461 5011 814 5082 Alphonsum
857 5009 1218 5078 Mindesium,
1244 5003 1542 5062 Nicolaum
1574 5004 1920 5074 Godignum,
1943 5004 2108 5059 Joan-

465 5116 597 5157 nem
627 5118 661 5156 a
687 5101 926 5169 Sanctis,
960 5097 1324 5153 Franciscum
1354 5093 1638 5159 Alvarem,
1681 5109 1926 5163 nuperos
1965 5092 2105 5148 scri-

461 5196 650 5260 ptores
707 5204 924 5254 omnes,
982 5185 1228 5241 Jesuitas
1299 5190 1397 5238 aut
1479 5182 1902 5238 Dominicanos.
1963 5181 2108 5247 Quid

459 5285 656 5336 autem
685 5279 771 5334 illi
820 5273 1147 5332 testantur?
1191 5288 1265 5327 an
1311 5271 1787 5327 Christianitatem
1833 5271 2106 5341 Ethiopi-

461 5384 589 5426 cam
620 5367 691 5424 ab
747 5365 910 5422 initio
965 5362 1140 5418 fuisse
1195 5361 1462 5418 Ecclesia:
1516 5362 1853 5433 Egyptiacie
1912 5361 2106 5416 tradu-

463 5458 636 5514 cem?
665 5473 738 5513 an
769 5456 838 5510 ab
886 5451 1120 5521 antiquo
1172 5466 1344 5521 usque
1373 5451 1442 5506 ad
1472 5468 1504 5506 a
1536 5455 1598 5506 D.
1653 5449 1782 5518 l90,
1829 5450 2003 5506 fuisse
2048 5451 2109 5506 in

466 5546 751 5613 lEthiOpia
785 5541 1160 5613 patriarcham
1191 5548 1286 5596 aut
1312 5540 1561 5597 abunam
1591 5555 1721 5597 cum
1772 5539 2110 5610 presbyteris

467 5635 924 5707 quamplurimis,
949 5633 1210 5703 episc0po
1240 5641 1428 5690 autem
1458 5632 1618 5688 nullo
1635 5632 1662 5686 ?
1685 5648 1758 5687 an
1782 5632 1930 5688 hanc
1960 5631 2108 5702 regio

466 5725 645 5790 minis
701 5725 939 5782 formam
991 5721 1062 5782 ab
1112 5722 1386 5794 ngyptiis
1443 5720 1616 5778 fuisse
1668 5720 2000 5791 derivatum,
2055 5729 2112 5778 et

2212 4729 2355 4784 ritur
2385 4735 2601 4784 tantum
2651 4729 2720 4785 de
2779 4732 3054 4800 tempore,
3098 4729 3262 4800 cujus
3311 4731 3557 4802 cognitio
3617 4742 3734 4789 erat
3786 4735 3858 4790 ad

2215 4819 2324 4876 hoc
2345 4827 2744 4891 argumentum
2766 4821 2936 4892 plane
2965 4822 3300 4878 necessaria.
3336 4823 3475 4880 Nam
3511 4824 3621 4880 nisi
3651 4825 3858 4895 probe-

2217 4916 2305 4966 tur
2325 4911 2615 4982 }Ethiopas
2651 4909 2900 4966 abunam
2934 4911 3196 4967 habuisse
3219 4912 3289 4966 ab
3319 4912 3584 4984 episcopo
3617 4913 3859 4970 Alexan-

2217 4999 2380 5056 drino
2409 5008 2681 5069 creatum,
2722 5000 2816 5070 qui
2849 5015 2970 5056 eam
2998 4997 3314 5056 Ebclesiam
3360 5017 3490 5057 cum
3523 5002 3862 5073 presbyteris

2217 5089 2339 5145 sine
2371 5089 2483 5144 alio
2514 5089 2779 5159 episcOpo
2828 5088 3050 5151 rexerit,
3102 5097 3235 5145 ante
3265 5091 3535 5147 Demetrii
3583 5097 3858 5162 tempora,

2218 5178 2565 5248 Eutychiana
2597 5176 2822 5233 traditio
2845 5177 3005 5232 nullo
3032 5178 3200 5233 modo
3229 5177 3682 5235 conﬁrmabitur.
3726 5181 3862 5245 Quae

2217 5277 2404 5324 autem
2434 5267 2678 5322 Dallieus
2734 5265 2914 5336 affert,
2970 5272 3030 5321 ut
3083 5266 3466 5339 Ethiopieum
3523 5268 3860 5326 Christiani-

2219 5373 2404 5413 smum
2462 5357 2534 5412 ab
2589 5358 2823 5428 Egypts
2869 5365 3240 5426 propagatum
3301 5373 3422 5414 esse
3489 5359 3858 5431 demonstret,

2221 5449 2342 5505 haec
2374 5448 2766 5504 tantummodo
2797 5455 2967 5502 sunt:
2999 5447 3219 5513 Abuna,
3251 5447 3489 5514 scilicet,
3529 5449 3597 5504 ab
3624 5450 3862 5506 Alexan-

2218 5539 2378 5594 driuo
2411 5536 2735 5609 patriarcha
2788 5536 2899 5607 peti
2942 5534 3303 5607 ordinarique
3350 5538 3566 5610 solitus,
3613 5549 3669 5595 et
3708 5546 3861 5596 vetus

2217 5630 2464 5684 Dioscori
2491 5627 2729 5682 schisma
2757 5625 2847 5681 cui
2892 5640 3024 5693 gens
3068 5628 3183 5681 tota
3228 5625 3300 5681 ad
3344 5625 3670 5684 hodiernum
3717 5628 3859 5686 diem

2218 5717 2480 5785 adhaeret,
2528 5713 2727 5787 synodi
2785 5712 3237 5771 chalcedouensis
3284 5724 3336 5773 et
3383 5717 3580 5775 Leonis
3625 5721 3863 5780 Romani
