3974 6296
156 374 272 432 245

910 375 969 436 J.
1015 375 1439 437 PEARSONII
1484 373 1854 438 VINDICIIE
1895 377 2373 443 IGNA'I‘IANE.
2422 418 2500 430 -—
2541 385 2743 448 PARS
2791 388 2842 447 Ι.

3448 389 3569 449 246

161 512 397 581 episcOpi
427 512 755 568 memoriam
783 512 1129 570 abominans.
1164 513 1296 571 Haec
1351 519 1540 570 autem
1571 529 1678 569 nec
1731 513 1801 568 ad
1830 513 1885 582 Α
1912 515 2491 592 abduceretur(inquit
2523 523 2864 580 Athanasius
2913 524 2970 579 in
3006 523 3330 596 Apologia),
3360 523 3423 578 in
3450 539 3562 594 qua

161 617 209 656 α.
269 603 336 654 D.
395 601 524 670 190,
586 616 694 659 nec
753 603 821 658 ad
879 602 1107 658 Eusebii
1147 609 1402 673 tempora
1433 603 1808 673 pertingant;

161 692 398 760 ideoque
452 693 524 748 ad
577 707 696 747 rem
753 697 1090 762 praesentem
1121 692 1266 748 nihil
1297 692 1534 748 omnino
1566 692 1806 749 faciunt.

159 780 369 836 Arabes
399 782 633 851 quidem
692 781 1024 852 ,Ethiopicae
1077 782 1343 838 Ecclesia:
1388 783 1698 852 primordia
1737 782 1804 838 ad

161 871 597 926 Constantinum
630 872 807 928 ferme
836 872 1109 928 referunt.
1172 871 1528 927 Abull‘araius
1585 875 1742 928 notat
1773 888 1806 926 a

161 967 409 1032 tempore
467 962 830 1018 Constantini
905 961 1237 1032 religionem
1296 961 1675 1018 Christianam
1745 977 1806 1017 se

161 1051 465 1120 exeruisse,
525 1051 707 1105 donec
755 1066 878 1106 eam
963 1050 1440 1120 amplecterentur
1523 1049 1804 1122 pleneque

157 1154 343 1195 earum
373 1157 506 1211 quae
535 1141 809 1197 Romanis
837 1141 1035 1197 vicinae
1075 1147 1208 1198 sunt
1251 1147 1468 1212 gentes,
1521 1156 1627 1197 nec
1685 1157 1801 1197 non

159 1236 423 1300 quotquot
446 1229 774 1286 incolebant
829 1233 1012 1300 Copta;
1072 1229 1200 1286 aliis
1255 1236 1308 1286 et
1357 1230 1587 1301 Nigritte
1616 1229 1802 1286 omni-

159 1319 278 1387 geni
334 1335 405 1374 ex
466 1319 843 1390 £thi0pihus,
904 1319 1105 1376 Nubiis
1152 1319 1504 1390 ceterisque.
1558 1322 1801 1390 Geogra-

159 1407 262 1477 pho
329 1408 611 1464 Nubiensi
676 1417 1065 1465 memorantur
1129 1410 1309 1480 Nigri,
1383 1410 1480 1480 qui
1533 1413 1800 1465 vocantur

154 1496 381 1553 Albanin
432 1506 487 1554 et
513 1498 784 1554 dicuntur
809 1515 922 1555 esse
951 1498 1146 1566 Graeci,
1179 1498 1604 1571 religio-nemque
1631 1498 1797 1554 Chri-

160 1590 390 1643 stianam
422 1589 680 1659 proﬁteri
706 1606 738 1644 a
767 1590 960 1645 diebus
1007 1588 1349 1660 Coptitarum
1387 1592 1513 1644 ante
1540 1593 1795 1645 exortam

126 1677 655 1745 Eustemannorum
711 1683 912 1735 sectam
965 1695 986 1740 ;
1034 1694 1225 1734 verum
1285 1679 1548 1749 deﬁciunt
1599 1695 1631 1734 a
1689 1679 1795 1748 ﬁde

160 1768 618 1838 Christianorum,
659 1779 786 1825 sunt
815 1771 965 1824 enim
1009 1769 1294 1828 Jacobitse.
1333 1772 1407 1825 At
1435 1769 1793 1826 Constantini

159 1866 302 1954 etate
331 1860 525 1930 plures
557 1875 723 1931 quam
755 1868 986 1917 centum
1045 1863 1276 1954 fuerunt
1305 1861 1366 1916 in
1397 1861 1790 1954 IEgvptoepi-
1815 1889 1864 1954 Β

159 1949 297 2018 scapi
327 1967 342 2016 ;
374 1957 428 2005 et
460 1951 664 2006 eodem
715 1953 969 2021 tempore
1024 1949 1304 2006 Eusebius
1342 1949 1547 2019 Ignatii
1574 1949 1786 2020 episto-

159 2036 231 2092 las
257 2039 531 2096 omnibus
575 2040 830 2096 ecclesiis
877 2039 1294 2109 perhonorifica
1342 2039 1786 2095 commendavit.

160 2125 266 2182 Iino
319 2145 451 2186 vero
510 2129 739 2185 videtur
789 2130 957 2185 etiam
1016 2133 1177 2184 etate
1233 2127 1418 2199 ipsius
1466 2128 1786 2196 Athanasii,

160 2217 238 2285 qui
268 2218 537 2289 epistolas
569 2217 771 2288 Ignatii
802 2226 856 2275 et
903 2218 1062 2276 novit
1090 2225 1144 2274 et
1175 2218 1408 2289 recepit,
1455 2226 1507 2274 et
1539 2218 1787 2288 primum

160 2306 430 2376 incognita
463 2309 556 2363 vel
593 2309 750 2362 nulla
783 2307 975 2375 fuisse,
1017 2313 1075 2364 et
1127 2307 1265 2363 dein
1311 2307 1402 2362 vel
1449 2316 1635 2363 ortum
1684 2308 1784 2362 ha-

163 2393 348 2463 buisse,
434 2396 531 2454 vel
589 2414 648 2452 se
705 2413 1066 2467 recuperasse
1127 2396 1378 2452 Ecclesia
1438 2397 1783 2467 Egyptiaca.

164 2483 315 2553 quue
344 2495 488 2556 patet
527 2501 593 2542 ex
658 2487 887 2541 historia
948 2502 1114 2556 quam
1172 2492 1365 2542 narrat
1426 2486 1688 2541 Ruftinus
1717 2487 1787 2542 de

161 2576 483 2643 Frumentio,
532 2592 695 2646 quem
748 2576 807 2630 in
837 2576 1055 2630 Indiam
1106 2591 1235 2631 cum
1291 2575 1538 2645 Meropio
1597 2575 1783 2644 profe-

158 2672 288 2718 clum
320 2682 439 2720 esse
470 2667 670 2720 tradit.
708 2665 818 2720 Etsi
851 2666 1004 2720 enim
1065 2664 1323 2719 Rutfinus
1382 2664 1458 2719 ita
1490 2665 1782 2720 historiam

158 2760 408 2821 pertexat,
439 2757 606 2825 quasi
637 2755 696 2808 in
738 2755 958 2810 Indiam
1019 2755 1338 2810 ulteriorem
1373 2763 1424 2809 et
1446 2754 1781 2809 orientalem

159 2840 494 2899 Frumentius
559 2844 892 2911 perrexisset
951 2863 966 2911 ;
1028 2851 1250 2900 constat
1315 2854 1502 2898 tamen
1561 2844 1781 2898 Indiam

157 2946 258 2985 eam
313 2933 480 2988 fuisse
541 2933 778 3006 IEgypto
838 2933 1266 3004 proximiorem,
1355 2937 1411 2988 et
1485 2933 1779 3001 Ethiupiae

156 3030 366 3087 partem.
397 3023 532 3078 Indi
557 3023 712 3077 enim
747 3023 1033 3092 BthiOpes
1062 3022 1377 3092 antiquitus
1406 3022 1777 3092 appellaban-

156 3115 246 3177 tur,
279 3118 331 3166 ut
362 3113 514 3184 apud
550 3111 842 3182 Virgilium
876 3113 947 3168 de
977 3111 1107 3168 Nilo
1143 3109 1190 3148 1⁸
1225 3129 1239 3167 :

345 3241 518 3312 Usque
540 3240 803 3296 coloratis
825 3242 1006 3295 amnis
1027 3240 1262 3295 devexus
1283 3239 1350 3294 ab
1384 3240 1556 3296 Indis.

213 3366 281 3419 Ad
316 3366 459 3422 hanc
486 3374 686 3422 autem
735 3367 957 3422 indiam
988 3365 1378 3422 Frumentium
1417 3366 1598 3436 primo
1646 3383 1770 3437 per-

157 3453 355 3510 venisse
401 3461 670 3513 constat:
736 3472 801 3512 ex
858 3457 960 3510 illa
1017 3454 1413 3512 Alexandriam
1472 3455 1660 3524 rediit,
1714 3459 1772 3513 in

160 3544 382 3601 eamdem
415 3561 614 3602 rursus
664 3545 832 3601 etiam
885 3547 1094 3601 missus
1126 3553 1230 3612 est,
1261 3553 1312 3600 et
1356 3545 1426 3601 ab
1459 3545 1772 3602 Athanasio

159 3633 418 3691 ordinatus
473 3637 780 3706 episcopus
846 3641 1155 3692 Axumeos.
1199 3637 1332 3691 Erat
1386 3644 1572 3691 autem
1614 3642 1767 3692 Axu-

160 3721 249 3776 mis
285 3725 607 3796 Ethiopum
642 3725 987 3794 metrOpolis.
1041 3724 1361 3795 Stephanus
1391 3725 1465 3780 De
1496 3725 1726 3781 urbibus
1755 3744 1769 3783 :

157 3806 471 3884 Ἀξουμίτης,
505 3814 827 3889 ἀρσενικῶς,
865 3812 1212 3887 μητρόπολις
1272 3811 1579 3877 Αἰθιόπων.
1614 3817 1772 3886 Apud

160 3901 424 3960 Arriauum
452 3907 510 3960 in
544 3904 777 3975 Periplo
807 3905 980 3960 maris
1012 3903 1284 3976 Erythraei
1315 3904 1481 3974 (quod
1502 3905 1772 3976 PrOOOpiO

162 3985 361 4046 Gazensi
390 3990 638 4047 θάλασσα
695 3988 896 4062 Ἰνδική
952 3993 1205 4066 vocatur)
1232 4010 1245 4048 :
1277 3991 1419 4046 Ἀπὸ
1479 3988 1536 4046 δὶ
1566 3991 1772 4063 ταῦτης

162 4073 221 4136 εἷς
243 4078 393 4149 αὐτὴν
451 4083 551 4152 τήν
617 4080 963 4156 μητρόπολιν
996 4081 1086 4135 τὸν
1131 4079 1446 4154 Ἀξωμίτην
1481 4079 1772 4158 λεγόμενον

164 4161 320 4222 ἄλλων
367 4174 594 4246 ἡμερῶν
647 4171 825 4229 πέντε.
885 4172 1190 4232 Nonnosus
1244 4174 1396 4244 apud
1452 4174 1769 4230 Photium:

158 4257 210 4310 Ἦ
239 4254 552 4336 δὲ”Αξουμα
587 4258 752 4324 πόλις
809 4260 920 4315 ἐστὶ
983 4261 1240 4338 μεγίστη,
1281 4261 1372 4315 καὶ
1404 4263 1523 4316 οἷον
1561 4263 1772 4336 μητρό-

165 4345 302 4410 πολις
328 4358 420 4421 τῆς
453 4352 594 4423 ὅλης
623 4351 938 4416 Αἰθιοπίας.
973 4353 1042 4408 Et
1071 4353 1279 4409 clarius
1334 4353 1524 4409 adhuc
1562 4353 1771 4411 Proco-

162 4436 265 4506 pius
292 4445 631 4500 Persicorum
683 4442 780 4499 lib.
817 4459 882 4498 I:
942 4442 1262 4515 Ὀμηριτῶν
1306 4439 1362 4495 δὲ
1445 4442 1769 4517 καταντικρὺ

173 4525 375 4593 μάλιστα
403 4531 454 4586 ἒν
482 4537 551 4606 τῇ
611 4531 901 4606 ἀντιπέρας
958 4531 1175 4605 ἠπείρῳ
1211 4530 1472 4592 Αἰθίοπες
1531 4529 1771 4585 οἰκοῦσιν

1922 610 2192 676 tyrannos
2222 627 2316 668 eos
2347 613 2550 669 fratres
2588 619 2770 680 vocat,
2811 613 2994 684 iisque
3046 614 3201 683 paria
3258 629 3388 669 cum
3451 613 3564 669 Ro-

1919 698 2104 753 manis
2127 700 2258 770 jura
2287 701 2539 771 impertit
2571 719 2584 770 ;
2634 719 2762 759 cum
2813 702 2963 759 nulli
3016 703 3426 773 imperatorum
3457 707 3562 757 lto-

1916 799 2214 843 manorum
2245 789 2500 845 {mderati
2533 790 2676 846 ultra
2708 790 2960 862 Gangem
2991 799 3212 846 essent:
3237 799 3354 844 tum
3387 792 3561 845 etiam

1915 878 2063 946 quod
2095 878 2245 935 idem
2274 881 2635 937 Constantius
2661 881 2844 951 legem
2876 881 3069 937 fecerit
3121 881 3180 937 in
3241 881 3360 936 haec
3391 879 3561 935 verba

1914 980 2035 1035 quae
2066 982 2186 1023 rem
2218 967 2398 1038 ipsam
2442 969 2580 1026 mire
2639 970 2880 1026 illustrat
2924 986 2936 1023 :
2995 971 3190 1026 Nullus
3222 971 3293 1025 ad
3345 976 3560 1040 gentem

1913 1052 2341 1110 Auxumitarum
2394 1061 2446 1111 et
2500 1059 2805 1112 Homeritas
2860 1055 2945 1111 ire
3017 1062 3345 1129 praeceptus,
3406 1057 3558 1112 ultra

1911 1145 2089 1198 annui
2126 1147 2386 1215 temporis
2422 1149 2607 1218 spatia
2637 1147 2783 1203 debet
2832 1146 3191 1202 Alexandria
3250 1148 3322 1202 de
3357 1154 3556 1203 caetero

1909 1231 2209 1289 demorari.
2243 1235 2418 1290 Erant
2450 1235 2620 1306 igitur
2651 1236 2707 1290 bi
2738 1232 3425 1307 Αὗξουμῖταικαλούμενοι
3456 1233 3552 1290 Λί-

1911 1319 2117 1392 θῖοπες,
2152 1329 2210 1377 ιιι
2243 1323 2493 1394 loquitur
2525 1325 2957 1396 Philostorgius,
2989 1324 3294 1381 Homeritis
3349 1324 3552 1394 adjun-

1907 1410 2004 1476 cti,
2065 1411 2304 1482 imperio
2396 1414 2649 1469 Romano
2729 1413 3090 1480 contermini,
3167 1414 3552 1468 Romanorum

1905 1497 2183 1566 fmderati,
2208 1507 2458 1571 tempore
2489 1502 2825 1559 Constantii.
2859 1503 2938 1558 Ad
2993 1503 3121 1558 illos
3177 1503 3348 1573 igitur
3403 1518 3553 1572 saepe

1904 1587 2062 1643 missi
2095 1597 2228 1645 sunt
2260 1589 2427 1661 legati
2449 1591 2549 1662 qui
2579 1593 2983 1648 Alexandriam
3046 1592 3229 1662 primo
3262 1591 3548 1662 petebant,

1903 1675 2038 1732 inde
2068 1677 2128 1732 in
2160 1679 2502 1750 Ethiopiam
2535 1681 2797 1750 profecti,
2855 1697 2920 1736 ex
2982 1680 3268 1750 [Ethiopia
3300 1680 3553 1735 Alexan-

1903 1764 2084 1821 driam
2116 1768 2322 1823 reversi
2355 1775 2506 1837 sunt,
2537 1770 2608 1826 ad
2639 1785 2779 1840 quos
2809 1778 3022 1839 spectat
3053 1769 3151 1824 illa
3195 1769 3548 1825 constitutio.

1905 1852 2033 1910 [late
2054 1856 2278 1912 occasio
2309 1873 2404 1912 eos
2434 1858 2503 1912 ad
2563 1858 2732 1914 ﬁdem
2764 1857 3143 1913 Christianam
3195 1857 3300 1912 sub
3349 1855 3548 1927 primis

1899 1942 2335 2013 imperatoribus
2361 1946 2702 2002 Christianis
2726 1947 3119 2004 convertendi.

1963 2030 2092 2088 Jam
2125 2049 2254 2090 vero
2283 2036 2586 2092 anlehunc
2607 2036 2997 2092 Frumentium
3022 2036 3079 2091 in
3112 2035 3218 2090 hac
3250 2035 3539 2091 Indiasive

1891 2121 2042 2176 inter
2092 2123 2383 2195 Ethiopas
2431 2125 2728 2182 Axumitas
2781 2127 2943 2182 nulla
3012 2126 3342 2183 Christianae
3405 2125 3535 2181 reli-

1891 2209 2078 2280 gionis
2103 2214 2342 2284 vestigia
2367 2215 2737 2284 apparebant.
2791 2217 2872 2270 Ita
2923 2216 3159 2272 omnino
3207 2215 3537 2284 intelligen-

1891 2299 1995 2354 dus
2026 2302 2284 2357 Socrates
2310 2302 2370 2358 in
2402 2303 2728 2372 praefatione
2757 2304 2826 2359 ad
2869 2304 3016 2359 hanc
3051 2304 3349 2359 historiam
3377 2319 3390 2358 :
3424 2303 3537 2368 Τὴν

1895 2384 2076 2459 μέντοι
2108 2387 2372 2464 ἐνδοτέρω
2402 2388 2596 2446 Ἰνδίαν
2629 2392 2693 2460 ἢν
2748 2397 3032 2466 προσοικεῖ
3092 2386 3377 2467 βαρϐάρων
3408 2387 3533 2459 ἔθνη

1889 2475 2076 2531 πολλὰ
2106 2475 2387 2553 διαφόροις
2419 2483 2679 2555 χρώμενα
2707 2480 2981 2557 γλώσσαις
3018 2478 3234 2536 οὐδέπω
3291 2482 3396 2554 πρὸ
3425 2484 3532 2534 τῶν

1889 2569 2296 2623 Κωνσταντίνου
2348 2570 2563 2644 χρόνων
2627 2571 2654 2624 ὁ
2709 2575 2806 2625 τοῦ
2863 2574 3300 2646 Χριστιανισμοῢ
3369 2568 3536 2642 λόγος

1889 2655 2164 2736 ἐφώτιζεν.
2203 2663 2438 2717 Interior
2473 2671 2656 2717 autem
2703 2662 2882 2729 India,
2937 2679 3096 2732 quam
3146 2670 3329 2732 gentes
3376 2675 3534 2713 acco-

1888 2749 2009 2804 lunt
2040 2750 2325 2821 plurimae,
2357 2751 2588 2806 diversis
2648 2755 2854 2806 utentes
2916 2751 3145 2820 linguis,
3203 2753 3332 2803 ante
3389 2749 3534 2804 Con-

1886 2839 2125 2894 stantini
2180 2850 2424 2911 tempora
2467 2841 2711 2897 nondum
2769 2839 2981 2895 Christi
3029 2840 3134 2910 ﬁde
3177 2840 3364 2910 fuerat
3395 2839 3531 2892 illu-

1885 2932 2078 2983 strata.
2115 2929 2264 2983 Idem
2298 2933 2466 2986 etiam
2500 2947 2567 2984 ex
2615 2930 2736 2998 ipsa
2768 2929 3003 2984 historia
3036 2927 3358 2983 innotescit.
3393 2926 3534 2981 Fru-

1888 3017 2136 3072 mentius
2166 3035 2319 3073 enim
2349 3018 2471 3090 ipse
2519 3035 2650 3072 cum
2704 3020 2947 3087 primum
2981 3017 3050 3071 ad
3086 3015 3307 3071 Indiam
3349 3015 3529 3082 illam,

1885 3106 2000 3160 sive
2027 3107 2368 3176 .EthiOpiam
2404 3116 2753 3177 pervenerat,
2788 3115 2841 3160 et
2876 3109 3019 3161 mira
3051 3105 3151 3161 Dei
3181 3105 3534 3176 providentia

1885 3198 2146 3250 maximae
2186 3201 2333 3266 apud
2374 3213 2561 3267 regem
2611 3196 2962 3252 auctoritatis
3020 3203 3184 3265 esset,
3219 3193 3532 3250 neminem-
3588 3200 3594 3204 '

1887 3285 2168 3355 queinter
2211 3285 2525 3357 [Ethiopias
2580 3285 2961 3342 Christianum
2994 3284 3296 3350 invenerit,
3345 3284 3532 3354 requi-

1885 3391 2006 3430 rere
2033 3377 2324 3430 sollicitius
2360 3378 2517 3447 ccepit
2572 3378 2626 3431 si
2680 3377 2782 3447 qui
2834 3377 2980 3431 inter
3014 3373 3376 3445 negotiatores
3431 3378 3532 3428 Ro—

1887 3483 2077 3522 manos
2108 3465 2415 3522 Christiani
2444 3473 2642 3534 essent,
2684 3467 2858 3537 iisque
2885 3469 3209 3537 potestatem
3238 3462 3408 3528 dedit,
3468 3468 3531 3517 ut

1886 3555 2265 3611 conventicula
2309 3571 2411 3626 per
2464 3555 2583 3610 loca
2629 3555 2850 3625 singula
2881 3556 3150 3625 facerent,
3181 3553 3250 3610 ad
3281 3568 3402 3625 quae
3434 3555 3532 3606 Ro-

1885 3660 2048 3699 mano
2079 3647 2195 3700 ritu
2225 3644 2491 3700 orationis
2519 3661 2686 3699 causa
2715 3646 3065 3714 conﬂuerent.
3100 3646 3222 3710 Quo
3279 3650 3527 3714 peracto,

1887 3749 2145 3789 reversus
2174 3740 2228 3789 et
2257 3734 2658 3789 Alexandriam
2693 3732 2948 3797 veniens,
2982 3733 3115 3802 quid
3147 3749 3179 3786 a
3212 3748 3270 3787 se
3318 3732 3528 3787 factum

1888 3823 1959 3879 sit
1991 3825 2149 3880 docet
2179 3842 2192 3892 ;
2233 3829 2285 3878 et
2306 3840 2338 3878 a
2361 3823 2420 3879 S.
2461 3822 2776 3877 Athanasio
2808 3822 2867 3876 in
2897 3820 3142 3876 concilio
3174 3822 3524 3876 sacerdotum

1887 3913 2072 3984 primo
2130 3911 2478 3982 designatus,
2528 3912 2660 3966 dein
2713 3910 3004 3965 ordinatus
3063 3915 3144 3964 est
3230 3909 3526 3979 episCOpus

1887 4003 2186 4058 Axumeos.
2221 4001 2489 4064 Quicum
2550 3997 2857 4070 episcOpali
2913 3997 3247 4053 auctoritate
3296 4007 3526 4052 ornatus

1885 4091 2224 4164 perrexisset
2253 4091 2320 4145 ad
2358 4091 2505 4146 hanc
2535 4089 2778 4156 Indiam,
2804 4095 2958 4143 tanta
2979 4088 3036 4142 ei
3063 4086 3193 4142 data
3223 4102 3338 4142 esse
3365 4103 3403 4141 a
3423 4087 3526 4142 Deo

1885 4185 2164 4238 virtutum
2191 4179 2374 4252 gratia
2403 4178 2630 4247 dicitur,
2663 4185 2724 4233 ut
2750 4178 2912 4248 signa
2932 4194 3031 4249 per
3061 4192 3184 4232 eum
3229 4175 3525 4248 apostolica

1887 4271 2100 4340 fierent,
2156 4275 2206 4325 et
2263 4267 2518 4340 inﬁnitus
2573 4283 2836 4322 numerus
2895 4268 3256 4322 barbarorum
3305 4280 3525 4322 conver-

1888 4364 2093 4416 teretur
2121 4359 2192 4415 ad
2215 4359 2404 4430 ﬁdem.
2439 4362 2523 4414 Ex
2552 4373 2656 4430 quo
2712 4358 2774 4411 in
2830 4356 2999 4411 Indiae
3054 4355 3328 4427 partibus,
3349 4362 3401 4410 et
3427 4370 3528 4428 po-

1885 4448 2014 4522 puli
2049 4449 2514 4516 Christianorum,
2546 4455 2597 4503 et
2626 4446 2869 4503 ecclesiae
2892 4447 3058 4515 [actae
3086 4449 3234 4512 sunt,
3267 4453 3317 4500 et
3345 4461 3525 4501 sacer-

1885 4539 2094 4595 dotium
2114 4539 2298 4610 capit,
2322 4545 2382 4593 ut
2434 4543 2666 4593 testatur
2694 4535 2952 4591 Bullinus
3007 4537 3158 4591 Hist.
3215 4536 3342 4592 eccl.
3373 4534 3413 4593 I.
3467 4553 3522 4601 x,

170 4612 212 4664 οἶ
238 4617 558 4694 Δῦξωμεῖται
592 4621 1002 4689 ἐπικαλοῦνται,
1056 4619 1139 4675 ὅτι
1194 4618 1261 4688 δὴ
1297 4621 1482 4682 αὐτοῖς
1512 4619 1578 4675 τὰ
1611 4621 1763 4694 βασί·

1894 4647 1997 4701 :ap.
2046 4631 2102 4687 9.
2165 4629 2266 4686 Cui
2323 4628 2705 4698 suffragantur
2787 4627 3065 4698 Socrates,
3146 4627 3522 4695 Sozomenus,

166 4697 268 4758 λειά
293 4705 425 4763 ἐστιν
479 4709 530 4764 ἐν
591 4707 878 4783 Αὖξώμιδι
935 4707 1117 4765 πόλει.
1178 4712 1308 4766 Erat
1341 4711 1510 4782 igitur
1539 4711 1773 4767 Axumis

167 4799 451 4868 metropolis
499 4801 818 4872 rEthi0piae,
879 4807 936 4857 et
992 4801 1052 4856 in
1128 4817 1191 4857 ea
1239 4801 1562 4872 [EthIOpum
1623 4801 1772 4873 regis.

167 4884 317 4948 posita
345 4889 549 4947 iuit.Ad
576 4891 727 4947 hanc
758 4889 928 4962 igitur
959 4891 1227 4960 Axumin,
1269 4897 1322 4946 et
1344 4890 1494 4948 hanc
1526 4893 1767 4966 Indiam,

168 4985 270 5040 quae
298 4994 415 5046 pars
443 4987 523 5036 est
558 4979 860 5051 Ethiopian
890 4981 1129 5052 Egypto
1177 4981 1466 5051 proxima;
1521 4999 1639 5040 non
1696 4987 1766 5041 ad

169 5057 351 5120 Indiam
379 5068 520 5124 intra
549 5070 826 5139 Gangem,
859 5079 954 5125 aut
984 5071 1054 5125 ad
1101 5071 1346 5127 Axumin
1379 5071 1558 5140 illam,
1599 5090 1764 5145 quam

166 5149 363 5209 adlatus
381 5158 650 5216 orientale
680 5158 804 5214 Indi
853 5159 1006 5214 ﬂuvii
1056 5161 1346 5216 constituit
1404 5162 1762 5231 Ptolemaeus,

167 5231 512 5303 Frumentium
543 5248 782 5304 missum
815 5247 987 5304 fuisse
1012 5266 1042 5304 a
1073 5249 1132 5306 S.
1187 5249 1494 5308 Athanasio
1523 5254 1760 5310 creden-

170 5323 278 5384 dum
308 5341 418 5391 est:
449 5341 571 5393 tum
601 5339 748 5410 quod
784 5337 1080 5409 epistolam
1127 5340 1492 5396 Constantius
1545 5343 1615 5398 ad
1663 5344 1759 5399 Ai-

169 5426 314 5475 zanan
333 5430 380 5478 et
407 5428 654 5484 Sazanan
697 5427 819 5499 ejus
852 5427 962 5484 loci
1019 5435 1288 5499 tyrannos
1346 5430 1591 5501 scripsit,
1622 5430 1759 5487 ὥστε

171 5502 492 5590 ξδρουμέντιον
545 5514 638 5568 τὸν
697 5513 989 5568 ἐπίσκοπον
1066 5521 1168 5584 τῆς
1225 5517 1531 5590 Ἀξοόμεως
1557 5515 1754 5575 ἐκεῖθεν

169 5586 390 5680 ἀχθῆναι,
438 5607 496 5659 ut
557 5605 911 5663 Frumentius
967 5605 1246 5680 episcopus
1298 5586 1570 5666 Exumeos
1625 5611 1756 5668 inde

221 5678 264 5715 ⁸⁸
288 5683 456 5762 Georg.
486 5709 562 5763 tv,
597 5692 726 5756 293.

1883 4719 2269 4776 Theodoretus
2297 4727 2350 4775 et
2380 4718 2756 4786 Nicephorus.

1955 4808 2057 4864 Ubi
2088 4823 2241 4863 nunc
2265 4805 2363 4862 ille
2391 4805 2608 4860 abunas
2647 4803 3018 4874 fEthiopicus,
3077 4802 3175 4858 ille
3203 4801 3521 4872 patriarcha

1879 4897 2007 4952 sine
2035 4897 2339 4968 episcopis,
2381 4895 2441 4950 in
2477 4892 2850 4963 amplissimis
2907 4899 2960 4945 et
3017 4889 3518 4944 Christianissimis

1878 4983 2220 5052 civitatibus,
2274 4999 2451 5053 usque
2505 4982 2575 5036 ad
2633 4998 2684 5036 a.
2747 4984 2808 5033 Β.
2854 4978 2957 5031 190
3027 4975 3056 5030 ‘I
3137 4977 3240 5032 Ubi
3298 4976 3382 5031 illi
3444 4977 3514 5032 ab

1876 5075 2118 5132 aliarum
2150 5074 2404 5145 gentium
2437 5071 2777 5130 commercio
2832 5066 3051 5133 remoti,
3103 5067 3241 5122 adeo
3294 5066 3512 5136 antiqui

1875 5164 2017 5220 ritus
2048 5171 2356 5230 tenaces,ut
2387 5177 2518 5218 cum
2544 5159 2960 5231 Aﬂgyptii,gens
2991 5155 3128 5210 levis
3157 5161 3211 5210 et
3240 5155 3508 5224 pendula,

1873 5254 1976 5310 sub
2006 5253 2289 5310 Demetrio
2319 5259 2372 5306 et
2395 5250 2633 5306 Heracla
2661 5248 2976 5320 episcopos,
3020 5243 3258 5310 scilicet,
3305 5244 3510 5298 admit-

1872 5349 2070 5412 terent,
2103 5339 2371 5396 traditum
2402 5339 2471 5394 ab
2500 5336 2905 5393 Alexandrinis
2928 5350 3143 5391 morem
3165 5332 3378 5402 Optima
3401 5331 3509 5388 ﬁde

1869 5428 2236 5497 servaverint,
2267 5436 2321 5484 et
2369 5443 2483 5484 uno
2535 5426 2724 5482 abuna
2778 5425 3032 5482 contenti
3073 5423 3260 5495 plures
3289 5423 3506 5492 episco-

1865 5537 1968 5592 pos
1988 5520 2285 5576 admittere
2315 5532 2608 5588 nunquam
2636 5515 2917 5571 voluerint
2942 5517 2964 5569 ἲ
3019 5513 3098 5569 Ex
3153 5512 3356 5584 quibus
3387 5512 3507 5568 haec

1866 5611 2116 5669 historiae
2147 5607 2533 5666 monumentis
2565 5610 2758 5661 eruta:
2784 5621 2848 5662 ex
2881 5603 3088 5676 quibus
3114 5601 3377 5661 Ecclesiae
3409 5621 3509 5661 an-
