3974 6296
373 441 486 501 2&7

1426 435 1489 494 S.
1537 432 1944 494 IGNATlUS.
1995 465 2068 476 —-
2113 430 2721 494 PROLEGOMENA.

3663 430 3792 490 248

374 573 605 630 nalibus
636 571 933 640 desumpta
993 574 1148 638 sunt,
1177 567 1406 632 Grecis,
1468 565 1705 636 Latinis,
1746 564 2022 621 Arabibus
2054 566 2108 634 Α
2138 581 2244 621 non
2279 565 2441 622 habet
2469 566 2807 638 patriarchae
2829 564 3090 622 honorem
3121 568 3174 621 et
3211 568 3553 636 potestatem.
3588 563 3792 621 Plures

373 663 584 735 pariter
605 661 799 732 ignota
820 659 847 714 ?
879 658 1062 715 Prima
1103 657 1274 715 facies
1330 654 1617 719 Ecclesiae,
1653 655 1900 726 primum
1932 671 2020 711 sa-

384 750 944 820 cerdotium,primus
965 747 1265 818 episcopus
1291 747 1348 801 in
1372 744 1670 816 metr0poli
1699 745 2021 817 EthiOpiae,

374 856 502 899 cum
532 841 652 912 jam
687 838 1026 894 Athanasius
1075 837 1136 892 in
1192 837 1426 906 Egypto
1486 850 1601 890 non
1633 836 1758 890 sine
1787 839 2018 890 centum

375 930 654 1003 episcopis
685 927 1030 998 praesideret,
1053 934 1104 981 et
1138 925 1261 996 ipse
1295 924 1492 996 Ignatii
1527 924 1793 996 epistolas
1815 923 2022 980 diserte

375 1025 705 1093 agnosceret
734 1022 902 1089 atque
931 1015 1284 1088 praedicaret.

445 1127 878 1198 Philostorgius,
913 1134 1008 1182 aut
1038 1126 1328 1195 ignorans,
1387 1133 1486 1181 aut
1535 1125 1724 1196 potius
1753 1122 2021 1180 dissimu-

376 1221 504 1276 lans
534 1218 685 1274 hanc
715 1216 1028 1285 historiam,
1060 1214 1440 1284 Theophilum
1501 1213 1605 1270 sub
1652 1213 2024 1270 Constantino

377 1311 448 1366 ad
478 1309 768 1366 Axumitas
799 1307 1086 1377 jEthiopas
1117 1307 1357 1362 missum
1407 1304 1609 1361 tradit:
1670 1304 2024 1376 Nicephorus

380 1399 486 1455 hoc
517 1401 585 1455 ad
617 1397 935 1454 Constantii
965 1402 1019 1452 et
1075 1395 1297 1466 Georgii
1349 1393 1597 1466 episccpi
1654 1392 2024 1450 Alexandrini

379 1498 632 1560 tempora
664 1487 850 1543 refert.
886 1487 952 1541 Et
981 1485 1217 1542 omnino
1266 1486 1564 1556 epiSCOpus
1622 1483 1719 1540 ille
1758 1484 2023 1554 Arianus,

378 1583 506 1649 post
569 1577 959 1633 Frumentium
1009 1582 1104 1630 aut
1177 1581 1492 1631 revocatum
1551 1581 1646 1628 aut
1717 1581 2024 1639 morluum,

379 1667 717 1738 IEthiOpiam
752 1666 1065 1736 perrexisse
1097 1665 1382 1734 putandus
1415 1671 1516 1720 est.
1549 1669 1680 1719 Post
1729 1678 1866 1734 quos
1889 1663 2026 1733 quin

380 1759 573 1830 plures
599 1758 657 1812 in
690 1755 974 1824 jEtthpia
1003 1753 1256 1824 episcOpi
1289 1753 1605 1824 ﬂoruerint,
1631 1751 1878 1808 dubitari
1910 1767 2027 1808 non

380 1854 582 1918 potest.
644 1846 902 1916 Legimus
953 1843 1110 1900 enim
1170 1844 1316 1915 apud
1366 1843 1706 1914 Palladium,
1758 1857 1925 1913 quem
1959 1855 2026 1896 ex

380 1935 727 1992 bibliotheca
776 1934 953 2006 Regia
982 1949 1165 2004 nuper
1222 1933 1396 1989 edidit
1447 1933 1522 1989 cl.
1577 1933 1864 1988 Edcardus
1897 1932 2028 1986 Bis-
2060 1945 2107 2010 Β

381 2042 528 2082 smus
559 2041 728 2096 eques
755 2032 987 2079 auratus
1017 2039 1032 2078 :
1067 2020 1207 2094 Ἐγὼ
1241 2017 1297 2075 δὲ
1349 2021 1424 2082 εἰς
1481 2019 1549 2074 τὰ
1577 2020 1893 2095 ἀκρωτήρια
1927 2017 2026 2092 μό-

374 2135 465 2168 νον
499 2112 700 2192 ἔφθασα
729 2119 830 2181 τῆς
861 2109 1094 2180 ’[νδικῆς
1149 2112 1255 2184 πρὸ
1314 2111 1445 2164 ἐτῶν
1507 2109 1714 2185 ὀλίγων
1772 2109 1906 2183 μετὰ
1929 2111 2026 2162 τοῦ

380 2203 650 2278 μακαρίου
704 2203 982 2262 Μωϋσὲως
1048 2204 1143 2256 τοῦ
1227 2201 1524 2254 ἐπισκόπου
1579 2204 1688 2254 τῶν
1749 2195 2026 2268 Ἀδουλη-

375 2298 505 2350 νῶν.
532 2297 641 2366 Ego
671 2297 744 2350 ad
769 2298 975 2365 primas
1007 2297 1220 2348 tantum
1247 2293 1416 2348 Indiae
1473 2309 1594 2349 oras
1645 2309 1850 2365 paucos
1895 2300 2030 2348 ante

377 2401 558 2442 annos
581 2401 704 2439 cum
735 2385 888 2439 beato
923 2390 1070 2440 Mose
1127 2383 1500 2438 Adulenorum
1558 2383 1806 2454 episcopo
1863 2397 2028 2454 pene-

377 2475 540 2529 travi.
567 2474 694 2528 Erat
726 2481 916 2527 autem
951 2470 1153 2536 Adule,
1188 2471 1271 2527 vel
1299 2471 1519 2538 Adulis,
1555 2472 1691 2526 urbs
1711 2470 2025 2541 Ethiopian.

375 2562 573 2632 Steph.
604 2578 616 2616 ε
651 2555 939 2627 ”Αδουλις,
971 2557 1133 2620 πόλις
1172 2557 1468 2628 Αἰθιόπων,
1494 2568 1545 2616 et
1580 2562 1885 2630 Proc0pius
1900 2560 2028 2615 Per-

376 2649 849 2704 sicorumlib.1:
905 2648 992 2702 Ἑν
1051 2643 1211 2700 πόλει
1270 2647 1548 2709 Αἰθιόπων
1599 2644 1904 2702 Ἀδούλιδι.
1970 2649 2030 2702 ln

393 2739 516 2795 Vita
563 2741 620 2794 S.
687 2741 1064 2811 Chrysostomi
1092 2758 1123 2794 a
1179 2739 1430 2795 Palladio
1489 2740 1694 2810 scripta
1727 2740 1939 2796 mentio
1969 2738 2033 2792 ﬁt

381 2829 622 2884 Palladii
657 2829 1075 2899 Blemmyarum
1132 2829 1408 2899 episcopi.
1473 2830 1788 2898 Blemmyes
1844 2835 2030 2883 autem

379 2927 510 2974 sunt
542 2918 852 2989 EthiOpes.
889 2918 1086 2973 Strabo
1122 2918 1218 2974 lib.
1252 2936 1364 2973 xvu
1401 2937 1413 2974 :
1477 2915 1764 2990 Βλὲμμυες
1821 2913 1876 2970 δὲ
1933 2915 2032 2972 Αἰ-

380 3007 586 3062 θιόπων
620 3008 1000 3072 ὑπακούοντες,
1037 3008 1359 3082 Αἰγυπτίοις
1421 3004 1478 3061 δὲ
1537 3003 1760 3082 ὅμοροι,
1804 3010 1873 3064 de
1907 3025 2034 3080 qun-

381 3101 481 3154 bus
512 3102 731 3154 Plinius
765 3100 868 3154 lib.
907 3118 952 3162 v,
988 3115 1113 3168 cap.
1146 3100 1198 3153 8.
1237 3100 1427 3169 Neque
1478 3116 1606 3154 vero
1663 3100 1849 3153 adhuc
1883 3099 2028 3152 inul-

381 3199 496 3245 tum
531 3192 698 3244 crevit
735 3195 792 3244 in
829 3190 1110 3258 fEthiopia
1143 3188 1340 3260 religio
1369 3189 1533 3244 Cbris
1562 3191 1707 3242 iana.
1733 3193 1835 3244 Sed
1861 3189 2029 3243 Justi—

380 3279 570 3335 ni-tuei
607 3278 832 3348 imperii
866 3294 1018 3332 anno
1045 3277 1132 3343 l6,
1167 3278 1394 3332 Adetius
1455 3281 1881 3332 Auxumitarum
1913 3295 2027 3345 rex,

380 3368 559 3422 facms
589 3377 670 3421 est
695 3366 1068 3430 Christianus,
1099 3374 1151 3420 et
1185 3366 1255 3420 ab
1288 3367 1621 3436 imperatore
1669 3369 1886 3435 accepit
1917 3365 2030 3420 ἐπί-

380 3476 580 3509 σκοπον
609 3454 697 3507 καὶ
731 3451 1056 3524 κληρικοῦς,
1121 3462 1177 3507 ut
1241 3455 1406 3510 refert
1463 3455 1860 3525 ThPOphanes,
1915 3454 2030 3508 ἐπι-

382 3545 616 3603 σκόπους
647 3542 736 3596 καὶ
768 3539 1092 3616 κληρικούς,
1126 3553 1178 3596 ιιι
1247 3553 1429 3599 narrat
1478 3548 1783 3612 Cedrvntts,
1833 3554 1889 3600 et
1920 3551 2033 3602 tota

383 3654 449 3689 ea
485 3652 623 3705 gens
657 3635 876 3686 Christo
912 3650 1114 3687 nonnon
1148 3634 1416 3688 dedit.Ab
1447 3651 1512 3688 eo
1548 3647 1817 3703 tempore,
1854 3647 1902 3690 υΙ
1942 3653 2032 3691 ar-

385 3726 579 3787 bitror,
613 3723 1085 3777 Cbris-ianisutus
1119 3725 1336 3778 radices
1367 3729 1510 3792 apud
1545 3725 1836 3794 [Ethiopas
1894 3729 2029 3798 egit,

382 3830 492 3879 quo
527 3814 758 3866 liberius
789 3811 973 3866 adhuc
1005 3813 1075 3865 de
1127 3811 1575 3868 ChaICt-tlonenst
1639 3817 1884 3872 concilio
1946 3816 2030 3871 lo-

381 3903 704 3973 quebantur
737 3901 1019 3965 homines,
1053 3904 1356 3973 praesertim
1395 3904 1452 3957 in
1485 3903 1747 3972 Egypto.
1781 3906 1896 3960 Sub
1923 3906 2031 3959 im-

383 3993 537 4061 perio
576 3999 762 4045 autem
798 3989 1125 4059 Theophili,
1169 3993 1228 4045 in
1268 3992 1552 4062 .Ethtopia
1609 3993 1892 4066 episcopus
1919 3995 2032 4065 fuit

379 4084 600 4136 nomine
621 4080 873 4149 Jacobus,
913 4097 1072 4151 quem
1125 4098 1249 4134 cum
1281 4097 1378 4135 rex
1416 4086 1557 4152 [orte
1581 4081 1639 4136 in
1672 4084 1873 4137 bellum
1903 4099 2034 4151 pro-

377 4174 552 4239 fectus
586 4174 745 4236 esset,
803 4184 942 4224 uxor
971 4170 1121 4238 regis
1153 4170 1211 4223 in
1250 4171 1515 4224 exsilium
1544 4174 1719 4239 misit,
1752 4183 1802 4227 et
1830 4174 2030 4228 substi-

381 4264 604 4316 tuerunt
631 4259 692 4313 in
725 4259 904 4313 locum
933 4260 1048 4330 ejus
1077 4261 1387 4330 episcOpum
1420 4261 1618 4316 alium.
1655 4261 1757 4317 Sed
1776 4267 1826 4316 et
1843 4263 2034 4333 pluvia

380 4350 451 4405 iis
481 4349 614 4403 data
641 4363 751 4403 non
781 4349 914 4417 fuit,
945 4351 998 4402 et
1022 4351 1270 4419 percussi
1324 4356 1457 4404 sunt
1484 4351 1830 4422 pestilentia,
1865 4354 1941 4407 ita
1972 4356 2035 4408 ut

377 4454 614 4509 regnum
641 4453 902 4508 magnum
934 4440 1169 4493 sentiret
1197 4438 1485 4495 damnum.
1528 4439 1818 4512 Episcopus
1849 4447 2034 4497 autem

380 4529 442 4583 in
472 4527 768 4599 Egyptum
797 4527 962 4583 venit.
997 4531 1169 4599 Atque
1195 4534 1258 4583 ut
1288 4545 1392 4584 rea:
1410 4535 1438 4583 e
1462 4529 1601 4583 bello
1634 4545 1880 4585 reversus
1898 4533 2029 4602 fuit,

380 4633 611 4674 uxorem
640 4633 799 4673 suam
829 4618 1162 4689 objurgavit,
1195 4622 1249 4674 et
1272 4619 1428 4674 misit
1446 4618 1517 4673 ad
1543 4621 1923 4689 patriarcham
1943 4638 2032 4677 ve-

2134 655 2258 710 sine
2287 657 2672 713 controversia
2725 657 2784 713 in
2843 655 3163 726 Ethiopica
3221 654 3474 711 Ecclesia
3528 653 3789 725 episcOpi

2132 743 2312 811 fuere,
2363 761 2493 802 cum
2557 746 2650 802 hic
2681 761 2864 802 canon
2895 745 3083 816 primo
3114 744 3375 801 conditus
3404 750 3508 799 est.
3540 744 3641 798 ius
3682 760 3790 814 pa-

2132 833 2390 890 triarcha:
2448 835 2832 906 denegabatur
2888 834 3121 892 creandi
3169 833 3627 905 archiepiscOpos
3665 833 3789 888 sive

2136 923 2628 995 metrOpolitanos,
2660 925 2822 994 tales,
2856 924 3152 994 nimirum,
3185 925 3286 995 qui
3319 938 3422 978 sua
3450 923 3792 978 auctoritate

2133 1013 2433 1084 episcopos
2462 1021 2760 1083 crearent;
2802 1015 2952 1070 unde
2984 1014 3090 1085 ipsi
3143 1013 3240 1084 jus
3293 1013 3521 1070 creandi
3563 1013 3786 1080 episco-

2133 1118 2235 1173 pos
2289 1118 2628 1160 concessum
2687 1119 2812 1160 esse
2859 1103 3217 1174 supponitur.
3278 1102 3345 1158 Et
3400 1101 3668 1172 quoniam
3721 1117 3793 1157 ea

2133 1198 2295 1247 aetate
2326 1191 2516 1262 plures
2547 1193 2653 1249 sub
2711 1210 2770 1249 se
2831 1193 3188 1264 episc0patus
3237 1191 3489 1260 haberet,
3521 1189 3793 1246 catholici

2135 1295 2346 1336 nomen
2369 1279 2638 1345 obtinuit,
2669 1281 2768 1352 qui
2825 1281 2994 1352 vulgo
3024 1281 3210 1336 abuna
3256 1286 3510 1336 vocatur.
3559 1279 3790 1334 Salma-

2133 1368 2281 1424 sium
2305 1369 2398 1425 hic
2424 1369 2670 1440 appello,
2700 1371 2796 1440 qui
2826 1371 2903 1425 De
2922 1372 3169 1440 primatu
3195 1385 3353 1440 papae
3381 1385 3508 1440 cap.
3544 1368 3630 1433 14,
3663 1367 3791 1423 hinc

2135 1456 2340 1512 habet:
2375 1457 2770 1527 Succrescente,
2803 1467 2863 1514 ut
2887 1458 3172 1530 probabile
3209 1467 3309 1527 est,
3341 1457 3791 1514 Christianorum

2134 1547 2194 1601 in
2216 1547 2505 1615 Ethiopia
2519 1564 2772 1614 numero,
2795 1549 2894 1604 ubi
2920 1548 3116 1616 plures
3143 1548 3344 1604 habere
3371 1550 3539 1615 ccepit
3559 1563 3624 1603 ea
3663 1562 3793 1617 pro-

2134 1635 2318 1692 vincia
2340 1639 2636 1710 episcOpos,
2667 1655 2812 1694 unus
2830 1638 3086 1695 omnibus
3128 1639 3579 1709 metropolitanus
3613 1639 3790 1708 impo-

2135 1725 2295 1795 situs,
2327 1729 2426 1799 qui
2442 1736 2662 1800 propter
2690 1728 3101 1784 multitudinem
3121 1729 3499 1800 episcoporum
3527 1725 3636 1783 sibi
3663 1728 3796 1781 sub-

2127 1817 2405 1888 jeclorum
2453 1826 2508 1874 et
2536 1819 2768 1875 ditionis
2796 1821 3225 1892 amplitudinem
3273 1818 3540 1875 catholici
3583 1825 3636 1874 et
3683 1834 3790 1884 pa-

2137 1907 2401 1964 triarcha
2429 1924 2631 1964 nomen
2677 1908 2893 1977 habuit,
2927 1908 3182 1979 quamvis
3230 1909 3395 1964 alteri
3439 1907 3792 1980 patriarchae

2136 1997 2396 2053 subesset.

2209 2105 2267 2161 Si
2299 2105 2527 2162 deticiat
2559 2106 2810 2170 historia,
2844 2105 3026 2177 ipsius
3057 2106 3323 2163 Ecclesiae
3380 2110 3776 2172 monumenta,

2139 2195 2530 2266 cujuscunque
2571 2195 2750 2251 aetatis
2783 2196 2918 2262 sint,
2952 2196 3087 2252 satis
3145 2195 3446 2252 manifesto
3477 2195 3793 2252 ostendunt

2140 2284 2464 2354 complures
2494 2285 2552 2339 in
2576 2301 2640 2340 ea
2688 2285 2981 2355 provincia
3021 2287 3316 2356 episcopos
3375 2284 3566 2340 fuisse.
3604 2283 3794 2339 Litur-

2140 2373 2228 2442 gia
2289 2373 2613 2444 [EthiOpum
2674 2377 2866 2430 Romae
2924 2375 3242 2446 impressa:
3275 2376 3475 2430 Memor
3520 2382 3630 2430 esto
3672 2389 3794 2428 om.

2141 2463 2299 2517 nium
2319 2464 2862 2533 archiepiscoporum
2890 2470 3228 2533 nostrorum,
3261 2465 3796 2537 episcoporum,pre-

2139 2553 2482 2623 sbyterorum
2505 2568 2670 2624 atque
2699 2554 3081 2622 diaconornm,
3113 2557 3210 2626 qui
3247 2557 3394 2609 viam
3443 2553 3608 2609 nobis
3637 2552 3796 2606 indi-

2142 2647 2325 2714 gitant
2354 2645 2505 2700 verbi
2533 2646 2841 2701 orthodoxi.
2861 2647 2923 2702 In
2939 2648 3067 2702 aliis
3093 2647 3333 2717 liturgi‘s
3364 2656 3415 2703 et
3443 2644 3796 2711 missalibus,

2142 2750 2264 2804 quin
2299 2734 2462 2789 habet
2495 2734 2577 2790 vir
2602 2736 2964 2791 doctissimus
2983 2735 3258 2792 Castellus
3289 2734 3802 2806 nosterquamplu—

2144 2826 2301 2880 rima:
2335 2842 2531 2895 preces
2566 2827 2929 2896 sunt,quibus
2962 2827 3278 2896 pcpulusin
3307 2827 3426 2882 haec
3447 2825 3798 2881 verbaorat:

2143 2919 2256 2969 Pro
2281 2915 2533 2984 patribus
2572 2919 2777 2971 nostris
2798 2916 3094 2986 episcopis,
3125 2933 3230 2983 pro
3282 2916 3554 2988 fratribus
3583 2913 3800 2970 nostris

2141 3003 2538 3068 sacerdotibus,
2571 3021 2668 3075 pro
2699 3005 3044 3078 adjutorzbus
3089 3008 3293 3061 nostris
3326 3006 3682 3077 presbyteris.

2215 3111 2350 3166 Cum
2384 3111 2553 3179 igitur
2602 3127 2668 3167 ex
2703 3113 2857 3167 tenui
2899 3112 2995 3167 illa
3026 3129 3192 3184 quam
3226 3114 3294 3167 de
3339 3111 3660 3183 IEthiOpica
3694 3112 3804 3168 Ec-

2143 3198 2314 3255 clesia
2349 3200 2623 3256 habemus
2657 3201 2855 3256 nontia
2885 3202 3202 3270 aliquorum
3255 3202 3649 3270 episcoporum
3689 3217 3801 3256 no-

2146 3304 2300 3343 mina
2335 3290 2614 3357 supersint
2653 3307 2665 3357 ;
2700 3306 2828 3345 cum
2889 3299 3108 3346 constet
3168 3307 3234 3345 ex
3285 3289 3527 3345 Arabico
3577 3305 3804 3345 canone

2139 3378 2239 3448 jus
2270 3378 2499 3433 creandi
2559 3381 3023 3448 metropolitanos
3085 3389 3306 3435 tantum
3369 3380 3591 3449 proprie
3616 3379 3802 3434 dictos

2145 3466 2503 3536 Ethiopibus
2536 3484 2875 3522 concessum
2942 3486 3053 3524 non
3115 3485 3238 3524 esse
3293 3489 3308 3534 ς
3366 3485 3491 3524 cum
3557 3468 3802 3538 liturgiaa

2141 3555 2489 3625 ZEgyptiacre
2523 3561 2768 3625 antiquis
2801 3573 2948 3613 retro
2980 3561 3332 3624 temporibus
3371 3557 3635 3628 pepulum
3701 3574 3803 3626 pro

2143 3648 2423 3715 episcopis
2455 3647 2573 3698 suis
2604 3664 2761 3700 orare
2795 3648 3046 3716 qumittio
3077 3649 3384 3703 docuerint
3415 3673 3429 3710 ;
3455 3663 3567 3702 non
3595 3647 3690 3700 diu
3717 3655 3805 3699 ιδι

2143 3752 2206 3790 ex
2242 3751 2350 3806 quo
2382 3736 2674 3801 Ethiost
2707 3736 2888 3790 ahena
2928 3753 3038 3791 uno
3094 3738 3218 3792 sine
3275 3736 3558 3807 episcopis
3589 3735 3805 3790 {norint

2144 3828 2422 3892 contenti,
2455 3827 2498 3880 si
2534 3826 2700 3880 modo
2734 3827 2872 3880 illud
2912 3843 3098 3880 verum
3137 3828 3229 3891 sit,
3281 3827 3428 3896 quod
3488 3825 3714 3880 .lesuitaa
3745 3831 3806 3880 et

2145 3914 2530 3980 Dominicani,
2563 3923 2760 3970 contra
2813 3916 3052 3970 aliorum
3116 3916 3457 3984 testimonia,
3520 3913 3800 3969 referunt.

2144 4005 2278 4058 Cum
2312 4011 2445 4058 ante
2474 4004 2785 4058 Justiniani
2841 4012 3094 4074 tempora
3150 4013 3264 4059 tam
3299 4003 3462 4074 pauci
3499 4003 3700 4059 fuerint
3738 4005 3799 4059 in

2143 4093 2424 4163 Ethiopia
2447 4092 2774 4161 Christiani,
2825 4103 2956 4148 ante
2995 4095 3425 4149 Constantinum
3481 4093 3563 4148 vel
3625 4091 3797 4161 nulli,

2142 4183 2226 4236 vel
2261 4187 2413 4238 certe
2443 4181 2722 4254 Egyptiis
2757 4175 2923 4252 plane
2954 4183 3231 4253 incogniti
3266 4198 3426 4252 ;cum
3461 4183 3554 4252 qui
3579 4181 3802 4252 primus

2143 4276 2262 4327 erat
2295 4287 2509 4340 eorum,
2543 4272 2737 4326 saltem
2772 4272 2841 4339 ab
2872 4272 3131 4342 Egypto,
3182 4273 3467 4343 apostolus
3527 4272 3803 4327 Frumen-

2143 4362 2275 4430 tius,
2336 4360 2406 4416 ab
2491 4360 2848 4426 Albanasio,‘
2890 4355 3152 4431 plurimis
3216 4377 3385 4433 quam
3445 4369 3682 4416 centum
3742 4361 3804 4416 in

2143 4451 2379 4521 Egypto
2412 4450 2804 4522 episcopatum
2837 4453 3183 4520 tenentibus,
3244 4458 3298 4505 et
3356 4450 3561 4505 missus
3619 4457 3667 4505 et
3704 4465 3802 4505 or-

2145 4539 2376 4595 dinatus
2399 4539 2465 4594 sit
2495 4556 2508 4606 ;
2545 4539 2728 4609 palam
2764 4546 2866 4606 est,
2894 4539 3228 4610 Ethiopicte
3271 4540 3535 4596 Ecclesiae
3572 4539 3802 4594 hodier-

2144 4643 2286 4683 num
2319 4635 2548 4695 statum,
2582 4628 2768 4700 qualis
2821 4629 3003 4699 qualis
3053 4628 3146 4701 sit,
3211 4629 3281 4684 ad
3331 4627 3798 4700 antiquissimam

380 4710 537 4764 niam
565 4707 633 4762 ab
663 4723 722 4763 eo
746 4711 958 4778 petens,
988 4724 1218 4779 eumque
1242 4724 1444 4780 rogans
1470 4709 1555 4764 uti
1583 4709 1885 4765 remitteret
1909 4709 2029 4783 epi-
2065 4703 2108 4767 D
2137 4718 2476 4790 Egyptiacae
2507 4717 2772 4775 Ecclesiae
2805 4719 3188 4789 traditionem,
3244 4719 3292 4775 si
3348 4734 3470 4790 quae
3504 4719 3630 4774 talis
3685 4734 3803 4775 un-

380 4813 622 4870 scopum.
654 4797 726 4852 1d
757 4797 903 4868 quod
929 4799 1059 4870 fecit
1088 4816 1111 4862 ;
1140 4803 1194 4853 et
1227 4806 1550 4870 receperunt
1580 4814 1706 4854 eum
1735 4816 1859 4854 cum
1886 4817 2025 4870 gau-

380 4888 470 4944 dio
507 4901 728 4958 magno,
755 4891 816 4941 ut
847 4890 1019 4958 refert
1042 4887 1374 4942 Elmacinus.
1427 4887 1553 4942 Post
1597 4887 1714 4942 hatc
1747 4895 2023 4961 tempora,

383 4984 442 5033 ut
473 4977 698 5049 opinor,
728 4975 944 5032 conditi
979 4984 1113 5031 sunt
1141 4991 1391 5032 canones
1437 4975 1657 5032 Arabici
1687 4979 1894 5033 concili
1927 4978 2027 5036 Ni-

381 5066 525 5123 cseni
559 5083 573 5135 ;
605 5080 746 5136 quos
802 5063 982 5120 edidit
1029 5065 1363 5132 Turrianus,
1396 5065 1606 5136 quique
1633 5066 1701 5121 ad
1751 5069 2027 5137 posterio-

381 5171 500 5212 rem
557 5153 828 5211 Ecclesia)
858 5160 1089 5223 statum,
1140 5160 1194 5209 et
1251 5155 1697 5210 consuetudines
1747 5156 1842 5211 diu
1904 5162 2031 5228 post

382 5243 688 5302 concilium
720 5242 1016 5301 Nicmnum
1059 5249 1221 5297 natas
1281 5244 1576 5314 temperati
1635 5252 1784 5301 sunt.
1818 5246 2027 5304 Eorum

381 5337 572 5390 autem
628 5331 814 5401 capite
869 5329 940 5383 36
999 5334 1270 5386 statutum
1327 5335 1412 5386 est
1472 5346 1486 5387 :
1551 5332 1614 5389 Ut
1667 5349 1779 5390 non
1821 5337 2028 5405 possint

381 5423 659 5494 Ethiopes
690 5435 878 5476 creare
905 5435 1003 5474 nec
1047 5419 1248 5492 eligere
1277 5421 1652 5484 patriarcham
1679 5439 1702 5486 ,·
1739 5425 1829 5480 sed
1845 5429 2028 5498 potius

381 5529 573 5568 eorum
603 5509 868 5582 praelatus
897 5509 999 5563 sub
1023 5513 1286 5580 potestate
1314 5510 1434 5580 eius
1461 5510 1658 5584 sit,qui
1685 5521 1828 5569 tenet
1847 5515 2029 5570 sedem

383 5598 776 5658 Alexandria.
810 5595 895 5653 Sit
926 5601 1107 5654 tamen
1138 5600 1295 5670 apud
1323 5615 1410 5655 eos
1445 5599 1562 5656 loco
1585 5603 1946 5673 patriarchae,
1974 5610 2034 5661 et

384 5689 698 5763 appelletur
719 5687 1018 5745 catholicus
1047 5707 1066 5744 :
1096 5706 1204 5747 non
1234 5694 1419 5746 tamen
1476 5692 1561 5755 ius
1592 5691 1786 5748 habeat
1821 5693 2026 5750 consti-

393 5777 1037 5852 uendiarchiepiscopos,
1069 5784 1130 5836 ut
1165 5780 1323 5837 habet
1346 5781 1679 5852 patriarcha
1704 5797 1728 5844 ;
1755 5781 2027 5855 siquidem

2135 4823 2301 4879 quam
2363 4807 2552 4874 fuerit,
2611 4809 3066 4864 confirmandam
3128 4808 3278 4865 nihil
3308 4810 3545 4865 omnino
3580 4809 3792 4866 valere.

2136 4895 2278 4951 Cum
2308 4896 2551 4966 denique
2599 4904 2998 4966 argumentum
3057 4913 3276 4968 negans
3325 4899 3683 4954 fundeturin
3717 4898 3803 4953 si-

2138 4985 2313 5042 lentio
2345 4986 2603 5041 omnium
2637 4990 2770 5041 ante
2801 4986 3131 5056 Eusebium,
3191 4994 3323 5043 anto
3354 5003 3520 5058 quem
3570 4987 3801 5044 Ethio-

2138 5089 2274 5145 pum
2325 5074 2778 5131 Christianorum
2835 5075 2996 5131 nulla
3027 5076 3176 5131 fama
3205 5083 3311 5142 est,
3369 5083 3465 5131 aut
3519 5092 3800 5147 perquam

2137 5165 2355 5220 incerta
2382 5181 2395 5233 ;
2431 5180 2559 5220 cum
2590 5163 2957 5232 Athanasius,
2989 5165 3082 5236 qui
3113 5173 3239 5236 post
3265 5164 3573 5222 Eusebium
3627 5167 3799 5236 lgna-

2139 5253 2292 5309 tiana
2323 5253 2675 5321 memoravit,
2711 5253 2959 5324 primum
2992 5269 3062 5311 ex
3101 5254 3340 5326 Egypto
3371 5255 3697 5326 episcopum
3733 5255 3795 5312 in

2137 5342 2479 5414 Ethicpiam
2525 5342 2744 5399 miserit
2805 5359 2820 5412 ;
2870 5358 3002 5400 cum
3064 5343 3310 5401 Dallseus
3368 5345 3489 5416 ipse
3555 5345 3798 5400 fateatur

2137 5431 2434 5504 zEthiOpas
2517 5431 2768 5502 recipere
2845 5432 3292 5490 Constitutiones
3376 5433 3798 5506 (llementinas,

2137 5527 2405 5593 tanquam
2435 5520 2504 5575 ab
2535 5520 2676 5591 ipsis
2707 5522 2980 5591 apostolis
3012 5522 3276 5592 dictatas,
3311 5523 3369 5578 in
3394 5523 3600 5592 quibus
3630 5521 3800 5593 plura

2138 5611 2208 5665 de
2239 5609 2522 5680 episcopis
2552 5625 2720 5680 quam
2751 5610 2812 5664 in
2873 5609 3182 5680 lgnatianis
3224 5613 3611 5679 continentur,
3644 5612 3798 5669 nihil

2140 5699 2275 5754 hinc
2303 5699 2371 5753 ad
2401 5698 2796 5754 auctoritatem
2833 5697 3202 5769 epistolarum
3234 5701 3294 5759 S.
3340 5701 3548 5774 Ignatil
3602 5701 3796 5759 immi-

2139 5788 2424 5844 nuendam
2456 5787 2684 5844 formari
2716 5787 2833 5845 ullo
2863 5788 3032 5846 modo
3059 5793 3263 5860 potest.
