3974 6296
165 343 280 403 249

931 345 986 405 J.
1032 345 1451 407 PEARSONII
1496 342 1868 410 VINDICLE
1909 344 2377 407 IGNATIANIE.
2425 380 2502 391 —
2544 341 2748 407 PARS
2791 345 2842 406 Ι.

3471 340 3593 403 250

237 476 534 531 Hactenus
555 475 628 531 de
659 476 962 535 traditione
992 478 1374 535 Alexandrina
1423 478 1494 534 ab
1541 478 1823 550 Ethiopi-
1854 480 1907 548 Α
1936 478 2146 548 lgnatii
2191 482 2574 537 auctoritatem
2617 495 2695 535 vn
2749 477 2954 536 saeculo
3006 476 3174 532 Sectis
3247 475 3586 531 Christianis

167 565 270 620 bus
299 565 670 636 confirmata,
707 573 766 621 ut
797 567 1014 638 volunt,
1047 584 1173 640 quas
1202 568 1448 640 aliquam
1509 569 1832 638 argumenti

168 655 425 726 speciem
460 653 773 721 habuisset,
810 656 857 711 si
887 672 950 712 ea
979 657 1174 713 omnia
1203 673 1333 715 vera
1394 657 1650 724 fuissem,
1709 672 1830 727 quae

166 747 668 802 attulerunt.lllud
701 751 890 804 autem
923 751 1072 820 quod
1105 749 1378 822 sequitur,
1411 751 1457 806 si
1489 765 1685 808 verum
1711 763 1832 805 esse

169 836 742 902 concedatur,ncscio
773 853 944 908 quam
974 838 1088 894 vim
1119 838 1325 896 habere
1357 840 1536 912 possit
1567 840 1636 895 ad
1663 840 1829 906 Igna-

169 925 308 981 tium
341 927 710 996 epistolicum
761 927 1156 998 rejiciendum,
1189 937 1287 985 aut
1317 930 1451 1001 quid
1480 928 1733 985 conferat
1762 929 1832 984 ad

176 1015 475 1072 silentium
533 1016 875 1086 scriptorum
932 1022 1065 1074 ante
1134 1018 1458 1075 Eusebium.
1541 1019 1833 1084 Quomodo

169 1105 320 1160 enim
357 1103 506 1160 illud
539 1107 686 1176 quod
719 1114 915 1162 octavo
947 1107 1157 1164 seculo
1198 1107 1411 1164 factum
1459 1114 1564 1178 est,
1625 1107 1831 1178 proba-

173 1192 253 1248 bit
272 1195 559 1264 scriptum
589 1194 742 1250 istud
777 1211 818 1249 ιι
849 1199 908 1252 et
963 1213 1028 1251 ιιι
1087 1195 1296 1253 saeculo
1361 1212 1476 1252 non
1527 1196 1829 1264 exstitisse,

173 1284 312 1353 quod
346 1299 427 1353 tv,
459 1301 518 1350 ν,
549 1300 607 1338 v1
629 1288 690 1341 et
720 1301 822 1352 vn,
857 1293 1145 1356 receptum
1177 1293 1231 1342 et
1261 1286 1640 1356 approbatum
1700 1294 1782 1342 est
1806 1285 1834 1341 ‘i

173 1371 417 1441 Scilicet,
474 1373 632 1429 circa
686 1391 722 1430 α
779 1379 844 1431 Ι).
895 1375 1022 1444 736,
1123 1378 1183 1431 in
1228 1375 1562 1432 Germanica
1628 1377 1830 1432 Boioa-

176 1464 379 1517 riorum
402 1467 575 1535 gente
601 1463 813 1520 Christi
842 1463 974 1534 ﬁdes
1021 1466 1214 1532 viguit,
1255 1469 1307 1520 et
1361 1465 1672 1537 presbyteri
1703 1468 1828 1534 fue-

176 1558 318 1617 runt,
351 1567 485 1606 cum
504 1555 700 1608 tamen
729 1553 881 1609 nulli
908 1554 1054 1625 apud
1083 1570 1168 1610 eos
1198 1559 1371 1611 essent
1392 1556 1646 1627 episcopi.
1684 1554 1832 1610 Unde

182 1639 368 1712 liquet,
399 1657 476 1695 ne
521 1643 598 1696 iis
644 1641 864 1714 quidem
921 1643 1256 1714 temporibus
1313 1644 1517 1713 Ignatii
1561 1643 1836 1714 epistolici

179 1738 554 1786 auctoritatem
583 1730 913 1787 Christianis
929 1748 1032 1804 per
1049 1733 1412 1789 Germaniam
1428 1738 1611 1790 notam
1632 1735 1828 1805 fuisse.

1936 567 2106 639 fuisse
2131 571 2396 638 ignotam,
2423 569 2607 640 inquit
2639 568 2906 623 Dallasus.
2939 566 3098 622 Certe
3150 582 3267 622 non
3325 564 3588 636 sequitur

1936 658 2168 728 reliquis
2223 659 2406 715 Scotis
2462 661 2562 730 qui
2616 658 2897 728 episcOpis
2946 655 3238 726 parebant,
3301 654 3585 725 Ignatium

1936 755 2156 813 notum,
2192 763 2376 820 neque
2405 748 2704 805 monachis
2731 746 3096 816 Jonensibus,
3158 745 3306 815 quod
3362 743 3583 800 abbati-

1934 852 2002 894 co
2046 838 2162 908 juri
2221 838 2475 909 episcopi
2533 837 2776 909 subjecti
2826 844 3037 901 essent,
3085 836 3348 907 ignotum
3385 834 3580 889 fuisse.

1933 928 2123 981 Potuit
2155 927 2262 983 hoc
2296 927 2418 982 fieri
2445 935 2676 998 utraque
2708 933 2863 996 parte
2891 925 3174 995 Ignatium
3205 924 3444 991 sciente,
3478 937 3581 991 po-

1935 1017 2038 1072 tuit
2070 1025 2306 1088 utraque
2334 1017 2654 1088 ignorante.
2688 1017 2748 1072 Si
2772 1016 2899 1071 ideo
2947 1015 3232 1083 lgnatium
3287 1013 3584 1084 ignorasse

1934 1106 2204 1162 censendi
2237 1113 2394 1174 sunt,
2435 1115 2585 1161 certe
2641 1113 2694 1161 et
2749 1103 3211 1160 Chalcedonense
3265 1100 3582 1157 concilium

1934 1195 2292 1266 ignorabant,
2317 1196 2480 1266 cujus
2511 1210 2696 1251 canon
2732 1201 2962 1250 octavus
2991 1207 3190 1247 omnes
3205 1190 3578 1246 monasterio-

1935 1301 2061 1341 rum
2091 1284 2330 1342 clericos
2358 1285 2626 1356 episcopo
2653 1284 2774 1340 vult
2803 1298 2924 1338 esse
2953 1281 3254 1350 subjectos.
3312 1279 3378 1334 Οἱ
3435 1273 3576 1347 κλη-

1936 1372 2080 1447 ρικοὶ
2109 1377 2217 1428 τῶν
2276 1372 2573 1447 πτωχείων
2628 1373 2717 1428 καὶ
2779 1371 3165 1444 μοναστηρίων
3223 1368 3314 1422 καὶ
3375 1386 3580 1440 μαρτυ-

1937 1464 2068 1538 ρίων
2103 1463 2208 1518 ὑπὸ
2239 1464 2338 1533 τήν
2373 1463 2620 1533 ἐξουσίαν
2651 1466 2760 1518 τῶν
2809 1460 2860 1516 ἐν
2922 1461 3116 1535 ἑκάστῃ
3162 1458 3321 1515 πόλει
3369 1455 3584 1513 ἐπισκό-

1935 1574 2072 1621 πων,
2099 1555 2236 1608 κατὰ
2276 1555 2375 1622 τὴν
2429 1557 2536 1608 τῶν
2594 1551 2760 1628 ἁγίων
2821 1551 3070 1625 Ηστέρων
3131 1547 3427 1625 παράδοσιν
3493 1545 3581 1602 δια

1942 1640 2268 1715 μενέτωσαν,
2300 1643 2386 1698 καὶ
2425 1645 2501 1716 μὴ
2543 1643 2660 1698 κατ’
2718 1638 2999 1696 αὐθάδειαν
3048 1639 3428 1717 ἆφηνιάτωσαν
3485 1639 3583 1690 τοῦ

1938 1731 2081 1788 ἰδίου
2112 1733 2436 1790 ἐπισκόπου.
2472 1735 2678 1806 ϐιενίσί
2702 1733 3066 1806 ptochiorum,
3119 1732 3582 1787 monasteriorum

185 1819 664 1891 Primo,qua2nam
693 1821 814 1876 haec
834 1823 1240 1892 consequentia
1273 1827 1362 1880 est
1395 1823 1422 1878 τ
1471 1823 1712 1878 Boioarii
1772 1823 1828 1879 in
1862 1855 1909 1920 Β
1938 1833 1988 1880 et
2010 1827 2414 1895 martyriorum
2437 1827 2538 1880 sub
2560 1827 2826 1897 potestate
2853 1823 3228 1894 episcoporum
3248 1821 3344 1891 qui
3371 1825 3498 1875 sunt
3519 1818 3580 1873 in

185 1908 482 1966 Germania
505 1911 1034 1981 nescieruntzergo
1089 1913 1394 1968 Christiani
1441 1929 1539 1984 per
1595 1914 1828 1969 Germa-

187 1999 352 2054 niam.
380 2001 469 2055 An
501 1999 654 2055 nulli
676 2005 841 2056 erant
861 2001 1164 2058 Christiani
1192 2017 1287 2072 per
1312 2002 1671 2058 Germaniam
1698 2019 1835 2073 pras-

187 2094 261 2144 ter
281 2087 627 2145 Boioarios?
645 2091 729 2144 An
755 2090 853 2145 alii
909 2106 1110 2147 omnes
1165 2091 1503 2161 ignorabant
1557 2092 1831 2162 quidquid

191 2177 455 2234 Boioariis
478 2179 739 2249 ignotum
768 2180 873 2234 fuit
900 2180 928 2235 ?
951 2183 1033 2236 An
1061 2181 1186 2237 ideo
1209 2182 1604 2237 auctoritatem
1630 2181 1829 2251 lgnatii

188 2265 467 2335 ignorasse
489 2268 724 2324 dicendi
743 2275 876 2324 sunt
899 2270 991 2340 qui
1015 2269 1310 2342 episcOpos
1333 2269 1828 2341 habuerunt,quod

191 2355 277 2410 alii
302 2373 418 2414 non
450 2357 722 2414 habuisse
765 2359 1078 2415 dicantur?
1131 2362 1412 2431 Secundo,
1440 2363 1592 2416 unde
1651 2360 1831 2431 liquet

190 2443 382 2502 Christi
403 2448 580 2502 fidem
606 2450 753 2502 inter
773 2448 1061 2505 Boioarios
1091 2449 1342 2520 viguisse
1383 2465 1510 2506 cum
1534 2451 1830 2520 episcOpos

186 2549 289 2590 non
343 2536 673 2592 habt-rent?
724 2537 976 2605 Scilicet,
1037 2555 1101 2594 ex
1171 2539 1424 2610 Gregorii
1467 2540 1540 2594 llI
1593 2540 1830 2610 epistola

183 2624 242 2678 ad
273 2625 629 2682 Bonitacium
657 2626 762 2683 hoc
791 2635 1044 2698 apparet,
1076 2628 1281 2696 inquit,
1309 2645 1415 2685 nec
1448 2629 1554 2686 hoc
1585 2637 1824 2698 tantum,

184 2714 280 2770 Sed
313 2716 627 2773 Vwilonem
655 2719 840 2774 nescio
869 2735 1029 2790 quem
1084 2721 1202 2790 ipse
1248 2721 1537 2789 Gregorius
1593 2738 1626 2776 a
1655 2724 1734 2780 ise
1764 2721 1827 2776 in

185 2819 293 2858 eum
332 2806 587 2863 ordinem
609 2811 983 2864 consecratum
1019 2809 1088 2864 ad
1125 2825 1212 2865 eos
1259 2810 1429 2866 misit.
1488 2812 1557 2865 At
1613 2810 1828 2882 Grego-

183 2893 288 2949 rius
316 2912 431 2952 non
463 2897 611 2952 dicit
639 2897 952 2954 Vivilonem
985 2899 1160 2956 fuisse
1198 2901 1442 2971 primum
1469 2916 1660 2957 eorum
1682 2901 1820 2972 (cpi.

188 2999 552 3054 scopum,nec
573 3003 634 3044 se
663 3003 791 3044 eum
816 2988 1039 3044 misisse
1069 2990 1171 3056 ait,
1202 2992 1298 3045 sed
1357 2991 1648 3046 ordinasse
1689 2999 1822 3046 tan-

188 3075 539 3132 tum.Missus
568 3083 649 3132 est
679 3077 834 3133 enim
861 3079 1043 3134 Vivito
1063 3080 1131 3133 ad
1191 3079 1546 3150 Gregorium,
1588 3079 1759 3150 idque
1790 3097 1824 3134 a

189 3161 459 3234 Boioariis,
488 3173 554 3221 ut
603 3166 968 3222 ordinaretur
995 3169 1296 3238 episc0pus
1331 3185 1345 3235 ς
1378 3169 1464 3223 illi
1497 3167 1671 3240 igitur
1698 3173 1819 3224 tum

1941 1930 2278 1986 unaquaque
2305 1914 2543 1981 civitate,
2575 1912 2872 1969 secundum
2898 1911 2996 1968 SS.
3029 1915 3264 1966 Patrum
3307 1909 3579 1965 traditio-

1940 2019 2086 2071 nem,
2116 2011 2499 2074 permaneant,
2524 2019 2622 2060 nec
2646 2018 2744 2075 per
2768 1999 3249 2074 prmsumptionem
3277 2016 3312 2055 a
3338 2015 3432 2055 suo
3459 1999 3582 2070 epi-

1939 2108 2092 2164 scopo
2122 2093 2398 2149 recedant.

2011 2181 2074 2237 Si
2101 2183 2298 2238 demus
2327 2183 2608 2240 Jonenses
2662 2181 2938 2253 lgnatinm
2995 2179 3355 2252 epistolicum
3412 2178 3581 2248 igno-

1941 2286 2116 2340 rasae,
2149 2271 2309 2342 prius
2339 2273 2634 2329 ostendere
2662 2271 2933 2342 oportuit,
2965 2270 3097 2340 quid
3155 2267 3240 2324 illi
3297 2267 3579 2334 noverint,

1939 2375 2106 2430 quam
2131 2361 2270 2417 illud
2305 2361 2597 2433 objiceret,
2622 2362 2772 2432 quod
2817 2359 3174 2431 ignorabant.
3226 2359 3402 2412 Antea
3455 2355 3582 2426 qni-

1937 2450 2064 2504 dem
2099 2451 2158 2506 in
2193 2451 2346 2506 hunc
2402 2453 2634 2508 modum
2701 2450 3095 2521 dispustabat:
3155 2447 3214 2502 Si
3269 2445 3586 2515 scripsisset

1939 2540 2192 2608 Ignatius
2220 2540 2592 2610 epistolas,eaa
2626 2540 2861 2595 fuissent
2884 2538 3132 2603 Justino,
3187 2537 3423 2601 Irenaeo,
3454 2533 3583 2589 Cte-

1937 2629 2116 2682 menti
2150 2629 2539 2684 Alexandrino
2569 2637 2622 2684 et
2679 2628 3026 2683 Tertulliano
3059 2625 3313 2696 cognitae.
3349 2623 3488 2679 Nam
3525 2621 3582 2676 hi

1937 2716 2045 2772 viri
2077 2725 2258 2783 erant,
2290 2719 2462 2772 totius
2481 2717 2834 2787 antiquitatis
2863 2714 3155 2772 litteraria:
3184 2711 3429 2767 maxime
3459 2727 3583 2767 vero

1936 2805 2274 2864 Christiana:
2301 2807 2716 2874 studiosissimi,
2739 2805 2908 2861 iidem
2936 2811 3102 2875 atque
3131 2799 3447 2857 acutissimi
3496 2799 3583 2854 in-

1932 2895 2236 2967 dagatores.
2273 2900 2356 2951 An
2388 2896 2538 2951 idem
2587 2897 2655 2951 de
2710 2895 2897 2950 Scotis
2953 2890 3290 2949 Christianis
3347 2888 3576 2958 septimi

1934 2987 2128 3042 saeculi
2163 2987 2539 3056 judicandum
2601 2984 2733 3042 est?
2790 2983 2938 3039 Num
2994 2983 3268 3038 Jonenses
3315 2977 3587 3034 monachi

1932 3077 2281 3147 antiquitatis
2325 3074 2732 3132 studiosissimi
2797 3081 2963 3144 atque
3009 3069 3322 3127 acutissimi
3371 3074 3424 3124 et
3481 3068 3583 3122 do-

1933 3165 2177 3220 ctissimi
2208 3165 2567 3236 indagatores
2596 3164 2768 3220 fuisse
2799 3161 3175 3233 perhibentur
3204 3158 3232 3212 ‘t
3265 3159 3383 3213 Imo
3450 3172 3580 3213 vero

187 3263 444 3310 noverunt
476 3271 538 3311 se
569 3255 697 3312 sine
724 3256 988 3326 episcopo
1020 3258 1203 3314 vivere
1228 3273 1342 3312 non
1375 3232 1598 3313 debere.
1658 3257 1816 3321 Quod
1855 3232 1899 3296 ο
1929 3269 2004 3308 an
2062 3253 2257 3310 adhuc
2323 3254 2598 3324 amplius,
2652 3255 2928 3309 Jonenses
2990 3249 3075 3304 illi
3155 3249 3214 3302 in
3267 3245 3579 3302 discutien-

191 3357 251 3396 an
274 3343 338 3398 ab
363 3344 588 3414 Ignatio
621 3346 1053 3416 acceperint,il|i
1085 3346 1329 3402 viderint
1377 3349 1469 3418 qui
1528 3348 1821 3404 neminem

192 3431 347 3487 alium
379 3451 504 3490 eam
562 3438 958 3492 neeessitatem
1010 3437 1270 3493 docuisse
1342 3445 1564 3507 putant.
1639 3436 1822 3493 Vivilo

196 3522 343 3576 etiam
377 3525 496 3594 ipse
517 3524 651 3580 ideo
719 3525 926 3580 missus
983 3543 1105 3582 esse
1163 3527 1418 3594 traditur,
1474 3528 1608 3596 quin
1667 3528 1821 3598 prior

195 3611 468 3678 episcopus
497 3621 653 3670 esset
690 3616 1012 3671 defunctus.
1047 3617 1112 3670 Et
1140 3617 1380 3685 epistola
1433 3616 1692 3688 Gregorii
1724 3634 1823 3672 ex-

197 3707 284 3751 stat
313 3716 439 3757 cum
472 3704 644 3758 titulo
676 3719 689 3757 :
720 3703 1106 3760 Dilectissimis
1136 3705 1296 3760 nobis
1315 3707 1580 3777 episcopis
1605 3705 1666 3762 iu
1703 3723 1822 3774 pro-

195 3789 354 3844 vincia
378 3793 652 3849 Boioariz
681 3802 732 3848 et
765 3794 1136 3851 Atlemanniae
1186 3796 1499 3851 constitutis
1561 3795 1818 3864 Wigoni,

200 3875 427 3949 Luidoni,
450 3883 712 3954 Rodul/o,
748 3884 918 3939 Vivilo
947 3900 1044 3940 seu
1074 3884 1262 3950 Addas,
1314 3885 1605 3955 Gregorius
1650 3902 1818 3957 papa.

202 3964 254 4019 Ut
273 3983 368 4024 nec
399 3972 751 4041 primus,nec
780 3973 933 4028 solus
964 3981 1098 4028 tunc
1118 3975 1387 4044 temporis
1412 3975 1598 4030 Vivilo
1622 3976 1820 4030 Boioa-

197 4053 384 4113 riorum
415 4062 722 4132 episcopus
754 4062 926 4118 fuisse
973 4064 1270 4132 videatur;
1303 4070 1361 4120 et
1410 4080 1538 4120 cum
1589 4065 1823 4121 Bonifa-

197 4145 300 4199 cius
347 4149 761 4206 Germanorum
818 4151 1105 4222 apostolus
1131 4153 1372 4223 dicatur,
1417 4161 1637 4224 tempus
1679 4153 1818 4210 illud

196 4237 391 4292 ostendi
426 4254 539 4296 non
578 4245 912 4311 potest,quo
941 4243 1089 4312 apud
1123 4243 1410 4300 Boioarios
1468 4244 1610 4300 tides
1664 4244 1822 4300 Chri-

196 4323 254 4378 sti
279 4326 375 4381 sub
405 4330 754 4400 presbyteris
786 4332 908 4386 sine
931 4333 1196 4402 episcOpo
1222 4333 1479 4403 viguerit.

256 4415 487 4474 Alterius
518 4421 693 4490 plane
723 4420 945 4490 generis
967 4429 1047 4476 est
1079 4425 1224 4492 quod
1252 4438 1283 4477 e
1313 4423 1502 4478 Scotia
1535 4424 1675 4493 petit
1729 4441 1816 4479 ar-

199 4515 513 4567 gumentum.
543 4509 631 4563 Ibi
658 4509 810 4564 enim
841 4511 1137 4581 episcopos
1167 4512 1485 4581 singulares
1515 4515 1573 4568 in
1633 4513 1814 4570 eccle-

1931 3346 2023 3399 dis
2065 3355 2318 3401 veterum
2362 3345 2690 3402 Graecorum
2736 3339 3126 3398 monumentis
3175 3338 3316 3393 adeo
3372 3351 3577 3391 emun-

1931 3442 2039 3490 ctae
2069 3435 2224 3490 naris
2255 3435 2437 3492 critici
2469 3435 2644 3502 fuere,
2679 3441 2736 3488 ut
2776 3431 3026 3500 Eusebii,
3082 3428 3162 3484 uti
3215 3427 3430 3491 volunt,
3489 3441 3579 3481 er-

1931 3541 2022 3581 ror
2052 3528 2146 3594 qui
2179 3525 2575 3589 Athanasium,
2603 3523 3037 3591 Hieronymum,
3071 3519 3493 3574 Theodoretum
3525 3521 3581 3570 et

1930 3613 2216 3669 Gelasium
2264 3615 2481 3684 fefellit,
2534 3615 2604 3668 iis
2657 3611 3012 3682 potissimum
3063 3607 3347 3663 suboleret
3378 3604 3405 3657 ?
3464 3607 3581 3660 Hoc

1929 3709 2082 3764 enim
2114 3709 2436 3764 necessario
2465 3706 2772 3762 dicendum
2807 3711 2889 3759 est
2919 3705 2988 3755 de
3031 3697 3356 3754 testimonio
3401 3695 3576 3762 septi-

1930 3798 2008 3851 mi
2034 3797 2248 3865 saaculi,
2284 3808 2341 3851 ut
2381 3796 2490 3850 vim
2536 3795 2780 3863 aliquam
2841 3791 3047 3846 habere
3093 3789 3353 3841 videatur
3388 3799 3402 3838 :
3441 3792 3578 3838 tunc

1928 3888 2079 3943 enim
2107 3886 2411 3942 auctoritas
2439 3885 2802 3956 epistularum
2835 3878 3057 3947 11gnatii
3116 3878 3267 3930 inter
3313 3871 3575 3927 Catholi-

1931 3993 2028 4033 cos
2057 3986 2222 4048 atque
2243 3978 2412 4033 etiam
2439 3974 2733 4041 hereticos
2755 3979 2870 4028 erat
2903 3966 3312 4037 receptissima.

1998 4067 2302 4138 Postquam
2337 4063 2720 4121 Boioariorum
2753 4071 2804 4117 et
2824 4058 3162 4114 Jonensium
3223 4051 3578 4106 meminisset

1924 4157 2010 4211 vir
2040 4156 2424 4224 doctissimus,
2458 4161 2510 4208 et
2542 4152 2612 4208 ab
2670 4153 3004 4218 argumento
3037 4160 3161 4211 suo,
3195 4141 3342 4211 quod
3399 4155 3432 4193 a
3493 4138 3570 4192 si-

1929 4247 2102 4302 lentio
2131 4247 2466 4315 scriptorum
2499 4251 2628 4298 ante
2663 4239 2966 4297 Eusebium
2998 4234 3311 4307 petebatur,
3347 4228 3574 4300 longius

1925 4333 2524 4403 aberrasset,adjunxit
2557 4333 2886 4402 Hieronymi
2919 4334 2974 4383 et
3041 4321 3346 4395 Epiphanii
3405 4320 3570 4374 testi-

1927 4429 2121 4482 monia
2154 4443 2167 4483 :
2202 4426 2364 4481 illum
2391 4425 2518 4481 ideo
2549 4423 2800 4490 adduxit,
2824 4419 2954 4491 quia
2995 4415 3409 4488 presbyteratus
3439 4425 3570 4467 cum

1926 4517 2274 4588 episcopatu,
2308 4523 2363 4569 ut
2391 4515 2487 4581 ait,
2523 4509 2804 4584 ἱσοτομίαν
2852 4507 3121 4580 probabat.
3154 4523 3168 4572 ;
3231 4503 3404 4566 hunc,
3437 4499 3568 4570 quia

201 4588 283 4644 siis
305 4593 466 4654 fuisse
495 4599 694 4667 negari
725 4615 838 4654 non
865 4607 1047 4670 potest
1104 4602 1172 4656 ad
1225 4603 1464 4658 formam
1523 4602 1816 4673 regiminis
1850 4597 1894 4660 D
1925 4622 2050 4662 eam
2083 4604 2422 4661 sententiam
2458 4602 2779 4658 uthaeresin
2811 4599 2869 4654 in
2906 4597 3064 4652 Aerio
3088 4595 3395 4648 damnabat
3429 4607 3441 4645 :
3488 4597 3570 4644 te-

203 4677 469 4746 lguatiani.
514 4693 688 4753 Nam,
722 4693 784 4743 ut
814 4689 966 4744 Beda
1027 4697 1300 4746 testatur:
1365 4692 1541 4748 Abbas
1587 4695 1820 4765 quidam

201 4771 448 4844 presbyter
476 4779 608 4847 fuit,
639 4778 799 4848 cujus
812 4780 948 4849 juri
975 4787 1027 4834 et
1056 4782 1235 4835 omnis
1269 4783 1556 4852 provincia
1601 4787 1654 4838 et
1711 4783 1821 4855 ipsi

203 4859 347 4917 etiam
371 4869 607 4936 episcopi
636 4869 872 4940 subjecti
892 4880 1065 4926 erant.
1100 4872 1183 4927 lta
1213 4872 1443 4942 quidem
1493 4873 1662 4944 Beda,
1721 4875 1816 4931 sed

203 4948 386 5006 omissa
413 4969 537 5011 sunt
566 4957 742 5014 verba
781 4966 977 5013 notatu
1037 4960 1232 5030 digna,
1291 4960 1486 5018 ordine
1531 4963 1813 5018 inusitato.

207 5033 704 5104 AgnovitSeldenus
730 5049 989 5104 ordinem
1041 5049 1379 5106 inusitatum
1436 5069 1468 5106 a
1524 5054 1668 5107 Beda
1713 5053 1814 5107 ob-

206 5137 447 5188 servatum
476 5152 489 5190 :
529 5136 634 5191 Sed
665 5137 784 5206 qui,
815 5136 1024 5208 inquit,
1055 5153 1125 5194 ea:
1151 5153 1304 5195 mare
1326 5140 1406 5196 ibi
1449 5143 1816 5199 vetustissimo

207 5217 606 5303 sucularumque
628 5224 756 5280 illic
773 5226 1116 5282 anteriorum
1139 5227 1434 5300 disciplina
1446 5235 1690 5303 receptus
1718 5231 1810 5288 sit.

211 5297 300 5357 Sed
327 5311 439 5377 quis
465 5317 610 5384 apud
641 5315 919 5372 Jonenses
939 5297 1296 5389 presbyteros
1327 5335 1449 5376 mos
1489 5297 1592 5376 luit
1649 5321 1813 5377 Bedaa

215 5403 314 5448 avo
339 5401 778 5475 antiquissimus,
812 5412 910 5460 aut
941 5413 1079 5476 quot
1125 5406 1351 5464 fuerunt
1377 5407 1478 5464 illa
1534 5411 1814 5467 anteriora

212 5483 389 5542 secula
415 5488 440 5543 ‘t
465 5491 622 5552 Certe
650 5494 722 5551 ab
750 5494 910 5552 obitu
941 5494 1258 5568 Columba,
1281 5500 1376 5570 qui
1407 5502 1811 5558 monasterium

214 5572 455 5662 condidit,
484 5583 551 5637 ad
572 5588 765 5640 ortum
793 5583 981 5652 Bedae,
1039 5586 1137 5657 qui
1197 5587 1319 5644 haec
1376 5589 1623 5662 scripsit,
1672 5591 1813 5647 anni

215 5657 402 5720 tantum
429 5681 792 5730 numerantur
817 5667 1078 5736 76.‘Quid
1109 5682 1295 5733 autem
1334 5677 1468 5735 hinc
1489 5657 1756 5750 sequitur
1783 5677 1813 5735 ?

1931 4704 2042 4751 stes
2071 4696 2212 4750 duos
2236 4696 2296 4749 in
2322 4694 2598 4764 [gnatium
2617 4693 2732 4762 jam
2761 4690 2853 4744 diu
2881 4694 3165 4756 receptum
3192 4681 3410 4753 egregie
3432 4694 3574 4734 oon-

1930 4787 2230 4855 spirantes.
2261 4789 2314 4838 S.
2354 4784 2730 4852 Hieronymus
2758 4794 2910 4850 saepe
2941 4778 2994 4831 S.
3030 4774 3232 4844 lgnatii
3261 4769 3576 4839 :meminit,

1928 4877 2060 4946 qutd
2094 4873 2380 4946 scripserit
2404 4875 2487 4928 vir
2517 4869 2860 4942 apostolicus
2913 4873 2968 4920 et
3026 4866 3242 4933 martyr
3294 4859 3574 4946 observat,

1925 4945 2242 5021 Eusebiana
2267 4961 2594 5019 transcribit
2620 4967 2673 5015 et
2702 4956 2980 5027 approbat
3009 4968 3022 5006 :
3057 4952 3188 5018 quid
3249 4949 3418 5019 igitur
3474 4945 3574 5001 ille

1924 5057 2190 5110 adversus
2217 5053 2419 5124 Ignatii
2452 5049 2722 5121 epistolas
2751 5047 2780 5100 ‘i
2809 5044 3094 5101 Sollicitor
3118 5049 3336 5112 putare,
3369 5035 3573 5105 inquit,

1922 5145 2008 5200 vel
2023 5144 2268 5200 nondum
2297 5144 2358 5196 in
2386 5142 2461 5196 iis
2492 5141 2601 5194 ista
2625 5141 2747 5192 tam
2766 5134 2940 5190 multa
2967 5133 3160 5202 fuisse,
3185 5143 3304 5200 quas
3331 5125 3488 5182 hodie
3508 5125 3576 5181 de

1922 5237 2266 5307 episcopatus
2293 5232 2615 5288 necessitate
2643 5236 2693 5284 et
2708 5242 2823 5299 pm
2875 5224 3259 5295 presbyteratu
3309 5217 3578 5274 excellen-

1921 5326 2015 5380 tia
2036 5325 2196 5380 isthic
2222 5325 2476 5392 legimus,
2499 5321 2582 5377 vel
2596 5327 2740 5376 certe
2760 5316 3114 5373 existimasse
3155 5311 3574 5378 Hieronymum,

1921 5413 2266 5486 quantalibet
2292 5412 2466 5483 fuerit
2486 5407 2756 5482 martyris
2783 5405 3103 5468 auctoritas,
3123 5415 3234 5456 non
3264 5403 3454 5453 tamen
3491 5411 3574 5453 sa-

1921 5506 1995 5560 tis
2013 5520 2134 5560 eam
2162 5503 2366 5570 valere,
2394 5505 2456 5556 ut
2482 5516 2600 5556 rem
2619 5498 2835 5555 diseriis
2864 5494 3166 5566 Scriptura
3195 5487 3413 5546 vocibus
3441 5503 3571 5544 con-

1917 5593 2204 5665 ﬁrmatam
2224 5589 2536 5648 convellere
2562 5591 2741 5661 posset
2769 5591 2868 5641 aut
2897 5583 3136 5640 deberet.
3168 5579 3316 5647 Quid
3371 5581 3563 5634 autem

1921 5680 1970 5737 si
2003 5682 2088 5739 vir
2113 5680 2476 5738 doctissimus
2524 5691 2722 5735 revera
2777 5679 3000 5746 putaret
3054 5671 3112 5727 id
3167 5668 3317 5740 quod
3373 5675 3570 5739 putare
