  <div class='ocr_page' id='page_1' title='image "/cluster/home/n/w/nwhite01/storage/ocr_20150623/5/pst.000005711819/133.png"; bbox 0 0 3974 6296; ppageno 0'>
   <div class='ocr_carea' id='block_1_1' title="bbox 359 392 470 451">
    <p class='ocr_par' dir='ltr' id='par_1_1' title="bbox 359 392 470 451">
     <span class='ocr_line' id='line_1_1' title="bbox 359 392 470 451; baseline 0 -1"><span class='ocrx_word' id='word_1_1' title='bbox 359 392 470 451; x_wconf 77' lang='grc'><strong>251</strong></span> 
     </span>
    </p>
   </div>
   <div class='ocr_carea' id='block_1_2' title="bbox 1403 379 2704 447">
    <p class='ocr_par' dir='ltr' id='par_1_2' title="bbox 1403 379 2704 447">
     <span class='ocr_line' id='line_1_2' title="bbox 1403 379 2704 447; baseline -0.006 0"><span class='ocrx_word' id='word_1_2' title='bbox 1403 387 1468 447; x_wconf 92' lang='lat' dir='ltr'><strong>S.</strong></span> <span class='ocrx_word' id='word_1_3' title='bbox 1517 384 1926 446; x_wconf 87' lang='lat' dir='ltr'><strong>IGNATIUS.</strong></span> <span class='ocrx_word' id='word_1_4' title='bbox 1975 415 2051 426; x_wconf 94' lang='lat'>—</span> <span class='ocrx_word' id='word_1_5' title='bbox 2093 379 2704 444; x_wconf 77' lang='lat' dir='ltr'><strong>PROLEGUMENA.</strong></span> 
     </span>
    </p>
   </div>
   <div class='ocr_carea' id='block_1_3' title="bbox 3644 377 3770 442">
    <p class='ocr_par' dir='ltr' id='par_1_3' title="bbox 3644 377 3770 442">
     <span class='ocr_line' id='line_1_3' title="bbox 3644 377 3770 442; baseline -0.032 0"><span class='ocrx_word' id='word_1_6' title='bbox 3644 377 3770 442; x_wconf 76' lang='lat'><strong>252</strong></span> 
     </span>
    </p>
   </div>
   <div class='ocr_carea' id='block_1_4' title="bbox 355 513 3767 591">
    <p class='ocr_par' dir='ltr' id='par_1_4' title="bbox 355 513 3767 591">
     <span class='ocr_line' id='line_1_4' title="bbox 355 513 3767 591; baseline -0.003 -13"><span class='ocrx_word' id='word_1_7' title='bbox 355 521 733 588; x_wconf 88' lang='lat' dir='ltr'><strong>sollicitatur;</strong></span> <span class='ocrx_word' id='word_1_8' title='bbox 758 519 890 591; x_wconf 92' lang='lat' dir='ltr'><strong>quid</strong></span> <span class='ocrx_word' id='word_1_9' title='bbox 916 519 960 574; x_wconf 89' lang='lat' dir='ltr'><strong>si</strong></span> <span class='ocrx_word' id='word_1_10' title='bbox 986 533 1174 575; x_wconf 89' lang='lat' dir='ltr'><strong>verum</strong></span> <span class='ocrx_word' id='word_1_11' title='bbox 1209 525 1356 576; x_wconf 89' lang='lat' dir='ltr'><strong>esset</strong></span> <span class='ocrx_word' id='word_1_12' title='bbox 1387 519 1534 590; x_wconf 89' lang='lat' dir='ltr'><strong>quod</strong></span> <span class='ocrx_word' id='word_1_13' title='bbox 1558 518 1854 589; x_wconf 85' lang='lat' dir='ltr'><strong>putet?an</strong></span> <span class='ocrx_word' id='word_1_14' title='bbox 1875 517 2006 574; x_wconf 89' lang='lat' dir='ltr'><strong>inde</strong></span> <span class='ocrx_word' id='word_1_15' title='bbox 2035 517 2089 584; x_wconf 81' lang='grc' dir='ltr'><strong>Α</strong></span> <span class='ocrx_word' id='word_1_16' title='bbox 2114 531 2338 587; x_wconf 87' lang='lat' dir='ltr'><strong>parens.</strong></span> <span class='ocrx_word' id='word_1_17' title='bbox 2385 519 2448 570; x_wconf 88' lang='lat' dir='ltr'><strong>Et</strong></span> <span class='ocrx_word' id='word_1_18' title='bbox 2480 531 2496 570; x_wconf 85' lang='lat'><strong>:</strong></span> <span class='ocrx_word' id='word_1_19' title='bbox 2557 514 2746 570; x_wconf 81' lang='lat' dir='ltr'><strong>Virum</strong></span> <span class='ocrx_word' id='word_1_20' title='bbox 2802 513 3202 582; x_wconf 87' lang='lat' dir='ltr'><strong>honorabilem,</strong></span> <span class='ocrx_word' id='word_1_21' title='bbox 3260 515 3499 583; x_wconf 79' lang='lat' dir='ltr'><strong>fratrem</strong></span> <span class='ocrx_word' id='word_1_22' title='bbox 3556 529 3767 584; x_wconf 89' lang='lat' dir='ltr'><strong>meum,</strong></span> 
     </span>
    </p>
   </div>
   <div class='ocr_carea' id='block_1_5' title="bbox 361 606 2011 681">
    <p class='ocr_par' dir='ltr' id='par_1_5' title="bbox 361 606 2011 681">
     <span class='ocr_line' id='line_1_5' title="bbox 361 606 2011 681; baseline -0.004 -15"><span class='ocrx_word' id='word_1_23' title='bbox 361 611 616 681; x_wconf 82' lang='lat' dir='ltr'><strong>sequitur</strong></span> <span class='ocrx_word' id='word_1_24' title='bbox 643 607 910 679; x_wconf 71' lang='lat' dir='ltr'><strong>epistolas</strong></span> <span class='ocrx_word' id='word_1_25' title='bbox 931 608 1057 664; x_wconf 84' lang='lat' dir='ltr'><strong>illas</strong></span> <span class='ocrx_word' id='word_1_26' title='bbox 1076 624 1275 663; x_wconf 87' lang='lat' dir='ltr'><strong>omnes</strong></span> <span class='ocrx_word' id='word_1_27' title='bbox 1296 624 1418 664; x_wconf 90' lang='lat' dir='ltr'><strong>esse</strong></span> <span class='ocrx_word' id='word_1_28' title='bbox 1441 608 1608 664; x_wconf 90' lang='lat' dir='ltr'><strong>tertio</strong></span> <span class='ocrx_word' id='word_1_29' title='bbox 1651 607 1858 663; x_wconf 68' lang='lat' dir='ltr'><strong>saeculo</strong></span> <span class='ocrx_word' id='word_1_30' title='bbox 1913 606 2011 661; x_wconf 62' lang='lat' dir='ltr'><strong>lic.</strong></span> 
     </span>
    </p>
   </div>
   <div class='ocr_carea' id='block_1_6' title="bbox 362 696 2010 770">
    <p class='ocr_par' dir='ltr' id='par_1_6' title="bbox 362 696 2010 770">
     <span class='ocr_line' id='line_1_6' title="bbox 362 696 2010 770; baseline -0.003 -16"><span class='ocrx_word' id='word_1_31' title='bbox 362 707 447 754; x_wconf 85' lang='lat' dir='ltr'><strong>tas</strong></span> <span class='ocrx_word' id='word_1_32' title='bbox 476 709 644 770; x_wconf 84' lang='lat' dir='ltr'><strong>atque</strong></span> <span class='ocrx_word' id='word_1_33' title='bbox 673 697 990 769; x_wconf 90' lang='lat' dir='ltr'><strong>suppositas</strong></span> <span class='ocrx_word' id='word_1_34' title='bbox 1019 697 1046 752; x_wconf 89' lang='lat'><strong>?</strong></span> <span class='ocrx_word' id='word_1_35' title='bbox 1078 698 1135 752; x_wconf 88' lang='lat' dir='ltr'><strong>Si</strong></span> <span class='ocrx_word' id='word_1_36' title='bbox 1168 713 1358 768; x_wconf 85' lang='lat' dir='ltr'><strong>parem</strong></span> <span class='ocrx_word' id='word_1_37' title='bbox 1382 712 1514 753; x_wconf 86' lang='lat' dir='ltr'><strong>cum</strong></span> <span class='ocrx_word' id='word_1_38' title='bbox 1547 696 1860 764; x_wconf 84' lang='lat' dir='ltr'><strong>Scripturis</strong></span> <span class='ocrx_word' id='word_1_39' title='bbox 1907 711 2010 750; x_wconf 87' lang='lat' dir='ltr'><strong>au-</strong></span> 
     </span>
    </p>
   </div>
   <div class='ocr_carea' id='block_1_7' title="bbox 363 786 2012 854">
    <p class='ocr_par' dir='ltr' id='par_1_7' title="bbox 363 786 2012 854">
     <span class='ocr_line' id='line_1_7' title="bbox 363 786 2012 854; baseline -0.002 -10"><span class='ocrx_word' id='word_1_40' title='bbox 363 789 679 844; x_wconf 82' lang='lat' dir='ltr'><strong>ctoritatem</strong></span> <span class='ocrx_word' id='word_1_41' title='bbox 719 803 833 843; x_wconf 87' lang='lat' dir='ltr'><strong>non</strong></span> <span class='ocrx_word' id='word_1_42' title='bbox 865 787 1128 854; x_wconf 86' lang='lat' dir='ltr'><strong>habeant,</strong></span> <span class='ocrx_word' id='word_1_43' title='bbox 1159 799 1253 843; x_wconf 85' lang='lat' dir='ltr'><strong>aut</strong></span> <span class='ocrx_word' id='word_1_44' title='bbox 1289 803 1404 843; x_wconf 87' lang='lat' dir='ltr'><strong>una</strong></span> <span class='ocrx_word' id='word_1_45' title='bbox 1433 786 1520 842; x_wconf 88' lang='lat' dir='ltr'><strong>vel</strong></span> <span class='ocrx_word' id='word_1_46' title='bbox 1561 787 1738 844; x_wconf 77' lang='lat' dir='ltr'><strong>altera</strong></span> <span class='ocrx_word' id='word_1_47' title='bbox 1778 795 2012 842; x_wconf 85' lang='lat' dir='ltr'><strong>senten-</strong></span> 
     </span>
    </p>
   </div>
   <div class='ocr_carea' id='block_1_8' title="bbox 363 875 2010 948">
    <p class='ocr_par' dir='ltr' id='par_1_8' title="bbox 363 875 2010 948">
     <span class='ocr_line' id='line_1_8' title="bbox 363 875 2010 948; baseline -0.002 -16"><span class='ocrx_word' id='word_1_48' title='bbox 363 879 440 933; x_wconf 89' lang='lat' dir='ltr'><strong>tia</strong></span> <span class='ocrx_word' id='word_1_49' title='bbox 471 881 539 932; x_wconf 91' lang='lat' dir='ltr'><strong>de</strong></span> <span class='ocrx_word' id='word_1_50' title='bbox 569 877 902 933; x_wconf 90' lang='lat' dir='ltr'><strong>necessitate</strong></span> <span class='ocrx_word' id='word_1_51' title='bbox 939 885 990 932; x_wconf 91' lang='lat' dir='ltr'><strong>et</strong></span> <span class='ocrx_word' id='word_1_52' title='bbox 1010 875 1347 933; x_wconf 88' lang='lat' dir='ltr'><strong>excellentia</strong></span> <span class='ocrx_word' id='word_1_53' title='bbox 1363 877 1797 948; x_wconf 85' lang='lat' dir='ltr'><strong>episcopatusin</strong></span> <span class='ocrx_word' id='word_1_54' title='bbox 1821 890 2010 930; x_wconf 87' lang='lat' dir='ltr'><strong>exem-</strong></span> 
     </span>
    </p>
   </div>
   <div class='ocr_carea' id='block_1_9' title="bbox 363 964 2014 1036">
    <p class='ocr_par' dir='ltr' id='par_1_9' title="bbox 363 964 2014 1036">
     <span class='ocr_line' id='line_1_9' title="bbox 363 964 2014 1036; baseline -0.002 -15"><span class='ocrx_word' id='word_1_55' title='bbox 363 967 505 1036; x_wconf 90' lang='lat' dir='ltr'><strong>plari</strong></span> <span class='ocrx_word' id='word_1_56' title='bbox 543 967 979 1035; x_wconf 77' lang='lat' dir='ltr'><strong>Hieronymiano</strong></span> <span class='ocrx_word' id='word_1_57' title='bbox 1010 981 1123 1021; x_wconf 88' lang='lat' dir='ltr'><strong>non</strong></span> <span class='ocrx_word' id='word_1_58' title='bbox 1157 965 1482 1029; x_wconf 80' lang='lat' dir='ltr'><strong>haberetur,</strong></span> <span class='ocrx_word' id='word_1_59' title='bbox 1517 982 1637 1034; x_wconf 67' lang='lat' dir='ltr'><strong>quae</strong></span> <span class='ocrx_word' id='word_1_60' title='bbox 1689 965 1748 1020; x_wconf 90' lang='lat' dir='ltr'><strong>in</strong></span> <span class='ocrx_word' id='word_1_61' title='bbox 1805 964 2014 1018; x_wconf 89' lang='lat' dir='ltr'><strong>nostris</strong></span> 
     </span>
    </p>
   </div>
   <div class='ocr_carea' id='block_1_10' title="bbox 362 1053 2011 1125">
    <p class='ocr_par' dir='ltr' id='par_1_10' title="bbox 362 1053 2011 1125">
     <span class='ocr_line' id='line_1_10' title="bbox 362 1053 2011 1125; baseline -0.001 -16"><span class='ocrx_word' id='word_1_62' title='bbox 362 1062 693 1125; x_wconf 88' lang='lat' dir='ltr'><strong>apparet,an</strong></span> <span class='ocrx_word' id='word_1_63' title='bbox 729 1056 918 1110; x_wconf 87' lang='lat' dir='ltr'><strong>statim</strong></span> <span class='ocrx_word' id='word_1_64' title='bbox 955 1054 1227 1125; x_wconf 85' lang='lat' dir='ltr'><strong>sequitur,</strong></span> <span class='ocrx_word' id='word_1_65' title='bbox 1260 1069 1466 1110; x_wconf 88' lang='lat' dir='ltr'><strong>omnes</strong></span> <span class='ocrx_word' id='word_1_66' title='bbox 1487 1053 1662 1109; x_wconf 90' lang='lat' dir='ltr'><strong>fuisse</strong></span> <span class='ocrx_word' id='word_1_67' title='bbox 1717 1068 2011 1108; x_wconf 86' lang='lat' dir='ltr'><strong>commen-</strong></span> 
     </span>
    </p>
   </div>
   <div class='ocr_carea' id='block_1_11' title="bbox 364 1142 2015 1216">
    <p class='ocr_par' dir='ltr' id='par_1_11' title="bbox 364 1142 2015 1216">
     <span class='ocr_line' id='line_1_11' title="bbox 364 1142 2015 1216; baseline -0.001 -18"><span class='ocrx_word' id='word_1_68' title='bbox 364 1144 513 1199; x_wconf 88' lang='lat' dir='ltr'><strong>titias</strong></span> <span class='ocrx_word' id='word_1_69' title='bbox 535 1144 888 1214; x_wconf 82' lang='lat' dir='ltr'><strong>?praesertim</strong></span> <span class='ocrx_word' id='word_1_70' title='bbox 922 1159 1053 1200; x_wconf 91' lang='lat' dir='ltr'><strong>cum</strong></span> <span class='ocrx_word' id='word_1_71' title='bbox 1076 1145 1132 1199; x_wconf 91' lang='lat' dir='ltr'><strong>S.</strong></span> <span class='ocrx_word' id='word_1_72' title='bbox 1159 1144 1542 1216; x_wconf 85' lang='lat' dir='ltr'><strong>Hieronymus</strong></span> <span class='ocrx_word' id='word_1_73' title='bbox 1572 1158 1670 1198; x_wconf 88' lang='lat' dir='ltr'><strong>eas</strong></span> <span class='ocrx_word' id='word_1_74' title='bbox 1703 1157 1838 1212; x_wconf 85' lang='lat' dir='ltr'><strong>quas</strong></span> <span class='ocrx_word' id='word_1_75' title='bbox 1894 1142 2015 1211; x_wconf 88' lang='lat' dir='ltr'><strong>ipse</strong></span> 
     </span>
    </p>
   </div>
   <div class='ocr_carea' id='block_1_12' title="bbox 363 1230 2012 1303">
    <p class='ocr_par' dir='ltr' id='par_1_12' title="bbox 363 1230 2012 1303">
     <span class='ocr_line' id='line_1_12' title="bbox 363 1230 2012 1303; baseline -0.002 -15"><span class='ocrx_word' id='word_1_76' title='bbox 363 1234 557 1289; x_wconf 77' lang='lat' dir='ltr'><strong>habuit</strong></span> <span class='ocrx_word' id='word_1_77' title='bbox 586 1249 742 1289; x_wconf 88' lang='lat' dir='ltr'><strong>veras</strong></span> <span class='ocrx_word' id='word_1_78' title='bbox 764 1240 816 1288; x_wconf 91' lang='lat' dir='ltr'><strong>et</strong></span> <span class='ocrx_word' id='word_1_79' title='bbox 847 1233 1127 1302; x_wconf 82' lang='lat' dir='ltr'><strong>genuinas</strong></span> <span class='ocrx_word' id='word_1_80' title='bbox 1161 1233 1403 1303; x_wconf 81' lang='lat' dir='ltr'><strong>putavit.</strong></span> <span class='ocrx_word' id='word_1_81' title='bbox 1432 1232 1656 1286; x_wconf 85' lang='lat' dir='ltr'><strong>Fatetur</strong></span> <span class='ocrx_word' id='word_1_82' title='bbox 1687 1231 1768 1285; x_wconf 90' lang='lat' dir='ltr'><strong>vir</strong></span> <span class='ocrx_word' id='word_1_83' title='bbox 1793 1230 2012 1286; x_wconf 89' lang='lat' dir='ltr'><strong>doctis-</strong></span> 
     </span>
    </p>
   </div>
   <div class='ocr_carea' id='block_1_13' title="bbox 367 1321 2013 1392">
    <p class='ocr_par' dir='ltr' id='par_1_13' title="bbox 367 1321 2013 1392">
     <span class='ocr_line' id='line_1_13' title="bbox 367 1321 2013 1392; baseline -0.004 -13"><span class='ocrx_word' id='word_1_84' title='bbox 367 1325 564 1391; x_wconf 87' lang='lat' dir='ltr'><strong>simus,</strong></span> <span class='ocrx_word' id='word_1_85' title='bbox 599 1339 692 1378; x_wconf 90' lang='lat' dir='ltr'><strong>eas</strong></span> <span class='ocrx_word' id='word_1_86' title='bbox 724 1321 991 1391; x_wconf 80' lang='lat' dir='ltr'><strong>epistolas</strong></span> <span class='ocrx_word' id='word_1_87' title='bbox 1021 1337 1160 1392; x_wconf 89' lang='lat' dir='ltr'><strong>quas</strong></span> <span class='ocrx_word' id='word_1_88' title='bbox 1218 1337 1372 1377; x_wconf 91' lang='lat' dir='ltr'><strong>nunc</strong></span> <span class='ocrx_word' id='word_1_89' title='bbox 1441 1321 1736 1385; x_wconf 85' lang='lat' dir='ltr'><strong>habemus,</strong></span> <span class='ocrx_word' id='word_1_90' title='bbox 1788 1321 2013 1374; x_wconf 80' lang='lat' dir='ltr'><strong>easdem</strong></span> 
     </span>
    </p>
   </div>
   <div class='ocr_carea' id='block_1_14' title="bbox 361 1409 2011 1481">
    <p class='ocr_par' dir='ltr' id='par_1_14' title="bbox 361 1409 2011 1481">
     <span class='ocr_line' id='line_1_14' title="bbox 361 1409 2011 1481; baseline -0.004 -13"><span class='ocrx_word' id='word_1_91' title='bbox 361 1412 598 1468; x_wconf 89' lang='lat' dir='ltr'><strong>omnino</strong></span> <span class='ocrx_word' id='word_1_92' title='bbox 648 1427 770 1466; x_wconf 91' lang='lat' dir='ltr'><strong>esse</strong></span> <span class='ocrx_word' id='word_1_93' title='bbox 830 1427 970 1481; x_wconf 89' lang='lat' dir='ltr'><strong>quas</strong></span> <span class='ocrx_word' id='word_1_94' title='bbox 1028 1409 1224 1466; x_wconf 88' lang='lat' dir='ltr'><strong>habuit</strong></span> <span class='ocrx_word' id='word_1_95' title='bbox 1282 1410 1579 1476; x_wconf 84' lang='lat' dir='ltr'><strong>Eusebius,</strong></span> <span class='ocrx_word' id='word_1_96' title='bbox 1630 1417 1685 1464; x_wconf 90' lang='lat' dir='ltr'><strong>et</strong></span> <span class='ocrx_word' id='word_1_97' title='bbox 1729 1416 1850 1480; x_wconf 90' lang='lat' dir='ltr'><strong>post</strong></span> <span class='ocrx_word' id='word_1_98' title='bbox 1883 1423 2011 1463; x_wconf 91' lang='lat' dir='ltr'><strong>eum</strong></span> 
     </span>
    </p>
   </div>
   <div class='ocr_carea' id='block_1_15' title="bbox 364 1499 2014 1570">
    <p class='ocr_par' dir='ltr' id='par_1_15' title="bbox 364 1499 2014 1570">
     <span class='ocr_line' id='line_1_15' title="bbox 364 1499 2014 1570; baseline -0.001 -14"><span class='ocrx_word' id='word_1_99' title='bbox 364 1501 706 1557; x_wconf 82' lang='lat' dir='ltr'><strong>Athanasius</strong></span> <span class='ocrx_word' id='word_1_100' title='bbox 755 1509 920 1570; x_wconf 89' lang='lat' dir='ltr'><strong>atque</strong></span> <span class='ocrx_word' id='word_1_101' title='bbox 976 1500 1382 1556; x_wconf 82' lang='lat' dir='ltr'><strong>Thcodoretus.</strong></span> <span class='ocrx_word' id='word_1_102' title='bbox 1452 1502 1570 1563; x_wconf 86' lang='lat' dir='ltr'><strong>Qua</strong></span> <span class='ocrx_word' id='word_1_103' title='bbox 1619 1514 1750 1568; x_wconf 72' lang='lat' dir='ltr'><strong>ergo</strong></span> <span class='ocrx_word' id='word_1_104' title='bbox 1802 1499 2014 1554; x_wconf 83' lang='lat' dir='ltr'><strong>ratione</strong></span> 
     </span>
    </p>
   </div>
   <div class='ocr_carea' id='block_1_16' title="bbox 363 1586 2011 1658">
    <p class='ocr_par' dir='ltr' id='par_1_16' title="bbox 363 1586 2011 1658">
     <span class='ocr_line' id='line_1_16' title="bbox 363 1586 2011 1658; baseline -0.002 -14"><span class='ocrx_word' id='word_1_105' title='bbox 363 1591 567 1645; x_wconf 90' lang='lat' dir='ltr'><strong>ductus</strong></span> <span class='ocrx_word' id='word_1_106' title='bbox 625 1588 880 1644; x_wconf 90' lang='lat' dir='ltr'><strong>dubitare</strong></span> <span class='ocrx_word' id='word_1_107' title='bbox 917 1593 1101 1658; x_wconf 87' lang='lat' dir='ltr'><strong>potest</strong></span> <span class='ocrx_word' id='word_1_108' title='bbox 1132 1589 1199 1643; x_wconf 91' lang='lat' dir='ltr'><strong>de</strong></span> <span class='ocrx_word' id='word_1_109' title='bbox 1227 1587 1531 1657; x_wconf 83' lang='lat' dir='ltr'><strong>exemplari</strong></span> <span class='ocrx_word' id='word_1_110' title='bbox 1592 1586 1768 1643; x_wconf 73' lang='lat' dir='ltr'><strong>solius</strong></span> <span class='ocrx_word' id='word_1_111' title='bbox 1818 1587 2011 1641; x_wconf 87' lang='lat' dir='ltr'><strong>Hiero-</strong></span> 
     </span>
    </p>
   </div>
   <div class='ocr_carea' id='block_1_17' title="bbox 361 1679 2012 1753">
    <p class='ocr_par' dir='ltr' id='par_1_17' title="bbox 361 1679 2012 1753">
     <span class='ocr_line' id='line_1_17' title="bbox 361 1679 2012 1753; baseline -0.003 -16"><span class='ocrx_word' id='word_1_112' title='bbox 361 1681 645 1753; x_wconf 87' lang='lat' dir='ltr'><strong>nymi,qui</strong></span> <span class='ocrx_word' id='word_1_113' title='bbox 677 1689 800 1752; x_wconf 88' lang='lat' dir='ltr'><strong>post</strong></span> <span class='ocrx_word' id='word_1_114' title='bbox 834 1680 1136 1736; x_wconf 78' lang='lat' dir='ltr'><strong>Eusebium</strong></span> <span class='ocrx_word' id='word_1_115' title='bbox 1159 1688 1209 1735; x_wconf 91' lang='lat' dir='ltr'><strong>et</strong></span> <span class='ocrx_word' id='word_1_116' title='bbox 1231 1679 1630 1744; x_wconf 83' lang='lat' dir='ltr'><strong>Athanasium,</strong></span> <span class='ocrx_word' id='word_1_117' title='bbox 1662 1687 1792 1734; x_wconf 85' lang='lat' dir='ltr'><strong>ante</strong></span> <span class='ocrx_word' id='word_1_118' title='bbox 1821 1680 2012 1732; x_wconf 86' lang='lat' dir='ltr'><strong>Theo-</strong></span> 
     </span>
    </p>
   </div>
   <div class='ocr_carea' id='block_1_18' title="bbox 361 1769 2013 1838">
    <p class='ocr_par' dir='ltr' id='par_1_18' title="bbox 361 1769 2013 1838">
     <span class='ocr_line' id='line_1_18' title="bbox 361 1769 2013 1838; baseline -0.002 -12"><span class='ocrx_word' id='word_1_119' title='bbox 361 1772 618 1827; x_wconf 87' lang='lat' dir='ltr'><strong>doretum</strong></span> <span class='ocrx_word' id='word_1_120' title='bbox 648 1771 826 1826; x_wconf 79' lang='lat' dir='ltr'><strong>vixit?</strong></span> <span class='ocrx_word' id='word_1_121' title='bbox 855 1775 976 1827; x_wconf 86' lang='lat' dir='ltr'><strong>Non</strong></span> <span class='ocrx_word' id='word_1_122' title='bbox 1006 1780 1121 1826; x_wconf 88' lang='lat' dir='ltr'><strong>tam</strong></span> <span class='ocrx_word' id='word_1_123' title='bbox 1149 1771 1349 1838; x_wconf 87' lang='lat' dir='ltr'><strong>multa,</strong></span> <span class='ocrx_word' id='word_1_124' title='bbox 1385 1769 1622 1836; x_wconf 89' lang='lat' dir='ltr'><strong>scilicet,</strong></span> <span class='ocrx_word' id='word_1_125' title='bbox 1652 1769 1718 1823; x_wconf 89' lang='lat' dir='ltr'><strong>de</strong></span> <span class='ocrx_word' id='word_1_126' title='bbox 1748 1785 1814 1823; x_wconf 88' lang='lat' dir='ltr'><strong>ea</strong></span> <span class='ocrx_word' id='word_1_127' title='bbox 1846 1784 1905 1823; x_wconf 88' lang='lat' dir='ltr'><strong>re</strong></span> <span class='ocrx_word' id='word_1_128' title='bbox 1953 1771 2013 1822; x_wconf 85' lang='lat' dir='ltr'><strong>in</strong></span> 
     </span>
    </p>
   </div>
   <div class='ocr_carea' id='block_1_19' title="bbox 2116 603 3769 676">
    <p class='ocr_par' dir='ltr' id='par_1_19' title="bbox 2116 603 3769 676">
     <span class='ocr_line' id='line_1_19' title="bbox 2116 603 3769 676; baseline -0.001 -16"><span class='ocrx_word' id='word_1_129' title='bbox 2116 606 2298 676; x_wconf 80' lang='lat' dir='ltr'><strong>ﬁlium</strong></span> <span class='ocrx_word' id='word_1_130' title='bbox 2327 604 2667 675; x_wconf 74' lang='lat' dir='ltr'><strong>dignationis</strong></span> <span class='ocrx_word' id='word_1_131' title='bbox 2695 609 2830 673; x_wconf 69' lang='lat' dir='ltr'><strong>tuas,</strong></span> <span class='ocrx_word' id='word_1_132' title='bbox 2863 603 3114 660; x_wconf 89' lang='lat' dir='ltr'><strong>Orosium</strong></span> <span class='ocrx_word' id='word_1_133' title='bbox 3141 604 3522 676; x_wconf 75' lang='lat' dir='ltr'><strong>presbyter-nm</strong></span> <span class='ocrx_word' id='word_1_134' title='bbox 3570 608 3623 659; x_wconf 87' lang='lat' dir='ltr'><strong>et</strong></span> <span class='ocrx_word' id='word_1_135' title='bbox 3673 603 3769 659; x_wconf 88' lang='lat' dir='ltr'><strong>sui</strong></span> 
     </span>
    </p>
   </div>
   <div class='ocr_carea' id='block_1_20' title="bbox 2116 693 3769 766">
    <p class='ocr_par' dir='ltr' id='par_1_20' title="bbox 2116 693 3769 766">
     <span class='ocr_line' id='line_1_20' title="bbox 2116 693 3769 766; baseline -0.001 -16"><span class='ocrx_word' id='word_1_136' title='bbox 2116 698 2318 752; x_wconf 87' lang='lat' dir='ltr'><strong>merito</strong></span> <span class='ocrx_word' id='word_1_137' title='bbox 2346 700 2398 750; x_wconf 87' lang='lat' dir='ltr'><strong>et</strong></span> <span class='ocrx_word' id='word_1_138' title='bbox 2429 699 2478 750; x_wconf 91' lang='lat' dir='ltr'><strong>te</strong></span> <span class='ocrx_word' id='word_1_139' title='bbox 2505 695 2726 761; x_wconf 71' lang='lat' dir='ltr'><strong>iubente</strong></span> <span class='ocrx_word' id='word_1_140' title='bbox 2741 695 2973 766; x_wconf 76' lang='lat' dir='ltr'><strong>suscepi.</strong></span> <span class='ocrx_word' id='word_1_141' title='bbox 3007 694 3142 757; x_wconf 74' lang='lat' dir='ltr'><strong>Quae</strong></span> <span class='ocrx_word' id='word_1_142' title='bbox 3173 710 3299 749; x_wconf 88' lang='lat' dir='ltr'><strong>cum</strong></span> <span class='ocrx_word' id='word_1_143' title='bbox 3337 695 3415 748; x_wconf 90' lang='lat' dir='ltr'><strong>ita</strong></span> <span class='ocrx_word' id='word_1_144' title='bbox 3470 693 3604 764; x_wconf 89' lang='lat' dir='ltr'><strong>sint,</strong></span> <span class='ocrx_word' id='word_1_145' title='bbox 3663 694 3769 750; x_wconf 87' lang='lat' dir='ltr'><strong>illa</strong></span> 
     </span>
    </p>
   </div>
   <div class='ocr_carea' id='block_1_21' title="bbox 2118 784 3765 855">
    <p class='ocr_par' dir='ltr' id='par_1_21' title="bbox 2118 784 3765 855">
     <span class='ocr_line' id='line_1_21' title="bbox 2118 784 3765 855; baseline -0.001 -14"><span class='ocrx_word' id='word_1_146' title='bbox 2118 786 2175 841; x_wconf 91' lang='lat' dir='ltr'><strong>in</strong></span> <span class='ocrx_word' id='word_1_147' title='bbox 2207 795 2474 855; x_wconf 81' lang='lat' dir='ltr'><strong>suspecto</strong></span> <span class='ocrx_word' id='word_1_148' title='bbox 2501 799 2671 854; x_wconf 82' lang='lat' dir='ltr'><strong>Opere</strong></span> <span class='ocrx_word' id='word_1_149' title='bbox 2703 787 2763 839; x_wconf 87' lang='lat' dir='ltr'><strong>in</strong></span> <span class='ocrx_word' id='word_1_150' title='bbox 2787 785 3064 855; x_wconf 77' lang='lat' dir='ltr'><strong>psalmum</strong></span> <span class='ocrx_word' id='word_1_151' title='bbox 3092 800 3220 838; x_wconf 80' lang='lat' dir='ltr'><strong>xuv</strong></span> <span class='ocrx_word' id='word_1_152' title='bbox 3279 784 3626 854; x_wconf 83' lang='lat' dir='ltr'><strong>Hieronymo</strong></span> <span class='ocrx_word' id='word_1_153' title='bbox 3672 784 3765 839; x_wconf 77' lang='lat' dir='ltr'><strong>vix</strong></span> 
     </span>
    </p>
   </div>
   <div class='ocr_carea' id='block_1_22' title="bbox 2117 872 3772 946">
    <p class='ocr_par' dir='ltr' id='par_1_22' title="bbox 2117 872 3772 946">
     <span class='ocr_line' id='line_1_22' title="bbox 2117 872 3772 946; baseline -0.002 -16"><span class='ocrx_word' id='word_1_154' title='bbox 2117 874 2428 946; x_wconf 72' lang='lat' dir='ltr'><strong>abjudicari</strong></span> <span class='ocrx_word' id='word_1_155' title='bbox 2463 882 2745 944; x_wconf 89' lang='lat' dir='ltr'><strong>possunt:</strong></span> <span class='ocrx_word' id='word_1_156' title='bbox 2791 877 3057 942; x_wconf 83' lang='lat' dir='ltr'><strong>Fuerunt,</strong></span> <span class='ocrx_word' id='word_1_157' title='bbox 3115 889 3145 929; x_wconf 91' lang='grc' dir='ltr'><em>ο</em></span> <span class='ocrx_word' id='word_1_158' title='bbox 3199 872 3460 938; x_wconf 75' lang='lat' dir='ltr'><strong>Ecclesia,</strong></span> <span class='ocrx_word' id='word_1_159' title='bbox 3523 872 3772 944; x_wconf 75' lang='lat' dir='ltr'><strong>apostoli</strong></span> 
     </span>
    </p>
   </div>
   <div class='ocr_carea' id='block_1_23' title="bbox 2118 962 3772 1036">
    <p class='ocr_par' dir='ltr' id='par_1_23' title="bbox 2118 962 3772 1036">
     <span class='ocr_line' id='line_1_23' title="bbox 2118 962 3772 1036; baseline 0 -18"><span class='ocrx_word' id='word_1_160' title='bbox 2118 973 2300 1036; x_wconf 89' lang='lat' dir='ltr'><strong>patres</strong></span> <span class='ocrx_word' id='word_1_161' title='bbox 2333 962 2438 1030; x_wconf 86' lang='lat' dir='ltr'><strong>tui,</strong></span> <span class='ocrx_word' id='word_1_162' title='bbox 2471 965 2601 1034; x_wconf 88' lang='lat' dir='ltr'><strong>quia</strong></span> <span class='ocrx_word' id='word_1_163' title='bbox 2619 965 2729 1030; x_wconf 86' lang='lat' dir='ltr'><strong>ipsi</strong></span> <span class='ocrx_word' id='word_1_164' title='bbox 2759 970 2808 1019; x_wconf 92' lang='lat' dir='ltr'><strong>te</strong></span> <span class='ocrx_word' id='word_1_165' title='bbox 2834 966 3164 1034; x_wconf 81' lang='lat' dir='ltr'><strong>genuerunt.</strong></span> <span class='ocrx_word' id='word_1_166' title='bbox 3198 963 3355 1017; x_wconf 84' lang='lat' dir='ltr'><strong>Nunc</strong></span> <span class='ocrx_word' id='word_1_167' title='bbox 3397 965 3582 1018; x_wconf 82' lang='lat' dir='ltr'><strong>autem</strong></span> <span class='ocrx_word' id='word_1_168' title='bbox 3634 963 3772 1034; x_wconf 82' lang='lat' dir='ltr'><strong>quia</strong></span> 
     </span>
    </p>
   </div>
   <div class='ocr_carea' id='block_1_24' title="bbox 2119 1053 3771 1124">
    <p class='ocr_par' dir='ltr' id='par_1_24' title="bbox 2119 1053 3771 1124">
     <span class='ocr_line' id='line_1_24' title="bbox 2119 1053 3771 1124; baseline -0.001 -16"><span class='ocrx_word' id='word_1_169' title='bbox 2119 1054 2212 1108; x_wconf 93' lang='lat' dir='ltr'><strong>illi</strong></span> <span class='ocrx_word' id='word_1_170' title='bbox 2239 1059 2581 1109; x_wconf 81' lang='lat' dir='ltr'><strong>recesserunt</strong></span> <span class='ocrx_word' id='word_1_171' title='bbox 2637 1070 2672 1106; x_wconf 90' lang='lat' dir='ltr'><strong>a</strong></span> <span class='ocrx_word' id='word_1_172' title='bbox 2716 1053 2944 1124; x_wconf 88' lang='lat' dir='ltr'><strong>mundo,</strong></span> <span class='ocrx_word' id='word_1_173' title='bbox 2993 1053 3158 1108; x_wconf 90' lang='lat' dir='ltr'><strong>habes</strong></span> <span class='ocrx_word' id='word_1_174' title='bbox 3208 1068 3310 1124; x_wconf 89' lang='lat' dir='ltr'><strong>pro</strong></span> <span class='ocrx_word' id='word_1_175' title='bbox 3362 1053 3446 1108; x_wconf 90' lang='lat' dir='ltr'><strong>his</strong></span> <span class='ocrx_word' id='word_1_176' title='bbox 3488 1055 3771 1124; x_wconf 78' lang='lat' dir='ltr'><strong>episcOpos</strong></span> 
     </span>
    </p>
   </div>
   <div class='ocr_carea' id='block_1_25' title="bbox 2118 1142 3771 1214">
    <p class='ocr_par' dir='ltr' id='par_1_25' title="bbox 2118 1142 3771 1214">
     <span class='ocr_line' id='line_1_25' title="bbox 2118 1142 3771 1214; baseline 0.001 -18"><span class='ocrx_word' id='word_1_177' title='bbox 2118 1142 2281 1214; x_wconf 87' lang='lat' dir='ltr'><strong>ﬁlios,</strong></span> <span class='ocrx_word' id='word_1_178' title='bbox 2313 1143 2472 1214; x_wconf 90' lang='lat' dir='ltr'><strong>quia</strong></span> <span class='ocrx_word' id='word_1_179' title='bbox 2506 1151 2554 1198; x_wconf 89' lang='lat' dir='ltr'><strong>te</strong></span> <span class='ocrx_word' id='word_1_180' title='bbox 2572 1142 2749 1197; x_wconf 79' lang='lat' dir='ltr'><strong>creati</strong></span> <span class='ocrx_word' id='word_1_181' title='bbox 2775 1146 2903 1198; x_wconf 89' lang='lat' dir='ltr'><strong>sunt</strong></span> <span class='ocrx_word' id='word_1_182' title='bbox 2937 1159 2950 1198; x_wconf 93' lang='lat'><strong>:</strong></span> <span class='ocrx_word' id='word_1_183' title='bbox 2991 1151 3122 1198; x_wconf 86' lang='lat' dir='ltr'><strong>sunt</strong></span> <span class='ocrx_word' id='word_1_184' title='bbox 3179 1142 3328 1198; x_wconf 87' lang='lat' dir='ltr'><strong>enim</strong></span> <span class='ocrx_word' id='word_1_185' title='bbox 3375 1149 3426 1197; x_wconf 92' lang='lat' dir='ltr'><strong>et</strong></span> <span class='ocrx_word' id='word_1_186' title='bbox 3471 1143 3530 1197; x_wconf 86' lang='lat' dir='ltr'><strong>hi</strong></span> <span class='ocrx_word' id='word_1_187' title='bbox 3583 1147 3771 1214; x_wconf 85' lang='lat' dir='ltr'><strong>patres</strong></span> 
     </span>
    </p>
   </div>
   <div class='ocr_carea' id='block_1_26' title="bbox 2120 1231 3769 1304">
    <p class='ocr_par' dir='ltr' id='par_1_26' title="bbox 2120 1231 3769 1304">
     <span class='ocr_line' id='line_1_26' title="bbox 2120 1231 3769 1304; baseline -0.001 -15"><span class='ocrx_word' id='word_1_188' title='bbox 2120 1235 2224 1301; x_wconf 89' lang='lat' dir='ltr'><strong>tui,</strong></span> <span class='ocrx_word' id='word_1_189' title='bbox 2255 1235 2387 1304; x_wconf 84' lang='lat' dir='ltr'><strong>quia</strong></span> <span class='ocrx_word' id='word_1_190' title='bbox 2416 1233 2483 1287; x_wconf 92' lang='lat' dir='ltr'><strong>ab</strong></span> <span class='ocrx_word' id='word_1_191' title='bbox 2508 1234 2640 1304; x_wconf 87' lang='lat' dir='ltr'><strong>ipsis</strong></span> <span class='ocrx_word' id='word_1_192' title='bbox 2671 1235 2902 1301; x_wconf 86' lang='lat' dir='ltr'><strong>regeris.</strong></span> <span class='ocrx_word' id='word_1_193' title='bbox 2931 1233 3055 1288; x_wconf 68' lang='lat' dir='ltr'><strong>llazc</strong></span> <span class='ocrx_word' id='word_1_194' title='bbox 3085 1239 3271 1287; x_wconf 87' lang='lat' dir='ltr'><strong>autem</strong></span> <span class='ocrx_word' id='word_1_195' title='bbox 3305 1231 3584 1303; x_wconf 83' lang='lat' dir='ltr'><strong>subjectio</strong></span> <span class='ocrx_word' id='word_1_196' title='bbox 3631 1232 3769 1288; x_wconf 91' lang='lat' dir='ltr'><strong>Hie-</strong></span> 
     </span>
    </p>
   </div>
   <div class='ocr_carea' id='block_1_27' title="bbox 2121 1321 3768 1397">
    <p class='ocr_par' dir='ltr' id='par_1_27' title="bbox 2121 1321 3768 1397">
     <span class='ocr_line' id='line_1_27' title="bbox 2121 1321 3768 1397; baseline -0.002 -18"><span class='ocrx_word' id='word_1_197' title='bbox 2121 1326 2455 1397; x_wconf 85' lang='lat' dir='ltr'><strong>ronymiana</strong></span> <span class='ocrx_word' id='word_1_198' title='bbox 2486 1323 2633 1379; x_wconf 89' lang='lat' dir='ltr'><strong>nihil</strong></span> <span class='ocrx_word' id='word_1_199' title='bbox 2685 1324 2840 1379; x_wconf 83' lang='lat' dir='ltr'><strong>aliud</strong></span> <span class='ocrx_word' id='word_1_200' title='bbox 2886 1331 2970 1380; x_wconf 90' lang='lat' dir='ltr'><strong>est</strong></span> <span class='ocrx_word' id='word_1_201' title='bbox 2999 1339 3167 1394; x_wconf 86' lang='lat' dir='ltr'><strong>quam</strong></span> <span class='ocrx_word' id='word_1_202' title='bbox 3228 1321 3440 1391; x_wconf 83' lang='grc' dir='ltr'>ὑπακοή</span> <span class='ocrx_word' id='word_1_203' title='bbox 3485 1323 3571 1378; x_wconf 92' lang='lat' dir='ltr'><strong>vel</strong></span> <span class='ocrx_word' id='word_1_204' title='bbox 3631 1321 3768 1376; x_wconf 73' lang='lat' dir='ltr'><strong>bno.</strong></span> 
     </span>
    </p>
   </div>
   <div class='ocr_carea' id='block_1_28' title="bbox 2117 1413 3770 1487">
    <p class='ocr_par' dir='ltr' id='par_1_28' title="bbox 2117 1413 3770 1487">
     <span class='ocr_line' id='line_1_28' title="bbox 2117 1413 3770 1487; baseline 0.002 -20"><span class='ocrx_word' id='word_1_205' title='bbox 2117 1415 2257 1487; x_wconf 84' lang='grc' dir='ltr'><strong>ταγὴ</strong></span> <span class='ocrx_word' id='word_1_206' title='bbox 2313 1415 2627 1485; x_wconf 79' lang='lat' dir='ltr'><strong>Ignatiana.</strong></span> <span class='ocrx_word' id='word_1_207' title='bbox 2686 1415 2967 1481; x_wconf 87' lang='lat' dir='ltr'><strong>Secundo,</strong></span> <span class='ocrx_word' id='word_1_208' title='bbox 3021 1414 3400 1482; x_wconf 86' lang='lat' dir='ltr'><strong>Hieronymus</strong></span> <span class='ocrx_word' id='word_1_209' title='bbox 3456 1413 3770 1483; x_wconf 64' lang='lat' dir='ltr'><strong>saepissime</strong></span> 
     </span>
    </p>
   </div>
   <div class='ocr_carea' id='block_1_29' title="bbox 2121 1503 3769 1573">
    <p class='ocr_par' dir='ltr' id='par_1_29' title="bbox 2121 1503 3769 1573">
     <span class='ocr_line' id='line_1_29' title="bbox 2121 1503 3769 1573; baseline 0.001 -15"><span class='ocrx_word' id='word_1_210' title='bbox 2121 1511 2232 1560; x_wconf 88' lang='lat' dir='ltr'><strong>tres</strong></span> <span class='ocrx_word' id='word_1_211' title='bbox 2261 1505 2475 1571; x_wconf 72' lang='lat' dir='ltr'><strong>gradus</strong></span> <span class='ocrx_word' id='word_1_212' title='bbox 2509 1503 2629 1558; x_wconf 84' lang='lat' dir='ltr'><strong>sive</strong></span> <span class='ocrx_word' id='word_1_213' title='bbox 2657 1505 2886 1558; x_wconf 88' lang='lat' dir='ltr'><strong>ordines</strong></span> <span class='ocrx_word' id='word_1_214' title='bbox 2933 1503 2993 1557; x_wconf 94' lang='lat' dir='ltr'><strong>in</strong></span> <span class='ocrx_word' id='word_1_215' title='bbox 3043 1503 3313 1570; x_wconf 88' lang='lat' dir='ltr'><strong>Ecclesia,</strong></span> <span class='ocrx_word' id='word_1_216' title='bbox 3356 1503 3769 1573; x_wconf 82' lang='lat' dir='ltr'><strong>episcOpalum,</strong></span> 
     </span>
    </p>
   </div>
   <div class='ocr_carea' id='block_1_30' title="bbox 2119 1591 3772 1662">
    <p class='ocr_par' dir='ltr' id='par_1_30' title="bbox 2119 1591 3772 1662">
     <span class='ocr_line' id='line_1_30' title="bbox 2119 1591 3772 1662; baseline 0 -15"><span class='ocrx_word' id='word_1_217' title='bbox 2119 1591 2569 1662; x_wconf 84' lang='lat' dir='ltr'><strong>presbyteratum</strong></span> <span class='ocrx_word' id='word_1_218' title='bbox 2591 1599 2646 1646; x_wconf 91' lang='lat' dir='ltr'><strong>et</strong></span> <span class='ocrx_word' id='word_1_219' title='bbox 2691 1592 3052 1647; x_wconf 85' lang='lat' dir='ltr'><strong>diaconatum</strong></span> <span class='ocrx_word' id='word_1_220' title='bbox 3085 1591 3364 1661; x_wconf 81' lang='lat' dir='ltr'><strong>agnoscit,</strong></span> <span class='ocrx_word' id='word_1_221' title='bbox 3403 1607 3519 1647; x_wconf 93' lang='lat' dir='ltr'><strong>non</strong></span> <span class='ocrx_word' id='word_1_222' title='bbox 3577 1592 3772 1648; x_wconf 87' lang='lat' dir='ltr'><strong>minus</strong></span> 
     </span>
    </p>
   </div>
   <div class='ocr_carea' id='block_1_31' title="bbox 2119 1680 3766 1751">
    <p class='ocr_par' dir='ltr' id='par_1_31' title="bbox 2119 1680 3766 1751">
     <span class='ocr_line' id='line_1_31' title="bbox 2119 1680 3766 1751; baseline 0.001 -16"><span class='ocrx_word' id='word_1_223' title='bbox 2119 1696 2289 1751; x_wconf 87' lang='lat' dir='ltr'><strong>quam</strong></span> <span class='ocrx_word' id='word_1_224' title='bbox 2320 1682 2595 1751; x_wconf 83' lang='lat' dir='ltr'><strong>Ignatius.</strong></span> <span class='ocrx_word' id='word_1_225' title='bbox 2655 1680 2888 1750; x_wconf 83' lang='lat' dir='ltr'><strong>Dialogo</strong></span> <span class='ocrx_word' id='word_1_226' title='bbox 2931 1682 3202 1736; x_wconf 88' lang='lat' dir='ltr'><strong>adversus</strong></span> <span class='ocrx_word' id='word_1_227' title='bbox 3260 1681 3689 1736; x_wconf 86' lang='lat' dir='ltr'><strong>Luciferianos:</strong></span> <span class='ocrx_word' id='word_1_228' title='bbox 3727 1684 3766 1736; x_wconf 88' lang='lat' dir='ltr'><strong>A</strong></span> 
     </span>
    </p>
   </div>
   <div class='ocr_carea' id='block_1_32' title="bbox 2117 1769 3765 1842">
    <p class='ocr_par' dir='ltr' id='par_1_32' title="bbox 2117 1769 3765 1842">
     <span class='ocr_line' id='line_1_32' title="bbox 2117 1769 3765 1842; baseline 0 -16"><span class='ocrx_word' id='word_1_229' title='bbox 2117 1770 2357 1839; x_wconf 79' lang='lat' dir='ltr'><strong>triginta</strong></span> <span class='ocrx_word' id='word_1_230' title='bbox 2382 1771 2580 1826; x_wconf 75' lang='lat' dir='ltr'><strong>cubitis</strong></span> <span class='ocrx_word' id='word_1_231' title='bbox 2600 1770 2874 1842; x_wconf 83' lang='lat' dir='ltr'><strong>incipiens</strong></span> <span class='ocrx_word' id='word_1_232' title='bbox 2895 1776 2947 1824; x_wconf 92' lang='lat' dir='ltr'><strong>et</strong></span> <span class='ocrx_word' id='word_1_233' title='bbox 2979 1786 3147 1840; x_wconf 81' lang='lat' dir='ltr'><strong>usque</strong></span> <span class='ocrx_word' id='word_1_234' title='bbox 3189 1769 3260 1824; x_wconf 92' lang='lat' dir='ltr'><strong>ad</strong></span> <span class='ocrx_word' id='word_1_235' title='bbox 3290 1785 3461 1824; x_wconf 89' lang='lat' dir='ltr'><strong>unum</strong></span> <span class='ocrx_word' id='word_1_236' title='bbox 3517 1771 3765 1827; x_wconf 86' lang='lat' dir='ltr'><strong>cubitum</strong></span> 
     </span>
    </p>
   </div>
   <div class='ocr_carea' id='block_1_33' title="bbox 359 1858 3764 1948">
    <p class='ocr_par' dir='ltr' id='par_1_33' title="bbox 359 1858 3764 1948">
     <span class='ocr_line' id='line_1_33' title="bbox 359 1858 3764 1948; baseline 0 -33"><span class='ocrx_word' id='word_1_237' title='bbox 359 1863 574 1932; x_wconf 84' lang='lat' dir='ltr'><strong>lgnalio</strong></span> <span class='ocrx_word' id='word_1_238' title='bbox 603 1861 739 1916; x_wconf 85' lang='lat' dir='ltr'><strong>vidit</strong></span> <span class='ocrx_word' id='word_1_239' title='bbox 769 1860 1176 1932; x_wconf 83' lang='lat' dir='ltr'><strong>Hieronymus:</strong></span> <span class='ocrx_word' id='word_1_240' title='bbox 1209 1860 1392 1931; x_wconf 88' lang='lat' dir='ltr'><strong>quasi,</strong></span> <span class='ocrx_word' id='word_1_241' title='bbox 1425 1861 1472 1915; x_wconf 91' lang='lat' dir='ltr'><strong>si</strong></span> <span class='ocrx_word' id='word_1_242' title='bbox 1501 1859 1768 1929; x_wconf 86' lang='lat' dir='ltr'><strong>pauciora</strong></span> <span class='ocrx_word' id='word_1_243' title='bbox 1805 1859 1877 1913; x_wconf 92' lang='lat' dir='ltr'><strong>de</strong></span> <span class='ocrx_word' id='word_1_244' title='bbox 1904 1874 2001 1913; x_wconf 87' lang='lat' dir='ltr'><strong>ea-</strong></span> <span class='ocrx_word' id='word_1_245' title='bbox 2031 1883 2078 1948; x_wconf 81' lang='grc' dir='ltr'><strong>Β</strong></span> <span class='ocrx_word' id='word_1_246' title='bbox 2113 1861 2397 1931; x_wconf 85' lang='lat' dir='ltr'><strong>paulatim</strong></span> <span class='ocrx_word' id='word_1_247' title='bbox 2443 1859 2746 1914; x_wconf 80' lang='lat' dir='ltr'><strong>decrescens</strong></span> <span class='ocrx_word' id='word_1_248' title='bbox 2787 1875 2917 1914; x_wconf 89' lang='lat' dir='ltr'><strong>arca</strong></span> <span class='ocrx_word' id='word_1_249' title='bbox 2972 1861 3310 1914; x_wconf 81' lang='lat' dir='ltr'><strong>construitur</strong></span> <span class='ocrx_word' id='word_1_250' title='bbox 3342 1875 3356 1913; x_wconf 89' lang='lat'><strong>:</strong></span> <span class='ocrx_word' id='word_1_251' title='bbox 3387 1858 3654 1915; x_wconf 86' lang='lat' dir='ltr'><strong>similiter</strong></span> <span class='ocrx_word' id='word_1_252' title='bbox 3708 1866 3764 1916; x_wconf 88' lang='lat' dir='ltr'><strong>et</strong></span> 
     </span>
    </p>
   </div>
   <div class='ocr_carea' id='block_1_34' title="bbox 358 1949 1999 2022">
    <p class='ocr_par' dir='ltr' id='par_1_34' title="bbox 358 1949 1999 2022">
     <span class='ocr_line' id='line_1_34' title="bbox 358 1949 1999 2022; baseline -0.001 -16"><span class='ocrx_word' id='word_1_253' title='bbox 358 1952 486 2007; x_wconf 90' lang='lat' dir='ltr'><strong>dem</strong></span> <span class='ocrx_word' id='word_1_254' title='bbox 521 1968 577 2006; x_wconf 90' lang='lat' dir='ltr'><strong>re</strong></span> <span class='ocrx_word' id='word_1_255' title='bbox 608 1952 843 2008; x_wconf 83' lang='lat' dir='ltr'><strong>dixisset</strong></span> <span class='ocrx_word' id='word_1_256' title='bbox 876 1953 1147 2022; x_wconf 84' lang='lat' dir='ltr'><strong>lgnatius,</strong></span> <span class='ocrx_word' id='word_1_257' title='bbox 1181 1951 1349 2007; x_wconf 85' lang='lat' dir='ltr'><strong>ﬁdem</strong></span> <span class='ocrx_word' id='word_1_258' title='bbox 1395 1951 1496 2006; x_wconf 88' lang='lat' dir='ltr'><strong>Dei</strong></span> <span class='ocrx_word' id='word_1_259' title='bbox 1545 1965 1770 2004; x_wconf 90' lang='lat' dir='ltr'><strong>omnem</strong></span> <span class='ocrx_word' id='word_1_260' title='bbox 1829 1949 1999 2005; x_wconf 88' lang='lat' dir='ltr'><strong>abro-</strong></span> 
     </span>
    </p>
   </div>
   <div class='ocr_carea' id='block_1_35' title="bbox 362 2041 2002 2114">
    <p class='ocr_par' dir='ltr' id='par_1_35' title="bbox 362 2041 2002 2114">
     <span class='ocr_line' id='line_1_35' title="bbox 362 2041 2002 2114; baseline -0.001 -18"><span class='ocrx_word' id='word_1_261' title='bbox 362 2051 543 2112; x_wconf 82' lang='lat' dir='ltr'><strong>gasset</strong></span> <span class='ocrx_word' id='word_1_262' title='bbox 578 2043 1148 2114; x_wconf 80' lang='lat' dir='ltr'><strong>Hieronynius.Anne</strong></span> <span class='ocrx_word' id='word_1_263' title='bbox 1177 2042 1484 2098; x_wconf 87' lang='lat' dir='ltr'><strong>auctoritas</strong></span> <span class='ocrx_word' id='word_1_264' title='bbox 1525 2041 1622 2096; x_wconf 85' lang='lat' dir='ltr'><strong>illa</strong></span> <span class='ocrx_word' id='word_1_265' title='bbox 1651 2047 1867 2095; x_wconf 87' lang='lat' dir='ltr'><strong>tantum</strong></span> <span class='ocrx_word' id='word_1_266' title='bbox 1909 2055 2002 2094; x_wconf 83' lang='lat' dir='ltr'><strong>va—</strong></span> 
     </span>
    </p>
   </div>
   <div class='ocr_carea' id='block_1_36' title="bbox 358 2129 2005 2202">
    <p class='ocr_par' dir='ltr' id='par_1_36' title="bbox 358 2129 2005 2202">
     <span class='ocr_line' id='line_1_36' title="bbox 358 2129 2005 2202; baseline 0 -17"><span class='ocrx_word' id='word_1_267' title='bbox 358 2129 476 2186; x_wconf 83' lang='lat' dir='ltr'><strong>lida</strong></span> <span class='ocrx_word' id='word_1_268' title='bbox 506 2141 737 2200; x_wconf 67' lang='lat' dir='ltr'><strong>est,que</strong></span> <span class='ocrx_word' id='word_1_269' title='bbox 765 2132 1061 2186; x_wconf 89' lang='lat' dir='ltr'><strong>sententiis</strong></span> <span class='ocrx_word' id='word_1_270' title='bbox 1090 2131 1238 2186; x_wconf 89' lang='lat' dir='ltr'><strong>idem</strong></span> <span class='ocrx_word' id='word_1_271' title='bbox 1280 2131 1449 2202; x_wconf 86' lang='lat' dir='ltr'><strong>plane</strong></span> <span class='ocrx_word' id='word_1_272' title='bbox 1478 2130 1812 2185; x_wconf 86' lang='lat' dir='ltr'><strong>sonantibus</strong></span> <span class='ocrx_word' id='word_1_273' title='bbox 1857 2145 2005 2200; x_wconf 62' lang='lat' dir='ltr'><strong>saepe</strong></span> 
     </span>
    </p>
   </div>
   <div class='ocr_carea' id='block_1_37' title="bbox 363 2219 2005 2292">
    <p class='ocr_par' dir='ltr' id='par_1_37' title="bbox 363 2219 2005 2292">
     <span class='ocr_line' id='line_1_37' title="bbox 363 2219 2005 2292; baseline 0 -18"><span class='ocrx_word' id='word_1_274' title='bbox 363 2222 616 2290; x_wconf 83' lang='lat' dir='ltr'><strong>repetitis</strong></span> <span class='ocrx_word' id='word_1_275' title='bbox 640 2221 906 2276; x_wconf 85' lang='lat' dir='ltr'><strong>constat?</strong></span> <span class='ocrx_word' id='word_1_276' title='bbox 934 2220 1078 2283; x_wconf 84' lang='lat' dir='ltr'><strong>Quot</strong></span> <span class='ocrx_word' id='word_1_277' title='bbox 1107 2221 1480 2276; x_wconf 64' lang='lat' dir='ltr'><strong>sententiain</strong></span> <span class='ocrx_word' id='word_1_278' title='bbox 1513 2221 1733 2292; x_wconf 77' lang='lat' dir='ltr'><strong>lgnatio</strong></span> <span class='ocrx_word' id='word_1_279' title='bbox 1781 2219 2005 2274; x_wconf 85' lang='lat' dir='ltr'><strong>oblitte-</strong></span> 
     </span>
    </p>
   </div>
   <div class='ocr_carea' id='block_1_38' title="bbox 364 2306 2004 2382">
    <p class='ocr_par' dir='ltr' id='par_1_38' title="bbox 364 2306 2004 2382">
     <span class='ocr_line' id='line_1_38' title="bbox 364 2306 2004 2382; baseline -0.002 -19"><span class='ocrx_word' id='word_1_280' title='bbox 364 2311 552 2363; x_wconf 72' lang='lat' dir='ltr'><strong>raudas</strong></span> <span class='ocrx_word' id='word_1_281' title='bbox 583 2317 739 2375; x_wconf 83' lang='lat' dir='ltr'><strong>sunt,</strong></span> <span class='ocrx_word' id='word_1_282' title='bbox 770 2319 828 2365; x_wconf 92' lang='lat' dir='ltr'><strong>ut</strong></span> <span class='ocrx_word' id='word_1_283' title='bbox 861 2312 1228 2381; x_wconf 88' lang='lat' dir='ltr'><strong>episcopatus</strong></span> <span class='ocrx_word' id='word_1_284' title='bbox 1256 2318 1311 2367; x_wconf 87' lang='lat' dir='ltr'><strong>ct</strong></span> <span class='ocrx_word' id='word_1_285' title='bbox 1355 2310 1779 2382; x_wconf 78' lang='lat' dir='ltr'><strong>presbyteratus</strong></span> <span class='ocrx_word' id='word_1_286' title='bbox 1836 2306 2004 2361; x_wconf 79' lang='grc' dir='ltr'><strong>ῗσοτι-</strong></span> 
     </span>
    </p>
   </div>
   <div class='ocr_carea' id='block_1_39' title="bbox 368 2398 2004 2469">
    <p class='ocr_par' dir='ltr' id='par_1_39' title="bbox 368 2398 2004 2469">
     <span class='ocr_line' id='line_1_39' title="bbox 368 2398 2004 2469; baseline 0.001 -18"><span class='ocrx_word' id='word_1_287' title='bbox 368 2398 467 2469; x_wconf 77' lang='grc' dir='ltr'><strong>μία</strong></span> <span class='ocrx_word' id='word_1_288' title='bbox 496 2399 566 2452; x_wconf 85' lang='lat' dir='ltr'><strong>ab</strong></span> <span class='ocrx_word' id='word_1_289' title='bbox 598 2399 697 2452; x_wconf 85' lang='lat' dir='ltr'><strong>illo</strong></span> <span class='ocrx_word' id='word_1_290' title='bbox 731 2401 1101 2454; x_wconf 88' lang='lat' dir='ltr'><strong>condemnari</strong></span> <span class='ocrx_word' id='word_1_291' title='bbox 1163 2415 1279 2455; x_wconf 93' lang='lat' dir='ltr'><strong>non</strong></span> <span class='ocrx_word' id='word_1_292' title='bbox 1337 2410 1580 2469; x_wconf 89' lang='lat' dir='ltr'><strong>putetur,</strong></span> <span class='ocrx_word' id='word_1_293' title='bbox 1615 2403 1672 2454; x_wconf 88' lang='lat' dir='ltr'><strong>et</strong></span> <span class='ocrx_word' id='word_1_294' title='bbox 1725 2398 2004 2463; x_wconf 83' lang='lat' dir='ltr'><strong>doctrina,</strong></span> 
     </span>
    </p>
   </div>
   <div class='ocr_carea' id='block_1_40' title="bbox 361 2488 2007 2558">
    <p class='ocr_par' dir='ltr' id='par_1_40' title="bbox 361 2488 2007 2558">
     <span class='ocr_line' id='line_1_40' title="bbox 361 2488 2007 2558; baseline 0 -17"><span class='ocrx_word' id='word_1_295' title='bbox 361 2503 530 2558; x_wconf 88' lang='lat' dir='ltr'><strong>quam</strong></span> <span class='ocrx_word' id='word_1_296' title='bbox 563 2497 832 2558; x_wconf 86' lang='lat' dir='ltr'><strong>tanquam</strong></span> <span class='ocrx_word' id='word_1_297' title='bbox 856 2489 1358 2557; x_wconf 87' lang='lat' dir='ltr'><strong>Hieronymianam</strong></span> <span class='ocrx_word' id='word_1_298' title='bbox 1381 2495 1776 2558; x_wconf 66' lang='lat' dir='ltr'><strong>repraesentant</strong></span> <span class='ocrx_word' id='word_1_299' title='bbox 1809 2488 2007 2542; x_wconf 84' lang='lat' dir='ltr'><strong>adver-</strong></span> 
     </span>
    </p>
   </div>
   <div class='ocr_carea' id='block_1_41' title="bbox 361 2577 2006 2646">
    <p class='ocr_par' dir='ltr' id='par_1_41' title="bbox 361 2577 2006 2646">
     <span class='ocr_line' id='line_1_41' title="bbox 361 2577 2006 2646; baseline 0.001 -16"><span class='ocrx_word' id='word_1_300' title='bbox 361 2579 516 2646; x_wconf 84' lang='lat' dir='ltr'><strong>sarii,</strong></span> <span class='ocrx_word' id='word_1_301' title='bbox 561 2578 866 2644; x_wconf 69' lang='lat' dir='ltr'><strong>Ignatianaa</strong></span> <span class='ocrx_word' id='word_1_302' title='bbox 931 2580 1171 2635; x_wconf 81' lang='lat' dir='ltr'><strong>minime</strong></span> <span class='ocrx_word' id='word_1_303' title='bbox 1221 2580 1506 2635; x_wconf 87' lang='lat' dir='ltr'><strong>contraria</strong></span> <span class='ocrx_word' id='word_1_304' title='bbox 1553 2577 1850 2632; x_wconf 86' lang='lat' dir='ltr'><strong>videatur!</strong></span> <span class='ocrx_word' id='word_1_305' title='bbox 1902 2577 2006 2632; x_wconf 92' lang='lat' dir='ltr'><strong>Sed</strong></span> 
     </span>
    </p>
   </div>
   <div class='ocr_carea' id='block_1_42' title="bbox 364 2665 2007 2740">
    <p class='ocr_par' dir='ltr' id='par_1_42' title="bbox 364 2665 2007 2740">
     <span class='ocr_line' id='line_1_42' title="bbox 364 2665 2007 2740; baseline -0.001 -20"><span class='ocrx_word' id='word_1_306' title='bbox 364 2681 555 2722; x_wconf 83' lang='lat' dir='ltr'><strong>revera</strong></span> <span class='ocrx_word' id='word_1_307' title='bbox 577 2667 903 2740; x_wconf 88' lang='lat' dir='ltr'><strong>Hieronymi</strong></span> <span class='ocrx_word' id='word_1_308' title='bbox 962 2669 1267 2731; x_wconf 85' lang='lat' dir='ltr'><strong>sententia,</strong></span> <span class='ocrx_word' id='word_1_309' title='bbox 1301 2669 1496 2723; x_wconf 80' lang='lat' dir='ltr'><strong>siuna</strong></span> <span class='ocrx_word' id='word_1_310' title='bbox 1543 2677 1710 2737; x_wconf 89' lang='lat' dir='ltr'><strong>atque</strong></span> <span class='ocrx_word' id='word_1_311' title='bbox 1766 2665 2007 2736; x_wconf 84' lang='lat' dir='ltr'><strong>simplex</strong></span> 
     </span>
    </p>
   </div>
   <div class='ocr_carea' id='block_1_43' title="bbox 357 2755 2010 2828">
    <p class='ocr_par' dir='ltr' id='par_1_43' title="bbox 357 2755 2010 2828">
     <span class='ocr_line' id='line_1_43' title="bbox 357 2755 2010 2828; baseline 0.001 -19"><span class='ocrx_word' id='word_1_312' title='bbox 357 2755 508 2821; x_wconf 90' lang='lat' dir='ltr'><strong>sit,et</strong></span> <span class='ocrx_word' id='word_1_313' title='bbox 541 2765 691 2812; x_wconf 89' lang='lat' dir='ltr'><strong>recte</strong></span> <span class='ocrx_word' id='word_1_314' title='bbox 721 2757 1260 2828; x_wconf 83' lang='lat' dir='ltr'><strong>explicetur,lgualii</strong></span> <span class='ocrx_word' id='word_1_315' title='bbox 1287 2758 1590 2812; x_wconf 83' lang='lat' dir='ltr'><strong>sententiae</strong></span> <span class='ocrx_word' id='word_1_316' title='bbox 1613 2757 1852 2810; x_wconf 90' lang='lat' dir='ltr'><strong>minime</strong></span> <span class='ocrx_word' id='word_1_317' title='bbox 1879 2770 2010 2810; x_wconf 91' lang='lat' dir='ltr'><strong>con-</strong></span> 
     </span>
    </p>
   </div>
   <div class='ocr_carea' id='block_1_44' title="bbox 359 2844 2005 2917">
    <p class='ocr_par' dir='ltr' id='par_1_44' title="bbox 359 2844 2005 2917">
     <span class='ocr_line' id='line_1_44' title="bbox 359 2844 2005 2917; baseline -0.001 -18"><span class='ocrx_word' id='word_1_318' title='bbox 359 2846 528 2899; x_wconf 86' lang='lat' dir='ltr'><strong>traria</strong></span> <span class='ocrx_word' id='word_1_319' title='bbox 560 2854 642 2900; x_wconf 73' lang='lat' dir='ltr'><strong>est</strong></span> <span class='ocrx_word' id='word_1_320' title='bbox 677 2863 692 2914; x_wconf 83' lang='lat'><strong>;</strong></span> <span class='ocrx_word' id='word_1_321' title='bbox 725 2847 1092 2902; x_wconf 88' lang='lat' dir='ltr'><strong>contrarietas</strong></span> <span class='ocrx_word' id='word_1_322' title='bbox 1121 2847 1272 2902; x_wconf 89' lang='lat' dir='ltr'><strong>enim</strong></span> <span class='ocrx_word' id='word_1_323' title='bbox 1301 2862 1424 2917; x_wconf 72' lang='lat' dir='ltr'><strong>quae</strong></span> <span class='ocrx_word' id='word_1_324' title='bbox 1443 2844 1790 2912; x_wconf 81' lang='lat' dir='ltr'><strong>obtenditur,</strong></span> <span class='ocrx_word' id='word_1_325' title='bbox 1829 2844 2005 2915; x_wconf 86' lang='lat' dir='ltr'><strong>origi-</strong></span> 
     </span>
    </p>
   </div>
   <div class='ocr_carea' id='block_1_45' title="bbox 355 2933 2008 3006">
    <p class='ocr_par' dir='ltr' id='par_1_45' title="bbox 355 2933 2008 3006">
     <span class='ocr_line' id='line_1_45' title="bbox 355 2933 2008 3006; baseline -0.002 -16"><span class='ocrx_word' id='word_1_326' title='bbox 355 2949 490 2990; x_wconf 89' lang='lat' dir='ltr'><strong>nem</strong></span> <span class='ocrx_word' id='word_1_327' title='bbox 525 2943 740 2989; x_wconf 81' lang='lat' dir='ltr'><strong>tantum</strong></span> <span class='ocrx_word' id='word_1_328' title='bbox 773 2945 1007 3006; x_wconf 82' lang='lat' dir='ltr'><strong>spectat,</strong></span> <span class='ocrx_word' id='word_1_329' title='bbox 1039 2939 1108 2991; x_wconf 91' lang='lat' dir='ltr'><strong>de</strong></span> <span class='ocrx_word' id='word_1_330' title='bbox 1131 2952 1242 3006; x_wconf 85' lang='lat' dir='ltr'><strong>qua</strong></span> <span class='ocrx_word' id='word_1_331' title='bbox 1292 2935 1436 2990; x_wconf 88' lang='lat' dir='ltr'><strong>nihil</strong></span> <span class='ocrx_word' id='word_1_332' title='bbox 1491 2935 1761 3003; x_wconf 77' lang='lat' dir='ltr'><strong>Ignatius.</strong></span> <span class='ocrx_word' id='word_1_333' title='bbox 1796 2933 2008 2988; x_wconf 85' lang='lat' dir='ltr'><strong>Caetera</strong></span> 
     </span>
    </p>
   </div>
   <div class='ocr_carea' id='block_1_46' title="bbox 358 3021 2007 3096">
    <p class='ocr_par' dir='ltr' id='par_1_46' title="bbox 358 3021 2007 3096">
     <span class='ocr_line' id='line_1_46' title="bbox 358 3021 2007 3096; baseline -0.002 -17"><span class='ocrx_word' id='word_1_334' title='bbox 358 3039 487 3079; x_wconf 89' lang='lat' dir='ltr'><strong>vero</strong></span> <span class='ocrx_word' id='word_1_335' title='bbox 509 3041 630 3093; x_wconf 68' lang='lat' dir='ltr'><strong>quis</strong></span> <span class='ocrx_word' id='word_1_336' title='bbox 666 3025 831 3080; x_wconf 81' lang='lat' dir='ltr'><strong>habet</strong></span> <span class='ocrx_word' id='word_1_337' title='bbox 865 3026 1240 3096; x_wconf 81' lang='lat' dir='ltr'><strong>Hieronymus</strong></span> <span class='ocrx_word' id='word_1_338' title='bbox 1271 3040 1407 3080; x_wconf 89' lang='lat' dir='ltr'><strong>sane</strong></span> <span class='ocrx_word' id='word_1_339' title='bbox 1459 3021 1886 3094; x_wconf 87' lang='lat' dir='ltr'><strong>quamplurima</strong></span> <span class='ocrx_word' id='word_1_340' title='bbox 1937 3022 2007 3076; x_wconf 90' lang='lat' dir='ltr'><strong>de</strong></span> 
     </span>
    </p>
   </div>
   <div class='ocr_carea' id='block_1_47' title="bbox 357 3113 2003 3186">
    <p class='ocr_par' dir='ltr' id='par_1_47' title="bbox 357 3113 2003 3186">
     <span class='ocr_line' id='line_1_47' title="bbox 357 3113 2003 3186; baseline -0.001 -20"><span class='ocrx_word' id='word_1_341' title='bbox 357 3113 714 3183; x_wconf 84' lang='lat' dir='ltr'><strong>episcopatus</strong></span> <span class='ocrx_word' id='word_1_342' title='bbox 782 3133 812 3169; x_wconf 87' lang='lat' dir='ltr'><strong>a</strong></span> <span class='ocrx_word' id='word_1_343' title='bbox 855 3115 1246 3186; x_wconf 89' lang='lat' dir='ltr'><strong>presbyteratu</strong></span> <span class='ocrx_word' id='word_1_344' title='bbox 1306 3114 1630 3170; x_wconf 85' lang='lat' dir='ltr'><strong>distictione</strong></span> <span class='ocrx_word' id='word_1_345' title='bbox 1686 3116 1742 3167; x_wconf 91' lang='lat' dir='ltr'><strong>et</strong></span> <span class='ocrx_word' id='word_1_346' title='bbox 1790 3127 2003 3181; x_wconf 62' lang='lat' dir='ltr'><strong>pratex-</strong></span> 
     </span>
    </p>
   </div>
   <div class='ocr_carea' id='block_1_48' title="bbox 358 3200 2002 3274">
    <p class='ocr_par' dir='ltr' id='par_1_48' title="bbox 358 3200 2002 3274">
     <span class='ocr_line' id='line_1_48' title="bbox 358 3200 2002 3274; baseline -0.001 -18"><span class='ocrx_word' id='word_1_347' title='bbox 358 3203 644 3269; x_wconf 88' lang='lat' dir='ltr'><strong>cellentia,</strong></span> <span class='ocrx_word' id='word_1_348' title='bbox 677 3219 742 3259; x_wconf 89' lang='lat' dir='ltr'><strong>ac</strong></span> <span class='ocrx_word' id='word_1_349' title='bbox 770 3205 1106 3260; x_wconf 87' lang='lat' dir='ltr'><strong>necessitate</strong></span> <span class='ocrx_word' id='word_1_350' title='bbox 1127 3204 1576 3274; x_wconf 84' lang='lat' dir='ltr'><strong>antiquitateque</strong></span> <span class='ocrx_word' id='word_1_351' title='bbox 1621 3202 1914 3272; x_wconf 88' lang='lat' dir='ltr'><strong>utriusque</strong></span> <span class='ocrx_word' id='word_1_352' title='bbox 1944 3200 2002 3255; x_wconf 89' lang='lat' dir='ltr'><strong>in</strong></span> 
     </span>
    </p>
   </div>
   <div class='ocr_carea' id='block_1_49' title="bbox 356 3291 2000 3363">
    <p class='ocr_par' dir='ltr' id='par_1_49' title="bbox 356 3291 2000 3363">
     <span class='ocr_line' id='line_1_49' title="bbox 356 3291 2000 3363; baseline -0.001 -16"><span class='ocrx_word' id='word_1_353' title='bbox 356 3292 607 3347; x_wconf 84' lang='lat' dir='ltr'><strong>Ecclesia</strong></span> <span class='ocrx_word' id='word_1_354' title='bbox 645 3292 836 3360; x_wconf 89' lang='lat' dir='ltr'><strong>Dei,et</strong></span> <span class='ocrx_word' id='word_1_355' title='bbox 865 3293 1013 3348; x_wconf 85' lang='lat' dir='ltr'><strong>Aerii</strong></span> <span class='ocrx_word' id='word_1_356' title='bbox 1040 3294 1243 3363; x_wconf 83' lang='lat' dir='ltr'><strong>dogma</strong></span> <span class='ocrx_word' id='word_1_357' title='bbox 1269 3291 1554 3362; x_wconf 73' lang='lat' dir='ltr'><strong>jugulant,</strong></span> <span class='ocrx_word' id='word_1_358' title='bbox 1588 3300 1639 3348; x_wconf 91' lang='lat' dir='ltr'><strong>et</strong></span> <span class='ocrx_word' id='word_1_359' title='bbox 1691 3291 2000 3362; x_wconf 80' lang='lat' dir='ltr'><strong>Iguatianis</strong></span> 
     </span>
    </p>
   </div>
   <div class='ocr_carea' id='block_1_50' title="bbox 354 3380 1998 3451">
    <p class='ocr_par' dir='ltr' id='par_1_50' title="bbox 354 3380 1998 3451">
     <span class='ocr_line' id='line_1_50' title="bbox 354 3380 1998 3451; baseline 0 -17"><span class='ocrx_word' id='word_1_360' title='bbox 354 3381 525 3450; x_wconf 88' lang='lat' dir='ltr'><strong>plane</strong></span> <span class='ocrx_word' id='word_1_361' title='bbox 555 3382 873 3436; x_wconf 88' lang='lat' dir='ltr'><strong>conformia</strong></span> <span class='ocrx_word' id='word_1_362' title='bbox 902 3385 1076 3449; x_wconf 88' lang='lat' dir='ltr'><strong>sunt;</strong></span> <span class='ocrx_word' id='word_1_363' title='bbox 1109 3397 1229 3451; x_wconf 74' lang='lat' dir='ltr'><strong>quis</strong></span> <span class='ocrx_word' id='word_1_364' title='bbox 1255 3382 1419 3436; x_wconf 87' lang='lat' dir='ltr'><strong>toties</strong></span> <span class='ocrx_word' id='word_1_365' title='bbox 1447 3381 1696 3436; x_wconf 87' lang='lat' dir='ltr'><strong>imitatur</strong></span> <span class='ocrx_word' id='word_1_366' title='bbox 1727 3389 1778 3435; x_wconf 91' lang='lat' dir='ltr'><strong>et</strong></span> <span class='ocrx_word' id='word_1_367' title='bbox 1810 3380 1998 3450; x_wconf 90' lang='lat' dir='ltr'><strong>sequi-</strong></span> 
     </span>
    </p>
   </div>
   <div class='ocr_carea' id='block_1_51' title="bbox 355 3469 2002 3541">
    <p class='ocr_par' dir='ltr' id='par_1_51' title="bbox 355 3469 2002 3541">
     <span class='ocr_line' id='line_1_51' title="bbox 355 3469 2002 3541; baseline -0.001 -17"><span class='ocrx_word' id='word_1_368' title='bbox 355 3477 466 3537; x_wconf 85' lang='lat' dir='ltr'><strong>tur,</strong></span> <span class='ocrx_word' id='word_1_369' title='bbox 502 3477 558 3524; x_wconf 90' lang='lat' dir='ltr'><strong>ut</strong></span> <span class='ocrx_word' id='word_1_370' title='bbox 593 3471 730 3541; x_wconf 89' lang='lat' dir='ltr'><strong>quin</strong></span> <span class='ocrx_word' id='word_1_371' title='bbox 763 3472 958 3526; x_wconf 89' lang='lat' dir='ltr'><strong>omnia</strong></span> <span class='ocrx_word' id='word_1_372' title='bbox 1003 3470 1222 3541; x_wconf 85' lang='lat' dir='ltr'><strong>viderit,</strong></span> <span class='ocrx_word' id='word_1_373' title='bbox 1285 3486 1410 3541; x_wconf 66' lang='lat' dir='ltr'><strong>qua:</strong></span> <span class='ocrx_word' id='word_1_374' title='bbox 1462 3486 1565 3526; x_wconf 89' lang='lat' dir='ltr'><strong>nos</strong></span> <span class='ocrx_word' id='word_1_375' title='bbox 1627 3471 1684 3526; x_wconf 91' lang='lat' dir='ltr'><strong>in</strong></span> <span class='ocrx_word' id='word_1_376' title='bbox 1735 3469 2002 3540; x_wconf 83' lang='lat' dir='ltr'><strong>genuinis</strong></span> 
     </span>
    </p>
   </div>
   <div class='ocr_carea' id='block_1_52' title="bbox 355 3557 2002 3629">
    <p class='ocr_par' dir='ltr' id='par_1_52' title="bbox 355 3557 2002 3629">
     <span class='ocr_line' id='line_1_52' title="bbox 355 3557 2002 3629; baseline -0.001 -16"><span class='ocrx_word' id='word_1_377' title='bbox 355 3557 612 3628; x_wconf 88' lang='lat' dir='ltr'><strong>epistolis</strong></span> <span class='ocrx_word' id='word_1_378' title='bbox 645 3557 918 3626; x_wconf 84' lang='lat' dir='ltr'><strong>videmus,</strong></span> <span class='ocrx_word' id='word_1_379' title='bbox 952 3557 1218 3626; x_wconf 83' lang='lat' dir='ltr'><strong>dubitari,</strong></span> <span class='ocrx_word' id='word_1_380' title='bbox 1252 3566 1406 3615; x_wconf 85' lang='lat' dir='ltr'><strong>certe</strong></span> <span class='ocrx_word' id='word_1_381' title='bbox 1454 3567 1516 3614; x_wconf 91' lang='lat' dir='ltr'><strong>ut</strong></span> <span class='ocrx_word' id='word_1_382' title='bbox 1574 3558 1860 3629; x_wconf 76' lang='lat' dir='ltr'><strong>pauciora,</strong></span> <span class='ocrx_word' id='word_1_383' title='bbox 1915 3557 2002 3612; x_wconf 88' lang='lat' dir='ltr'><strong>af-</strong></span> 
     </span>
    </p>
   </div>
   <div class='ocr_carea' id='block_1_53' title="bbox 356 3647 1999 3721">
    <p class='ocr_par' dir='ltr' id='par_1_53' title="bbox 356 3647 1999 3721">
     <span class='ocr_line' id='line_1_53' title="bbox 356 3647 1999 3721; baseline 0.002 -19"><span class='ocrx_word' id='word_1_384' title='bbox 356 3647 572 3703; x_wconf 85' lang='lat' dir='ltr'><strong>ﬁrmari</strong></span> <span class='ocrx_word' id='word_1_385' title='bbox 608 3664 721 3704; x_wconf 84' lang='lat' dir='ltr'><strong>non</strong></span> <span class='ocrx_word' id='word_1_386' title='bbox 753 3650 948 3719; x_wconf 87' lang='lat' dir='ltr'><strong>possit.</strong></span> <span class='ocrx_word' id='word_1_387' title='bbox 1002 3649 1142 3706; x_wconf 86' lang='lat' dir='ltr'><strong>Nam</strong></span> <span class='ocrx_word' id='word_1_388' title='bbox 1193 3651 1253 3706; x_wconf 87' lang='lat' dir='ltr'><strong>in</strong></span> <span class='ocrx_word' id='word_1_389' title='bbox 1315 3650 1552 3721; x_wconf 90' lang='lat' dir='ltr'><strong>epistola</strong></span> <span class='ocrx_word' id='word_1_390' title='bbox 1605 3651 1676 3705; x_wconf 90' lang='lat' dir='ltr'><strong>ad</strong></span> <span class='ocrx_word' id='word_1_391' title='bbox 1734 3650 1999 3720; x_wconf 87' lang='lat' dir='ltr'><strong>Nepotia-</strong></span> 
     </span>
    </p>
   </div>
   <div class='ocr_carea' id='block_1_54' title="bbox 357 3738 2002 3811">
    <p class='ocr_par' dir='ltr' id='par_1_54' title="bbox 357 3738 2002 3811">
     <span class='ocr_line' id='line_1_54' title="bbox 357 3738 2002 3811; baseline 0.001 -19"><span class='ocrx_word' id='word_1_392' title='bbox 357 3753 495 3793; x_wconf 88' lang='lat' dir='ltr'><strong>num</strong></span> <span class='ocrx_word' id='word_1_393' title='bbox 531 3755 544 3792; x_wconf 91' lang='lat'>:</span> <span class='ocrx_word' id='word_1_394' title='bbox 582 3739 730 3806; x_wconf 82' lang='lat' dir='ltr'><strong>Esto,</strong></span> <span class='ocrx_word' id='word_1_395' title='bbox 753 3738 956 3809; x_wconf 85' lang='lat' dir='ltr'><strong>inquit,</strong></span> <span class='ocrx_word' id='word_1_396' title='bbox 989 3740 1260 3810; x_wconf 87' lang='lat' dir='ltr'><strong>subjectus</strong></span> <span class='ocrx_word' id='word_1_397' title='bbox 1289 3740 1540 3811; x_wconf 88' lang='lat' dir='ltr'><strong>pontiﬁci</strong></span> <span class='ocrx_word' id='word_1_398' title='bbox 1588 3749 1697 3811; x_wconf 91' lang='lat' dir='ltr'><strong>tuo,</strong></span> <span class='ocrx_word' id='word_1_399' title='bbox 1749 3747 1802 3795; x_wconf 91' lang='lat' dir='ltr'><strong>et</strong></span> <span class='ocrx_word' id='word_1_400' title='bbox 1843 3740 2002 3811; x_wconf 87' lang='lat' dir='ltr'><strong>quasi</strong></span> 
     </span>
    </p>
   </div>
   <div class='ocr_carea' id='block_1_55' title="bbox 356 3826 2000 3901">
    <p class='ocr_par' dir='ltr' id='par_1_55' title="bbox 356 3826 2000 3901">
     <span class='ocr_line' id='line_1_55' title="bbox 356 3826 2000 3901; baseline 0.001 -18"><span class='ocrx_word' id='word_1_401' title='bbox 356 3826 565 3883; x_wconf 73' lang='lat' dir='ltr'><strong>anima:</strong></span> <span class='ocrx_word' id='word_1_402' title='bbox 591 3837 874 3899; x_wconf 84' lang='lat' dir='ltr'><strong>parentem</strong></span> <span class='ocrx_word' id='word_1_403' title='bbox 892 3832 1122 3900; x_wconf 81' lang='lat' dir='ltr'><strong>suscipe,</strong></span> <span class='ocrx_word' id='word_1_404' title='bbox 1158 3830 1242 3886; x_wconf 89' lang='lat' dir='ltr'><strong>vel</strong></span> <span class='ocrx_word' id='word_1_405' title='bbox 1271 3832 1501 3901; x_wconf 88' lang='lat' dir='ltr'><strong>suspice.</strong></span> <span class='ocrx_word' id='word_1_406' title='bbox 1527 3829 1848 3886; x_wconf 83' lang='lat' dir='ltr'><strong>Exhortatio</strong></span> <span class='ocrx_word' id='word_1_407' title='bbox 1880 3829 2000 3885; x_wconf 77' lang='lat' dir='ltr'><strong>haec</strong></span> 
     </span>
    </p>
   </div>
   <div class='ocr_carea' id='block_1_56' title="bbox 354 3917 1998 3991">
    <p class='ocr_par' dir='ltr' id='par_1_56' title="bbox 354 3917 1998 3991">
     <span class='ocr_line' id='line_1_56' title="bbox 354 3917 1998 3991; baseline 0.001 -20"><span class='ocrx_word' id='word_1_408' title='bbox 354 3931 469 3972; x_wconf 91' lang='lat' dir='ltr'><strong>non</strong></span> <span class='ocrx_word' id='word_1_409' title='bbox 507 3917 765 3988; x_wconf 86' lang='lat' dir='ltr'><strong>Aeriana,</strong></span> <span class='ocrx_word' id='word_1_410' title='bbox 794 3918 888 3974; x_wconf 91' lang='lat' dir='ltr'><strong>sed</strong></span> <span class='ocrx_word' id='word_1_411' title='bbox 925 3917 1219 3990; x_wconf 80' lang='lat' dir='ltr'><strong>lgnatiaua</strong></span> <span class='ocrx_word' id='word_1_412' title='bbox 1267 3926 1372 3975; x_wconf 87' lang='lat' dir='ltr'><strong>est.</strong></span> <span class='ocrx_word' id='word_1_413' title='bbox 1425 3919 1773 3991; x_wconf 87' lang='lat' dir='ltr'><strong>Nepotianus</strong></span> <span class='ocrx_word' id='word_1_414' title='bbox 1844 3919 1998 3974; x_wconf 90' lang='lat' dir='ltr'><strong>enim</strong></span> 
     </span>
    </p>
   </div>
   <div class='ocr_carea' id='block_1_57' title="bbox 361 4007 2002 4082">
    <p class='ocr_par' dir='ltr' id='par_1_57' title="bbox 361 4007 2002 4082">
     <span class='ocr_line' id='line_1_57' title="bbox 361 4007 2002 4082; baseline 0.001 -21"><span class='ocrx_word' id='word_1_415' title='bbox 361 4007 655 4080; x_wconf 89' lang='lat' dir='ltr'><strong>prcsbyler</strong></span> <span class='ocrx_word' id='word_1_416' title='bbox 684 4017 823 4064; x_wconf 89' lang='lat' dir='ltr'><strong>erat.</strong></span> <span class='ocrx_word' id='word_1_417' title='bbox 860 4008 941 4064; x_wconf 90' lang='lat' dir='ltr'><strong>Ita</strong></span> <span class='ocrx_word' id='word_1_418' title='bbox 979 4010 1048 4066; x_wconf 94' lang='lat' dir='ltr'><strong>de</strong></span> <span class='ocrx_word' id='word_1_419' title='bbox 1078 4009 1177 4066; x_wconf 89' lang='lat' dir='ltr'><strong>illo</strong></span> <span class='ocrx_word' id='word_1_420' title='bbox 1208 4009 1591 4082; x_wconf 81' lang='lat' dir='ltr'><strong>Hieronymus</strong></span> <span class='ocrx_word' id='word_1_421' title='bbox 1619 4010 1782 4080; x_wconf 87' lang='lat' dir='ltr'><strong>epist.</strong></span> <span class='ocrx_word' id='word_1_422' title='bbox 1816 4009 1850 4063; x_wconf 93' lang='lat'>3</span> <span class='ocrx_word' id='word_1_423' title='bbox 1879 4008 2002 4065; x_wconf 82' lang='lat' dir='ltr'><strong>:Fit</strong></span> 
     </span>
    </p>
   </div>
   <div class='ocr_carea' id='block_1_58' title="bbox 352 4095 1998 4171">
    <p class='ocr_par' dir='ltr' id='par_1_58' title="bbox 352 4095 1998 4171">
     <span class='ocr_line' id='line_1_58' title="bbox 352 4095 1998 4171; baseline 0.002 -21"><span class='ocrx_word' id='word_1_424' title='bbox 352 4095 604 4164; x_wconf 87' lang='lat' dir='ltr'><strong>clericus,</strong></span> <span class='ocrx_word' id='word_1_425' title='bbox 635 4101 684 4153; x_wconf 87' lang='lat' dir='ltr'><strong>et</strong></span> <span class='ocrx_word' id='word_1_426' title='bbox 711 4114 810 4170; x_wconf 88' lang='lat' dir='ltr'><strong>per</strong></span> <span class='ocrx_word' id='word_1_427' title='bbox 855 4098 1046 4155; x_wconf 86' lang='lat' dir='ltr'><strong>solitos</strong></span> <span class='ocrx_word' id='word_1_428' title='bbox 1081 4100 1285 4170; x_wconf 83' lang='lat' dir='ltr'><strong>gradus</strong></span> <span class='ocrx_word' id='word_1_429' title='bbox 1339 4099 1621 4171; x_wconf 88' lang='lat' dir='ltr'><strong>presbyter</strong></span> <span class='ocrx_word' id='word_1_430' title='bbox 1685 4099 1998 4154; x_wconf 86' lang='lat' dir='ltr'><strong>ordinatur.</strong></span> 
     </span>
    </p>
   </div>
   <div class='ocr_carea' id='block_1_59' title="bbox 355 4186 2002 4260">
    <p class='ocr_par' dir='ltr' id='par_1_59' title="bbox 355 4186 2002 4260">
     <span class='ocr_line' id='line_1_59' title="bbox 355 4186 2002 4260; baseline 0.005 -22"><span class='ocrx_word' id='word_1_431' title='bbox 355 4186 754 4258; x_wconf 84' lang='lat' dir='ltr'><strong>Presbyterum</strong></span> <span class='ocrx_word' id='word_1_432' title='bbox 803 4188 970 4258; x_wconf 82' lang='lat' dir='ltr'><strong>igitur</strong></span> <span class='ocrx_word' id='word_1_433' title='bbox 1028 4189 1347 4260; x_wconf 89' lang='lat' dir='ltr'><strong>subjectum</strong></span> <span class='ocrx_word' id='word_1_434' title='bbox 1393 4189 1662 4260; x_wconf 89' lang='lat' dir='ltr'><strong>episcopo</strong></span> <span class='ocrx_word' id='word_1_435' title='bbox 1719 4203 1821 4244; x_wconf 84' lang='lat' dir='ltr'><strong>suo</strong></span> <span class='ocrx_word' id='word_1_436' title='bbox 1877 4205 2002 4246; x_wconf 86' lang='lat' dir='ltr'><strong>esse</strong></span> 
     </span>
    </p>
   </div>
   <div class='ocr_carea' id='block_1_60' title="bbox 357 4273 1999 4349">
    <p class='ocr_par' dir='ltr' id='par_1_60' title="bbox 357 4273 1999 4349">
     <span class='ocr_line' id='line_1_60' title="bbox 357 4273 1999 4349; baseline 0.002 -21"><span class='ocrx_word' id='word_1_437' title='bbox 357 4273 565 4331; x_wconf 87' lang='lat' dir='ltr'><strong>debere</strong></span> <span class='ocrx_word' id='word_1_438' title='bbox 599 4283 787 4332; x_wconf 92' lang='lat' dir='ltr'><strong>monet</strong></span> <span class='ocrx_word' id='word_1_439' title='bbox 808 4276 1206 4349; x_wconf 83' lang='lat' dir='ltr'><strong>Hieronymus,</strong></span> <span class='ocrx_word' id='word_1_440' title='bbox 1241 4282 1297 4334; x_wconf 90' lang='lat' dir='ltr'><strong>et</strong></span> <span class='ocrx_word' id='word_1_441' title='bbox 1335 4279 1560 4346; x_wconf 89' lang='lat' dir='ltr'><strong>quidem</strong></span> <span class='ocrx_word' id='word_1_442' title='bbox 1613 4285 1878 4348; x_wconf 87' lang='lat' dir='ltr'><strong>tanquam</strong></span> <span class='ocrx_word' id='word_1_443' title='bbox 1936 4277 1999 4332; x_wconf 85' lang='lat' dir='ltr'><strong>ﬁ-</strong></span> 
     </span>
    </p>
   </div>
   <div class='ocr_carea' id='block_1_61' title="bbox 359 4364 2001 4439">
    <p class='ocr_par' dir='ltr' id='par_1_61' title="bbox 359 4364 2001 4439">
     <span class='ocr_line' id='line_1_61' title="bbox 359 4364 2001 4439; baseline 0.003 -21"><span class='ocrx_word' id='word_1_444' title='bbox 359 4364 500 4419; x_wconf 91' lang='lat' dir='ltr'><strong>lium</strong></span> <span class='ocrx_word' id='word_1_445' title='bbox 530 4366 772 4434; x_wconf 83' lang='lat' dir='ltr'><strong>parenti.</strong></span> <span class='ocrx_word' id='word_1_446' title='bbox 802 4365 1036 4436; x_wconf 88' lang='lat' dir='ltr'><strong>Semper</strong></span> <span class='ocrx_word' id='word_1_447' title='bbox 1092 4368 1246 4424; x_wconf 90' lang='lat' dir='ltr'><strong>enim</strong></span> <span class='ocrx_word' id='word_1_448' title='bbox 1305 4366 1636 4438; x_wconf 88' lang='lat' dir='ltr'><strong>episcopum</strong></span> <span class='ocrx_word' id='word_1_449' title='bbox 1686 4367 2001 4439; x_wconf 79' lang='lat' dir='ltr'><strong>presbyteri</strong></span> 
     </span>
    </p>
   </div>
   <div class='ocr_carea' id='block_1_62' title="bbox 357 4456 2001 4528">
    <p class='ocr_par' dir='ltr' id='par_1_62' title="bbox 357 4456 2001 4528">
     <span class='ocr_line' id='line_1_62' title="bbox 357 4456 2001 4528; baseline 0.001 -18"><span class='ocrx_word' id='word_1_450' title='bbox 357 4462 576 4528; x_wconf 84' lang='lat' dir='ltr'><strong>patrem</strong></span> <span class='ocrx_word' id='word_1_451' title='bbox 597 4457 871 4527; x_wconf 85' lang='lat' dir='ltr'><strong>agnoscit.</strong></span> <span class='ocrx_word' id='word_1_452' title='bbox 907 4457 1155 4528; x_wconf 87' lang='lat' dir='ltr'><strong>Epistola</strong></span> <span class='ocrx_word' id='word_1_453' title='bbox 1183 4457 1256 4510; x_wconf 88' lang='lat'><strong>62</strong></span> <span class='ocrx_word' id='word_1_454' title='bbox 1283 4457 1372 4526; x_wconf 61' lang='lat' dir='ltr'><strong>;ad</strong></span> <span class='ocrx_word' id='word_1_455' title='bbox 1414 4456 1795 4526; x_wconf 82' lang='lat' dir='ltr'><strong>TheOphilum</strong></span> <span class='ocrx_word' id='word_1_456' title='bbox 1831 4473 1844 4513; x_wconf 89' lang='lat'>:</span> <span class='ocrx_word' id='word_1_457' title='bbox 1878 4460 2001 4514; x_wconf 84' lang='lat' dir='ltr'><strong>Non</strong></span> 
     </span>
    </p>
   </div>
   <div class='ocr_carea' id='block_1_63' title="bbox 353 4545 1997 4618">
    <p class='ocr_par' dir='ltr' id='par_1_63' title="bbox 353 4545 1997 4618">
     <span class='ocr_line' id='line_1_63' title="bbox 353 4545 1997 4618; baseline 0.001 -15"><span class='ocrx_word' id='word_1_458' title='bbox 353 4561 539 4603; x_wconf 86' lang='lat' dir='ltr'><strong>sumus</strong></span> <span class='ocrx_word' id='word_1_459' title='bbox 567 4549 680 4600; x_wconf 89' lang='lat' dir='ltr'><strong>tam</strong></span> <span class='ocrx_word' id='word_1_460' title='bbox 712 4545 903 4618; x_wconf 87' lang='lat' dir='ltr'><strong>inﬂati</strong></span> <span class='ocrx_word' id='word_1_461' title='bbox 929 4546 1131 4613; x_wconf 87' lang='lat' dir='ltr'><strong>cordis,</strong></span> <span class='ocrx_word' id='word_1_462' title='bbox 1162 4552 1225 4602; x_wconf 88' lang='lat' dir='ltr'><strong>ut</strong></span> <span class='ocrx_word' id='word_1_463' title='bbox 1272 4548 1585 4615; x_wconf 82' lang='lat' dir='ltr'><strong>ignoremus</strong></span> <span class='ocrx_word' id='word_1_464' title='bbox 1643 4545 1772 4618; x_wconf 88' lang='lat' dir='ltr'><strong>quid</strong></span> <span class='ocrx_word' id='word_1_465' title='bbox 1808 4547 1997 4604; x_wconf 87' lang='lat' dir='ltr'><strong>debea-</strong></span> 
     </span>
    </p>
   </div>
   <div class='ocr_carea' id='block_1_64' title="bbox 2111 1949 3760 2020">
    <p class='ocr_par' dir='ltr' id='par_1_64' title="bbox 2111 1949 3760 2020">
     <span class='ocr_line' id='line_1_64' title="bbox 2111 1949 3760 2020; baseline 0 -14"><span class='ocrx_word' id='word_1_466' title='bbox 2111 1950 2355 2006; x_wconf 84' lang='lat' dir='ltr'><strong>Ecclcsia</strong></span> <span class='ocrx_word' id='word_1_467' title='bbox 2385 1951 2573 2005; x_wconf 84' lang='lat' dir='ltr'><strong>multis</strong></span> <span class='ocrx_word' id='word_1_468' title='bbox 2593 1949 2857 2020; x_wconf 81' lang='lat' dir='ltr'><strong>gradibus</strong></span> <span class='ocrx_word' id='word_1_469' title='bbox 2875 1951 3179 2005; x_wconf 80' lang='lat' dir='ltr'><strong>consistens</strong></span> <span class='ocrx_word' id='word_1_470' title='bbox 3197 1952 3271 2006; x_wconf 87' lang='lat' dir='ltr'><strong>ad</strong></span> <span class='ocrx_word' id='word_1_471' title='bbox 3290 1957 3602 2006; x_wconf 73' lang='lat' dir='ltr'><strong>extremum</strong></span> <span class='ocrx_word' id='word_1_472' title='bbox 3632 1952 3760 2006; x_wconf 90' lang='lat' dir='ltr'><strong>dia-</strong></span> 
     </span>
    </p>
   </div>
   <div class='ocr_carea' id='block_1_65' title="bbox 2112 2039 3760 2112">
    <p class='ocr_par' dir='ltr' id='par_1_65' title="bbox 2112 2039 3760 2112">
     <span class='ocr_line' id='line_1_65' title="bbox 2112 2039 3760 2112; baseline -0.001 -14"><span class='ocrx_word' id='word_1_473' title='bbox 2112 2043 2283 2109; x_wconf 90' lang='lat' dir='ltr'><strong>conis,</strong></span> <span class='ocrx_word' id='word_1_474' title='bbox 2314 2040 2645 2112; x_wconf 84' lang='lat' dir='ltr'><strong>presbyteris</strong></span> <span class='ocrx_word' id='word_1_475' title='bbox 2673 2041 3046 2112; x_wconf 86' lang='lat' dir='ltr'><strong>episcopisque</strong></span> <span class='ocrx_word' id='word_1_476' title='bbox 3072 2039 3289 2108; x_wconf 87' lang='lat' dir='ltr'><strong>ﬁnitur.</strong></span> <span class='ocrx_word' id='word_1_477' title='bbox 3327 2040 3403 2094; x_wconf 89' lang='lat' dir='ltr'><strong>Ita</strong></span> <span class='ocrx_word' id='word_1_478' title='bbox 3433 2040 3566 2096; x_wconf 91' lang='lat' dir='ltr'><strong>ille:</strong></span> <span class='ocrx_word' id='word_1_479' title='bbox 3601 2041 3760 2096; x_wconf 61' lang='lat' dir='ltr'><strong>Arcas</strong></span> 
     </span>
    </p>
   </div>
   <div class='ocr_carea' id='block_1_66' title="bbox 2113 2128 3761 2200">
    <p class='ocr_par' dir='ltr' id='par_1_66' title="bbox 2113 2128 3761 2200">
     <span class='ocr_line' id='line_1_66' title="bbox 2113 2128 3761 2200; baseline 0 -16"><span class='ocrx_word' id='word_1_480' title='bbox 2113 2134 2456 2185; x_wconf 84' lang='lat' dir='ltr'><strong>sacramenta</strong></span> <span class='ocrx_word' id='word_1_481' title='bbox 2485 2146 2610 2184; x_wconf 93' lang='lat' dir='ltr'><strong>cum</strong></span> <span class='ocrx_word' id='word_1_482' title='bbox 2631 2131 2875 2184; x_wconf 85' lang='lat' dir='ltr'><strong>Ecclesia</strong></span> <span class='ocrx_word' id='word_1_483' title='bbox 2939 2145 3284 2200; x_wconf 81' lang='lat' dir='ltr'><strong>componens.</strong></span> <span class='ocrx_word' id='word_1_484' title='bbox 3335 2128 3761 2184; x_wconf 87' lang='lat' dir='ltr'><strong>Commentario</strong></span> 
     </span>
    </p>
   </div>
   <div class='ocr_carea' id='block_1_67' title="bbox 2115 2203 3758 2287">
    <p class='ocr_par' dir='ltr' id='par_1_67' title="bbox 2115 2203 3758 2287">
     <span class='ocr_line' id='line_1_67' title="bbox 2115 2203 3758 2287; baseline 0.001 -16"><span class='ocrx_word' id='word_1_485' title='bbox 2115 2217 2174 2272; x_wconf 92' lang='lat' dir='ltr'><strong>in</strong></span> <span class='ocrx_word' id='word_1_486' title='bbox 2198 2217 2430 2274; x_wconf 71' lang='lat' dir='ltr'><strong>Micbese</strong></span> <span class='ocrx_word' id='word_1_487' title='bbox 2463 2233 2587 2287; x_wconf 90' lang='lat' dir='ltr'><strong>cap.</strong></span> <span class='ocrx_word' id='word_1_488' title='bbox 2623 2233 2698 2271; x_wconf 85' lang='lat' dir='ltr'><strong>m</strong></span> <span class='ocrx_word' id='word_1_489' title='bbox 2719 2234 2736 2269; x_wconf 93' lang='lat'><strong><em>:</em></strong></span> <span class='ocrx_word' id='word_1_490' title='bbox 2770 2217 2950 2272; x_wconf 81' lang='lat' dir='ltr'><strong>Nolite</strong></span> <span class='ocrx_word' id='word_1_491' title='bbox 2979 2203 3210 2273; x_wconf 40' lang='lat' dir='ltr'><strong>credere.</strong></span> <span class='ocrx_word' id='word_1_492' title='bbox 3230 2218 3290 2272; x_wconf 89' lang='lat' dir='ltr'><strong>in</strong></span> <span class='ocrx_word' id='word_1_493' title='bbox 3336 2215 3588 2284; x_wconf 88' lang='lat' dir='ltr'><strong>ducibus,</strong></span> <span class='ocrx_word' id='word_1_494' title='bbox 3648 2234 3758 2273; x_wconf 87' lang='lat' dir='ltr'><strong>non</strong></span> 
     </span>
    </p>
   </div>
   <div class='ocr_carea' id='block_1_68' title="bbox 2119 2305 3766 2377">
    <p class='ocr_par' dir='ltr' id='par_1_68' title="bbox 2119 2305 3766 2377">
     <span class='ocr_line' id='line_1_68' title="bbox 2119 2305 3766 2377; baseline -0.001 -15"><span class='ocrx_word' id='word_1_495' title='bbox 2119 2305 2178 2362; x_wconf 83' lang='lat' dir='ltr'><strong>in</strong></span> <span class='ocrx_word' id='word_1_496' title='bbox 2199 2308 2471 2377; x_wconf 87' lang='lat' dir='ltr'><strong>episcopo,</strong></span> <span class='ocrx_word' id='word_1_497' title='bbox 2495 2321 2604 2361; x_wconf 87' lang='lat' dir='ltr'><strong>non</strong></span> <span class='ocrx_word' id='word_1_498' title='bbox 2633 2307 2692 2360; x_wconf 90' lang='lat' dir='ltr'><strong>in</strong></span> <span class='ocrx_word' id='word_1_499' title='bbox 2719 2305 3056 2376; x_wconf 85' lang='lat' dir='ltr'><strong>presbytero,</strong></span> <span class='ocrx_word' id='word_1_500' title='bbox 3087 2321 3198 2362; x_wconf 86' lang='lat' dir='ltr'><strong>non</strong></span> <span class='ocrx_word' id='word_1_501' title='bbox 3237 2308 3297 2360; x_wconf 89' lang='lat' dir='ltr'><strong>in</strong></span> <span class='ocrx_word' id='word_1_502' title='bbox 3351 2305 3604 2372; x_wconf 84' lang='lat' dir='ltr'><strong>diacono,</strong></span> <span class='ocrx_word' id='word_1_503' title='bbox 3652 2323 3766 2362; x_wconf 82' lang='lat' dir='ltr'><strong>non</strong></span> 
     </span>
    </p>
   </div>
   <div class='ocr_carea' id='block_1_69' title="bbox 2118 2395 3768 2467">
    <p class='ocr_par' dir='ltr' id='par_1_69' title="bbox 2118 2395 3768 2467">
     <span class='ocr_line' id='line_1_69' title="bbox 2118 2395 3768 2467; baseline -0.001 -16"><span class='ocrx_word' id='word_1_504' title='bbox 2118 2397 2179 2451; x_wconf 86' lang='lat' dir='ltr'><strong>in</strong></span> <span class='ocrx_word' id='word_1_505' title='bbox 2214 2395 2457 2467; x_wconf 86' lang='lat' dir='ltr'><strong>qualibet</strong></span> <span class='ocrx_word' id='word_1_506' title='bbox 2487 2396 2776 2452; x_wconf 85' lang='lat' dir='ltr'><strong>hominum</strong></span> <span class='ocrx_word' id='word_1_507' title='bbox 2807 2395 3094 2466; x_wconf 83' lang='lat' dir='ltr'><strong>dignitate.</strong></span> <span class='ocrx_word' id='word_1_508' title='bbox 3121 2398 3239 2451; x_wconf 90' lang='lat' dir='ltr'><strong>Non</strong></span> <span class='ocrx_word' id='word_1_509' title='bbox 3272 2397 3370 2452; x_wconf 89' lang='lat' dir='ltr'><strong>hoc</strong></span> <span class='ocrx_word' id='word_1_510' title='bbox 3421 2395 3560 2464; x_wconf 82' lang='lat' dir='ltr'><strong>dico,</strong></span> <span class='ocrx_word' id='word_1_511' title='bbox 3618 2396 3768 2466; x_wconf 87' lang='lat' dir='ltr'><strong>quod</strong></span> 
     </span>
    </p>
   </div>
   <div class='ocr_carea' id='block_1_70' title="bbox 2118 2484 3770 2555">
    <p class='ocr_par' dir='ltr' id='par_1_70' title="bbox 2118 2484 3770 2555">
     <span class='ocr_line' id='line_1_70' title="bbox 2118 2484 3770 2555; baseline 0 -15"><span class='ocrx_word' id='word_1_512' title='bbox 2118 2485 2430 2541; x_wconf 86' lang='lat' dir='ltr'><strong>istiusmodi</strong></span> <span class='ocrx_word' id='word_1_513' title='bbox 2473 2484 2739 2555; x_wconf 80' lang='lat' dir='ltr'><strong>gradibus</strong></span> <span class='ocrx_word' id='word_1_514' title='bbox 2797 2487 2856 2540; x_wconf 89' lang='lat' dir='ltr'><strong>in</strong></span> <span class='ocrx_word' id='word_1_515' title='bbox 2909 2484 3147 2541; x_wconf 86' lang='lat' dir='ltr'><strong>Ecclesia</strong></span> <span class='ocrx_word' id='word_1_516' title='bbox 3199 2501 3310 2541; x_wconf 90' lang='lat' dir='ltr'><strong>non</strong></span> <span class='ocrx_word' id='word_1_517' title='bbox 3365 2485 3604 2540; x_wconf 85' lang='lat' dir='ltr'><strong>debeatis</strong></span> <span class='ocrx_word' id='word_1_518' title='bbox 3651 2501 3770 2541; x_wconf 89' lang='lat' dir='ltr'><strong>esse</strong></span> 
     </span>
    </p>
   </div>
   <div class='ocr_carea' id='block_1_71' title="bbox 2115 2574 3765 2646">
    <p class='ocr_par' dir='ltr' id='par_1_71' title="bbox 2115 2574 3765 2646">
     <span class='ocr_line' id='line_1_71' title="bbox 2115 2574 3765 2646; baseline -0.001 -16"><span class='ocrx_word' id='word_1_519' title='bbox 2115 2575 2367 2645; x_wconf 67' lang='lat' dir='ltr'><strong>subjecti.</strong></span> <span class='ocrx_word' id='word_1_520' title='bbox 2390 2596 2417 2624; x_wconf 88' lang='lat'><strong>«</strong></span> <span class='ocrx_word' id='word_1_521' title='bbox 2447 2575 2766 2646; x_wconf 83' lang='lat' dir='ltr'><strong>Quicunque</strong></span> <span class='ocrx_word' id='word_1_522' title='bbox 2785 2576 2931 2629; x_wconf 89' lang='lat' dir='ltr'><strong>enim</strong></span> <span class='ocrx_word' id='word_1_523' title='bbox 2961 2574 3315 2630; x_wconf 68' lang='lat' dir='ltr'><strong>maledixerit</strong></span> <span class='ocrx_word' id='word_1_524' title='bbox 3332 2575 3484 2646; x_wconf 87' lang='lat' dir='ltr'><strong>patri</strong></span> <span class='ocrx_word' id='word_1_525' title='bbox 3512 2582 3612 2631; x_wconf 88' lang='lat' dir='ltr'><strong>aut</strong></span> <span class='ocrx_word' id='word_1_526' title='bbox 3640 2593 3765 2629; x_wconf 83' lang='lat' dir='ltr'><strong>ma-</strong></span> 
     </span>
    </p>
   </div>
   <div class='ocr_carea' id='block_1_72' title="bbox 2119 2663 3768 2736">
    <p class='ocr_par' dir='ltr' id='par_1_72' title="bbox 2119 2663 3768 2736">
     <span class='ocr_line' id='line_1_72' title="bbox 2119 2663 3768 2736; baseline 0.001 -15"><span class='ocrx_word' id='word_1_527' title='bbox 2119 2667 2210 2733; x_wconf 92' lang='lat' dir='ltr'><strong>tri,</strong></span> <span class='ocrx_word' id='word_1_528' title='bbox 2234 2671 2406 2719; x_wconf 87' lang='lat' dir='ltr'><strong>morte</strong></span> <span class='ocrx_word' id='word_1_529' title='bbox 2433 2667 2704 2720; x_wconf 85' lang='lat' dir='ltr'><strong>morietur</strong></span> <span class='ocrx_word' id='word_1_530' title='bbox 2726 2663 2774 2698; x_wconf 69' lang='grc' dir='ltr'><strong>εο</strong></span> <span class='ocrx_word' id='word_1_531' title='bbox 2796 2680 2818 2725; x_wconf 76' lang='grc' dir='ltr'><strong><em>,ο</em></strong></span> <span class='ocrx_word' id='word_1_532' title='bbox 2851 2672 2934 2719; x_wconf 77' lang='grc' dir='ltr'><strong>»ει</strong></span> <span class='ocrx_word' id='word_1_533' title='bbox 2962 2664 3250 2735; x_wconf 83' lang='lat' dir='ltr'><strong>Apostolus</strong></span> <span class='ocrx_word' id='word_1_534' title='bbox 3274 2665 3421 2720; x_wconf 87' lang='lat' dir='ltr'><strong>docet</strong></span> <span class='ocrx_word' id='word_1_535' title='bbox 3451 2667 3768 2736; x_wconf 57' lang='lat' dir='ltr'><strong>prepositis</strong></span> 
     </span>
    </p>
   </div>
   <div class='ocr_carea' id='block_1_73' title="bbox 2117 2752 3766 2825">
    <p class='ocr_par' dir='ltr' id='par_1_73' title="bbox 2117 2752 3766 2825">
     <span class='ocr_line' id='line_1_73' title="bbox 2117 2752 3766 2825; baseline -0.001 -16"><span class='ocrx_word' id='word_1_536' title='bbox 2117 2753 2180 2809; x_wconf 90' lang='lat' dir='ltr'><strong>in</strong></span> <span class='ocrx_word' id='word_1_537' title='bbox 2211 2755 2470 2810; x_wconf 85' lang='lat' dir='ltr'><strong>Ecclesia</strong></span> <span class='ocrx_word' id='word_1_538' title='bbox 2500 2753 2862 2810; x_wconf 82' lang='lat' dir='ltr'><strong>obedientium</strong></span> <span class='ocrx_word' id='word_1_539' title='bbox 2881 2755 2950 2808; x_wconf 64' lang='lat'><strong>9&#39;.</strong></span> <span class='ocrx_word' id='word_1_540' title='bbox 2977 2752 3077 2808; x_wconf 87' lang='lat' dir='ltr'><strong>Sed</strong></span> <span class='ocrx_word' id='word_1_541' title='bbox 3117 2754 3258 2825; x_wconf 87' lang='lat' dir='ltr'><strong>quod</strong></span> <span class='ocrx_word' id='word_1_542' title='bbox 3278 2753 3433 2808; x_wconf 86' lang='lat' dir='ltr'><strong>aliud</strong></span> <span class='ocrx_word' id='word_1_543' title='bbox 3461 2754 3532 2809; x_wconf 87' lang='lat' dir='ltr'><strong>sit</strong></span> <span class='ocrx_word' id='word_1_544' title='bbox 3587 2755 3766 2810; x_wconf 87' lang='lat' dir='ltr'><strong>hono-</strong></span> 
     </span>
    </p>
   </div>
   <div class='ocr_carea' id='block_1_74' title="bbox 2117 2845 3764 2915">
    <p class='ocr_par' dir='ltr' id='par_1_74' title="bbox 2117 2845 3764 2915">
     <span class='ocr_line' id='line_1_74' title="bbox 2117 2845 3764 2915; baseline 0 -13"><span class='ocrx_word' id='word_1_545' title='bbox 2117 2863 2243 2902; x_wconf 88' lang='lat' dir='ltr'><strong>rare</strong></span> <span class='ocrx_word' id='word_1_546' title='bbox 2271 2847 2614 2912; x_wconf 85' lang='lat' dir='ltr'><strong>duces,aliud</strong></span> <span class='ocrx_word' id='word_1_547' title='bbox 2642 2862 2794 2915; x_wconf 84' lang='lat' dir='ltr'><strong>spem</strong></span> <span class='ocrx_word' id='word_1_548' title='bbox 2823 2845 3030 2901; x_wconf 84' lang='lat' dir='ltr'><strong>habere</strong></span> <span class='ocrx_word' id='word_1_549' title='bbox 3060 2847 3121 2900; x_wconf 85' lang='lat' dir='ltr'><strong>in</strong></span> <span class='ocrx_word' id='word_1_550' title='bbox 3153 2849 3402 2901; x_wconf 80' lang='lat' dir='ltr'><strong>ducibus.</strong></span> <span class='ocrx_word' id='word_1_551' title='bbox 3429 2847 3764 2902; x_wconf 85' lang='lat' dir='ltr'><strong>Honoremus</strong></span> 
     </span>
    </p>
   </div>
   <div class='ocr_carea' id='block_1_75' title="bbox 2117 2935 3764 3008">
    <p class='ocr_par' dir='ltr' id='par_1_75' title="bbox 2117 2935 3764 3008">
     <span class='ocr_line' id='line_1_75' title="bbox 2117 2935 3764 3008; baseline -0.001 -16"><span class='ocrx_word' id='word_1_552' title='bbox 2117 2936 2444 3008; x_wconf 87' lang='lat' dir='ltr'><strong>episcopum,</strong></span> <span class='ocrx_word' id='word_1_553' title='bbox 2497 2936 2813 3007; x_wconf 86' lang='lat' dir='ltr'><strong>presbytero</strong></span> <span class='ocrx_word' id='word_1_554' title='bbox 2859 2935 3168 3005; x_wconf 78' lang='lat' dir='ltr'><strong>deferamus</strong></span> <span class='ocrx_word' id='word_1_555' title='bbox 3221 2952 3577 3004; x_wconf 86' lang='lat' dir='ltr'><strong>assurgamus</strong></span> <span class='ocrx_word' id='word_1_556' title='bbox 3631 2937 3764 2990; x_wconf 84' lang='lat' dir='ltr'><strong>dia-</strong></span> 
     </span>
    </p>
   </div>
   <div class='ocr_carea' id='block_1_76' title="bbox 2115 3025 3765 3096">
    <p class='ocr_par' dir='ltr' id='par_1_76' title="bbox 2115 3025 3765 3096">
     <span class='ocr_line' id='line_1_76' title="bbox 2115 3025 3765 3096; baseline -0.001 -14"><span class='ocrx_word' id='word_1_557' title='bbox 2115 3030 2328 3091; x_wconf 89' lang='lat' dir='ltr'><strong>cono,et</strong></span> <span class='ocrx_word' id='word_1_558' title='bbox 2354 3029 2536 3080; x_wconf 88' lang='lat' dir='ltr'><strong>tamen</strong></span> <span class='ocrx_word' id='word_1_559' title='bbox 2570 3043 2682 3079; x_wconf 86' lang='lat' dir='ltr'><strong>non</strong></span> <span class='ocrx_word' id='word_1_560' title='bbox 2716 3040 2994 3096; x_wconf 86' lang='lat' dir='ltr'><strong>speremus</strong></span> <span class='ocrx_word' id='word_1_561' title='bbox 3033 3026 3093 3078; x_wconf 85' lang='lat' dir='ltr'><strong>in</strong></span> <span class='ocrx_word' id='word_1_562' title='bbox 3117 3027 3216 3079; x_wconf 88' lang='lat' dir='ltr'><strong>eis.</strong></span> <span class='ocrx_word' id='word_1_563' title='bbox 3256 3025 3523 3096; x_wconf 84' lang='lat' dir='ltr'><strong>Apologia</strong></span> <span class='ocrx_word' id='word_1_564' title='bbox 3575 3025 3765 3095; x_wconf 85' lang='lat' dir='ltr'><strong>prima</strong></span> 
     </span>
    </p>
   </div>
   <div class='ocr_carea' id='block_1_77' title="bbox 2114 3114 3761 3185">
    <p class='ocr_par' dir='ltr' id='par_1_77' title="bbox 2114 3114 3761 3185">
     <span class='ocr_line' id='line_1_77' title="bbox 2114 3114 3761 3185; baseline -0.001 -14"><span class='ocrx_word' id='word_1_565' title='bbox 2114 3117 2383 3172; x_wconf 85' lang='lat' dir='ltr'><strong>adversus</strong></span> <span class='ocrx_word' id='word_1_566' title='bbox 2413 3114 2708 3170; x_wconf 77' lang='lat' dir='ltr'><strong>Bullinum</strong></span> <span class='ocrx_word' id='word_1_567' title='bbox 2733 3131 2746 3169; x_wconf 93' lang='lat'>:</span> <span class='ocrx_word' id='word_1_568' title='bbox 2778 3115 2927 3170; x_wconf 86' lang='lat' dir='ltr'><strong>Sciat</strong></span> <span class='ocrx_word' id='word_1_569' title='bbox 2955 3115 3195 3168; x_wconf 88' lang='lat' dir='ltr'><strong>multum</strong></span> <span class='ocrx_word' id='word_1_570' title='bbox 3225 3115 3485 3169; x_wconf 86' lang='lat' dir='ltr'><strong>interesse</strong></span> <span class='ocrx_word' id='word_1_571' title='bbox 3505 3115 3573 3169; x_wconf 90' lang='lat' dir='ltr'><strong>de</strong></span> <span class='ocrx_word' id='word_1_572' title='bbox 3592 3130 3761 3185; x_wconf 52' lang='lat' dir='ltr'><strong>ange-</strong></span> 
     </span>
    </p>
   </div>
   <div class='ocr_carea' id='block_1_78' title="bbox 2120 3203 3762 3276">
    <p class='ocr_par' dir='ltr' id='par_1_78' title="bbox 2120 3203 3762 3276">
     <span class='ocr_line' id='line_1_78' title="bbox 2120 3203 3762 3276; baseline -0.001 -17"><span class='ocrx_word' id='word_1_573' title='bbox 2120 3203 2190 3259; x_wconf 91' lang='lat' dir='ltr'><strong>lis</strong></span> <span class='ocrx_word' id='word_1_574' title='bbox 2211 3214 2260 3260; x_wconf 92' lang='lat' dir='ltr'><strong>et</strong></span> <span class='ocrx_word' id='word_1_575' title='bbox 2287 3203 2560 3276; x_wconf 86' lang='lat' dir='ltr'><strong>Seraphin</strong></span> <span class='ocrx_word' id='word_1_576' title='bbox 2591 3208 2639 3258; x_wconf 92' lang='lat' dir='ltr'><strong>et</strong></span> <span class='ocrx_word' id='word_1_577' title='bbox 2659 3203 2957 3259; x_wconf 85' lang='lat' dir='ltr'><strong>Cherubim</strong></span> <span class='ocrx_word' id='word_1_578' title='bbox 2993 3203 3175 3259; x_wconf 86' lang='lat' dir='ltr'><strong>dicere</strong></span> <span class='ocrx_word' id='word_1_579' title='bbox 3218 3206 3494 3260; x_wconf 71' lang='lat' dir='ltr'><strong>daemones</strong></span> <span class='ocrx_word' id='word_1_580' title='bbox 3549 3208 3600 3258; x_wconf 90' lang='lat' dir='ltr'><strong>et</strong></span> <span class='ocrx_word' id='word_1_581' title='bbox 3658 3203 3762 3258; x_wconf 87' lang='lat' dir='ltr'><strong>ho-</strong></span> 
     </span>
    </p>
   </div>
   <div class='ocr_carea' id='block_1_79' title="bbox 2113 3292 3767 3364">
    <p class='ocr_par' dir='ltr' id='par_1_79' title="bbox 2113 3292 3767 3364">
     <span class='ocr_line' id='line_1_79' title="bbox 2113 3292 3767 3364; baseline 0 -16"><span class='ocrx_word' id='word_1_582' title='bbox 2113 3294 2280 3349; x_wconf 86' lang='lat' dir='ltr'><strong>mines</strong></span> <span class='ocrx_word' id='word_1_583' title='bbox 2311 3294 2453 3362; x_wconf 83' lang='lat' dir='ltr'><strong>ﬁeri,</strong></span> <span class='ocrx_word' id='word_1_584' title='bbox 2485 3293 2625 3364; x_wconf 84' lang='lat' dir='ltr'><strong>quod</strong></span> <span class='ocrx_word' id='word_1_585' title='bbox 2655 3293 2902 3362; x_wconf 84' lang='lat' dir='ltr'><strong>afﬁrmat</strong></span> <span class='ocrx_word' id='word_1_586' title='bbox 2930 3293 3216 3360; x_wconf 88' lang='lat' dir='ltr'><strong>Origenes,</strong></span> <span class='ocrx_word' id='word_1_587' title='bbox 3235 3300 3289 3347; x_wconf 91' lang='lat' dir='ltr'><strong>et</strong></span> <span class='ocrx_word' id='word_1_588' title='bbox 3329 3292 3470 3364; x_wconf 89' lang='lat' dir='ltr'><strong>ipsos</strong></span> <span class='ocrx_word' id='word_1_589' title='bbox 3514 3302 3658 3349; x_wconf 79' lang='lat' dir='ltr'><strong>inter</strong></span> <span class='ocrx_word' id='word_1_590' title='bbox 3706 3308 3767 3348; x_wconf 87' lang='lat' dir='ltr'><strong>se</strong></span> 
     </span>
    </p>
   </div>
   <div class='ocr_carea' id='block_1_80' title="bbox 2113 3382 3765 3456">
    <p class='ocr_par' dir='ltr' id='par_1_80' title="bbox 2113 3382 3765 3456">
     <span class='ocr_line' id='line_1_80' title="bbox 2113 3382 3765 3456; baseline -0.002 -15"><span class='ocrx_word' id='word_1_591' title='bbox 2113 3382 2348 3456; x_wconf 83' lang='lat' dir='ltr'><strong>angelos</strong></span> <span class='ocrx_word' id='word_1_592' title='bbox 2376 3383 2592 3438; x_wconf 86' lang='lat' dir='ltr'><strong>diversa</strong></span> <span class='ocrx_word' id='word_1_593' title='bbox 2621 3383 2938 3456; x_wconf 88' lang='lat' dir='ltr'><strong>ofﬁciorum</strong></span> <span class='ocrx_word' id='word_1_594' title='bbox 2973 3399 3173 3452; x_wconf 89' lang='lat' dir='ltr'><strong>genera</strong></span> <span class='ocrx_word' id='word_1_595' title='bbox 3201 3400 3312 3439; x_wconf 87' lang='lat' dir='ltr'><strong>esse</strong></span> <span class='ocrx_word' id='word_1_596' title='bbox 3341 3386 3574 3446; x_wconf 87' lang='lat' dir='ltr'><strong>sortitos,</strong></span> <span class='ocrx_word' id='word_1_597' title='bbox 3616 3383 3765 3453; x_wconf 86' lang='lat' dir='ltr'><strong>quod</strong></span> 
     </span>
    </p>
   </div>
   <div class='ocr_carea' id='block_1_81' title="bbox 2117 3471 3767 3542">
    <p class='ocr_par' dir='ltr' id='par_1_81' title="bbox 2117 3471 3767 3542">
     <span class='ocr_line' id='line_1_81' title="bbox 2117 3471 3767 3542; baseline -0.001 -12"><span class='ocrx_word' id='word_1_598' title='bbox 2117 3474 2367 3530; x_wconf 57' lang='lat' dir='ltr'><strong>Ecclesia</strong></span> <span class='ocrx_word' id='word_1_599' title='bbox 2393 3489 2507 3528; x_wconf 90' lang='lat' dir='ltr'><strong>non</strong></span> <span class='ocrx_word' id='word_1_600' title='bbox 2537 3475 2827 3542; x_wconf 76' lang='lat' dir='ltr'><strong>repugnat.</strong></span> <span class='ocrx_word' id='word_1_601' title='bbox 2891 3472 3164 3540; x_wconf 81' lang='lat' dir='ltr'><strong>Quomodo</strong></span> <span class='ocrx_word' id='word_1_602' title='bbox 3219 3483 3276 3541; x_wconf 77' lang='lat' dir='ltr'><strong>et</strong></span> <span class='ocrx_word' id='word_1_603' title='bbox 3317 3472 3466 3528; x_wconf 87' lang='lat' dir='ltr'><strong>inter</strong></span> <span class='ocrx_word' id='word_1_604' title='bbox 3517 3471 3767 3528; x_wconf 80' lang='lat' dir='ltr'><strong>homines</strong></span> 
     </span>
    </p>
   </div>
   <div class='ocr_carea' id='block_1_82' title="bbox 2113 3561 3761 3634">
    <p class='ocr_par' dir='ltr' id='par_1_82' title="bbox 2113 3561 3761 3634">
     <span class='ocr_line' id='line_1_82' title="bbox 2113 3561 3761 3634; baseline -0.002 -16"><span class='ocrx_word' id='word_1_605' title='bbox 2113 3562 2242 3618; x_wconf 89' lang='lat' dir='ltr'><strong>ordo</strong></span> <span class='ocrx_word' id='word_1_606' title='bbox 2272 3561 2610 3634; x_wconf 85' lang='lat' dir='ltr'><strong>dignitatum</strong></span> <span class='ocrx_word' id='word_1_607' title='bbox 2650 3578 2722 3618; x_wconf 79' lang='lat' dir='ltr'><strong>ea:</strong></span> <span class='ocrx_word' id='word_1_608' title='bbox 2776 3563 2978 3618; x_wconf 84' lang='lat' dir='ltr'><strong>laboris</strong></span> <span class='ocrx_word' id='word_1_609' title='bbox 3024 3564 3293 3618; x_wconf 85' lang='lat' dir='ltr'><strong>varietate</strong></span> <span class='ocrx_word' id='word_1_610' title='bbox 3325 3561 3574 3618; x_wconf 81' lang='lat' dir='ltr'><strong>diversus</strong></span> <span class='ocrx_word' id='word_1_611' title='bbox 3625 3569 3710 3616; x_wconf 85' lang='lat' dir='ltr'><strong>est</strong></span> <span class='ocrx_word' id='word_1_612' title='bbox 3740 3579 3761 3615; x_wconf 91' lang='lat'><strong><em>:</em></strong></span> 
     </span>
    </p>
   </div>
   <div class='ocr_carea' id='block_1_83' title="bbox 2111 3651 3764 3726">
    <p class='ocr_par' dir='ltr' id='par_1_83' title="bbox 2111 3651 3764 3726">
     <span class='ocr_line' id='line_1_83' title="bbox 2111 3651 3764 3726; baseline -0.001 -17"><span class='ocrx_word' id='word_1_613' title='bbox 2111 3670 2237 3709; x_wconf 86' lang='lat' dir='ltr'><strong>enm</strong></span> <span class='ocrx_word' id='word_1_614' title='bbox 2266 3654 2573 3726; x_wconf 88' lang='lat' dir='ltr'><strong>episcopus,</strong></span> <span class='ocrx_word' id='word_1_615' title='bbox 2598 3657 2647 3709; x_wconf 87' lang='lat' dir='ltr'><strong>et</strong></span> <span class='ocrx_word' id='word_1_616' title='bbox 2675 3654 2982 3725; x_wconf 86' lang='lat' dir='ltr'><strong>presbyter,</strong></span> <span class='ocrx_word' id='word_1_617' title='bbox 3040 3661 3091 3709; x_wconf 84' lang='lat' dir='ltr'><strong>et</strong></span> <span class='ocrx_word' id='word_1_618' title='bbox 3145 3654 3323 3709; x_wconf 85' lang='lat' dir='ltr'><strong>omnis</strong></span> <span class='ocrx_word' id='word_1_619' title='bbox 3365 3651 3764 3708; x_wconf 78' lang='lat' dir='ltr'><strong>ecclesiasticus</strong></span> 
     </span>
    </p>
   </div>
   <div class='ocr_carea' id='block_1_84' title="bbox 2112 3741 3761 3812">
    <p class='ocr_par' dir='ltr' id='par_1_84' title="bbox 2112 3741 3761 3812">
     <span class='ocr_line' id='line_1_84' title="bbox 2112 3741 3761 3812; baseline -0.001 -15"><span class='ocrx_word' id='word_1_620' title='bbox 2112 3743 2318 3812; x_wconf 87' lang='lat' dir='ltr'><strong>gradus</strong></span> <span class='ocrx_word' id='word_1_621' title='bbox 2349 3744 2551 3799; x_wconf 86' lang='lat' dir='ltr'><strong>habeat</strong></span> <span class='ocrx_word' id='word_1_622' title='bbox 2580 3742 2834 3798; x_wconf 86' lang='lat' dir='ltr'><strong>ordtnem</strong></span> <span class='ocrx_word' id='word_1_623' title='bbox 2863 3759 3045 3810; x_wconf 89' lang='lat' dir='ltr'><strong>suum,</strong></span> <span class='ocrx_word' id='word_1_624' title='bbox 3077 3745 3127 3798; x_wconf 91' lang='lat' dir='ltr'><strong>et</strong></span> <span class='ocrx_word' id='word_1_625' title='bbox 3156 3747 3337 3797; x_wconf 86' lang='lat' dir='ltr'><strong>tamen</strong></span> <span class='ocrx_word' id='word_1_626' title='bbox 3369 3757 3551 3798; x_wconf 89' lang='lat' dir='ltr'><strong>omnes</strong></span> <span class='ocrx_word' id='word_1_627' title='bbox 3581 3741 3761 3797; x_wconf 86' lang='lat' dir='ltr'><strong>homi-</strong></span> 
     </span>
    </p>
   </div>
   <div class='ocr_carea' id='block_1_85' title="bbox 2111 3831 3759 3903">
    <p class='ocr_par' dir='ltr' id='par_1_85' title="bbox 2111 3831 3759 3903">
     <span class='ocr_line' id='line_1_85' title="bbox 2111 3831 3759 3903; baseline -0.001 -15"><span class='ocrx_word' id='word_1_628' title='bbox 2111 3849 2205 3888; x_wconf 87' lang='lat' dir='ltr'><strong>nes</strong></span> <span class='ocrx_word' id='word_1_629' title='bbox 2235 3832 2639 3903; x_wconf 89' lang='lat' dir='ltr'><strong>sunt.Epistola</strong></span> <span class='ocrx_word' id='word_1_630' title='bbox 2661 3833 2732 3886; x_wconf 86' lang='lat'><strong>27</strong></span> <span class='ocrx_word' id='word_1_631' title='bbox 2753 3848 2877 3903; x_wconf 80' lang='lat' dir='ltr'><strong>quae</strong></span> <span class='ocrx_word' id='word_1_632' title='bbox 2897 3836 2982 3888; x_wconf 88' lang='lat' dir='ltr'><strong>est</strong></span> <span class='ocrx_word' id='word_1_633' title='bbox 3010 3833 3077 3887; x_wconf 88' lang='lat' dir='ltr'><strong>ad</strong></span> <span class='ocrx_word' id='word_1_634' title='bbox 3110 3831 3544 3887; x_wconf 77' lang='lat' dir='ltr'><strong>EustochiumzA</strong></span> <span class='ocrx_word' id='word_1_635' title='bbox 3557 3832 3759 3886; x_wconf 85' lang='lat' dir='ltr'><strong>derant</strong></span> 
     </span>
    </p>
   </div>
   <div class='ocr_carea' id='block_1_86' title="bbox 2109 3920 3757 3994">
    <p class='ocr_par' dir='ltr' id='par_1_86' title="bbox 2109 3920 3757 3994">
     <span class='ocr_line' id='line_1_86' title="bbox 2109 3920 3757 3994; baseline -0.002 -17"><span class='ocrx_word' id='word_1_636' title='bbox 2109 3923 2618 3994; x_wconf 84' lang='lat' dir='ltr'><strong>Hicrosolymarum</strong></span> <span class='ocrx_word' id='word_1_637' title='bbox 2661 3925 2712 3977; x_wconf 88' lang='lat' dir='ltr'><strong>et</strong></span> <span class='ocrx_word' id='word_1_638' title='bbox 2770 3922 3018 3977; x_wconf 86' lang='lat' dir='ltr'><strong>aliarum</strong></span> <span class='ocrx_word' id='word_1_639' title='bbox 3047 3921 3268 3976; x_wconf 88' lang='lat' dir='ltr'><strong>urbium</strong></span> <span class='ocrx_word' id='word_1_640' title='bbox 3306 3920 3565 3992; x_wconf 83' lang='lat' dir='ltr'><strong>episcopi,</strong></span> <span class='ocrx_word' id='word_1_641' title='bbox 3590 3924 3642 3975; x_wconf 92' lang='lat' dir='ltr'><strong>et</strong></span> <span class='ocrx_word' id='word_1_642' title='bbox 3671 3937 3757 3975; x_wconf 82' lang='lat' dir='ltr'><strong>sa-</strong></span> 
     </span>
    </p>
   </div>
   <div class='ocr_carea' id='block_1_87' title="bbox 2109 4010 3762 4084">
    <p class='ocr_par' dir='ltr' id='par_1_87' title="bbox 2109 4010 3762 4084">
     <span class='ocr_line' id='line_1_87' title="bbox 2109 4010 3762 4084; baseline -0.002 -16"><span class='ocrx_word' id='word_1_643' title='bbox 2109 4013 2390 4069; x_wconf 82' lang='lat' dir='ltr'><strong>cerdotum</strong></span> <span class='ocrx_word' id='word_1_644' title='bbox 2437 4010 2730 4084; x_wconf 84' lang='lat' dir='ltr'><strong>inferioris</strong></span> <span class='ocrx_word' id='word_1_645' title='bbox 2749 4011 2974 4081; x_wconf 89' lang='lat' dir='ltr'><strong>gradus,</strong></span> <span class='ocrx_word' id='word_1_646' title='bbox 3005 4027 3071 4067; x_wconf 90' lang='lat' dir='ltr'><strong>ac</strong></span> <span class='ocrx_word' id='word_1_647' title='bbox 3100 4012 3396 4066; x_wconf 80' lang='lat' dir='ltr'><strong>levitarum</strong></span> <span class='ocrx_word' id='word_1_648' title='bbox 3443 4013 3762 4065; x_wconf 85' lang='lat' dir='ltr'><strong>innumera-</strong></span> 
     </span>
    </p>
   </div>
   <div class='ocr_carea' id='block_1_88' title="bbox 2114 4099 3761 4170">
    <p class='ocr_par' dir='ltr' id='par_1_88' title="bbox 2114 4099 3761 4170">
     <span class='ocr_line' id='line_1_88' title="bbox 2114 4099 3761 4170; baseline -0.001 -14"><span class='ocrx_word' id='word_1_649' title='bbox 2114 4101 2240 4157; x_wconf 86' lang='lat' dir='ltr'><strong>bilis</strong></span> <span class='ocrx_word' id='word_1_650' title='bbox 2269 4100 2591 4158; x_wconf 87' lang='lat' dir='ltr'><strong>multitudo.</strong></span> <span class='ocrx_word' id='word_1_651' title='bbox 2622 4100 2825 4156; x_wconf 90' lang='lat' dir='ltr'><strong>Dicenl</strong></span> <span class='ocrx_word' id='word_1_652' title='bbox 2847 4101 3249 4169; x_wconf 87' lang='lat' dir='ltr'><strong>Hieronymum</strong></span> <span class='ocrx_word' id='word_1_653' title='bbox 3282 4100 3350 4155; x_wconf 90' lang='lat' dir='ltr'><strong>de</strong></span> <span class='ocrx_word' id='word_1_654' title='bbox 3381 4099 3618 4155; x_wconf 88' lang='lat' dir='ltr'><strong>diversis</strong></span> <span class='ocrx_word' id='word_1_655' title='bbox 3639 4115 3761 4170; x_wconf 83' lang='lat' dir='ltr'><strong>gra-</strong></span> 
     </span>
    </p>
   </div>
   <div class='ocr_carea' id='block_1_89' title="bbox 2112 4189 3763 4260">
    <p class='ocr_par' dir='ltr' id='par_1_89' title="bbox 2112 4189 3763 4260">
     <span class='ocr_line' id='line_1_89' title="bbox 2112 4189 3763 4260; baseline -0.002 -12"><span class='ocrx_word' id='word_1_656' title='bbox 2112 4191 2278 4248; x_wconf 89' lang='lat' dir='ltr'><strong>dibus</strong></span> <span class='ocrx_word' id='word_1_657' title='bbox 2303 4199 2399 4247; x_wconf 90' lang='lat' dir='ltr'><strong>aut</strong></span> <span class='ocrx_word' id='word_1_658' title='bbox 2429 4189 2730 4246; x_wconf 87' lang='lat' dir='ltr'><strong>ordinibus</strong></span> <span class='ocrx_word' id='word_1_659' title='bbox 2762 4190 2916 4260; x_wconf 92' lang='lat' dir='ltr'><strong>loqui</strong></span> <span class='ocrx_word' id='word_1_660' title='bbox 2967 4190 3283 4246; x_wconf 84' lang='lat' dir='ltr'><strong>secundum</strong></span> <span class='ocrx_word' id='word_1_661' title='bbox 3342 4204 3505 4245; x_wconf 91' lang='lat' dir='ltr'><strong>usum</strong></span> <span class='ocrx_word' id='word_1_662' title='bbox 3564 4189 3763 4244; x_wconf 80' lang='lat' dir='ltr'><strong>saeculi</strong></span> 
     </span>
    </p>
   </div>
   <div class='ocr_carea' id='block_1_90' title="bbox 2112 4278 3764 4350">
    <p class='ocr_par' dir='ltr' id='par_1_90' title="bbox 2112 4278 3764 4350">
     <span class='ocr_line' id='line_1_90' title="bbox 2112 4278 3764 4350; baseline -0.002 -13"><span class='ocrx_word' id='word_1_663' title='bbox 2112 4283 2200 4337; x_wconf 83' lang='lat' dir='ltr'><strong>sui</strong></span> <span class='ocrx_word' id='word_1_664' title='bbox 2226 4298 2239 4337; x_wconf 94' lang='lat'>:</span> <span class='ocrx_word' id='word_1_665' title='bbox 2264 4281 2414 4336; x_wconf 90' lang='lat' dir='ltr'><strong>idem</strong></span> <span class='ocrx_word' id='word_1_666' title='bbox 2448 4286 2503 4336; x_wconf 90' lang='lat' dir='ltr'><strong>et</strong></span> <span class='ocrx_word' id='word_1_667' title='bbox 2531 4295 2634 4350; x_wconf 77' lang='lat' dir='ltr'><strong>ego</strong></span> <span class='ocrx_word' id='word_1_668' title='bbox 2663 4280 2732 4336; x_wconf 93' lang='lat' dir='ltr'><strong>de</strong></span> <span class='ocrx_word' id='word_1_669' title='bbox 2763 4279 2982 4350; x_wconf 81' lang='lat' dir='ltr'><strong>Ignatio</strong></span> <span class='ocrx_word' id='word_1_670' title='bbox 3012 4278 3252 4335; x_wconf 85' lang='lat' dir='ltr'><strong>affirmo.</strong></span> <span class='ocrx_word' id='word_1_671' title='bbox 3279 4279 3344 4334; x_wconf 90' lang='lat' dir='ltr'><strong>Et</strong></span> <span class='ocrx_word' id='word_1_672' title='bbox 3368 4278 3595 4350; x_wconf 90' lang='lat' dir='ltr'><strong>quidem</strong></span> <span class='ocrx_word' id='word_1_673' title='bbox 3633 4279 3764 4334; x_wconf 84' lang='lat' dir='ltr'><strong>Hie-</strong></span> 
     </span>
    </p>
   </div>
   <div class='ocr_carea' id='block_1_91' title="bbox 2112 4367 3763 4443">
    <p class='ocr_par' dir='ltr' id='par_1_91' title="bbox 2112 4367 3763 4443">
     <span class='ocr_line' id='line_1_91' title="bbox 2112 4367 3763 4443; baseline -0.002 -18"><span class='ocrx_word' id='word_1_674' title='bbox 2112 4385 2387 4443; x_wconf 88' lang='lat' dir='ltr'><strong>ronymus</strong></span> <span class='ocrx_word' id='word_1_675' title='bbox 2418 4370 2641 4426; x_wconf 84' lang='lat' dir='ltr'><strong>eosdem</strong></span> <span class='ocrx_word' id='word_1_676' title='bbox 2672 4369 2877 4438; x_wconf 85' lang='lat' dir='ltr'><strong>gradus</strong></span> <span class='ocrx_word' id='word_1_677' title='bbox 2907 4367 3075 4424; x_wconf 85' lang='lat' dir='ltr'><strong>refert</strong></span> <span class='ocrx_word' id='word_1_678' title='bbox 3105 4369 3172 4422; x_wconf 90' lang='lat' dir='ltr'><strong>ad</strong></span> <span class='ocrx_word' id='word_1_679' title='bbox 3228 4374 3480 4438; x_wconf 88' lang='lat' dir='ltr'><strong>tempora</strong></span> <span class='ocrx_word' id='word_1_680' title='bbox 3536 4375 3763 4438; x_wconf 84' lang='lat' dir='ltr'><strong>aposto-</strong></span> 
     </span>
    </p>
   </div>
   <div class='ocr_carea' id='block_1_92' title="bbox 2113 4458 3762 4530">
    <p class='ocr_par' dir='ltr' id='par_1_92' title="bbox 2113 4458 3762 4530">
     <span class='ocr_line' id='line_1_92' title="bbox 2113 4458 3762 4530; baseline 0 -15"><span class='ocrx_word' id='word_1_681' title='bbox 2113 4459 2218 4516; x_wconf 89' lang='lat' dir='ltr'><strong>lica</strong></span> <span class='ocrx_word' id='word_1_682' title='bbox 2246 4476 2258 4514; x_wconf 90' lang='lat'><strong>:</strong></span> <span class='ocrx_word' id='word_1_683' title='bbox 2282 4467 2341 4516; x_wconf 92' lang='lat' dir='ltr'><strong>ut</strong></span> <span class='ocrx_word' id='word_1_684' title='bbox 2363 4475 2569 4516; x_wconf 81' lang='lat' dir='ltr'><strong>mirum</strong></span> <span class='ocrx_word' id='word_1_685' title='bbox 2600 4475 2718 4516; x_wconf 91' lang='lat' dir='ltr'><strong>non</strong></span> <span class='ocrx_word' id='word_1_686' title='bbox 2749 4461 2819 4514; x_wconf 91' lang='lat' dir='ltr'><strong>sit</strong></span> <span class='ocrx_word' id='word_1_687' title='bbox 2842 4459 3145 4529; x_wconf 81' lang='lat' dir='ltr'><strong>Ignatium,</strong></span> <span class='ocrx_word' id='word_1_688' title='bbox 3173 4466 3298 4530; x_wconf 87' lang='lat' dir='ltr'><strong>post</strong></span> <span class='ocrx_word' id='word_1_689' title='bbox 3327 4458 3587 4514; x_wconf 89' lang='lat' dir='ltr'><strong>omnium</strong></span> <span class='ocrx_word' id='word_1_690' title='bbox 3621 4475 3762 4530; x_wconf 85' lang='lat' dir='ltr'><strong>apo—</strong></span> 
     </span>
    </p>
   </div>
   <div class='ocr_carea' id='block_1_93' title="bbox 2116 4547 3764 4619">
    <p class='ocr_par' dir='ltr' id='par_1_93' title="bbox 2116 4547 3764 4619">
     <span class='ocr_line' id='line_1_93' title="bbox 2116 4547 3764 4619; baseline 0 -15"><span class='ocrx_word' id='word_1_691' title='bbox 2116 4549 2389 4606; x_wconf 89' lang='lat' dir='ltr'><strong>stolorum</strong></span> <span class='ocrx_word' id='word_1_692' title='bbox 2421 4547 2771 4614; x_wconf 88' lang='lat' dir='ltr'><strong>mortem,ita</strong></span> <span class='ocrx_word' id='word_1_693' title='bbox 2801 4548 3053 4605; x_wconf 90' lang='lat' dir='ltr'><strong>locutum</strong></span> <span class='ocrx_word' id='word_1_694' title='bbox 3078 4564 3220 4604; x_wconf 88' lang='lat' dir='ltr'><strong>esse.</strong></span> <span class='ocrx_word' id='word_1_695' title='bbox 3268 4547 3520 4618; x_wconf 86' lang='lat' dir='ltr'><strong>Epistola</strong></span> <span class='ocrx_word' id='word_1_696' title='bbox 3573 4549 3764 4619; x_wconf 85' lang='lat' dir='ltr'><strong>prima</strong></span> 
     </span>
    </p>
   </div>
   <div class='ocr_carea' id='block_1_94' title="bbox 352 4634 3762 4711">
    <p class='ocr_par' dir='ltr' id='par_1_94' title="bbox 352 4634 3762 4711">
     <span class='ocr_line' id='line_1_94' title="bbox 352 4634 3762 4711; baseline 0.001 -20"><span class='ocrx_word' id='word_1_697' title='bbox 352 4639 446 4691; x_wconf 90' lang='lat' dir='ltr'><strong>tur</strong></span> <span class='ocrx_word' id='word_1_698' title='bbox 463 4634 834 4691; x_wconf 80' lang='lat' dir='ltr'><strong>sacerdotibus</strong></span> <span class='ocrx_word' id='word_1_699' title='bbox 865 4635 1090 4691; x_wconf 85' lang='lat' dir='ltr'><strong>Christi.</strong></span> <span class='ocrx_word' id='word_1_700' title='bbox 1124 4634 1230 4702; x_wconf 86' lang='lat' dir='ltr'><strong>Qui</strong></span> <span class='ocrx_word' id='word_1_701' title='bbox 1276 4637 1427 4690; x_wconf 88' lang='lat' dir='ltr'><strong>enim</strong></span> <span class='ocrx_word' id='word_1_702' title='bbox 1478 4650 1566 4692; x_wconf 89' lang='lat' dir='ltr'><strong>eos</strong></span> <span class='ocrx_word' id='word_1_703' title='bbox 1617 4637 1833 4708; x_wconf 88' lang='lat' dir='ltr'><strong>recipit,</strong></span> <span class='ocrx_word' id='word_1_704' title='bbox 1893 4652 2000 4692; x_wconf 87' lang='lat' dir='ltr'><strong>non</strong></span> <span class='ocrx_word' id='word_1_705' title='bbox 2031 4647 2078 4711; x_wconf 85' lang='lat' dir='ltr'><strong>D</strong></span> <span class='ocrx_word' id='word_1_706' title='bbox 2108 4640 2176 4695; x_wconf 90' lang='lat' dir='ltr'><strong>ad</strong></span> <span class='ocrx_word' id='word_1_707' title='bbox 2210 4639 2574 4696; x_wconf 87' lang='lat' dir='ltr'><strong>Heliodorum</strong></span> <span class='ocrx_word' id='word_1_708' title='bbox 2602 4655 2615 4692; x_wconf 93' lang='lat'>:</span> <span class='ocrx_word' id='word_1_709' title='bbox 2646 4660 2675 4690; x_wconf 86' lang='grc'><strong>‹‹</strong></span> <span class='ocrx_word' id='word_1_710' title='bbox 2708 4638 2817 4706; x_wconf 85' lang='lat' dir='ltr'><strong>Qui</strong></span> <span class='ocrx_word' id='word_1_711' title='bbox 2836 4639 3206 4710; x_wconf 86' lang='lat' dir='ltr'><strong>episcopatum</strong></span> <span class='ocrx_word' id='word_1_712' title='bbox 3229 4637 3527 4706; x_wconf 84' lang='lat' dir='ltr'><strong>desiderat,</strong></span> <span class='ocrx_word' id='word_1_713' title='bbox 3555 4639 3762 4694; x_wconf 90' lang='lat' dir='ltr'><strong>bonum</strong></span> 
     </span>
    </p>
   </div>
   <div class='ocr_carea' id='block_1_95' title="bbox 355 4723 2002 4796">
    <p class='ocr_par' dir='ltr' id='par_1_95' title="bbox 355 4723 2002 4796">
     <span class='ocr_line' id='line_1_95' title="bbox 355 4723 2002 4796; baseline 0.002 -17"><span class='ocrx_word' id='word_1_714' title='bbox 355 4732 467 4780; x_wconf 88' lang='lat' dir='ltr'><strong>tam</strong></span> <span class='ocrx_word' id='word_1_715' title='bbox 499 4741 589 4780; x_wconf 89' lang='lat' dir='ltr'><strong>eos</strong></span> <span class='ocrx_word' id='word_1_716' title='bbox 618 4723 834 4796; x_wconf 86' lang='lat' dir='ltr'><strong>recipit,</strong></span> <span class='ocrx_word' id='word_1_717' title='bbox 868 4741 1035 4796; x_wconf 88' lang='lat' dir='ltr'><strong>quam</strong></span> <span class='ocrx_word' id='word_1_718' title='bbox 1058 4725 1221 4780; x_wconf 88' lang='lat' dir='ltr'><strong>illum</strong></span> <span class='ocrx_word' id='word_1_719' title='bbox 1250 4723 1406 4796; x_wconf 86' lang='lat' dir='ltr'><strong>cujus</strong></span> <span class='ocrx_word' id='word_1_720' title='bbox 1433 4726 1669 4796; x_wconf 88' lang='lat' dir='ltr'><strong>episcopi</strong></span> <span class='ocrx_word' id='word_1_721' title='bbox 1700 4727 1845 4781; x_wconf 87' lang='lat' dir='ltr'><strong>sunt.</strong></span> <span class='ocrx_word' id='word_1_722' title='bbox 1895 4726 2002 4783; x_wconf 85' lang='lat' dir='ltr'><strong>Sed</strong></span> 
     </span>
    </p>
   </div>
   <div class='ocr_carea' id='block_1_96' title="bbox 351 4813 2002 4879">
    <p class='ocr_par' dir='ltr' id='par_1_96' title="bbox 351 4813 2002 4879">
     <span class='ocr_line' id='line_1_96' title="bbox 351 4813 2002 4879; baseline 0.001 -9"><span class='ocrx_word' id='word_1_723' title='bbox 351 4816 596 4870; x_wconf 85' lang='lat' dir='ltr'><strong>contenti</strong></span> <span class='ocrx_word' id='word_1_724' title='bbox 621 4813 735 4870; x_wconf 89' lang='lat' dir='ltr'><strong>sint</strong></span> <span class='ocrx_word' id='word_1_725' title='bbox 765 4813 972 4871; x_wconf 84' lang='lat' dir='ltr'><strong>honore</strong></span> <span class='ocrx_word' id='word_1_726' title='bbox 989 4830 1087 4870; x_wconf 91' lang='lat' dir='ltr'><strong>suo</strong></span> <span class='ocrx_word' id='word_1_727' title='bbox 1113 4831 1124 4867; x_wconf 94' lang='lat'>:</span> <span class='ocrx_word' id='word_1_728' title='bbox 1150 4815 1356 4870; x_wconf 87' lang='lat' dir='ltr'><strong>Patres</strong></span> <span class='ocrx_word' id='word_1_729' title='bbox 1385 4829 1444 4869; x_wconf 92' lang='lat' dir='ltr'><strong>se</strong></span> <span class='ocrx_word' id='word_1_730' title='bbox 1468 4815 1649 4869; x_wconf 87' lang='lat' dir='ltr'><strong>sciant</strong></span> <span class='ocrx_word' id='word_1_731' title='bbox 1702 4831 1832 4879; x_wconf 88' lang='lat' dir='ltr'><strong>esse,</strong></span> <span class='ocrx_word' id='word_1_732' title='bbox 1890 4833 2002 4872; x_wconf 87' lang='lat' dir='ltr'><strong>non</strong></span> 
     </span>
    </p>
   </div>
   <div class='ocr_carea' id='block_1_97' title="bbox 353 4901 2001 4977">
    <p class='ocr_par' dir='ltr' id='par_1_97' title="bbox 353 4901 2001 4977">
     <span class='ocr_line' id='line_1_97' title="bbox 353 4901 2001 4977; baseline 0.001 -18"><span class='ocrx_word' id='word_1_733' title='bbox 353 4905 625 4960; x_wconf 88' lang='lat' dir='ltr'><strong>dominos.</strong></span> <span class='ocrx_word' id='word_1_734' title='bbox 663 4905 738 4960; x_wconf 90' lang='lat' dir='ltr'><strong>De</strong></span> <span class='ocrx_word' id='word_1_735' title='bbox 768 4903 1068 4960; x_wconf 89' lang='lat' dir='ltr'><strong>Heliodoro</strong></span> <span class='ocrx_word' id='word_1_736' title='bbox 1089 4901 1388 4972; x_wconf 89' lang='lat' dir='ltr'><strong>Nepotiani</strong></span> <span class='ocrx_word' id='word_1_737' title='bbox 1417 4903 1682 4974; x_wconf 89' lang='lat' dir='ltr'><strong>episcopo</strong></span> <span class='ocrx_word' id='word_1_738' title='bbox 1712 4904 1787 4960; x_wconf 91' lang='lat' dir='ltr'><strong>ita</strong></span> <span class='ocrx_word' id='word_1_739' title='bbox 1816 4905 2001 4977; x_wconf 90' lang='lat' dir='ltr'><strong>loqui-</strong></span> 
     </span>
    </p>
   </div>
   <div class='ocr_carea' id='block_1_98' title="bbox 357 4991 2002 5066">
    <p class='ocr_par' dir='ltr' id='par_1_98' title="bbox 357 4991 2002 5066">
     <span class='ocr_line' id='line_1_98' title="bbox 357 4991 2002 5066; baseline 0.002 -18"><span class='ocrx_word' id='word_1_740' title='bbox 357 5001 481 5048; x_wconf 90' lang='lat' dir='ltr'><strong>tur:</strong></span> <span class='ocrx_word' id='word_1_741' title='bbox 519 4993 731 5062; x_wconf 83' lang='lat' dir='ltr'><strong>Quanto</strong></span> <span class='ocrx_word' id='word_1_742' title='bbox 761 4993 939 5061; x_wconf 87' lang='lat' dir='ltr'><strong>magis</strong></span> <span class='ocrx_word' id='word_1_743' title='bbox 969 5000 1030 5048; x_wconf 89' lang='lat' dir='ltr'><strong>tu</strong></span> <span class='ocrx_word' id='word_1_744' title='bbox 1057 4994 1107 5047; x_wconf 89' lang='lat' dir='ltr'><strong>et</strong></span> <span class='ocrx_word' id='word_1_745' title='bbox 1155 4991 1457 5046; x_wconf 86' lang='lat' dir='ltr'><strong>avunculus</strong></span> <span class='ocrx_word' id='word_1_746' title='bbox 1497 4999 1546 5048; x_wconf 91' lang='lat' dir='ltr'><strong>et</strong></span> <span class='ocrx_word' id='word_1_747' title='bbox 1565 4995 1865 5066; x_wconf 86' lang='lat' dir='ltr'><strong>episcopus,</strong></span> <span class='ocrx_word' id='word_1_748' title='bbox 1906 4996 2002 5054; x_wconf 87' lang='lat' dir='ltr'><strong>hoc</strong></span> 
     </span>
    </p>
   </div>
   <div class='ocr_carea' id='block_1_99' title="bbox 351 5081 1998 5153">
    <p class='ocr_par' dir='ltr' id='par_1_99' title="bbox 351 5081 1998 5153">
     <span class='ocr_line' id='line_1_99' title="bbox 351 5081 1998 5153; baseline 0.001 -15"><span class='ocrx_word' id='word_1_749' title='bbox 351 5087 430 5139; x_wconf 86' lang='lat' dir='ltr'><strong>est</strong></span> <span class='ocrx_word' id='word_1_750' title='bbox 449 5084 793 5150; x_wconf 72' lang='lat' dir='ltr'><strong>etmcarne,</strong></span> <span class='ocrx_word' id='word_1_751' title='bbox 824 5084 955 5138; x_wconf 85' lang='lat' dir='ltr'><strong>etin</strong></span> <span class='ocrx_word' id='word_1_752' title='bbox 985 5081 1191 5153; x_wconf 86' lang='lat' dir='ltr'><strong>spiritu</strong></span> <span class='ocrx_word' id='word_1_753' title='bbox 1248 5083 1422 5152; x_wconf 89' lang='lat' dir='ltr'><strong>pater,</strong></span> <span class='ocrx_word' id='word_1_754' title='bbox 1477 5081 1622 5138; x_wconf 85' lang='lat' dir='ltr'><strong>doles</strong></span> <span class='ocrx_word' id='word_1_755' title='bbox 1675 5083 1860 5141; x_wconf 84' lang='lat' dir='ltr'><strong>abesse</strong></span> <span class='ocrx_word' id='word_1_756' title='bbox 1914 5086 1998 5142; x_wconf 83' lang='lat' dir='ltr'><strong>vi-</strong></span> 
     </span>
    </p>
   </div>
   <div class='ocr_carea' id='block_1_100' title="bbox 350 5169 1999 5246">
    <p class='ocr_par' dir='ltr' id='par_1_100' title="bbox 350 5169 1999 5246">
     <span class='ocr_line' id='line_1_100' title="bbox 350 5169 1999 5246; baseline 0.002 -18"><span class='ocrx_word' id='word_1_757' title='bbox 350 5187 504 5228; x_wconf 87' lang='lat' dir='ltr'><strong>scera</strong></span> <span class='ocrx_word' id='word_1_758' title='bbox 525 5175 645 5240; x_wconf 88' lang='lat' dir='ltr'><strong>tua,</strong></span> <span class='ocrx_word' id='word_1_759' title='bbox 676 5176 728 5228; x_wconf 89' lang='lat' dir='ltr'><strong>et</strong></span> <span class='ocrx_word' id='word_1_760' title='bbox 767 5171 928 5242; x_wconf 86' lang='lat' dir='ltr'><strong>quasi</strong></span> <span class='ocrx_word' id='word_1_761' title='bbox 959 5187 993 5225; x_wconf 91' lang='lat' dir='ltr'><strong>a</strong></span> <span class='ocrx_word' id='word_1_762' title='bbox 1023 5179 1072 5226; x_wconf 90' lang='lat' dir='ltr'><strong>te</strong></span> <span class='ocrx_word' id='word_1_763' title='bbox 1092 5169 1310 5226; x_wconf 83' lang='lat' dir='ltr'><strong>divulsa</strong></span> <span class='ocrx_word' id='word_1_764' title='bbox 1355 5173 1623 5238; x_wconf 87' lang='lat' dir='ltr'><strong>suspiras.</strong></span> <span class='ocrx_word' id='word_1_765' title='bbox 1679 5174 1763 5229; x_wconf 85' lang='lat' dir='ltr'><strong>Ad</strong></span> <span class='ocrx_word' id='word_1_766' title='bbox 1815 5178 1999 5246; x_wconf 87' lang='lat' dir='ltr'><strong>Nepo-</strong></span> 
     </span>
    </p>
   </div>
   <div class='ocr_carea' id='block_1_101' title="bbox 357 5257 2001 5336">
    <p class='ocr_par' dir='ltr' id='par_1_101' title="bbox 357 5257 2001 5336">
     <span class='ocr_line' id='line_1_101' title="bbox 357 5257 2001 5336; baseline 0.002 -20"><span class='ocrx_word' id='word_1_767' title='bbox 357 5261 577 5318; x_wconf 89' lang='lat' dir='ltr'><strong>tianum</strong></span> <span class='ocrx_word' id='word_1_768' title='bbox 607 5262 770 5330; x_wconf 92' lang='lat' dir='ltr'><strong>epist.</strong></span> <span class='ocrx_word' id='word_1_769' title='bbox 804 5260 838 5314; x_wconf 93' lang='lat'>3</span> <span class='ocrx_word' id='word_1_770' title='bbox 868 5277 883 5316; x_wconf 87' lang='lat'><strong><em>:</em></strong></span> <span class='ocrx_word' id='word_1_771' title='bbox 919 5257 1107 5314; x_wconf 88' lang='lat' dir='ltr'><strong>Gloria</strong></span> <span class='ocrx_word' id='word_1_772' title='bbox 1127 5258 1308 5330; x_wconf 88' lang='lat' dir='ltr'><strong>patris</strong></span> <span class='ocrx_word' id='word_1_773' title='bbox 1339 5267 1416 5315; x_wconf 88' lang='lat' dir='ltr'><strong>est</strong></span> <span class='ocrx_word' id='word_1_774' title='bbox 1449 5261 1605 5330; x_wconf 85' lang='lat' dir='ltr'><strong>ﬁlius</strong></span> <span class='ocrx_word' id='word_1_775' title='bbox 1633 5265 1860 5334; x_wconf 86' lang='lat' dir='ltr'><strong>sapiens</strong></span> <span class='ocrx_word' id='word_1_776' title='bbox 1920 5265 2001 5336; x_wconf 67' lang='lat'><strong>‘9;</strong></span> 
     </span>
    </p>
   </div>
   <div class='ocr_carea' id='block_1_102' title="bbox 359 5347 1998 5423">
    <p class='ocr_par' dir='ltr' id='par_1_102' title="bbox 359 5347 1998 5423">
     <span class='ocr_line' id='line_1_102' title="bbox 359 5347 1998 5423; baseline 0.002 -16"><span class='ocrx_word' id='word_1_777' title='bbox 359 5350 598 5407; x_wconf 88' lang='lat' dir='ltr'><strong>Gaudeat</strong></span> <span class='ocrx_word' id='word_1_778' title='bbox 618 5351 898 5423; x_wconf 86' lang='lat' dir='ltr'><strong>episcopus</strong></span> <span class='ocrx_word' id='word_1_779' title='bbox 917 5347 1130 5420; x_wconf 85' lang='lat' dir='ltr'><strong>judicio</strong></span> <span class='ocrx_word' id='word_1_780' title='bbox 1159 5365 1278 5415; x_wconf 89' lang='lat' dir='ltr'><strong>suo,</strong></span> <span class='ocrx_word' id='word_1_781' title='bbox 1310 5365 1432 5406; x_wconf 90' lang='lat' dir='ltr'><strong>cum</strong></span> <span class='ocrx_word' id='word_1_782' title='bbox 1474 5351 1606 5407; x_wconf 91' lang='lat' dir='ltr'><strong>tales</strong></span> <span class='ocrx_word' id='word_1_783' title='bbox 1638 5351 1848 5410; x_wconf 88' lang='lat' dir='ltr'><strong>Christo</strong></span> <span class='ocrx_word' id='word_1_784' title='bbox 1895 5355 1998 5412; x_wconf 84' lang='lat' dir='ltr'><strong>ele-</strong></span> 
     </span>
    </p>
   </div>
   <div class='ocr_carea' id='block_1_103' title="bbox 363 5438 1998 5514">
    <p class='ocr_par' dir='ltr' id='par_1_103' title="bbox 363 5438 1998 5514">
     <span class='ocr_line' id='line_1_103' title="bbox 363 5438 1998 5514; baseline 0.002 -17"><span class='ocrx_word' id='word_1_785' title='bbox 363 5441 508 5510; x_wconf 87' lang='lat' dir='ltr'><strong>gerit</strong></span> <span class='ocrx_word' id='word_1_786' title='bbox 533 5439 855 5496; x_wconf 84' lang='lat' dir='ltr'><strong>sacerdotes.</strong></span> <span class='ocrx_word' id='word_1_787' title='bbox 894 5440 976 5494; x_wconf 86' lang='lat' dir='ltr'><strong>Ita</strong></span> <span class='ocrx_word' id='word_1_788' title='bbox 1014 5438 1134 5508; x_wconf 89' lang='lat' dir='ltr'><strong>ipse</strong></span> <span class='ocrx_word' id='word_1_789' title='bbox 1163 5439 1216 5494; x_wconf 93' lang='lat' dir='ltr'><strong>S.</strong></span> <span class='ocrx_word' id='word_1_790' title='bbox 1251 5441 1631 5510; x_wconf 81' lang='lat' dir='ltr'><strong>Augustinum</strong></span> <span class='ocrx_word' id='word_1_791' title='bbox 1660 5443 1998 5514; x_wconf 89' lang='lat' dir='ltr'><strong>compellat:</strong></span> 
     </span>
    </p>
   </div>
   <div class='ocr_carea' id='block_1_104' title="bbox 363 5526 2006 5604">
    <p class='ocr_par' dir='ltr' id='par_1_104' title="bbox 363 5526 2006 5604">
     <span class='ocr_line' id='line_1_104' title="bbox 363 5526 2006 5604; baseline 0.001 -16"><span class='ocrx_word' id='word_1_792' title='bbox 363 5530 487 5590; x_wconf 74' lang='lat' dir='ltr'><strong>Vale</strong></span> <span class='ocrx_word' id='word_1_793' title='bbox 562 5526 703 5584; x_wconf 89' lang='lat' dir='ltr'><strong>mihi</strong></span> <span class='ocrx_word' id='word_1_794' title='bbox 740 5530 914 5584; x_wconf 87' lang='lat' dir='ltr'><strong>amice</strong></span> <span class='ocrx_word' id='word_1_795' title='bbox 967 5528 1316 5600; x_wconf 75' lang='lat' dir='ltr'><strong>charissima,</strong></span> <span class='ocrx_word' id='word_1_796' title='bbox 1369 5535 1533 5587; x_wconf 64' lang='lat' dir='ltr'><strong>etate</strong></span> <span class='ocrx_word' id='word_1_797' title='bbox 1559 5529 1665 5600; x_wconf 90' lang='lat' dir='ltr'><strong>ﬁli,</strong></span> <span class='ocrx_word' id='word_1_798' title='bbox 1735 5531 2006 5604; x_wconf 84' lang='lat' dir='ltr'><strong>dignitate</strong></span> 
     </span>
    </p>
   </div>
   <div class='ocr_carea' id='block_1_105' title="bbox 2110 4727 3760 4801">
    <p class='ocr_par' dir='ltr' id='par_1_105' title="bbox 2110 4727 3760 4801">
     <span class='ocr_line' id='line_1_105' title="bbox 2110 4727 3760 4801; baseline -0.002 -15"><span class='ocrx_word' id='word_1_799' title='bbox 2110 4745 2244 4801; x_wconf 90' lang='lat' dir='ltr'><strong>opus</strong></span> <span class='ocrx_word' id='word_1_800' title='bbox 2269 4729 2543 4786; x_wconf 86' lang='lat' dir='ltr'><strong>desiderat</strong></span> <span class='ocrx_word' id='word_1_801' title='bbox 2563 4727 2627 4784; x_wconf 75' lang='grc'><strong>³³.</strong></span> <span class='ocrx_word' id='word_1_802' title='bbox 2664 4749 2690 4778; x_wconf 87' lang='grc'>››</span> <span class='ocrx_word' id='word_1_803' title='bbox 2714 4727 2929 4782; x_wconf 88' lang='lat' dir='ltr'><strong>Scimus</strong></span> <span class='ocrx_word' id='word_1_804' title='bbox 2960 4729 3063 4783; x_wconf 87' lang='lat' dir='ltr'><strong>ista</strong></span> <span class='ocrx_word' id='word_1_805' title='bbox 3097 4744 3109 4782; x_wconf 89' lang='lat'><strong>:</strong></span> <span class='ocrx_word' id='word_1_806' title='bbox 3142 4727 3234 4782; x_wconf 88' lang='lat' dir='ltr'><strong>sed</strong></span> <span class='ocrx_word' id='word_1_807' title='bbox 3248 4731 3431 4799; x_wconf 88' lang='lat' dir='ltr'><strong>junge</strong></span> <span class='ocrx_word' id='word_1_808' title='bbox 3473 4727 3614 4798; x_wconf 88' lang='lat' dir='ltr'><strong>quod</strong></span> <span class='ocrx_word' id='word_1_809' title='bbox 3671 4745 3760 4784; x_wconf 88' lang='lat' dir='ltr'><strong>se-</strong></span> 
     </span>
    </p>
   </div>
   <div class='ocr_carea' id='block_1_106' title="bbox 2110 4817 3761 4890">
    <p class='ocr_par' dir='ltr' id='par_1_106' title="bbox 2110 4817 3761 4890">
     <span class='ocr_line' id='line_1_106' title="bbox 2110 4817 3761 4890; baseline -0.001 -16"><span class='ocrx_word' id='word_1_810' title='bbox 2110 4819 2300 4890; x_wconf 84' lang='lat' dir='ltr'><strong>quitur</strong></span> <span class='ocrx_word' id='word_1_811' title='bbox 2330 4835 2343 4874; x_wconf 87' lang='lat'><strong>:</strong></span> <span class='ocrx_word' id='word_1_812' title='bbox 2379 4840 2407 4868; x_wconf 88' lang='grc'><strong>‹‹</strong></span> <span class='ocrx_word' id='word_1_813' title='bbox 2441 4818 2658 4888; x_wconf 89' lang='lat' dir='ltr'><strong>Oportet</strong></span> <span class='ocrx_word' id='word_1_814' title='bbox 2686 4825 2871 4872; x_wconf 88' lang='lat' dir='ltr'><strong>autem</strong></span> <span class='ocrx_word' id='word_1_815' title='bbox 2890 4817 3206 4886; x_wconf 77' lang='lat' dir='ltr'><strong>huiusmodi</strong></span> <span class='ocrx_word' id='word_1_816' title='bbox 3227 4818 3761 4888; x_wconf 87' lang='lat' dir='ltr'><strong>irreprehensibilem</strong></span> 
     </span>
    </p>
   </div>
   <div class='ocr_carea' id='block_1_107' title="bbox 2111 4899 3761 4978">
    <p class='ocr_par' dir='ltr' id='par_1_107' title="bbox 2111 4899 3761 4978">
     <span class='ocr_line' id='line_1_107' title="bbox 2111 4899 3761 4978; baseline -0.001 -14"><span class='ocrx_word' id='word_1_817' title='bbox 2111 4923 2226 4965; x_wconf 87' lang='lat' dir='ltr'><strong>esse</strong></span> <span class='ocrx_word' id='word_1_818' title='bbox 2253 4908 2325 4976; x_wconf 74' lang='lat'><strong>’3,</strong></span> <span class='ocrx_word' id='word_1_819' title='bbox 2361 4915 2502 4964; x_wconf 86' lang='lat' dir='ltr'><strong>»etc.</strong></span> <span class='ocrx_word' id='word_1_820' title='bbox 2535 4899 2602 4963; x_wconf 82' lang='lat' dir='ltr'><strong>Et</strong></span> <span class='ocrx_word' id='word_1_821' title='bbox 2633 4907 2849 4964; x_wconf 54' lang='lat' dir='ltr'><strong>caeteris</strong></span> <span class='ocrx_word' id='word_1_822' title='bbox 2887 4922 3006 4977; x_wconf 77' lang='lat' dir='ltr'><strong>quae</strong></span> <span class='ocrx_word' id='word_1_823' title='bbox 3025 4906 3092 4962; x_wconf 90' lang='lat' dir='ltr'><strong>de</strong></span> <span class='ocrx_word' id='word_1_824' title='bbox 3111 4922 3174 4962; x_wconf 89' lang='lat' dir='ltr'><strong>eo</strong></span> <span class='ocrx_word' id='word_1_825' title='bbox 3201 4910 3506 4978; x_wconf 86' lang='lat' dir='ltr'><strong>sequuntur</strong></span> <span class='ocrx_word' id='word_1_826' title='bbox 3533 4907 3761 4978; x_wconf 72' lang='lat' dir='ltr'><strong>explici-</strong></span> 
     </span>
    </p>
   </div>
   <div class='ocr_carea' id='block_1_108' title="bbox 2111 4995 3761 5067">
    <p class='ocr_par' dir='ltr' id='par_1_108' title="bbox 2111 4995 3761 5067">
     <span class='ocr_line' id='line_1_108' title="bbox 2111 4995 3761 5067; baseline -0.002 -14"><span class='ocrx_word' id='word_1_827' title='bbox 2111 4999 2203 5066; x_wconf 89' lang='lat' dir='ltr'><strong>tis,</strong></span> <span class='ocrx_word' id='word_1_828' title='bbox 2235 5013 2347 5053; x_wconf 88' lang='lat' dir='ltr'><strong>non</strong></span> <span class='ocrx_word' id='word_1_829' title='bbox 2373 4997 2647 5053; x_wconf 87' lang='lat' dir='ltr'><strong>minorem</strong></span> <span class='ocrx_word' id='word_1_830' title='bbox 2659 4998 2718 5051; x_wconf 90' lang='lat' dir='ltr'><strong>in</strong></span> <span class='ocrx_word' id='word_1_831' title='bbox 2735 4998 2894 5052; x_wconf 91' lang='lat' dir='ltr'><strong>tertio</strong></span> <span class='ocrx_word' id='word_1_832' title='bbox 2911 4996 3090 5065; x_wconf 88' lang='lat' dir='ltr'><strong>gradu</strong></span> <span class='ocrx_word' id='word_1_833' title='bbox 3111 4995 3365 5052; x_wconf 87' lang='lat' dir='ltr'><strong>adhibuit</strong></span> <span class='ocrx_word' id='word_1_834' title='bbox 3385 4995 3761 5067; x_wconf 87' lang='lat' dir='ltr'><strong>diligentiam,</strong></span> 
     </span>
    </p>
   </div>
   <div class='ocr_carea' id='block_1_109' title="bbox 2111 5084 3762 5155">
    <p class='ocr_par' dir='ltr' id='par_1_109' title="bbox 2111 5084 3762 5155">
     <span class='ocr_line' id='line_1_109' title="bbox 2111 5084 3762 5155; baseline 0.001 -14"><span class='ocrx_word' id='word_1_835' title='bbox 2111 5086 2294 5143; x_wconf 85' lang='lat' dir='ltr'><strong>dicens</strong></span> <span class='ocrx_word' id='word_1_836' title='bbox 2312 5104 2332 5143; x_wconf 91' lang='lat'><strong><em>:</em></strong></span> <span class='ocrx_word' id='word_1_837' title='bbox 2363 5108 2391 5138; x_wconf 85' lang='grc'>‹‹</span> <span class='ocrx_word' id='word_1_838' title='bbox 2418 5087 2678 5143; x_wconf 85' lang='lat' dir='ltr'><strong>Diaconos</strong></span> <span class='ocrx_word' id='word_1_839' title='bbox 2707 5084 2970 5140; x_wconf 85' lang='lat' dir='ltr'><strong>similiter</strong></span> <span class='ocrx_word' id='word_1_840' title='bbox 2995 5084 3219 5155; x_wconf 88' lang='lat' dir='ltr'><strong>pudicos</strong></span> <span class='ocrx_word' id='word_1_841' title='bbox 3243 5084 3310 5141; x_wconf 86' lang='grc'><strong>²⁴.</strong></span> <span class='ocrx_word' id='word_1_842' title='bbox 3348 5107 3375 5135; x_wconf 74' lang='grc' dir='ltr'><strong>ιι</strong></span> <span class='ocrx_word' id='word_1_843' title='bbox 3400 5085 3541 5142; x_wconf 86' lang='lat' dir='ltr'><strong>Lib.l</strong></span> <span class='ocrx_word' id='word_1_844' title='bbox 3559 5086 3762 5142; x_wconf 85' lang='lat' dir='ltr'><strong>adver-</strong></span> 
     </span>
    </p>
   </div>
   <div class='ocr_carea' id='block_1_110' title="bbox 2111 5173 3766 5246">
    <p class='ocr_par' dir='ltr' id='par_1_110' title="bbox 2111 5173 3766 5246">
     <span class='ocr_line' id='line_1_110' title="bbox 2111 5173 3766 5246; baseline -0.002 -14"><span class='ocrx_word' id='word_1_845' title='bbox 2111 5191 2206 5232; x_wconf 88' lang='lat' dir='ltr'><strong>sus</strong></span> <span class='ocrx_word' id='word_1_846' title='bbox 2233 5176 2596 5233; x_wconf 73' lang='lat' dir='ltr'><strong>Iovinianum</strong></span> <span class='ocrx_word' id='word_1_847' title='bbox 2630 5173 2850 5230; x_wconf 82' lang='lat' dir='ltr'><strong>:Cernis</strong></span> <span class='ocrx_word' id='word_1_848' title='bbox 2882 5173 3058 5243; x_wconf 89' lang='lat' dir='ltr'><strong>igitur</strong></span> <span class='ocrx_word' id='word_1_849' title='bbox 3085 5174 3226 5245; x_wconf 87' lang='lat' dir='ltr'><strong>quod</strong></span> <span class='ocrx_word' id='word_1_850' title='bbox 3274 5176 3577 5246; x_wconf 87' lang='lat' dir='ltr'><strong>episcopus,</strong></span> <span class='ocrx_word' id='word_1_851' title='bbox 3608 5191 3766 5246; x_wconf 83' lang='lat' dir='ltr'><strong>pres-</strong></span> 
     </span>
    </p>
   </div>
   <div class='ocr_carea' id='block_1_111' title="bbox 2115 5262 3761 5337">
    <p class='ocr_par' dir='ltr' id='par_1_111' title="bbox 2115 5262 3761 5337">
     <span class='ocr_line' id='line_1_111' title="bbox 2115 5262 3761 5337; baseline -0.001 -16"><span class='ocrx_word' id='word_1_852' title='bbox 2115 5265 2273 5337; x_wconf 89' lang='lat' dir='ltr'><strong>byter</strong></span> <span class='ocrx_word' id='word_1_853' title='bbox 2301 5269 2353 5320; x_wconf 88' lang='lat' dir='ltr'><strong>et</strong></span> <span class='ocrx_word' id='word_1_854' title='bbox 2377 5267 2643 5322; x_wconf 87' lang='lat' dir='ltr'><strong>diaconus</strong></span> <span class='ocrx_word' id='word_1_855' title='bbox 2671 5280 2780 5319; x_wconf 81' lang='lat' dir='ltr'><strong>non</strong></span> <span class='ocrx_word' id='word_1_856' title='bbox 2806 5262 2925 5320; x_wconf 88' lang='lat' dir='ltr'><strong>ideo</strong></span> <span class='ocrx_word' id='word_1_857' title='bbox 2954 5265 3068 5318; x_wconf 87' lang='lat' dir='ltr'><strong>sint</strong></span> <span class='ocrx_word' id='word_1_858' title='bbox 3123 5263 3286 5328; x_wconf 87' lang='lat' dir='ltr'><strong>beati,</strong></span> <span class='ocrx_word' id='word_1_859' title='bbox 3319 5266 3453 5335; x_wconf 78' lang='lat' dir='ltr'><strong>quia</strong></span> <span class='ocrx_word' id='word_1_860' title='bbox 3489 5263 3761 5336; x_wconf 85' lang='lat' dir='ltr'><strong>episcopi,</strong></span> 
     </span>
    </p>
   </div>
   <div class='ocr_carea' id='block_1_112' title="bbox 2111 5351 3762 5428">
    <p class='ocr_par' dir='ltr' id='par_1_112' title="bbox 2111 5351 3762 5428">
     <span class='ocr_line' id='line_1_112' title="bbox 2111 5351 3762 5428; baseline 0 -18"><span class='ocrx_word' id='word_1_861' title='bbox 2111 5355 2194 5411; x_wconf 83' lang='lat' dir='ltr'><strong>vel</strong></span> <span class='ocrx_word' id='word_1_862' title='bbox 2238 5355 2551 5428; x_wconf 86' lang='lat' dir='ltr'><strong>presbyteri</strong></span> <span class='ocrx_word' id='word_1_863' title='bbox 2577 5355 2712 5420; x_wconf 87' lang='lat' dir='ltr'><strong>sint,</strong></span> <span class='ocrx_word' id='word_1_864' title='bbox 2744 5361 2841 5408; x_wconf 90' lang='lat' dir='ltr'><strong>aut</strong></span> <span class='ocrx_word' id='word_1_865' title='bbox 2869 5351 3127 5421; x_wconf 86' lang='lat' dir='ltr'><strong>diaconi;</strong></span> <span class='ocrx_word' id='word_1_866' title='bbox 3174 5352 3269 5409; x_wconf 89' lang='lat' dir='ltr'><strong>sed</strong></span> <span class='ocrx_word' id='word_1_867' title='bbox 3298 5355 3348 5408; x_wconf 90' lang='lat' dir='ltr'><strong>si</strong></span> <span class='ocrx_word' id='word_1_868' title='bbox 3378 5354 3604 5410; x_wconf 86' lang='lat' dir='ltr'><strong>virtutes</strong></span> <span class='ocrx_word' id='word_1_869' title='bbox 3658 5353 3762 5410; x_wconf 87' lang='lat' dir='ltr'><strong>ha-</strong></span> 
     </span>
    </p>
   </div>
   <div class='ocr_carea' id='block_1_113' title="bbox 2115 5443 3764 5515">
    <p class='ocr_par' dir='ltr' id='par_1_113' title="bbox 2115 5443 3764 5515">
     <span class='ocr_line' id='line_1_113' title="bbox 2115 5443 3764 5515; baseline 0.001 -16"><span class='ocrx_word' id='word_1_870' title='bbox 2115 5443 2335 5500; x_wconf 87' lang='lat' dir='ltr'><strong>buerint</strong></span> <span class='ocrx_word' id='word_1_871' title='bbox 2372 5445 2664 5501; x_wconf 87' lang='lat' dir='ltr'><strong>nominum</strong></span> <span class='ocrx_word' id='word_1_872' title='bbox 2693 5459 2918 5500; x_wconf 89' lang='lat' dir='ltr'><strong>suorum</strong></span> <span class='ocrx_word' id='word_1_873' title='bbox 2966 5450 3018 5497; x_wconf 85' lang='lat' dir='ltr'><strong>et</strong></span> <span class='ocrx_word' id='word_1_874' title='bbox 3065 5443 3391 5513; x_wconf 80' lang='lat' dir='ltr'><strong>ofﬁciorum.</strong></span> <span class='ocrx_word' id='word_1_875' title='bbox 3452 5444 3673 5515; x_wconf 83' lang='lat' dir='ltr'><strong>Alioqui</strong></span> <span class='ocrx_word' id='word_1_876' title='bbox 3711 5447 3764 5500; x_wconf 90' lang='lat' dir='ltr'><strong>si</strong></span> 
     </span>
    </p>
   </div>
   <div class='ocr_carea' id='block_1_114' title="bbox 2117 5533 3761 5604">
    <p class='ocr_par' dir='ltr' id='par_1_114' title="bbox 2117 5533 3761 5604">
     <span class='ocr_line' id='line_1_114' title="bbox 2117 5533 3761 5604; baseline -0.001 -15"><span class='ocrx_word' id='word_1_877' title='bbox 2117 5533 2384 5589; x_wconf 87' lang='lat' dir='ltr'><strong>diaconus</strong></span> <span class='ocrx_word' id='word_1_878' title='bbox 2411 5533 2657 5590; x_wconf 88' lang='lat' dir='ltr'><strong>sanctior</strong></span> <span class='ocrx_word' id='word_1_879' title='bbox 2676 5533 2919 5604; x_wconf 86' lang='lat' dir='ltr'><strong>episcopo</strong></span> <span class='ocrx_word' id='word_1_880' title='bbox 2947 5547 3046 5588; x_wconf 87' lang='lat' dir='ltr'><strong>suo</strong></span> <span class='ocrx_word' id='word_1_881' title='bbox 3075 5533 3268 5602; x_wconf 85' lang='lat' dir='ltr'><strong>fuerit,</strong></span> <span class='ocrx_word' id='word_1_882' title='bbox 3299 5549 3410 5590; x_wconf 88' lang='lat' dir='ltr'><strong>non</strong></span> <span class='ocrx_word' id='word_1_883' title='bbox 3429 5548 3500 5589; x_wconf 80' lang='lat' dir='ltr'><strong>ea:</strong></span> <span class='ocrx_word' id='word_1_884' title='bbox 3527 5547 3589 5589; x_wconf 89' lang='lat' dir='ltr'><strong>eo</strong></span> <span class='ocrx_word' id='word_1_885' title='bbox 3619 5533 3761 5604; x_wconf 87' lang='lat' dir='ltr'><strong>quod</strong></span> 
     </span>
    </p>
   </div>
   <div class='ocr_carea' id='block_1_115' title="bbox 427 5699 2002 5777">
    <p class='ocr_par' dir='ltr' id='par_1_115' title="bbox 427 5699 1928 5774">
     <span class='ocr_line' id='line_1_115' title="bbox 427 5699 1928 5774; baseline -0.001 -15"><span class='ocrx_word' id='word_1_886' title='bbox 427 5700 475 5736; x_wconf 66' lang='grc' dir='ltr'>ι’</span> <span class='ocrx_word' id='word_1_887' title='bbox 505 5701 665 5760; x_wconf 87' lang='lat' dir='ltr'><strong>Prov.</strong></span> <span class='ocrx_word' id='word_1_888' title='bbox 699 5718 756 5773; x_wconf 86' lang='lat' dir='ltr'><strong>x,</strong></span> <span class='ocrx_word' id='word_1_889' title='bbox 792 5702 842 5761; x_wconf 90' lang='grc'><strong>1.</strong></span> <span class='ocrx_word' id='word_1_890' title='bbox 918 5702 965 5738; x_wconf 84' lang='grc'><strong>²⁰</strong></span> <span class='ocrx_word' id='word_1_891' title='bbox 992 5706 1120 5760; x_wconf 84' lang='lat' dir='ltr'><strong>Lev.</strong></span> <span class='ocrx_word' id='word_1_892' title='bbox 1156 5717 1247 5774; x_wconf 90' lang='lat' dir='ltr'><strong>xx,</strong></span> <span class='ocrx_word' id='word_1_893' title='bbox 1277 5699 1334 5762; x_wconf 83' lang='lat'><strong>9.</strong></span> <span class='ocrx_word' id='word_1_894' title='bbox 1409 5701 1452 5738; x_wconf 84' lang='grc'>²¹</span> <span class='ocrx_word' id='word_1_895' title='bbox 1484 5699 1653 5760; x_wconf 87' lang='lat' dir='ltr'><strong>Hebr.</strong></span> <span class='ocrx_word' id='word_1_896' title='bbox 1686 5717 1807 5774; x_wconf 90' lang='lat' dir='ltr'><strong>xm,</strong></span> <span class='ocrx_word' id='word_1_897' title='bbox 1841 5704 1928 5764; x_wconf 85' lang='grc'><strong>17.</strong></span> 
     </span>
    </p>
   </div>
   <div class='ocr_carea' id='block_1_116' title="bbox 2115 5699 3286 5777">
    <p class='ocr_par' dir='ltr' id='par_1_116' title="bbox 2131 5704 3286 5777">
     <span class='ocr_line' id='line_1_116' title="bbox 2131 5704 3286 5777; baseline -0.001 -14"><span class='ocrx_word' id='word_1_898' title='bbox 2131 5705 2282 5763; x_wconf 89' lang='lat' dir='ltr'><strong>Tim.</strong></span> <span class='ocrx_word' id='word_1_899' title='bbox 2307 5706 2473 5777; x_wconf 76' lang='lat'><strong>111,1.</strong></span> <span class='ocrx_word' id='word_1_900' title='bbox 2549 5705 2594 5742; x_wconf 74' lang='grc' dir='ltr'>ιε</span> <span class='ocrx_word' id='word_1_901' title='bbox 2623 5705 2794 5777; x_wconf 91' lang='lat' dir='ltr'><strong>Ibid.,</strong></span> <span class='ocrx_word' id='word_1_902' title='bbox 2825 5705 2880 5764; x_wconf 84' lang='lat'><strong>2.</strong></span> <span class='ocrx_word' id='word_1_903' title='bbox 2957 5705 3005 5742; x_wconf 70' lang='grc' dir='ltr'><strong>ιι</strong></span> <span class='ocrx_word' id='word_1_904' title='bbox 3029 5704 3202 5775; x_wconf 87' lang='lat' dir='ltr'><strong>Ibid.,</strong></span> <span class='ocrx_word' id='word_1_905' title='bbox 3231 5705 3286 5763; x_wconf 83' lang='lat' dir='ltr'><strong>s.</strong></span> 
     </span>
    </p>
   </div>
  </div>
