3974 6296
206 398 324 460 253

951 400 1008 462 Ι.
1058 400 1482 464 PEARSONII
1525 396 1890 463 VlNDlCIE
1933 402 2424 468 IGNATIANE.
2471 444 2548 456 —
2589 411 2800 474 PARS
2845 413 2896 474 Ι.

3504 415 3625 474 254

209 535 437 605 inferior
464 533 647 604 gradu
678 539 782 602 est,
808 533 960 606 apud
989 534 1266 592 Christum
1297 535 1536 592 deterior
1564 537 1706 606 erit;
1763 543 1862 592 aut
1890 543 1948 606 A
1978 538 2238 608 dogmate
2269 544 2513 601 maxime
2543 545 2924 602 abhorrentia.
2970 546 3223 617 Deniqne
3254 545 3400 602 hanc
3438 547 3623 617 ipsam

211 624 513 695 Stephanus
545 626 836 690 diaconus,
866 628 964 697 qui
1001 628 1217 696 primus
1267 629 1536 698 martyrio
1585 636 1872 682 coronatus

213 719 309 780 est,
340 717 531 771 minor
561 720 788 786 futurus
815 725 900 772 est
931 717 988 771 in
1023 732 1188 788 regno
1214 717 1474 772 cartorum
1525 717 1716 774 multis
1746 717 1867 789 epi-

214 806 413 876 scopis,
447 811 499 862 et
531 805 808 862 Timotheo
837 823 901 862 ac
964 807 1096 877 Tito,
1150 824 1280 878 quos
1331 811 1390 862 ut
1438 806 1706 878 subjicere
1755 824 1866 861 non

216 897 406 963 audeo,
441 897 526 951 ita
556 912 655 952 nec
709 901 1058 969 anteponere.
1111 899 1264 954 Idem
1323 900 1711 970 episcopatum
1745 906 1867 954 tan-

216 1001 383 1055 quam
417 1001 709 1041 summum
743 985 803 1042 in
834 986 1084 1043 Ecclesia
1114 989 1375 1044 ordinem
1429 989 1663 1043 maximi
1714 988 1864 1055 facit,

215 1076 479 1146 episcopo
511 1077 877 1132 commissam
927 1093 1057 1132 esse
1102 1078 1415 1133 Ecclesiam
1465 1079 1648 1144 docet,
1704 1078 1868 1148 eique

213 1166 592 1235 principatum
639 1165 913 1222 attribuit.
969 1166 1215 1236 Epistola
1262 1169 1428 1224 tertia
1479 1169 1546 1223 ad
1599 1167 1864 1238 Nepotia-

210 1270 344 1310 num
379 1272 392 1308 :
425 1256 576 1311 Sciat
630 1255 932 1327 episcOpus,
993 1255 1086 1312 cui
1140 1260 1424 1312 commissa
1470 1265 1547 1313 est
1601 1257 1864 1322 Ecclesia,

213 1362 370 1415 quem
426 1343 837 1416 dispensationi
885 1362 1199 1417 pauperum
1259 1361 1514 1418 curaeque
1567 1349 1861 1419 praeﬁciat.

210 1435 464 1505 Epistola
495 1435 562 1490 ad
596 1434 1000 1504 Theophilum,
1033 1436 1102 1491 de
1135 1435 1359 1491 Joanne
1380 1439 1642 1506 episcopo
1673 1439 1864 1494 Hiero-

213 1524 587 1595 solymitano:
622 1528 758 1592 Aut,
791 1524 952 1595 quasi
992 1525 1264 1595 pontifex,
1313 1529 1524 1581 cunctis
1572 1527 1863 1597 aequaliter

212 1615 451 1682 imperet
479 1631 493 1680 ;
521 1617 638 1680 aut,
667 1613 828 1685 quasi
855 1615 1108 1669 imitator
1155 1614 1419 1686 Apostoli,
1471 1615 1859 1672 universorum

213 1703 377 1758 saluti
403 1719 479 1758 ea:
505 1718 668 1774 aequo
697 1705 920 1758 serviat.
953 1704 1374 1760 Commentario
1397 1705 1454 1760 in
1475 1706 1700 1773 Isaiam,
1734 1723 1858 1776 cap.

213 1809 308 1848 nx:
335 1816 362 1842 ‹‹
397 1797 634 1860 Ponam,
663 1792 870 1863 inquit,
892 1793 1170 1864 principes
1194 1801 1310 1849 tuos
1334 1795 1394 1848 in
1423 1810 1628 1864 pacem,
1662 1803 1715 1850 et
1743 1797 1859 1866 epi-

212 1898 385 1953 scopos
405 1891 529 1938 tuos
551 1882 609 1937 in
633 1881 917 1952 justitiam
941 1881 1018 1943 ’5;
1039 1901 1066 1932 ι
1096 1883 1157 1937 in
1190 1897 1292 1952 quo
1317 1883 1626 1950 Scriptura?
1649 1889 1851 1939 sancte
1881 1911 1930 1978 Β

211 1971 545 2027 admiranda
575 1973 851 2041 majestas,
901 1971 1040 2042 quod
1085 1970 1362 2043 principes
1409 1975 1624 2042 futuros
1675 1973 1854 2028 Eccle-

211 2065 297 2117 siz
323 2065 606 2134 episcopos
635 2063 963 2119 nominavit.
992 2064 1053 2117 In
1099 2064 1363 2133 Catalogo
1388 2063 1731 2134 scriptorum
1764 2080 1862 2119 eoo

212 2151 695 2208 clesiasticorum:
731 2153 1093 2223 Polycarpus,
1143 2154 1383 2208 Joannis
1412 2152 1652 2221 apostoli
1700 2153 1862 2209 disci-

207 2243 382 2313 pulus,
421 2251 476 2297 et
505 2243 574 2297 ab
606 2257 665 2298 eo
698 2243 956 2312 Smyrnae
994 2244 1276 2313 episcopus
1322 2243 1642 2310 ordinatus,
1697 2246 1862 2299 totius

211 2335 348 2388 Asiae
373 2332 635 2403 princeps
664 2331 798 2401 fuit,
823 2332 1246 2388 Commentario
1278 2332 1336 2386 in
1368 2333 1569 2387 Isaiam
1599 2347 1725 2402 cap.
1755 2350 1816 2388 ιιι
1842 2349 1854 2388 :

213 2421 302 2476 Sed
331 2427 378 2477 et
408 2421 483 2476 ad
510 2429 729 2476 nostros
754 2420 1039 2492 principes
1068 2422 1276 2492 referri
1300 2425 1494 2489 potest,
1536 2421 1587 2475 si
1617 2427 1860 2477 atterunt

209 2512 502 2579 subjectum
534 2511 640 2565 sibi
667 2510 896 2577 plebem,
928 2513 980 2564 et
1007 2525 1281 2581 pauperes
1329 2509 1705 2580 delinquentes
1749 2528 1856 2582 pu-

213 2599 336 2656 blice
365 2603 616 2668 arguant
645 2605 809 2670 atque
838 2599 1207 2668 confundant,
1239 2599 1500 2654 divitibus
1529 2606 1704 2655 autem
1736 2617 1854 2655 ma-

199 2688 318 2760 jora
347 2689 704 2757 peccantibus
734 2704 803 2743 ne
847 2695 1047 2743 nutum
1095 2689 1318 2760 quidem
1356 2690 1545 2759 facere
1596 2690 1852 2755 audeant,

209 2788 305 2835 etc.
343 2780 400 2833 Et
440 2796 554 2851 cap
585 2795 598 2834 :
634 2795 704 2836 v:
737 2780 1042 2834 Abutamur
1069 2778 1171 2833 hoc
1199 2781 1516 2845 teszimonio
1563 2781 1854 2835 adversum

203 2871 466 2939 principes
505 2868 788 2934 Ecclesiae,
818 2867 916 2939 qui
957 2867 1022 2923 de
1073 2884 1231 2923 mane
1279 2871 1612 2937 consurgunt
1658 2869 1729 2924 ad
1770 2885 1852 2924 se-

206 2959 445 3012 ctandam
477 2959 741 3024 siceram,
775 2963 825 3012 et
876 2957 1169 3012 bibendum
1215 2974 1385 3030 usque
1432 2958 1502 3013 ad
1548 2974 1850 3029 vesperam,

202 3053 302 3102 etc.
332 3046 763 3102 Commentario
793 3046 852 3100 in
883 3047 1076 3101 Titum
1110 3062 1234 3116 cap.
1269 3063 1324 3102 1:
1361 3047 1476 3102 Non
1524 3049 1677 3102 enim
1721 3048 1852 3117 Apo-

208 3137 362 3191 stolus
393 3137 651 3191 Ecclesiae
678 3136 988 3207 principem
1015 3137 1264 3206 formans
1292 3141 1442 3191 vetat
1468 3151 1578 3192 esse
1601 3135 1850 3207 pugilem

211 3229 251 3278 et
277 3225 731 3296 pancratiasten;
768 3241 892 3296 qua:
925 3233 1116 3295 postea
1145 3225 1388 3296 explicat
1443 3224 1543 3280 lib.
1578 3242 1596 3280 ι
1649 3229 1848 3281 adver-

207 3329 293 3369 sus
317 3315 908 3386 Jovinianum,Neque
936 3317 1084 3371 enim
1113 3316 1355 3386 pugilem
1377 3313 1640 3370 describit
1666 3331 1842 3372 sermo

205 3405 541 3474 apostolicus,
569 3404 665 3460 sed
706 3404 1024 3475 pontiﬁcem
1069 3406 1333 3460 instituit.
1383 3405 1558 3474 Epist.
1587 3405 1658 3458 3:
1694 3405 1845 3460 Pru-

208 3492 486 3566 denterque
516 3496 772 3550 Ennius:
807 3516 835 3543 ‹‹
861 3495 1039 3562 Plebs,
1072 3493 1274 3567 inquit,
1309 3495 1369 3550 in
1402 3494 1500 3549 hoc
1528 3496 1645 3566 regi
1685 3504 1842 3550 ante—

210 3592 302 3638 stat
328 3585 480 3648 loco;
530 3583 662 3639 licet
718 3585 1025 3654 lacrymare
1073 3583 1248 3654 plebi,
1295 3585 1412 3655 regi
1457 3585 1678 3640 honeste
1731 3600 1841 3641 non

208 3670 338 3728 licet.
373 3697 400 3724 »
436 3676 496 3732 Ut
529 3675 680 3742 regi,
713 3675 792 3728 sic
841 3673 1089 3744 episcopo
1113 3689 1134 3734 ,ο
1183 3675 1292 3728 imo
1334 3674 1520 3728 minus
1571 3675 1841 3744 episcopo,

209 3776 363 3832 quam
382 3764 519 3835 regi.
545 3765 681 3829 Quae
705 3777 834 3818 cum
858 3763 1203 3831 Hieronymo
1225 3763 1364 3819 adeo
1389 3762 1502 3818 sint
1521 3762 1842 3832 familiaria,

209 3852 359 3908 etiam
390 3855 489 3908 illa
520 3867 650 3924 quae
680 3853 741 3908 in
790 3851 1077 3922 psalmum
1123 3869 1252 3907 xuv
1291 3852 1395 3908 sub
1433 3853 1560 3922 ejus
1608 3853 1842 3908 nomine

205 3937 424 4010 legimus
449 3941 857 4014 prmtereunda
882 3957 996 3997 non
1017 3940 1324 3998 videntur:
1350 3940 1646 3996 Constituit
1677 3941 1840 3996 Chri-

201 4032 302 4083 stus
348 4039 568 4087 sanctos
628 4045 756 4086 suos
785 4045 949 4101 super
983 4046 1170 4086 omnes
1213 4031 1461 4102 populos.
1509 4032 1574 4087 In
1614 4031 1842 4086 nomine

201 4121 332 4177 enim
362 4124 458 4178 Dei
485 4123 804 4178 dilatatam
835 4125 914 4177 est
944 4121 1313 4192 Evangelium
1339 4125 1400 4176 in
1429 4122 1682 4178 omnibus
1710 4122 1840 4192 ﬁni-

204 4211 289 4264 bus
313 4213 524 4281 mundi,
558 4210 624 4267 in
653 4213 850 4283 quibus
876 4210 1155 4283 principes
1186 4211 1462 4278 Ecclesia,
1493 4211 1550 4267 id
1595 4221 1678 4268 est
1727 4214 1838 4284 epi-

201 4304 333 4372 scopi
358 4304 644 4359 constituti
672 4308 824 4356 sunt.
858 4301 1130 4358 Praeterea
1162 4302 1538 4371 Hieronymus
1591 4301 1836 4357 necessi-

204 4395 355 4446 tatem
390 4393 591 4448 horum
623 4391 907 4462 graduum
939 4390 997 4446 in
1030 4390 1304 4456 Ecclesia,
1336 4397 1390 4446 et
1440 4390 1666 4461 quidem
1715 4391 1838 4460 epi-

202 4484 464 4550 scopatus,
487 4496 607 4536 non
635 4479 826 4534 minus
847 4493 1013 4549 quam
1050 4478 1302 4550 Ignatius
1333 4485 1539 4534 tuetur.
1571 4477 1652 4534 Ita
1681 4479 1834 4534 enim

201 4566 284 4623 ille
311 4569 368 4625 in
417 4570 652 4640 Dialogo
691 4570 960 4625 adversus
1005 4568 1388 4625 Luciferianos
1414 4584 1427 4622 :
1456 4569 1695 4624 Ecclesia
1723 4584 1835 4624 non

1981 630 2244 686 ordinum
2303 633 2728 692 distinctionem
2785 653 2819 691 a
2874 635 3222 706 temporibus
3275 636 3627 707 apostolicis,

1979 719 2180 776 imoab
2212 722 2351 792 ipsis
2390 725 2660 793 apostolis
2693 725 2926 781 arcessit
2968 726 3358 794 Hieronymus.
3408 725 3471 780 In
3506 727 3628 794 ipsa

1980 808 2132 864 enim
2179 812 2248 866 ad
2284 812 2583 883 Evagrium
2614 813 2874 884 epistola,
2905 828 3071 882 quam
3103 813 3406 869 adversarii
3441 822 3624 869 tanto-

1979 913 2113 969 pere
2141 899 2473 970 sollicitant,
2509 902 2628 958 haec
2663 902 2865 958 habet:
2919 903 2980 959 Ut
3017 903 3257 958 sciamus
3304 902 3627 959 traditiones

1977 988 2312 1057 apostolicos
2365 1000 2607 1061 sumptas
2660 991 2726 1047 de
2787 993 2963 1048 Veteri
3049 993 3404 1056 Testamento,
3481 992 3624 1063 quod

1976 1076 2158 1130 Aaron
2191 1086 2240 1132 et
2267 1077 2376 1147 ﬁlii
2430 1082 2546 1151 ejus
2589 1085 2752 1150 atque
2793 1081 2972 1137 levitas
3020 1083 3078 1135 in
3125 1081 3326 1152 templo
3374 1085 3622 1151 luerunt,

1978 1164 2074 1220 hoc
2101 1167 2210 1222 sibi
2237 1168 2493 1241 episcopi,
2521 1170 2830 1241 presbyteri
2873 1177 2926 1226 et
2970 1172 3190 1226 diaconi
3235 1171 3511 1226 vindicent
3564 1174 3625 1228 in

1976 1256 2236 1312 Ecclesia.
2265 1259 2367 1314 Ubi
2399 1261 2580 1328 primo
2608 1269 2803 1333 aperta
2824 1261 3114 1316 distinctio
3135 1261 3399 1318 crdinum
3426 1280 3440 1330 ;
3473 1261 3622 1316 alius

1975 1347 2130 1402 enim
2161 1351 2298 1403 ordo
2327 1351 2588 1413 Aaronis,
2619 1353 2735 1406 sive
2785 1351 2992 1406 summi
3023 1351 3352 1417 sacerdotis,
3395 1350 3490 1420 qui
3524 1366 3625 1420 per

1975 1437 2368 1524 pxcellentiam
2429 1446 2574 1523 vim
2609 1439 2636 1492 ὁ
2668 1438 2864 1512 ἱερεὺς,
2919 1441 3003 1496 vel
3059 1440 3432 1524 etiamtum?!
3471 1447 3617 1524 ῙΠΣΠ

1973 1507 2351 1614 muniam,
2403 1507 2487 1584 vel
2537 1541 2653 1590 sm
2706 1507 2877 1592 nam,
2928 1526 2988 1581 δν
3046 1521 3398 1602 ἀναραϐἀχην
3451 1507 3625 1601 τέρασ-

1972 1612 2318 1688 αγορεύόυσι*
2381 1617 2631 1688 σημαίνει
2719 1613 2776 1670 δὲ
2861 1615 3141 1693 ἀρχιερέα,
3230 1624 3296 1673 ut
3369 1618 3623 1688 loquitur

1970 1705 2292 1775 Josepbus;
2325 1705 2470 1762 alius
2501 1707 2744 1762 tiliorum
2789 1708 3046 1775 Aaronis,
3103 1723 3200 1762 seu
3249 1707 3622 1762 secundario-

1971 1809 2094 1848 rum
2127 1797 2508 1862 sacerdotum,
2551 1793 2644 1854 οὕς
2701 1793 2930 1867 χαναίας
2975 1793 3226 1860 καλοῦσι,
3279 1797 3621 1865 simpliciter

1972 1891 2169 1950 num,
2213 1885 2297 1939 vel
2357 1900 2482 1939 cum
2541 1884 2920 1940 diminutione
2978 1892 3231 1950 mumn
3301 1895 3478 1944 nun:
3525 1901 3617 1940 sa-

1967 1973 2219 2028 cerdotes
2273 1973 2487 2040 idiota,
2545 1974 2631 2029 vel
2690 1971 2826 2026 κατὰ
2887 1969 3093 2044 μὲρος;
3149 1975 3294 2028 alius
3371 1974 3618 2045 denique

1969 2063 2301 2118 levitarum:
2335 2078 2573 2132 quorum
2607 2064 2828 2119 diversa
2858 2062 3050 2118 oiticia
3094 2072 3145 2118 et
3193 2063 3499 2132 dignitates
3557 2062 3619 2119 in

1965 2153 2254 2222 Scriptura
2285 2153 2629 2220 referuntur,
2686 2153 2893 2208 Aaroni
2953 2159 3162 2218 autem,
3223 2168 3322 2208 seu
3393 2167 3618 2209 summo

1966 2241 2243 2298 sacerdoti
2275 2241 2630 2312 episcOpum,
2669 2241 3058 2298 sacerdotibus
3102 2242 3452 2299 secundariis
3483 2258 3616 2314 pre~

1965 2331 2239 2401 sbyteros,
2281 2331 2467 2388 levitis
2525 2331 2902 2388 diaconos'in
2962 2330 3214 2388 Ecclesia
3270 2334 3616 2400 respondere

1962 2423 2159 2477 asserit
2185 2423 2586 2491 Hieronymus.
2647 2421 2933 2490 Secundo,
2969 2421 3136 2491 hujus
3181 2421 3444 2476 ordinum
3496 2420 3618 2475 dis-

1964 2511 2259 2568 tinctionis
2288 2512 2687 2582 antiquitatem
2717 2511 3222 2580 auctoritatemque
3245 2511 3520 2580 depingit,
3545 2527 3614 2565 ex

1961 2599 2275 2670 apostolica
2306 2602 2458 2656 enim
2494 2602 2797 2656 traditione
2847 2608 3032 2655 natam
3087 2601 3155 2654 rd
3209 2614 3308 2654 sua
3358 2605 3615 2669 tempora

1960 2690 2267 2745 derivatam
2313 2693 2495 2745 docet.
2548 2690 2878 2745 Blondellus
2928 2689 2985 2744 in
3032 2688 3302 2758 Apologia
3353 2690 3421 2743 ad
3495 2690 3616 2744 haec

1959 2777 2178 2834 nullam
2238 2779 2694 2834 observationem
2750 2778 3004 2843 adhibet,
3062 2777 3499 2834 elucidatiouem
3552 2779 3613 2834 in

1959 2877 2118 2924 sexta
2148 2867 2302 2922 illius
2331 2869 2517 2938 operis
2547 2868 2794 2924 sectione
2827 2867 3124 2937 promittit,
3156 2881 3285 2921 cum
3335 2875 3446 2922 tres
3497 2876 3612 2922 tan-

1959 2965 2076 3012 tum
2113 2957 2392 3014 sectiones
2421 2957 2675 3013 ediderit.
2713 2957 2821 3012 Sed
2851 2956 2988 3027 quid
3015 2959 3081 3010 ad
3119 2955 3238 3010 haec
3271 2957 3614 3026 respondere

1959 3049 2220 3118 potuerit,
2264 3048 2399 3102 satis
2449 3046 2786 3117 perspicitur
2829 3061 2896 3102 ex
2937 3047 3029 3114 iis,
3071 3061 3192 3115 quae
3234 3046 3290 3099 in
3341 3045 3614 3113 Protege-

1957 3136 2142 3191 menis
2171 3137 2239 3192 ad
2270 3137 2806 3192 Pseudo-lsidornm
2840 3135 3088 3204 scripsit,
3113 3135 3320 3190 misera
3349 3138 3406 3189 et
3462 3135 3607 3191 inie-

1963 3227 2091 3281 licia
2115 3233 2166 3282 et
2196 3226 2426 3282 homine
2458 3225 2541 3282 vel
2573 3227 2740 3282 docto
2770 3224 2856 3279 vel
2890 3224 3064 3294 probo
3096 3239 3328 3296 prorsus
3353 3223 3609 3293 indigna.

1962 3313 2057 3368 Sic
2084 3314 2238 3370 enim
2277 3313 2618 3368 Turrianum
2667 3313 3046 3382 disputantem
3097 3311 3338 3366 inducit.
3387 3311 3449 3366 Si
3498 3311 3616 3382 fuit

1961 3406 2276 3477 diﬁcrentia
2309 3406 2456 3462 inter
2483 3406 2714 3461 Aaronis
2746 3406 2889 3476 ﬁlios
2919 3410 2971 3460 et
3000 3405 3207 3473 levitas,
3257 3413 3384 3460 sunt
3431 3407 3611 3460 autem

1959 3497 2097 3553 tales
2123 3497 2362 3568 episcOpi
2417 3504 2468 3552 et
2508 3496 2842 3567 presbyteri,
2891 3495 3005 3562 fuit
3051 3509 3268 3565 semper
3327 3493 3609 3552 distinctio

1958 3601 2168 3644 eorum.
2201 3587 2362 3658 Atqui
2407 3601 2597 3640 verum
2645 3587 2820 3655 prius,
2872 3588 2997 3639 teste
3051 3583 3275 3640 Hieron.
3330 3587 3489 3655 epist.
3540 3583 3612 3639 ad

1955 3677 2274 3746 Evagrium.
2299 3677 2437 3730 Tum
2463 3690 2593 3730 vero
2615 3673 3045 3744 reSponsionem
3079 3688 3239 3729 suam
3275 3673 3567 3744 subjungit
3594 3689 3608 3729 :

1955 3765 2122 3836 Atqui
2150 3780 2260 3819 non
2289 3769 2419 3819 sunt
2449 3765 2584 3818 tales
2611 3761 2851 3832 episcopi
2879 3765 2931 3816 et
2972 3763 3277 3834 presbyteri
3303 3780 3324 3825 ;
3351 3763 3443 3818 sed
3487 3765 3610 3834 epi-

1953 3854 2109 3924 scopi
2155 3853 2240 3924 (in
2295 3852 2494 3924 quibus
2542 3853 2892 3923 Hieronymo,
2945 3852 3055 3906 imo
3103 3852 3344 3922 apostolo
3389 3855 3611 3907 auctore

1949 3941 2264 4014 presbyteri
2292 3942 2665 4011 continentur)
2693 3947 2746 3996 et
2775 3939 3016 3996 diaconi.
3053 3943 3203 4009 Ergo
3232 3939 3458 4007 fallitur
3483 3942 3609 3995 Tur-

1950 4047 2174 4087 rianus.
2203 4031 2437 4087 Duabus
2472 4029 2728 4101 partibus
2764 4029 2882 4084 haec
2915 4030 3208 4098 responsio
3231 4036 3468 4098 constat,
3501 4045 3607 4085 ne-

1951 4121 2133 4192 gativa
2172 4137 2304 4188 una,
2338 4119 2673 4176 aitirmativa
2717 4119 2912 4174 altera.
2958 4117 3220 4188 Episcopi
3277 4125 3330 4171 et
3377 4116 3606 4188 presby-

1951 4210 2054 4266 teri
2087 4224 2203 4265 non
2234 4215 2364 4265 sunt
2412 4207 2653 4264 Aaronis
2710 4206 2812 4262 lilii
2853 4213 2907 4263 et
2957 4205 3138 4262 levita:
3171 4223 3189 4259 :
3239 4205 3359 4261 haec
3398 4205 3599 4275 prima.

1949 4299 2214 4369 Episcopi
2245 4305 2297 4353 et
2327 4297 2551 4354 diaconi
2582 4303 2712 4352 sunt
2745 4295 2978 4351 Aaronis
3007 4294 3110 4349 filii
3142 4300 3195 4351 et
3239 4293 3442 4360 levitas,
3479 4292 3598 4348 haec

1949 4389 2216 4444 secunda.
2248 4387 2354 4443 Sed
2400 4386 2532 4457 quid
2586 4385 2727 4451 haec,
2777 4383 3004 4452 amabo,
3063 4385 3131 4440 ad
3180 4383 3349 4441 verba
3403 4381 3596 4438 Hiero-

1948 4477 2106 4546 nymi
2135 4476 2163 4530 ?
2195 4480 2282 4531 An
2315 4475 2636 4530 Turrianus
2665 4475 2803 4530 adeo
2833 4472 3121 4541 insanivit,
3156 4480 3214 4528 ut
3235 4473 3447 4529 diceret
3471 4472 3597 4544 epi-

1948 4583 2148 4638 scapos
2195 4572 2250 4622 et
2305 4565 2663 4638 presbyteros
2723 4565 2860 4622 tales
2917 4581 3060 4632 esse,
3119 4564 3311 4636 quales
3365 4565 3599 4620 fuerunt

201 4665 284 4721 est,
310 4673 424 4730 que
453 4675 567 4715 non
597 4658 760 4713 habet
797 4657 1121 4714 sacerdotes.
1160 4659 1314 4723 Quos
1352 4663 1541 4713 autem
1597 4656 1833 4713 voluerit
1864 4651 1911 4716 D
1943 4655 2180 4712 Aaronis
2209 4655 2313 4711 filii
2343 4659 2400 4711 et
2429 4655 2610 4711 levitas
2638 4655 2666 4708 τ
2707 4654 2942 4710 minime
2970 4670 3120 4709 vero.
3158 4653 3260 4708 Ille
3293 4653 3591 4709 nobiscum

203 4750 518 4814 sacerdotes,
551 4750 677 4818 ipse
708 4747 843 4802 satis
872 4747 1108 4813 indicat,
1159 4748 1228 4801 de
1290 4746 1502 4802 Hilario
1542 4746 1784 4814 loquens
1817 4763 1831 4803 :

204 4833 464 4908 Episcopos
493 4844 551 4894 et
579 4839 937 4907 presbyteros
975 4851 1084 4892 non
1133 4836 1404 4898 habente;
1452 4836 1720 4907 idemque
1766 4851 1834 4892 ex

204 4925 366 4980 verbis
397 4925 768 4998 sequentibus
795 4933 1046 4996 apparet.
1079 4925 1204 4996 Sed,
1247 4927 1468 4981 omissis
1510 4925 1700 4997 paucis
1746 4926 1835 4982 ho-

206 5011 442 5082 minibus,
474 5019 571 5087 qui
600 5016 710 5086 ipsi
737 5014 847 5069 sibi
872 5023 924 5070 et
969 5016 1106 5070 laici
1151 5023 1277 5070 sunt
1326 5019 1378 5070 et
1423 5017 1681 5087 episcopi,
1731 5032 1830 5070 au-

205 5103 359 5158 sculta
380 5105 509 5176 quid
528 5105 594 5161 de
617 5105 772 5159 omni
800 5103 1036 5160 Ecclesia
1071 5103 1413 5160 sentiendum
1437 5107 1528 5160 sit.
1563 5105 1717 5171 Quod
1763 5121 1830 5160 ex

205 5191 378 5247 eodem
403 5194 547 5250 libro
569 5193 854 5263 imprimis
909 5193 1355 5264 comprobatur:
1402 5194 1652 5248 Ecclesiae
1679 5193 1831 5248 salus

205 5275 252 5331 in
289 5285 483 5340 summi
533 5281 838 5339 sacerdotis
875 5282 1147 5354 dignitate
1201 5283 1444 5355 pendet;
1487 5285 1578 5338 cui
1624 5283 1675 5338 si
1721 5299 1830 5340 non

204 5380 368 5424 exsors
393 5372 665 5442 quadam,
689 5375 740 5427 et
770 5371 838 5427 ab
863 5371 1176 5428 hominibus
1212 5374 1461 5428 eminens
1491 5373 1651 5428 detur
1676 5377 1828 5445 pote-

203 5463 328 5525 stas,
355 5465 422 5516 tot
449 5462 504 5518 in
536 5462 776 5518 Ecclesia
822 5464 1132 5535 e/ﬁcientur
1177 5461 1506 5531 schismata,
1556 5467 1685 5534 quot
1731 5479 1825 5520 sae

205 5548 433 5608 cerdotes.
463 5551 602 5616 Quin
628 5568 766 5623 pura
794 5559 930 5622 puta
955 5559 1086 5610 sunt
1110 5552 1426 5624 Ignatiana,
1469 5559 1525 5609 et
1561 5553 1632 5608 ab
1679 5553 1826 5610 Aerii

272 5726 313 5762 "
339 5727 439 5791 Isa.
469 5747 560 5805 ιι,
595 5730 681 5786 17.

1945 4746 2027 4801 sic
2057 4744 2384 4817 disputavit,
2407 4760 2508 4814 pro
2535 4742 2802 4814 Epistolis
2840 4742 3216 4799 decretalibus
3236 4741 3336 4798 lib.
3361 4759 3395 4800 v
3420 4758 3432 4797 :
3469 4743 3594 4796 Hie-

1944 4850 2207 4906 ronymus
2237 4836 2295 4890 in
2328 4834 2573 4904 Epistola
2591 4832 2662 4888 ad
2693 4833 2992 4900 Evagrium
3021 4831 3101 4885 ita
3129 4831 3362 4887 scribit:
3397 4830 3596 4898 «Quod

1940 4925 2123 4980 Aaron
2153 4928 2206 4979 et
2236 4923 2345 4992 ﬁlii
2371 4923 2513 4991 eius,
2555 4925 2721 4992 atque
2765 4921 2944 4977 levitas
2985 4921 3042 4975 in
3090 4921 3290 4991 templo
3339 4922 3592 4990 fuerunt,

1942 5014 2040 5069 hoc
2063 5014 2173 5068 sibi
2210 5012 2471 5084 episcopi,
2521 5009 2830 5082 presbyteri
2872 5013 2924 5064 et
2974 5008 3195 5064 diaconi
3249 5012 3310 5063 in
3351 5008 3591 5063 Ecclesia

1940 5103 2243 5159 vindicent.
2273 5125 2302 5153 α
2327 5103 2461 5170 Quis
2474 5101 2816 5156 autemdicat
2833 5116 2945 5156 non
2963 5101 3142 5172 fuisse
3168 5101 3229 5154 in
3251 5099 3448 5171 templo
3476 5099 3589 5169 dif-

1938 5193 2237 5263 ferentiam
2267 5192 2414 5245 inter
2448 5204 2728 5244 summum
2762 5191 3094 5245 sacerdotem
3123 5188 3333 5255 Aaron,
3362 5195 3416 5243 et
3443 5188 3593 5257 ﬁlios

1939 5282 2056 5351 eius
2097 5281 2340 5335 minores
2379 5277 2675 5333 sacerdotes
2699 5280 2724 5329 .9
2773 5277 2923 5344 Quod
2959 5279 3011 5333 si
3042 5278 3152 5345 fuit
3197 5293 3427 5347 semper,
3480 5279 3592 5348 fuit

1937 5372 2119 5440 igitur
2147 5385 2382 5440 semper,
2412 5376 2640 5424 auctore
2667 5370 3021 5440 Hieronymo,
3060 5369 3375 5440 diﬂerentia
3404 5370 3464 5423 in
3497 5369 3594 5423 Ec-

1935 5463 2102 5518 clesia
2129 5461 2280 5516 inter
2309 5460 2591 5531 episcopos
2617 5461 2671 5514 et
2719 5458 3076 5530 presbyteros.
3109 5461 3244 5513 Hec
3273 5465 3405 5514 sunt
3443 5457 3585 5515 Tur-

1935 5551 2083 5608 riani
2114 5549 2309 5618 verba,
2341 5565 2463 5621 quas
2492 5549 2699 5606 misere
2727 5547 2959 5603 detorsit
3002 5546 3348 5615 Btondellus,
3382 5555 3441 5604 ut
3471 5547 3587 5605 illis
