  <div class='ocr_page' id='page_1' title='image "/cluster/home/n/w/nwhite01/storage/ocr_20150623/5/pst.000005711819/135.png"; bbox 0 0 3974 6296; ppageno 0'>
   <div class='ocr_carea' id='block_1_1' title="bbox 337 369 453 428">
    <p class='ocr_par' dir='ltr' id='par_1_1' title="bbox 337 369 453 428">
     <span class='ocr_line' id='line_1_1' title="bbox 337 369 453 428; baseline 0.009 -1"><span class='ocrx_word' id='word_1_1' title='bbox 337 369 453 428; x_wconf 73' lang='grc'><strong>255</strong></span> 
     </span>
    </p>
   </div>
   <div class='ocr_carea' id='block_1_2' title="bbox 1376 375 2682 440">
    <p class='ocr_par' dir='ltr' id='par_1_2' title="bbox 1376 375 2682 440">
     <span class='ocr_line' id='line_1_2' title="bbox 1376 375 2682 440; baseline 0.005 -6"><span class='ocrx_word' id='word_1_2' title='bbox 1376 376 1439 435; x_wconf 84' lang='lat' dir='ltr'><strong>S.</strong></span> <span class='ocrx_word' id='word_1_3' title='bbox 1483 375 1892 440; x_wconf 81' lang='lat' dir='ltr'><strong>IGNATIUS.</strong></span> <span class='ocrx_word' id='word_1_4' title='bbox 1940 408 2016 421; x_wconf 90' lang='lat'>—</span> <span class='ocrx_word' id='word_1_5' title='bbox 2058 376 2682 440; x_wconf 83' lang='lat' dir='ltr'><strong>PROLEGOMENA.</strong></span> 
     </span>
    </p>
   </div>
   <div class='ocr_carea' id='block_1_3' title="bbox 3625 387 3753 448">
    <p class='ocr_par' dir='ltr' id='par_1_3' title="bbox 3625 387 3753 448">
     <span class='ocr_line' id='line_1_3' title="bbox 3625 387 3753 448; baseline -0.016 0"><span class='ocrx_word' id='word_1_6' title='bbox 3625 387 3753 448; x_wconf 70' lang='lat'><strong>250</strong></span> 
     </span>
    </p>
   </div>
   <div class='ocr_carea' id='block_1_4' title="bbox 339 507 1976 595">
    <p class='ocr_par' dir='ltr' id='par_1_4' title="bbox 339 517 1976 595">
     <span class='ocr_line' id='line_1_4' title="bbox 339 517 1976 595; baseline 0.006 -23"><span class='ocrx_word' id='word_1_7' title='bbox 339 517 765 588; x_wconf 75' lang='lat' dir='ltr'><strong>responsionem</strong></span> <span class='ocrx_word' id='word_1_8' title='bbox 817 519 1014 576; x_wconf 88' lang='lat' dir='ltr'><strong>saltem</strong></span> <span class='ocrx_word' id='word_1_9' title='bbox 1057 520 1304 592; x_wconf 82' lang='lat' dir='ltr'><strong>aliquam</strong></span> <span class='ocrx_word' id='word_1_10' title='bbox 1356 539 1631 595; x_wconf 80' lang='lat' dir='ltr'><strong>reponere</strong></span> <span class='ocrx_word' id='word_1_11' title='bbox 1677 525 1976 582; x_wconf 79' lang='lat' dir='ltr'><strong>videretur.</strong></span> 
     </span>
    </p>
   </div>
   <div class='ocr_carea' id='block_1_5' title="bbox 2100 507 3757 595">
    <p class='ocr_par' dir='ltr' id='par_1_5' title="bbox 2100 507 3757 587">
     <span class='ocr_line' id='line_1_5' title="bbox 2100 507 3757 587; baseline 0.006 -24"><span class='ocrx_word' id='word_1_12' title='bbox 2100 507 2222 579; x_wconf 88' lang='lat' dir='ltr'><strong>lito,</strong></span> <span class='ocrx_word' id='word_1_13' title='bbox 2255 509 2445 578; x_wconf 87' lang='lat' dir='ltr'><strong>Caius,</strong></span> <span class='ocrx_word' id='word_1_14' title='bbox 2481 510 2780 584; x_wconf 74' lang='lat' dir='ltr'><strong>Dionysius</strong></span> <span class='ocrx_word' id='word_1_15' title='bbox 2806 511 3156 582; x_wconf 79' lang='lat' dir='ltr'><strong>Corinthius,</strong></span> <span class='ocrx_word' id='word_1_16' title='bbox 3186 515 3486 587; x_wconf 76' lang='lat' dir='ltr'><strong>Dionysius</strong></span> <span class='ocrx_word' id='word_1_17' title='bbox 3508 516 3757 574; x_wconf 86' lang='lat' dir='ltr'><strong>Alexan-</strong></span> 
     </span>
    </p>
   </div>
   <div class='ocr_carea' id='block_1_6' title="bbox 340 607 1985 680">
    <p class='ocr_par' dir='ltr' id='par_1_6' title="bbox 340 607 1985 680">
     <span class='ocr_line' id='line_1_6' title="bbox 340 607 1985 680; baseline 0.005 -19"><span class='ocrx_word' id='word_1_18' title='bbox 340 607 601 678; x_wconf 87' lang='lat' dir='ltr'><strong>Dispntat</strong></span> <span class='ocrx_word' id='word_1_19' title='bbox 620 608 928 665; x_wconf 90' lang='lat' dir='ltr'><strong>Turrianns</strong></span> <span class='ocrx_word' id='word_1_20' title='bbox 951 611 1020 665; x_wconf 90' lang='lat' dir='ltr'><strong>de</strong></span> <span class='ocrx_word' id='word_1_21' title='bbox 1038 611 1260 668; x_wconf 85' lang='lat' dir='ltr'><strong>Aarone</strong></span> <span class='ocrx_word' id='word_1_22' title='bbox 1284 629 1381 670; x_wconf 90' lang='lat' dir='ltr'><strong>seu</strong></span> <span class='ocrx_word' id='word_1_23' title='bbox 1419 629 1646 672; x_wconf 88' lang='lat' dir='ltr'><strong>summo</strong></span> <span class='ocrx_word' id='word_1_24' title='bbox 1677 617 1985 680; x_wconf 88' lang='lat' dir='ltr'><strong>sacerdote,</strong></span> 
     </span>
    </p>
   </div>
   <div class='ocr_carea' id='block_1_7' title="bbox 338 695 1990 773">
    <p class='ocr_par' dir='ltr' id='par_1_7' title="bbox 338 695 1990 773">
     <span class='ocr_line' id='line_1_7' title="bbox 338 695 1990 773; baseline 0.004 -21"><span class='ocrx_word' id='word_1_25' title='bbox 338 704 390 752; x_wconf 88' lang='lat' dir='ltr'><strong>et</strong></span> <span class='ocrx_word' id='word_1_26' title='bbox 416 695 546 750; x_wconf 88' lang='lat' dir='ltr'><strong>liliis</strong></span> <span class='ocrx_word' id='word_1_27' title='bbox 595 698 719 767; x_wconf 90' lang='lat' dir='ltr'><strong>ejus</strong></span> <span class='ocrx_word' id='word_1_28' title='bbox 771 713 870 753; x_wconf 85' lang='lat' dir='ltr'><strong>seu</strong></span> <span class='ocrx_word' id='word_1_29' title='bbox 926 699 1246 755; x_wconf 83' lang='lat' dir='ltr'><strong>minoribus</strong></span> <span class='ocrx_word' id='word_1_30' title='bbox 1302 703 1735 773; x_wconf 79' lang='lat' dir='ltr'><strong>sacerdotibus;</strong></span> <span class='ocrx_word' id='word_1_31' title='bbox 1795 719 1990 760; x_wconf 90' lang='lat' dir='ltr'><strong>eorum</strong></span> 
     </span>
    </p>
   </div>
   <div class='ocr_carea' id='block_1_8' title="bbox 341 785 1987 862">
    <p class='ocr_par' dir='ltr' id='par_1_8' title="bbox 341 785 1987 862">
     <span class='ocr_line' id='line_1_8' title="bbox 341 785 1987 862; baseline 0.004 -22"><span class='ocrx_word' id='word_1_32' title='bbox 341 786 466 841; x_wconf 92' lang='lat' dir='ltr'><strong>loco</strong></span> <span class='ocrx_word' id='word_1_33' title='bbox 497 785 790 842; x_wconf 90' lang='lat' dir='ltr'><strong>substituit</strong></span> <span class='ocrx_word' id='word_1_34' title='bbox 822 787 1173 856; x_wconf 90' lang='lat' dir='ltr'><strong>Blondellus,</strong></span> <span class='ocrx_word' id='word_1_35' title='bbox 1207 791 1267 846; x_wconf 89' lang='lat' dir='ltr'><strong>in</strong></span> <span class='ocrx_word' id='word_1_36' title='bbox 1317 797 1653 862; x_wconf 89' lang='lat' dir='ltr'><strong>argumento</strong></span> <span class='ocrx_word' id='word_1_37' title='bbox 1700 793 1987 858; x_wconf 86' lang='lat' dir='ltr'><strong>Turriani,</strong></span> 
     </span>
    </p>
   </div>
   <div class='ocr_carea' id='block_1_9' title="bbox 343 874 1990 953">
    <p class='ocr_par' dir='ltr' id='par_1_9' title="bbox 343 874 1990 953">
     <span class='ocr_line' id='line_1_9' title="bbox 343 874 1990 953; baseline 0.006 -25"><span class='ocrx_word' id='word_1_38' title='bbox 343 875 576 930; x_wconf 83' lang='lat' dir='ltr'><strong>Aaronis</strong></span> <span class='ocrx_word' id='word_1_39' title='bbox 608 874 758 930; x_wconf 86' lang='lat' dir='ltr'><strong>ﬁlios</strong></span> <span class='ocrx_word' id='word_1_40' title='bbox 790 883 842 932; x_wconf 88' lang='lat' dir='ltr'><strong>et</strong></span> <span class='ocrx_word' id='word_1_41' title='bbox 892 876 1128 948; x_wconf 86' lang='lat' dir='ltr'><strong>levitas;</strong></span> <span class='ocrx_word' id='word_1_42' title='bbox 1181 895 1248 936; x_wconf 91' lang='lat' dir='ltr'><strong>ac</strong></span> <span class='ocrx_word' id='word_1_43' title='bbox 1301 884 1442 938; x_wconf 87' lang='lat' dir='ltr'><strong>tunc</strong></span> <span class='ocrx_word' id='word_1_44' title='bbox 1497 884 1819 953; x_wconf 84' lang='lat' dir='ltr'><strong>respondet,</strong></span> <span class='ocrx_word' id='word_1_45' title='bbox 1875 897 1990 938; x_wconf 89' lang='lat' dir='ltr'><strong>non</strong></span> 
     </span>
    </p>
   </div>
   <div class='ocr_carea' id='block_1_10' title="bbox 341 964 1990 1042">
    <p class='ocr_par' dir='ltr' id='par_1_10' title="bbox 341 964 1990 1042">
     <span class='ocr_line' id='line_1_10' title="bbox 341 964 1990 1042; baseline 0.005 -24"><span class='ocrx_word' id='word_1_46' title='bbox 341 979 465 1019; x_wconf 89' lang='lat' dir='ltr'><strong>esse</strong></span> <span class='ocrx_word' id='word_1_47' title='bbox 537 964 672 1020; x_wconf 90' lang='lat' dir='ltr'><strong>tales</strong></span> <span class='ocrx_word' id='word_1_48' title='bbox 721 966 1016 1036; x_wconf 86' lang='lat' dir='ltr'><strong>episcopos</strong></span> <span class='ocrx_word' id='word_1_49' title='bbox 1073 976 1126 1022; x_wconf 89' lang='lat' dir='ltr'><strong>et</strong></span> <span class='ocrx_word' id='word_1_50' title='bbox 1170 969 1571 1040; x_wconf 84' lang='lat' dir='ltr'><strong>presbyteros;</strong></span> <span class='ocrx_word' id='word_1_51' title='bbox 1625 973 1770 1042; x_wconf 92' lang='lat' dir='ltr'><strong>quod</strong></span> <span class='ocrx_word' id='word_1_52' title='bbox 1821 986 1990 1028; x_wconf 89' lang='lat' dir='ltr'><strong>nemo</strong></span> 
     </span>
    </p>
   </div>
   <div class='ocr_carea' id='block_1_11' title="bbox 341 1054 1989 1130">
    <p class='ocr_par' dir='ltr' id='par_1_11' title="bbox 341 1054 1989 1130">
     <span class='ocr_line' id='line_1_11' title="bbox 341 1054 1989 1130; baseline 0.005 -23"><span class='ocrx_word' id='word_1_53' title='bbox 341 1067 587 1124; x_wconf 89' lang='lat' dir='ltr'><strong>unquam</strong></span> <span class='ocrx_word' id='word_1_54' title='bbox 620 1054 782 1112; x_wconf 80' lang='lat' dir='ltr'><strong>dixit.</strong></span> <span class='ocrx_word' id='word_1_55' title='bbox 815 1060 887 1110; x_wconf 82' lang='lat' dir='ltr'><strong>At</strong></span> <span class='ocrx_word' id='word_1_56' title='bbox 916 1073 1020 1112; x_wconf 91' lang='lat' dir='ltr'><strong>nos</strong></span> <span class='ocrx_word' id='word_1_57' title='bbox 1051 1057 1310 1127; x_wconf 85' lang='lat' dir='ltr'><strong>dicimus,</strong></span> <span class='ocrx_word' id='word_1_58' title='bbox 1357 1063 1670 1116; x_wconf 90' lang='lat' dir='ltr'><strong>secundum</strong></span> <span class='ocrx_word' id='word_1_59' title='bbox 1718 1062 1989 1130; x_wconf 85' lang='lat' dir='ltr'><strong>Hierony-</strong></span> 
     </span>
    </p>
   </div>
   <div class='ocr_carea' id='block_1_12' title="bbox 343 1144 1991 1221">
    <p class='ocr_par' dir='ltr' id='par_1_12' title="bbox 343 1144 1991 1221">
     <span class='ocr_line' id='line_1_12' title="bbox 343 1144 1991 1221; baseline 0.005 -24"><span class='ocrx_word' id='word_1_60' title='bbox 343 1158 522 1209; x_wconf 90' lang='lat' dir='ltr'><strong>mum,</strong></span> <span class='ocrx_word' id='word_1_61' title='bbox 581 1144 911 1216; x_wconf 84' lang='lat' dir='ltr'><strong>episcOpnm</strong></span> <span class='ocrx_word' id='word_1_62' title='bbox 964 1150 1306 1218; x_wconf 87' lang='lat' dir='ltr'><strong>respondere</strong></span> <span class='ocrx_word' id='word_1_63' title='bbox 1351 1151 1583 1217; x_wconf 82' lang='lat' dir='ltr'><strong>Aaroni,</strong></span> <span class='ocrx_word' id='word_1_64' title='bbox 1635 1150 1991 1221; x_wconf 76' lang='lat' dir='ltr'><strong>presbyteros</strong></span> 
     </span>
    </p>
   </div>
   <div class='ocr_carea' id='block_1_13' title="bbox 338 1232 1991 1311">
    <p class='ocr_par' dir='ltr' id='par_1_13' title="bbox 338 1232 1991 1311">
     <span class='ocr_line' id='line_1_13' title="bbox 338 1232 1991 1311; baseline 0.005 -25"><span class='ocrx_word' id='word_1_65' title='bbox 338 1232 578 1288; x_wconf 88' lang='lat' dir='ltr'><strong>Aaronis</strong></span> <span class='ocrx_word' id='word_1_66' title='bbox 608 1234 740 1290; x_wconf 87' lang='lat' dir='ltr'><strong>ﬁliis</strong></span> <span class='ocrx_word' id='word_1_67' title='bbox 792 1237 1062 1293; x_wconf 81' lang='lat' dir='ltr'><strong>diaconos</strong></span> <span class='ocrx_word' id='word_1_68' title='bbox 1124 1238 1327 1298; x_wconf 89' lang='lat' dir='ltr'><strong>levitis.</strong></span> <span class='ocrx_word' id='word_1_69' title='bbox 1389 1241 1450 1295; x_wconf 88' lang='lat' dir='ltr'><strong>Et</strong></span> <span class='ocrx_word' id='word_1_70' title='bbox 1507 1256 1634 1296; x_wconf 92' lang='lat' dir='ltr'><strong>cum</strong></span> <span class='ocrx_word' id='word_1_71' title='bbox 1693 1240 1991 1311; x_wconf 89' lang='lat' dir='ltr'><strong>episc0pns</strong></span> 
     </span>
    </p>
   </div>
   <div class='ocr_carea' id='block_1_14' title="bbox 342 1320 1988 1400">
    <p class='ocr_par' dir='ltr' id='par_1_14' title="bbox 342 1320 1988 1400">
     <span class='ocr_line' id='line_1_14' title="bbox 342 1320 1988 1400; baseline 0.006 -25"><span class='ocrx_word' id='word_1_72' title='bbox 342 1320 627 1378; x_wconf 87' lang='lat' dir='ltr'><strong>vindicare</strong></span> <span class='ocrx_word' id='word_1_73' title='bbox 655 1323 928 1380; x_wconf 87' lang='lat' dir='ltr'><strong>debeatin</strong></span> <span class='ocrx_word' id='word_1_74' title='bbox 963 1326 1215 1383; x_wconf 81' lang='lat' dir='ltr'><strong>Ecclesia</strong></span> <span class='ocrx_word' id='word_1_75' title='bbox 1246 1329 1301 1383; x_wconf 88' lang='lat' dir='ltr'><strong>id</strong></span> <span class='ocrx_word' id='word_1_76' title='bbox 1349 1330 1493 1400; x_wconf 86' lang='lat' dir='ltr'><strong>quod</strong></span> <span class='ocrx_word' id='word_1_77' title='bbox 1543 1336 1730 1384; x_wconf 82' lang='lat' dir='ltr'><strong>Aaron</strong></span> <span class='ocrx_word' id='word_1_78' title='bbox 1780 1329 1884 1384; x_wconf 85' lang='lat' dir='ltr'><strong>fuit</strong></span> <span class='ocrx_word' id='word_1_79' title='bbox 1929 1329 1988 1385; x_wconf 89' lang='lat' dir='ltr'><strong>in</strong></span> 
     </span>
    </p>
   </div>
   <div class='ocr_carea' id='block_1_15' title="bbox 343 1411 1991 1485">
    <p class='ocr_par' dir='ltr' id='par_1_15' title="bbox 343 1411 1991 1485">
     <span class='ocr_line' id='line_1_15' title="bbox 343 1411 1991 1485; baseline 0.004 -21"><span class='ocrx_word' id='word_1_80' title='bbox 343 1411 574 1481; x_wconf 88' lang='lat' dir='ltr'><strong>templo,</strong></span> <span class='ocrx_word' id='word_1_81' title='bbox 605 1412 1027 1468; x_wconf 87' lang='lat' dir='ltr'><strong>distinctionem</strong></span> <span class='ocrx_word' id='word_1_82' title='bbox 1063 1415 1278 1470; x_wconf 89' lang='lat' dir='ltr'><strong>ordinis</strong></span> <span class='ocrx_word' id='word_1_83' title='bbox 1307 1431 1575 1480; x_wconf 85' lang='lat' dir='ltr'><strong>asserere,</strong></span> <span class='ocrx_word' id='word_1_84' title='bbox 1610 1416 1991 1485; x_wconf 65' lang='lat' dir='ltr'><strong>preeminen-</strong></span> 
     </span>
    </p>
   </div>
   <div class='ocr_carea' id='block_1_16' title="bbox 343 1499 1988 1576">
    <p class='ocr_par' dir='ltr' id='par_1_16' title="bbox 343 1499 1988 1576">
     <span class='ocr_line' id='line_1_16' title="bbox 343 1499 1988 1576; baseline 0.004 -22"><span class='ocrx_word' id='word_1_85' title='bbox 343 1499 477 1554; x_wconf 90' lang='lat' dir='ltr'><strong>tiam</strong></span> <span class='ocrx_word' id='word_1_86' title='bbox 539 1501 830 1570; x_wconf 71' lang='lat' dir='ltr'><strong>dignitatis</strong></span> <span class='ocrx_word' id='word_1_87' title='bbox 889 1517 1200 1570; x_wconf 88' lang='lat' dir='ltr'><strong>assumere,</strong></span> <span class='ocrx_word' id='word_1_88' title='bbox 1252 1503 1661 1576; x_wconf 88' lang='lat' dir='ltr'><strong>subjectionem</strong></span> <span class='ocrx_word' id='word_1_89' title='bbox 1695 1503 1988 1575; x_wconf 86' lang='lat' dir='ltr'><strong>apresby-</strong></span> 
     </span>
    </p>
   </div>
   <div class='ocr_carea' id='block_1_17' title="bbox 343 1589 1989 1661">
    <p class='ocr_par' dir='ltr' id='par_1_17' title="bbox 343 1589 1989 1661">
     <span class='ocr_line' id='line_1_17' title="bbox 343 1589 1989 1661; baseline 0.004 -19"><span class='ocrx_word' id='word_1_90' title='bbox 343 1589 476 1643; x_wconf 90' lang='lat' dir='ltr'><strong>teris</strong></span> <span class='ocrx_word' id='word_1_91' title='bbox 535 1590 820 1658; x_wconf 88' lang='lat' dir='ltr'><strong>postulare</strong></span> <span class='ocrx_word' id='word_1_92' title='bbox 877 1606 943 1646; x_wconf 80' lang='lat' dir='ltr'><strong>ex</strong></span> <span class='ocrx_word' id='word_1_93' title='bbox 999 1592 1306 1661; x_wconf 89' lang='lat' dir='ltr'><strong>apostolica</strong></span> <span class='ocrx_word' id='word_1_94' title='bbox 1377 1593 1682 1650; x_wconf 77' lang='lat' dir='ltr'><strong>traditione</strong></span> <span class='ocrx_word' id='word_1_95' title='bbox 1747 1598 1989 1650; x_wconf 86' lang='lat' dir='ltr'><strong>tenetur.</strong></span> 
     </span>
    </p>
   </div>
   <div class='ocr_carea' id='block_1_18' title="bbox 342 1677 1988 1752">
    <p class='ocr_par' dir='ltr' id='par_1_18' title="bbox 342 1677 1988 1752">
     <span class='ocr_line' id='line_1_18' title="bbox 342 1677 1988 1752; baseline 0.005 -22"><span class='ocrx_word' id='word_1_96' title='bbox 342 1677 496 1732; x_wconf 84' lang='lat' dir='ltr'><strong>Alibi</strong></span> <span class='ocrx_word' id='word_1_97' title='bbox 528 1679 782 1734; x_wconf 86' lang='lat' dir='ltr'><strong>eamdem</strong></span> <span class='ocrx_word' id='word_1_98' title='bbox 815 1681 1295 1750; x_wconf 91' lang='lat' dir='ltr'><strong>comparationem</strong></span> <span class='ocrx_word' id='word_1_99' title='bbox 1323 1681 1566 1736; x_wconf 88' lang='lat' dir='ltr'><strong>instituit</strong></span> <span class='ocrx_word' id='word_1_100' title='bbox 1587 1683 1988 1752; x_wconf 82' lang='lat' dir='ltr'><strong>Hieronymus,</strong></span> 
     </span>
    </p>
   </div>
   <div class='ocr_carea' id='block_1_19' title="bbox 346 1765 1988 1834">
    <p class='ocr_par' dir='ltr' id='par_1_19' title="bbox 346 1765 1988 1834">
     <span class='ocr_line' id='line_1_19' title="bbox 346 1765 1988 1834; baseline 0.005 -16"><span class='ocrx_word' id='word_1_101' title='bbox 346 1765 508 1820; x_wconf 87' lang='lat' dir='ltr'><strong>nulla</strong></span> <span class='ocrx_word' id='word_1_102' title='bbox 568 1766 863 1822; x_wconf 78' lang='lat' dir='ltr'><strong>levitarum</strong></span> <span class='ocrx_word' id='word_1_103' title='bbox 915 1775 1011 1822; x_wconf 88' lang='lat' dir='ltr'><strong>aut</strong></span> <span class='ocrx_word' id='word_1_104' title='bbox 1055 1769 1422 1825; x_wconf 89' lang='lat' dir='ltr'><strong>diaconornm</strong></span> <span class='ocrx_word' id='word_1_105' title='bbox 1485 1769 1630 1826; x_wconf 83' lang='lat' dir='ltr'><strong>facta</strong></span> <span class='ocrx_word' id='word_1_106' title='bbox 1676 1770 1988 1834; x_wconf 89' lang='lat' dir='ltr'><strong>mentione,</strong></span> 
     </span>
    </p>
   </div>
   <div class='ocr_carea' id='block_1_20' title="bbox 343 1853 2065 1945">
    <p class='ocr_par' dir='ltr' id='par_1_20' title="bbox 343 1853 2065 1945">
     <span class='ocr_line' id='line_1_20' title="bbox 343 1853 2065 1945; baseline 0.004 -38"><span class='ocrx_word' id='word_1_107' title='bbox 343 1853 524 1923; x_wconf 83' lang='lat' dir='ltr'><strong>Epist.</strong></span> <span class='ocrx_word' id='word_1_108' title='bbox 559 1856 624 1910; x_wconf 91' lang='lat' dir='ltr'><strong>ad</strong></span> <span class='ocrx_word' id='word_1_109' title='bbox 662 1854 1061 1926; x_wconf 87' lang='lat' dir='ltr'><strong>Nepotianum,</strong></span> <span class='ocrx_word' id='word_1_110' title='bbox 1123 1859 1274 1926; x_wconf 85' lang='lat' dir='ltr'><strong>Quod</strong></span> <span class='ocrx_word' id='word_1_111' title='bbox 1330 1863 1513 1915; x_wconf 83' lang='lat' dir='ltr'><strong>Aaron</strong></span> <span class='ocrx_word' id='word_1_112' title='bbox 1558 1862 1608 1914; x_wconf 86' lang='lat' dir='ltr'><strong>et</strong></span> <span class='ocrx_word' id='word_1_113' title='bbox 1653 1859 1796 1930; x_wconf 84' lang='lat' dir='ltr'><strong>ﬁlios</strong></span> <span class='ocrx_word' id='word_1_114' title='bbox 1843 1859 1984 1930; x_wconf 86' lang='lat' dir='ltr'><strong>ejus,</strong></span> <span class='ocrx_word' id='word_1_115' title='bbox 2016 1877 2065 1945; x_wconf 76' lang='grc' dir='ltr'><strong>Β</strong></span> 
     </span>
    </p>
   </div>
   <div class='ocr_carea' id='block_1_21' title="bbox 342 1942 1990 2018">
    <p class='ocr_par' dir='ltr' id='par_1_21' title="bbox 342 1942 1990 2018">
     <span class='ocr_line' id='line_1_21' title="bbox 342 1942 1990 2018; baseline 0.004 -21"><span class='ocrx_word' id='word_1_116' title='bbox 342 1942 439 1998; x_wconf 85' lang='lat' dir='ltr'><strong>hoc</strong></span> <span class='ocrx_word' id='word_1_117' title='bbox 469 1945 803 2014; x_wconf 79' lang='lat' dir='ltr'><strong>episcopum,</strong></span> <span class='ocrx_word' id='word_1_118' title='bbox 836 1949 889 2001; x_wconf 89' lang='lat' dir='ltr'><strong>et</strong></span> <span class='ocrx_word' id='word_1_119' title='bbox 944 1946 1284 2018; x_wconf 78' lang='lat' dir='ltr'><strong>presbyteros</strong></span> <span class='ocrx_word' id='word_1_120' title='bbox 1331 1963 1446 2003; x_wconf 86' lang='lat' dir='ltr'><strong>esse</strong></span> <span class='ocrx_word' id='word_1_121' title='bbox 1490 1947 1829 2004; x_wconf 77' lang='lat' dir='ltr'><strong>noverimus.</strong></span> <span class='ocrx_word' id='word_1_122' title='bbox 1883 1948 1990 2004; x_wconf 88' lang='lat' dir='ltr'><strong>Ubi</strong></span> 
     </span>
    </p>
   </div>
   <div class='ocr_carea' id='block_1_22' title="bbox 339 2033 1989 2108">
    <p class='ocr_par' dir='ltr' id='par_1_22' title="bbox 339 2033 1989 2108">
     <span class='ocr_line' id='line_1_22' title="bbox 339 2033 1989 2108; baseline 0.002 -19"><span class='ocrx_word' id='word_1_123' title='bbox 339 2033 490 2089; x_wconf 89' lang='lat' dir='ltr'><strong>clare</strong></span> <span class='ocrx_word' id='word_1_124' title='bbox 529 2035 823 2106; x_wconf 81' lang='lat' dir='ltr'><strong>episcOpus</strong></span> <span class='ocrx_word' id='word_1_125' title='bbox 881 2037 1187 2106; x_wconf 84' lang='lat' dir='ltr'><strong>singularis</strong></span> <span class='ocrx_word' id='word_1_126' title='bbox 1241 2053 1465 2093; x_wconf 91' lang='lat' dir='ltr'><strong>summo</strong></span> <span class='ocrx_word' id='word_1_127' title='bbox 1515 2038 1811 2105; x_wconf 85' lang='lat' dir='ltr'><strong>sacerdoti,</strong></span> <span class='ocrx_word' id='word_1_128' title='bbox 1863 2053 1989 2108; x_wconf 90' lang='lat' dir='ltr'><strong>pre-</strong></span> 
     </span>
    </p>
   </div>
   <div class='ocr_carea' id='block_1_23' title="bbox 338 2122 1990 2191">
    <p class='ocr_par' dir='ltr' id='par_1_23' title="bbox 338 2122 1990 2191">
     <span class='ocr_line' id='line_1_23' title="bbox 338 2122 1990 2191; baseline 0.005 -15"><span class='ocrx_word' id='word_1_129' title='bbox 338 2122 551 2191; x_wconf 86' lang='lat' dir='ltr'><strong>sbyteri</strong></span> <span class='ocrx_word' id='word_1_130' title='bbox 611 2124 934 2180; x_wconf 89' lang='lat' dir='ltr'><strong>minoribus</strong></span> <span class='ocrx_word' id='word_1_131' title='bbox 981 2127 1368 2182; x_wconf 87' lang='lat' dir='ltr'><strong>sacerdotibus</strong></span> <span class='ocrx_word' id='word_1_132' title='bbox 1423 2128 1814 2184; x_wconf 83' lang='lat' dir='ltr'><strong>conferuntur.</strong></span> <span class='ocrx_word' id='word_1_133' title='bbox 1872 2129 1990 2184; x_wconf 85' lang='lat' dir='ltr'><strong>Hoc</strong></span> 
     </span>
    </p>
   </div>
   <div class='ocr_carea' id='block_1_24' title="bbox 338 2212 1990 2289">
    <p class='ocr_par' dir='ltr' id='par_1_24' title="bbox 338 2212 1990 2289">
     <span class='ocr_line' id='line_1_24' title="bbox 338 2212 1990 2289; baseline 0.005 -22"><span class='ocrx_word' id='word_1_134' title='bbox 338 2212 684 2285; x_wconf 82' lang='lat' dir='ltr'><strong>Hieronymo</strong></span> <span class='ocrx_word' id='word_1_135' title='bbox 715 2215 973 2272; x_wconf 87' lang='lat' dir='ltr'><strong>solemne</strong></span> <span class='ocrx_word' id='word_1_136' title='bbox 1002 2223 1105 2273; x_wconf 90' lang='lat' dir='ltr'><strong>est.</strong></span> <span class='ocrx_word' id='word_1_137' title='bbox 1131 2222 1214 2273; x_wconf 87' lang='lat' dir='ltr'><strong>Ita</strong></span> <span class='ocrx_word' id='word_1_138' title='bbox 1235 2217 1359 2286; x_wconf 88' lang='lat' dir='ltr'><strong>ipse</strong></span> <span class='ocrx_word' id='word_1_139' title='bbox 1401 2217 1472 2274; x_wconf 91' lang='lat' dir='ltr'><strong>de</strong></span> <span class='ocrx_word' id='word_1_140' title='bbox 1503 2217 1687 2286; x_wconf 85' lang='lat' dir='ltr'><strong>seipse</strong></span> <span class='ocrx_word' id='word_1_141' title='bbox 1711 2219 1828 2289; x_wconf 90' lang='lat' dir='ltr'><strong>jam</strong></span> <span class='ocrx_word' id='word_1_142' title='bbox 1861 2234 1990 2288; x_wconf 82' lang='lat' dir='ltr'><strong>pre-</strong></span> 
     </span>
    </p>
   </div>
   <div class='ocr_carea' id='block_1_25' title="bbox 335 2302 1991 2379">
    <p class='ocr_par' dir='ltr' id='par_1_25' title="bbox 335 2302 1991 2379">
     <span class='ocr_line' id='line_1_25' title="bbox 335 2302 1991 2379; baseline 0.003 -21"><span class='ocrx_word' id='word_1_143' title='bbox 335 2302 562 2372; x_wconf 79' lang='lat' dir='ltr'><strong>sbytero</strong></span> <span class='ocrx_word' id='word_1_144' title='bbox 617 2303 782 2374; x_wconf 87' lang='lat' dir='ltr'><strong>epist.</strong></span> <span class='ocrx_word' id='word_1_145' title='bbox 841 2304 950 2360; x_wconf 86' lang='lat'><strong>99:</strong></span> <span class='ocrx_word' id='word_1_146' title='bbox 1017 2304 1276 2360; x_wconf 80' lang='lat' dir='ltr'><strong>Omnium</strong></span> <span class='ocrx_word' id='word_1_147' title='bbox 1331 2322 1471 2378; x_wconf 87' lang='lat' dir='ltr'><strong>pene</strong></span> <span class='ocrx_word' id='word_1_148' title='bbox 1529 2307 1735 2373; x_wconf 79' lang='lat' dir='ltr'><strong>iudicio</strong></span> <span class='ocrx_word' id='word_1_149' title='bbox 1792 2307 1991 2379; x_wconf 87' lang='lat' dir='ltr'><strong>dignus</strong></span> 
     </span>
    </p>
   </div>
   <div class='ocr_carea' id='block_1_26' title="bbox 334 2393 1985 2467">
    <p class='ocr_par' dir='ltr' id='par_1_26' title="bbox 334 2393 1985 2467">
     <span class='ocr_line' id='line_1_26' title="bbox 334 2393 1985 2467; baseline 0.004 -21"><span class='ocrx_word' id='word_1_150' title='bbox 334 2408 545 2448; x_wconf 86' lang='lat' dir='ltr'><strong>summo</strong></span> <span class='ocrx_word' id='word_1_151' title='bbox 575 2393 885 2449; x_wconf 86' lang='lat' dir='ltr'><strong>sacerdotio</strong></span> <span class='ocrx_word' id='word_1_152' title='bbox 933 2393 1280 2462; x_wconf 85' lang='lat' dir='ltr'><strong>decernebar,</strong></span> <span class='ocrx_word' id='word_1_153' title='bbox 1343 2395 1450 2452; x_wconf 92' lang='lat' dir='ltr'><strong>hoc</strong></span> <span class='ocrx_word' id='word_1_154' title='bbox 1505 2403 1588 2452; x_wconf 90' lang='lat' dir='ltr'><strong>est</strong></span> <span class='ocrx_word' id='word_1_155' title='bbox 1632 2397 1985 2467; x_wconf 84' lang='lat' dir='ltr'><strong>episcopatu.</strong></span> 
     </span>
    </p>
   </div>
   <div class='ocr_carea' id='block_1_27' title="bbox 329 2482 1984 2557">
    <p class='ocr_par' dir='ltr' id='par_1_27' title="bbox 329 2482 1984 2557">
     <span class='ocr_line' id='line_1_27' title="bbox 329 2482 1984 2557; baseline 0.002 -20"><span class='ocrx_word' id='word_1_156' title='bbox 329 2483 508 2551; x_wconf 87' lang='lat' dir='ltr'><strong>Epist.</strong></span> <span class='ocrx_word' id='word_1_157' title='bbox 549 2482 641 2549; x_wconf 82' lang='lat' dir='ltr'><strong>6t,</strong></span> <span class='ocrx_word' id='word_1_158' title='bbox 700 2483 973 2538; x_wconf 84' lang='lat' dir='ltr'><strong>adversus</strong></span> <span class='ocrx_word' id='word_1_159' title='bbox 1029 2483 1310 2540; x_wconf 87' lang='lat' dir='ltr'><strong>Joannem</strong></span> <span class='ocrx_word' id='word_1_160' title='bbox 1362 2484 1984 2557; x_wconf 85' lang='lat' dir='ltr'><strong>Hierosolymitanum:</strong></span> 
     </span>
    </p>
   </div>
   <div class='ocr_carea' id='block_1_28' title="bbox 336 2570 1986 2646">
    <p class='ocr_par' dir='ltr' id='par_1_28' title="bbox 336 2570 1986 2646">
     <span class='ocr_line' id='line_1_28' title="bbox 336 2570 1986 2646; baseline 0.002 -20"><span class='ocrx_word' id='word_1_161' title='bbox 336 2570 456 2626; x_wconf 85' lang='lat' dir='ltr'><strong>Nisi</strong></span> <span class='ocrx_word' id='word_1_162' title='bbox 489 2587 578 2625; x_wconf 88' lang='lat' dir='ltr'><strong>me</strong></span> <span class='ocrx_word' id='word_1_163' title='bbox 607 2570 780 2626; x_wconf 85' lang='lat' dir='ltr'><strong>honor</strong></span> <span class='ocrx_word' id='word_1_164' title='bbox 805 2571 1114 2638; x_wconf 77' lang='lat' dir='ltr'><strong>sacerdotii,</strong></span> <span class='ocrx_word' id='word_1_165' title='bbox 1148 2581 1198 2629; x_wconf 88' lang='lat' dir='ltr'><strong>et</strong></span> <span class='ocrx_word' id='word_1_166' title='bbox 1226 2577 1512 2629; x_wconf 78' lang='lat' dir='ltr'><strong>veneratio</strong></span> <span class='ocrx_word' id='word_1_167' title='bbox 1541 2573 1784 2630; x_wconf 84' lang='lat' dir='ltr'><strong>nominis</strong></span> <span class='ocrx_word' id='word_1_168' title='bbox 1806 2579 1986 2646; x_wconf 79' lang='lat' dir='ltr'><strong>refre-</strong></span> 
     </span>
    </p>
   </div>
   <div class='ocr_carea' id='block_1_29' title="bbox 335 2661 1984 2733">
    <p class='ocr_par' dir='ltr' id='par_1_29' title="bbox 335 2661 1984 2733">
     <span class='ocr_line' id='line_1_29' title="bbox 335 2661 1984 2733; baseline 0.004 -21"><span class='ocrx_word' id='word_1_169' title='bbox 335 2663 518 2729; x_wconf 86' lang='lat' dir='ltr'><strong>naret,</strong></span> <span class='ocrx_word' id='word_1_170' title='bbox 551 2667 605 2715; x_wconf 81' lang='lat' dir='ltr'><strong>et</strong></span> <span class='ocrx_word' id='word_1_171' title='bbox 630 2661 827 2716; x_wconf 79' lang='lat' dir='ltr'><strong>scirem</strong></span> <span class='ocrx_word' id='word_1_172' title='bbox 856 2661 998 2716; x_wconf 87' lang='lat' dir='ltr'><strong>illud</strong></span> <span class='ocrx_word' id='word_1_173' title='bbox 1026 2661 1309 2733; x_wconf 81' lang='lat' dir='ltr'><strong>Apostoli:</strong></span> <span class='ocrx_word' id='word_1_174' title='bbox 1342 2684 1371 2713; x_wconf 88' lang='grc'><strong>‹‹</strong></span> <span class='ocrx_word' id='word_1_175' title='bbox 1403 2661 1737 2731; x_wconf 82' lang='lat' dir='ltr'><strong>Nesciebam,</strong></span> <span class='ocrx_word' id='word_1_176' title='bbox 1759 2664 1984 2733; x_wconf 80' lang='lat' dir='ltr'><strong>fratres,</strong></span> 
     </span>
    </p>
   </div>
   <div class='ocr_carea' id='block_1_30' title="bbox 331 2752 1986 2826">
    <p class='ocr_par' dir='ltr' id='par_1_30' title="bbox 331 2752 1986 2826">
     <span class='ocr_line' id='line_1_30' title="bbox 331 2752 1986 2826; baseline 0.003 -21"><span class='ocrx_word' id='word_1_177' title='bbox 331 2752 473 2822; x_wconf 84' lang='lat' dir='ltr'><strong>quia</strong></span> <span class='ocrx_word' id='word_1_178' title='bbox 502 2752 764 2822; x_wconf 69' lang='lat' dir='ltr'><strong>pontifex</strong></span> <span class='ocrx_word' id='word_1_179' title='bbox 789 2757 910 2815; x_wconf 75' lang='lat' dir='ltr'><strong>est;</strong></span> <span class='ocrx_word' id='word_1_180' title='bbox 939 2755 1211 2820; x_wconf 82' lang='lat' dir='ltr'><strong>scriptum</strong></span> <span class='ocrx_word' id='word_1_181' title='bbox 1241 2761 1321 2810; x_wconf 81' lang='lat' dir='ltr'><strong>est</strong></span> <span class='ocrx_word' id='word_1_182' title='bbox 1369 2757 1556 2809; x_wconf 86' lang='lat' dir='ltr'><strong>enim:</strong></span> <span class='ocrx_word' id='word_1_183' title='bbox 1591 2754 1856 2826; x_wconf 84' lang='lat' dir='ltr'><strong>Principi</strong></span> <span class='ocrx_word' id='word_1_184' title='bbox 1879 2770 1986 2825; x_wconf 81' lang='lat' dir='ltr'><strong>po-</strong></span> 
     </span>
    </p>
   </div>
   <div class='ocr_carea' id='block_1_31' title="bbox 325 2839 1986 2914">
    <p class='ocr_par' dir='ltr' id='par_1_31' title="bbox 325 2839 1986 2914">
     <span class='ocr_line' id='line_1_31' title="bbox 325 2839 1986 2914; baseline 0.002 -20"><span class='ocrx_word' id='word_1_185' title='bbox 325 2841 449 2911; x_wconf 87' lang='lat' dir='ltr'><strong>puli</strong></span> <span class='ocrx_word' id='word_1_186' title='bbox 476 2839 563 2895; x_wconf 89' lang='lat' dir='ltr'><strong>tui</strong></span> <span class='ocrx_word' id='word_1_187' title='bbox 592 2857 701 2896; x_wconf 86' lang='lat' dir='ltr'><strong>non</strong></span> <span class='ocrx_word' id='word_1_188' title='bbox 732 2842 1027 2898; x_wconf 77' lang='lat' dir='ltr'><strong>maledicas</strong></span> <span class='ocrx_word' id='word_1_189' title='bbox 1061 2843 1152 2913; x_wconf 68' lang='grc' dir='ltr'><strong>η’,</strong></span> <span class='ocrx_word' id='word_1_190' title='bbox 1171 2864 1198 2892; x_wconf 89' lang='grc'>››</span> <span class='ocrx_word' id='word_1_191' title='bbox 1220 2858 1330 2914; x_wconf 89' lang='lat' dir='ltr'><strong>qua</strong></span> <span class='ocrx_word' id='word_1_192' title='bbox 1352 2843 1754 2913; x_wconf 83' lang='lat' dir='ltr'><strong>vociferatione</strong></span> <span class='ocrx_word' id='word_1_193' title='bbox 1771 2853 1822 2899; x_wconf 89' lang='lat' dir='ltr'><strong>et</strong></span> <span class='ocrx_word' id='word_1_194' title='bbox 1841 2843 1986 2899; x_wconf 84' lang='lat' dir='ltr'><strong>indi-</strong></span> 
     </span>
    </p>
   </div>
   <div class='ocr_carea' id='block_1_32' title="bbox 326 2929 1984 3004">
    <p class='ocr_par' dir='ltr' id='par_1_32' title="bbox 326 2929 1984 3004">
     <span class='ocr_line' id='line_1_32' title="bbox 326 2929 1984 3004; baseline 0.002 -20"><span class='ocrx_word' id='word_1_195' title='bbox 326 2929 591 3000; x_wconf 84' lang='lat' dir='ltr'><strong>gnatione</strong></span> <span class='ocrx_word' id='word_1_196' title='bbox 618 2932 916 2987; x_wconf 84' lang='lat' dir='ltr'><strong>verborum</strong></span> <span class='ocrx_word' id='word_1_197' title='bbox 958 2932 1022 2988; x_wconf 88' lang='lat' dir='ltr'><strong>de</strong></span> <span class='ocrx_word' id='word_1_198' title='bbox 1071 2941 1164 2987; x_wconf 82' lang='lat' dir='ltr'><strong>tua</strong></span> <span class='ocrx_word' id='word_1_199' title='bbox 1213 2932 1542 2989; x_wconf 83' lang='lat' dir='ltr'><strong>narratione</strong></span> <span class='ocrx_word' id='word_1_200' title='bbox 1587 2937 1984 3004; x_wconf 85' lang='lat' dir='ltr'><strong>conquererer!</strong></span> 
     </span>
    </p>
   </div>
   <div class='ocr_carea' id='block_1_33' title="bbox 336 3019 1979 3093">
    <p class='ocr_par' dir='ltr' id='par_1_33' title="bbox 336 3019 1979 3093">
     <span class='ocr_line' id='line_1_33' title="bbox 336 3019 1979 3093; baseline 0.002 -20"><span class='ocrx_word' id='word_1_201' title='bbox 336 3019 460 3075; x_wconf 86' lang='lat' dir='ltr'><strong>licet</strong></span> <span class='ocrx_word' id='word_1_202' title='bbox 499 3021 613 3090; x_wconf 87' lang='lat' dir='ltr'><strong>ipse</strong></span> <span class='ocrx_word' id='word_1_203' title='bbox 640 3020 881 3077; x_wconf 80' lang='lat' dir='ltr'><strong>nominis</strong></span> <span class='ocrx_word' id='word_1_204' title='bbox 911 3023 996 3078; x_wconf 90' lang='lat' dir='ltr'><strong>tui</strong></span> <span class='ocrx_word' id='word_1_205' title='bbox 1037 3027 1300 3078; x_wconf 75' lang='lat' dir='ltr'><strong>extenuas</strong></span> <span class='ocrx_word' id='word_1_206' title='bbox 1347 3022 1693 3092; x_wconf 82' lang='lat' dir='ltr'><strong>dignitatem,</strong></span> <span class='ocrx_word' id='word_1_207' title='bbox 1724 3039 1852 3079; x_wconf 87' lang='lat' dir='ltr'><strong>cum</strong></span> <span class='ocrx_word' id='word_1_208' title='bbox 1877 3039 1979 3093; x_wconf 86' lang='lat' dir='ltr'><strong>pa-</strong></span> 
     </span>
    </p>
   </div>
   <div class='ocr_carea' id='block_1_34' title="bbox 331 3108 1981 3182">
    <p class='ocr_par' dir='ltr' id='par_1_34' title="bbox 331 3108 1981 3182">
     <span class='ocr_line' id='line_1_34' title="bbox 331 3108 1981 3182; baseline 0.004 -21"><span class='ocrx_word' id='word_1_209' title='bbox 331 3110 469 3163; x_wconf 83' lang='lat' dir='ltr'><strong>trem</strong></span> <span class='ocrx_word' id='word_1_210' title='bbox 500 3125 639 3180; x_wconf 84' lang='lat' dir='ltr'><strong>pene</strong></span> <span class='ocrx_word' id='word_1_211' title='bbox 671 3108 920 3166; x_wconf 88' lang='lat' dir='ltr'><strong>omnium</strong></span> <span class='ocrx_word' id='word_1_212' title='bbox 961 3112 1337 3181; x_wconf 85' lang='lat' dir='ltr'><strong>episcoporum</strong></span> <span class='ocrx_word' id='word_1_213' title='bbox 1364 3115 1416 3166; x_wconf 84' lang='lat' dir='ltr'><strong>et</strong></span> <span class='ocrx_word' id='word_1_214' title='bbox 1446 3126 1604 3182; x_wconf 88' lang='lat' dir='ltr'><strong>opere</strong></span> <span class='ocrx_word' id='word_1_215' title='bbox 1633 3113 1682 3166; x_wconf 86' lang='lat' dir='ltr'><strong>et</strong></span> <span class='ocrx_word' id='word_1_216' title='bbox 1728 3127 1981 3167; x_wconf 76' lang='lat' dir='ltr'><strong>sermone</strong></span> 
     </span>
    </p>
   </div>
   <div class='ocr_carea' id='block_1_35' title="bbox 332 3196 1978 3270">
    <p class='ocr_par' dir='ltr' id='par_1_35' title="bbox 332 3196 1978 3270">
     <span class='ocr_line' id='line_1_35' title="bbox 332 3196 1978 3270; baseline 0.002 -19"><span class='ocrx_word' id='word_1_217' title='bbox 332 3196 624 3267; x_wconf 79' lang='lat' dir='ltr'><strong>despicias.</strong></span> <span class='ocrx_word' id='word_1_218' title='bbox 657 3201 777 3266; x_wconf 87' lang='lat' dir='ltr'><strong>Quo</strong></span> <span class='ocrx_word' id='word_1_219' title='bbox 800 3199 1083 3270; x_wconf 74' lang='lat' dir='ltr'><strong>praecipue</strong></span> <span class='ocrx_word' id='word_1_220' title='bbox 1106 3207 1359 3270; x_wconf 90' lang='lat' dir='ltr'><strong>spectant</strong></span> <span class='ocrx_word' id='word_1_221' title='bbox 1382 3215 1446 3254; x_wconf 92' lang='lat' dir='ltr'><strong>ea</strong></span> <span class='ocrx_word' id='word_1_222' title='bbox 1477 3215 1605 3270; x_wconf 67' lang='lat' dir='ltr'><strong>qua:</strong></span> <span class='ocrx_word' id='word_1_223' title='bbox 1643 3209 1774 3255; x_wconf 88' lang='lat' dir='ltr'><strong>ante</strong></span> <span class='ocrx_word' id='word_1_224' title='bbox 1801 3202 1978 3255; x_wconf 86' lang='lat' dir='ltr'><strong>addu-</strong></span> 
     </span>
    </p>
   </div>
   <div class='ocr_carea' id='block_1_36' title="bbox 332 3287 1982 3360">
    <p class='ocr_par' dir='ltr' id='par_1_36' title="bbox 332 3287 1982 3360">
     <span class='ocr_line' id='line_1_36' title="bbox 332 3287 1982 3360; baseline 0.004 -21"><span class='ocrx_word' id='word_1_225' title='bbox 332 3287 540 3356; x_wconf 85' lang='lat' dir='ltr'><strong>ximus,</strong></span> <span class='ocrx_word' id='word_1_226' title='bbox 575 3288 833 3344; x_wconf 73' lang='lat' dir='ltr'><strong>Ecclesiae</strong></span> <span class='ocrx_word' id='word_1_227' title='bbox 859 3287 1018 3343; x_wconf 85' lang='lat' dir='ltr'><strong>satus</strong></span> <span class='ocrx_word' id='word_1_228' title='bbox 1047 3290 1108 3343; x_wconf 89' lang='lat' dir='ltr'><strong>in</strong></span> <span class='ocrx_word' id='word_1_229' title='bbox 1139 3290 1345 3344; x_wconf 85' lang='lat' dir='ltr'><strong>summi</strong></span> <span class='ocrx_word' id='word_1_230' title='bbox 1380 3289 1680 3344; x_wconf 84' lang='lat' dir='ltr'><strong>sacerdotis</strong></span> <span class='ocrx_word' id='word_1_231' title='bbox 1710 3290 1982 3360; x_wconf 85' lang='lat' dir='ltr'><strong>dignitate</strong></span> 
     </span>
    </p>
   </div>
   <div class='ocr_carea' id='block_1_37' title="bbox 327 3375 1979 3451">
    <p class='ocr_par' dir='ltr' id='par_1_37' title="bbox 327 3375 1979 3451">
     <span class='ocr_line' id='line_1_37' title="bbox 327 3375 1979 3451; baseline 0.004 -21"><span class='ocrx_word' id='word_1_232' title='bbox 327 3375 545 3445; x_wconf 81' lang='lat' dir='ltr'><strong>pendet.</strong></span> <span class='ocrx_word' id='word_1_233' title='bbox 571 3376 710 3432; x_wconf 90' lang='lat' dir='ltr'><strong>Cum</strong></span> <span class='ocrx_word' id='word_1_234' title='bbox 745 3377 913 3444; x_wconf 74' lang='lat' dir='ltr'><strong>igitur</strong></span> <span class='ocrx_word' id='word_1_235' title='bbox 949 3378 1321 3450; x_wconf 82' lang='lat' dir='ltr'><strong>Hieronymus</strong></span> <span class='ocrx_word' id='word_1_236' title='bbox 1349 3379 1420 3433; x_wconf 90' lang='lat' dir='ltr'><strong>de</strong></span> <span class='ocrx_word' id='word_1_237' title='bbox 1467 3379 1832 3435; x_wconf 81' lang='lat' dir='ltr'><strong>distinctione</strong></span> <span class='ocrx_word' id='word_1_238' title='bbox 1860 3381 1979 3451; x_wconf 88' lang='lat' dir='ltr'><strong>epi-</strong></span> 
     </span>
    </p>
   </div>
   <div class='ocr_carea' id='block_1_38' title="bbox 331 3465 1978 3539">
    <p class='ocr_par' dir='ltr' id='par_1_38' title="bbox 331 3465 1978 3539">
     <span class='ocr_line' id='line_1_38' title="bbox 331 3465 1978 3539; baseline 0.004 -21"><span class='ocrx_word' id='word_1_239' title='bbox 331 3471 596 3534; x_wconf 87' lang='lat' dir='ltr'><strong>scupatus</strong></span> <span class='ocrx_word' id='word_1_240' title='bbox 624 3483 656 3520; x_wconf 87' lang='lat' dir='ltr'><strong>a</strong></span> <span class='ocrx_word' id='word_1_241' title='bbox 689 3465 1097 3536; x_wconf 83' lang='lat' dir='ltr'><strong>presbyteratu,</strong></span> <span class='ocrx_word' id='word_1_242' title='bbox 1131 3469 1202 3522; x_wconf 88' lang='lat' dir='ltr'><strong>de</strong></span> <span class='ocrx_word' id='word_1_243' title='bbox 1237 3467 1493 3537; x_wconf 79' lang='lat' dir='ltr'><strong>ejusdem</strong></span> <span class='ocrx_word' id='word_1_244' title='bbox 1521 3469 1685 3523; x_wconf 88' lang='lat' dir='ltr'><strong>etiam</strong></span> <span class='ocrx_word' id='word_1_245' title='bbox 1722 3470 1978 3539; x_wconf 73' lang='lat' dir='ltr'><strong>prmemi-</strong></span> 
     </span>
    </p>
   </div>
   <div class='ocr_carea' id='block_1_39' title="bbox 327 3553 1977 3628">
    <p class='ocr_par' dir='ltr' id='par_1_39' title="bbox 327 3553 1977 3628">
     <span class='ocr_line' id='line_1_39' title="bbox 327 3553 1977 3628; baseline 0.003 -20"><span class='ocrx_word' id='word_1_246' title='bbox 327 3553 521 3608; x_wconf 89' lang='lat' dir='ltr'><strong>nentia</strong></span> <span class='ocrx_word' id='word_1_247' title='bbox 547 3561 716 3625; x_wconf 87' lang='lat' dir='ltr'><strong>atque</strong></span> <span class='ocrx_word' id='word_1_248' title='bbox 745 3561 1037 3624; x_wconf 85' lang='lat' dir='ltr'><strong>potestate,</strong></span> <span class='ocrx_word' id='word_1_249' title='bbox 1070 3557 1140 3611; x_wconf 90' lang='lat' dir='ltr'><strong>de</strong></span> <span class='ocrx_word' id='word_1_250' title='bbox 1172 3557 1513 3613; x_wconf 87' lang='lat' dir='ltr'><strong>necessitate</strong></span> <span class='ocrx_word' id='word_1_251' title='bbox 1555 3573 1719 3628; x_wconf 89' lang='lat' dir='ltr'><strong>porro</strong></span> <span class='ocrx_word' id='word_1_252' title='bbox 1751 3568 1804 3615; x_wconf 89' lang='lat' dir='ltr'><strong>et</strong></span> <span class='ocrx_word' id='word_1_253' title='bbox 1830 3559 1977 3613; x_wconf 90' lang='lat' dir='ltr'><strong>anti-</strong></span> 
     </span>
    </p>
   </div>
   <div class='ocr_carea' id='block_1_40' title="bbox 327 3643 1978 3718">
    <p class='ocr_par' dir='ltr' id='par_1_40' title="bbox 327 3643 1978 3718">
     <span class='ocr_line' id='line_1_40' title="bbox 327 3643 1978 3718; baseline 0.004 -22"><span class='ocrx_word' id='word_1_254' title='bbox 327 3643 541 3713; x_wconf 88' lang='lat' dir='ltr'><strong>quitate</strong></span> <span class='ocrx_word' id='word_1_255' title='bbox 570 3650 682 3698; x_wconf 90' lang='lat' dir='ltr'><strong>tam</strong></span> <span class='ocrx_word' id='word_1_256' title='bbox 715 3645 946 3715; x_wconf 90' lang='lat' dir='ltr'><strong>copiose</strong></span> <span class='ocrx_word' id='word_1_257' title='bbox 974 3647 1342 3714; x_wconf 88' lang='lat' dir='ltr'><strong>disseruerit;</strong></span> <span class='ocrx_word' id='word_1_258' title='bbox 1377 3648 1536 3703; x_wconf 88' lang='lat' dir='ltr'><strong>nulla</strong></span> <span class='ocrx_word' id='word_1_259' title='bbox 1561 3649 1794 3704; x_wconf 85' lang='lat' dir='ltr'><strong>rationis</strong></span> <span class='ocrx_word' id='word_1_260' title='bbox 1852 3665 1978 3718; x_wconf 85' lang='lat' dir='ltr'><strong>spe-</strong></span> 
     </span>
    </p>
   </div>
   <div class='ocr_carea' id='block_1_41' title="bbox 323 3734 1979 3806">
    <p class='ocr_par' dir='ltr' id='par_1_41' title="bbox 323 3734 1979 3806">
     <span class='ocr_line' id='line_1_41' title="bbox 323 3734 1979 3806; baseline 0.004 -18"><span class='ocrx_word' id='word_1_261' title='bbox 323 3734 418 3788; x_wconf 86' lang='lat' dir='ltr'><strong>cie</strong></span> <span class='ocrx_word' id='word_1_262' title='bbox 449 3741 544 3788; x_wconf 81' lang='lat' dir='ltr'><strong>aut</strong></span> <span class='ocrx_word' id='word_1_263' title='bbox 573 3735 809 3790; x_wconf 80' lang='lat' dir='ltr'><strong>Aeriano</strong></span> <span class='ocrx_word' id='word_1_264' title='bbox 840 3735 1089 3806; x_wconf 82' lang='lat' dir='ltr'><strong>dogmati</strong></span> <span class='ocrx_word' id='word_1_265' title='bbox 1120 3737 1496 3803; x_wconf 88' lang='lat' dir='ltr'><strong>consensisse,</strong></span> <span class='ocrx_word' id='word_1_266' title='bbox 1549 3744 1642 3792; x_wconf 86' lang='lat' dir='ltr'><strong>aut</strong></span> <span class='ocrx_word' id='word_1_267' title='bbox 1698 3740 1979 3794; x_wconf 83' lang='lat' dir='ltr'><strong>confertas</strong></span> 
     </span>
    </p>
   </div>
   <div class='ocr_carea' id='block_1_42' title="bbox 329 3822 1840 3897">
    <p class='ocr_par' dir='ltr' id='par_1_42' title="bbox 329 3822 1840 3897">
     <span class='ocr_line' id='line_1_42' title="bbox 329 3822 1840 3897; baseline 0.003 -21"><span class='ocrx_word' id='word_1_268' title='bbox 329 3822 534 3892; x_wconf 87' lang='lat' dir='ltr'><strong>lgnatii</strong></span> <span class='ocrx_word' id='word_1_269' title='bbox 574 3825 882 3880; x_wconf 90' lang='lat' dir='ltr'><strong>sententias</strong></span> <span class='ocrx_word' id='word_1_270' title='bbox 916 3824 1155 3882; x_wconf 89' lang='lat' dir='ltr'><strong>minime</strong></span> <span class='ocrx_word' id='word_1_271' title='bbox 1185 3825 1395 3883; x_wconf 85' lang='lat' dir='ltr'><strong>vidisse</strong></span> <span class='ocrx_word' id='word_1_272' title='bbox 1425 3829 1608 3896; x_wconf 77' lang='lat' dir='ltr'><strong>putari</strong></span> <span class='ocrx_word' id='word_1_273' title='bbox 1644 3836 1840 3897; x_wconf 80' lang='lat' dir='ltr'><strong>potest.</strong></span> 
     </span>
    </p>
   </div>
   <div class='ocr_carea' id='block_1_43' title="bbox 405 3913 1976 3986">
    <p class='ocr_par' dir='ltr' id='par_1_43' title="bbox 405 3913 1976 3986">
     <span class='ocr_line' id='line_1_43' title="bbox 405 3913 1976 3986; baseline 0.004 -20"><span class='ocrx_word' id='word_1_274' title='bbox 405 3913 749 3985; x_wconf 84' lang='lat' dir='ltr'><strong>Hieronymo</strong></span> <span class='ocrx_word' id='word_1_275' title='bbox 781 3914 1162 3984; x_wconf 89' lang='lat' dir='ltr'><strong>Epiphaninm</strong></span> <span class='ocrx_word' id='word_1_276' title='bbox 1204 3915 1348 3971; x_wconf 88' lang='lat' dir='ltr'><strong>mire</strong></span> <span class='ocrx_word' id='word_1_277' title='bbox 1393 3917 1710 3986; x_wconf 88' lang='lat' dir='ltr'><strong>conjungit,</strong></span> <span class='ocrx_word' id='word_1_278' title='bbox 1761 3933 1824 3972; x_wconf 87' lang='lat' dir='ltr'><strong>ex</strong></span> <span class='ocrx_word' id='word_1_279' title='bbox 1869 3933 1976 3986; x_wconf 91' lang='lat' dir='ltr'><strong>quo</strong></span> 
     </span>
    </p>
   </div>
   <div class='ocr_carea' id='block_1_44' title="bbox 331 4003 1974 4076">
    <p class='ocr_par' dir='ltr' id='par_1_44' title="bbox 331 4003 1974 4076">
     <span class='ocr_line' id='line_1_44' title="bbox 331 4003 1974 4076; baseline 0.004 -20"><span class='ocrx_word' id='word_1_280' title='bbox 331 4003 444 4057; x_wconf 93' lang='lat' dir='ltr'><strong>duo</strong></span> <span class='ocrx_word' id='word_1_281' title='bbox 475 4004 830 4073; x_wconf 89' lang='lat' dir='ltr'><strong>potissimum</strong></span> <span class='ocrx_word' id='word_1_282' title='bbox 860 4005 1138 4072; x_wconf 82' lang='lat' dir='ltr'><strong>observat,</strong></span> <span class='ocrx_word' id='word_1_283' title='bbox 1172 4005 1378 4075; x_wconf 91' lang='lat' dir='ltr'><strong>primo,</strong></span> <span class='ocrx_word' id='word_1_284' title='bbox 1401 4022 1531 4062; x_wconf 90' lang='lat' dir='ltr'><strong>eum</strong></span> <span class='ocrx_word' id='word_1_285' title='bbox 1557 4006 1974 4076; x_wconf 91' lang='lat' dir='ltr'><strong>lgnalianorum</strong></span> 
     </span>
    </p>
   </div>
   <div class='ocr_carea' id='block_1_45' title="bbox 329 4094 1973 4165">
    <p class='ocr_par' dir='ltr' id='par_1_45' title="bbox 329 4094 1973 4165">
     <span class='ocr_line' id='line_1_45' title="bbox 329 4094 1973 4165; baseline 0.001 -18"><span class='ocrx_word' id='word_1_286' title='bbox 329 4108 446 4147; x_wconf 90' lang='lat' dir='ltr'><strong>non</strong></span> <span class='ocrx_word' id='word_1_287' title='bbox 481 4094 853 4161; x_wconf 89' lang='lat' dir='ltr'><strong>meminisse;</strong></span> <span class='ocrx_word' id='word_1_288' title='bbox 906 4095 1176 4159; x_wconf 78' lang='lat' dir='ltr'><strong>secundo,</strong></span> <span class='ocrx_word' id='word_1_289' title='bbox 1235 4096 1486 4165; x_wconf 60' lang='lat' dir='ltr'><strong>quaedam</strong></span> <span class='ocrx_word' id='word_1_290' title='bbox 1541 4095 1790 4164; x_wconf 85' lang='lat' dir='ltr'><strong>posuisse</strong></span> <span class='ocrx_word' id='word_1_291' title='bbox 1845 4111 1973 4151; x_wconf 92' lang='lat' dir='ltr'><strong>cum</strong></span> 
     </span>
    </p>
   </div>
   <div class='ocr_carea' id='block_1_46' title="bbox 327 4181 1975 4253">
    <p class='ocr_par' dir='ltr' id='par_1_46' title="bbox 327 4181 1975 4253">
     <span class='ocr_line' id='line_1_46' title="bbox 327 4181 1975 4253; baseline 0.003 -17"><span class='ocrx_word' id='word_1_292' title='bbox 327 4181 634 4251; x_wconf 83' lang='lat' dir='ltr'><strong>Ignatianis</strong></span> <span class='ocrx_word' id='word_1_293' title='bbox 665 4183 1022 4251; x_wconf 79' lang='lat' dir='ltr'><strong>apertissime</strong></span> <span class='ocrx_word' id='word_1_294' title='bbox 1053 4185 1380 4252; x_wconf 80' lang='lat' dir='ltr'><strong>pugnantia.</strong></span> <span class='ocrx_word' id='word_1_295' title='bbox 1419 4184 1648 4253; x_wconf 89' lang='lat' dir='ltr'><strong>Propter</strong></span> <span class='ocrx_word' id='word_1_296' title='bbox 1696 4184 1817 4241; x_wconf 68' lang='lat' dir='ltr'><strong>haec</strong></span> <span class='ocrx_word' id='word_1_297' title='bbox 1865 4187 1975 4241; x_wconf 92' lang='lat' dir='ltr'><strong>duo</strong></span> 
     </span>
    </p>
   </div>
   <div class='ocr_carea' id='block_1_47' title="bbox 325 4272 1979 4344">
    <p class='ocr_par' dir='ltr' id='par_1_47' title="bbox 325 4272 1979 4344">
     <span class='ocr_line' id='line_1_47' title="bbox 325 4272 1979 4344; baseline 0.005 -20"><span class='ocrx_word' id='word_1_298' title='bbox 325 4286 501 4326; x_wconf 88' lang='lat' dir='ltr'><strong>unum</strong></span> <span class='ocrx_word' id='word_1_299' title='bbox 535 4289 602 4327; x_wconf 82' lang='lat' dir='ltr'><strong>ex</strong></span> <span class='ocrx_word' id='word_1_300' title='bbox 636 4272 814 4327; x_wconf 90' lang='lat' dir='ltr'><strong>tribus</strong></span> <span class='ocrx_word' id='word_1_301' title='bbox 855 4274 1010 4342; x_wconf 87' lang='lat' dir='ltr'><strong>sequi</strong></span> <span class='ocrx_word' id='word_1_302' title='bbox 1042 4275 1139 4340; x_wconf 91' lang='lat' dir='ltr'><strong>ait,</strong></span> <span class='ocrx_word' id='word_1_303' title='bbox 1183 4275 1266 4329; x_wconf 89' lang='lat' dir='ltr'><strong>vel</strong></span> <span class='ocrx_word' id='word_1_304' title='bbox 1317 4275 1703 4344; x_wconf 88' lang='lat' dir='ltr'><strong>Epiphaninm</strong></span> <span class='ocrx_word' id='word_1_305' title='bbox 1753 4283 1979 4332; x_wconf 87' lang='lat' dir='ltr'><strong>senten-</strong></span> 
     </span>
    </p>
   </div>
   <div class='ocr_carea' id='block_1_48' title="bbox 327 4360 1978 4434">
    <p class='ocr_par' dir='ltr' id='par_1_48' title="bbox 327 4360 1978 4434">
     <span class='ocr_line' id='line_1_48' title="bbox 327 4360 1978 4434; baseline 0.006 -23"><span class='ocrx_word' id='word_1_306' title='bbox 327 4361 434 4413; x_wconf 85' lang='lat' dir='ltr'><strong>tias</strong></span> <span class='ocrx_word' id='word_1_307' title='bbox 463 4361 533 4414; x_wconf 88' lang='lat' dir='ltr'><strong>de</strong></span> <span class='ocrx_word' id='word_1_308' title='bbox 563 4360 888 4429; x_wconf 78' lang='lat' dir='ltr'><strong>episcOpatn</strong></span> <span class='ocrx_word' id='word_1_309' title='bbox 924 4378 1037 4417; x_wconf 91' lang='lat' dir='ltr'><strong>non</strong></span> <span class='ocrx_word' id='word_1_310' title='bbox 1067 4363 1293 4427; x_wconf 80' lang='lat' dir='ltr'><strong>vidisse,</strong></span> <span class='ocrx_word' id='word_1_311' title='bbox 1347 4370 1538 4432; x_wconf 85' lang='lat' dir='ltr'><strong>utpote</strong></span> <span class='ocrx_word' id='word_1_312' title='bbox 1575 4363 1646 4418; x_wconf 90' lang='lat' dir='ltr'><strong>ab</strong></span> <span class='ocrx_word' id='word_1_313' title='bbox 1676 4364 1978 4434; x_wconf 89' lang='lat' dir='ltr'><strong>interpola-</strong></span> 
     </span>
    </p>
   </div>
   <div class='ocr_carea' id='block_1_49' title="bbox 332 4450 1975 4523">
    <p class='ocr_par' dir='ltr' id='par_1_49' title="bbox 332 4450 1975 4523">
     <span class='ocr_line' id='line_1_49' title="bbox 332 4450 1975 4523; baseline 0.005 -21"><span class='ocrx_word' id='word_1_314' title='bbox 332 4456 450 4504; x_wconf 88' lang='lat' dir='ltr'><strong>tore</strong></span> <span class='ocrx_word' id='word_1_315' title='bbox 481 4457 669 4518; x_wconf 88' lang='lat' dir='ltr'><strong>postea</strong></span> <span class='ocrx_word' id='word_1_316' title='bbox 715 4450 989 4519; x_wconf 86' lang='lat' dir='ltr'><strong>insertas;</strong></span> <span class='ocrx_word' id='word_1_317' title='bbox 1051 4453 1136 4507; x_wconf 87' lang='lat' dir='ltr'><strong>vel</strong></span> <span class='ocrx_word' id='word_1_318' title='bbox 1187 4453 1455 4523; x_wconf 85' lang='lat' dir='ltr'><strong>epistolas</strong></span> <span class='ocrx_word' id='word_1_319' title='bbox 1500 4455 1843 4522; x_wconf 87' lang='lat' dir='ltr'><strong>nescivisse;</strong></span> <span class='ocrx_word' id='word_1_320' title='bbox 1886 4455 1975 4511; x_wconf 90' lang='lat' dir='ltr'><strong>vel</strong></span> 
     </span>
    </p>
   </div>
   <div class='ocr_carea' id='block_1_50' title="bbox 328 4539 1974 4611">
    <p class='ocr_par' dir='ltr' id='par_1_50' title="bbox 328 4539 1974 4611">
     <span class='ocr_line' id='line_1_50' title="bbox 328 4539 1974 4611; baseline 0.004 -19"><span class='ocrx_word' id='word_1_321' title='bbox 328 4543 597 4609; x_wconf 89' lang='lat' dir='ltr'><strong>tanquam</strong></span> <span class='ocrx_word' id='word_1_322' title='bbox 655 4539 814 4594; x_wconf 83' lang='lat' dir='ltr'><strong>ﬁctas</strong></span> <span class='ocrx_word' id='word_1_323' title='bbox 871 4542 1279 4611; x_wconf 88' lang='lat' dir='ltr'><strong>contempsisse</strong></span> <span class='ocrx_word' id='word_1_324' title='bbox 1325 4559 1340 4608; x_wconf 89' lang='lat'><strong>;</strong></span> <span class='ocrx_word' id='word_1_325' title='bbox 1402 4543 1548 4610; x_wconf 90' lang='lat' dir='ltr'><strong>quod</strong></span> <span class='ocrx_word' id='word_1_326' title='bbox 1613 4544 1974 4599; x_wconf 86' lang='lat' dir='ltr'><strong>verisimilius</strong></span> 
     </span>
    </p>
   </div>
   <div class='ocr_carea' id='block_1_51' title="bbox 2098 599 3753 678">
    <p class='ocr_par' dir='ltr' id='par_1_51' title="bbox 2098 599 3753 678">
     <span class='ocr_line' id='line_1_51' title="bbox 2098 599 3753 678; baseline 0.006 -25"><span class='ocrx_word' id='word_1_327' title='bbox 2098 599 2318 666; x_wconf 90' lang='lat' dir='ltr'><strong>drinus,</strong></span> <span class='ocrx_word' id='word_1_328' title='bbox 2376 599 2674 671; x_wconf 89' lang='lat' dir='ltr'><strong>Philippus</strong></span> <span class='ocrx_word' id='word_1_329' title='bbox 2731 601 3029 674; x_wconf 88' lang='lat' dir='ltr'><strong>episc0pns</strong></span> <span class='ocrx_word' id='word_1_330' title='bbox 3087 605 3394 672; x_wconf 84' lang='lat' dir='ltr'><strong>Cretensis,</strong></span> <span class='ocrx_word' id='word_1_331' title='bbox 3456 607 3753 678; x_wconf 84' lang='lat' dir='ltr'><strong>Musanus,</strong></span> 
     </span>
    </p>
   </div>
   <div class='ocr_carea' id='block_1_52' title="bbox 2100 688 3756 768">
    <p class='ocr_par' dir='ltr' id='par_1_52' title="bbox 2100 688 3756 768">
     <span class='ocr_line' id='line_1_52' title="bbox 2100 688 3756 768; baseline 0.007 -24"><span class='ocrx_word' id='word_1_332' title='bbox 2100 688 2402 757; x_wconf 75' lang='lat' dir='ltr'><strong>Modestus,</strong></span> <span class='ocrx_word' id='word_1_333' title='bbox 2436 689 2698 759; x_wconf 81' lang='lat' dir='ltr'><strong>Rhodon,</strong></span> <span class='ocrx_word' id='word_1_334' title='bbox 2723 691 3025 761; x_wconf 88' lang='lat' dir='ltr'><strong>Miltiades,</strong></span> <span class='ocrx_word' id='word_1_335' title='bbox 3056 693 3417 765; x_wconf 88' lang='lat' dir='ltr'><strong>Apollonius,</strong></span> <span class='ocrx_word' id='word_1_336' title='bbox 3449 696 3756 768; x_wconf 85' lang='lat' dir='ltr'><strong>Serapion,</strong></span> 
     </span>
    </p>
   </div>
   <div class='ocr_carea' id='block_1_53' title="bbox 2098 777 3748 856">
    <p class='ocr_par' dir='ltr' id='par_1_53' title="bbox 2098 777 3748 856">
     <span class='ocr_line' id='line_1_53' title="bbox 2098 777 3748 856; baseline 0.007 -25"><span class='ocrx_word' id='word_1_337' title='bbox 2098 777 2448 846; x_wconf 88' lang='lat' dir='ltr'><strong>Theuphilns</strong></span> <span class='ocrx_word' id='word_1_338' title='bbox 2469 779 2850 849; x_wconf 77' lang='lat' dir='ltr'><strong>Ctesariensis,</strong></span> <span class='ocrx_word' id='word_1_339' title='bbox 2883 788 2986 837; x_wconf 90' lang='lat' dir='ltr'><strong>etc.</strong></span> <span class='ocrx_word' id='word_1_340' title='bbox 3032 784 3103 838; x_wconf 85' lang='lat' dir='ltr'><strong>Hi</strong></span> <span class='ocrx_word' id='word_1_341' title='bbox 3129 785 3341 855; x_wconf 89' lang='lat' dir='ltr'><strong>altique</strong></span> <span class='ocrx_word' id='word_1_342' title='bbox 3375 801 3509 841; x_wconf 85' lang='lat' dir='ltr'><strong>sane</strong></span> <span class='ocrx_word' id='word_1_343' title='bbox 3543 801 3748 856; x_wconf 87' lang='lat' dir='ltr'><strong>quam-</strong></span> 
     </span>
    </p>
   </div>
   <div class='ocr_carea' id='block_1_54' title="bbox 2099 867 3756 946">
    <p class='ocr_par' dir='ltr' id='par_1_54' title="bbox 2099 867 3756 946">
     <span class='ocr_line' id='line_1_54' title="bbox 2099 867 3756 946; baseline 0.007 -26"><span class='ocrx_word' id='word_1_344' title='bbox 2099 867 2331 937; x_wconf 90' lang='lat' dir='ltr'><strong>plurimi</strong></span> <span class='ocrx_word' id='word_1_345' title='bbox 2365 869 2542 924; x_wconf 87' lang='lat' dir='ltr'><strong>multa</strong></span> <span class='ocrx_word' id='word_1_346' title='bbox 2569 870 2636 925; x_wconf 88' lang='lat' dir='ltr'><strong>ad</strong></span> <span class='ocrx_word' id='word_1_347' title='bbox 2687 877 3082 941; x_wconf 77' lang='lat' dir='ltr'><strong>argumentum</strong></span> <span class='ocrx_word' id='word_1_348' title='bbox 3135 873 3439 945; x_wconf 90' lang='lat' dir='ltr'><strong>Epiphanii</strong></span> <span class='ocrx_word' id='word_1_349' title='bbox 3485 885 3756 946; x_wconf 89' lang='lat' dir='ltr'><strong>opportu-</strong></span> 
     </span>
    </p>
   </div>
   <div class='ocr_carea' id='block_1_55' title="bbox 2100 958 3751 1036">
    <p class='ocr_par' dir='ltr' id='par_1_55' title="bbox 2100 958 3751 1036">
     <span class='ocr_line' id='line_1_55' title="bbox 2100 958 3751 1036; baseline 0.004 -22"><span class='ocrx_word' id='word_1_350' title='bbox 2100 958 2335 1014; x_wconf 91' lang='lat' dir='ltr'><strong>nissima</strong></span> <span class='ocrx_word' id='word_1_351' title='bbox 2366 960 2666 1029; x_wconf 84' lang='lat' dir='ltr'><strong>scripsere,</strong></span> <span class='ocrx_word' id='word_1_352' title='bbox 2723 975 2965 1030; x_wconf 89' lang='lat' dir='ltr'><strong>quorum</strong></span> <span class='ocrx_word' id='word_1_353' title='bbox 3016 962 3233 1018; x_wconf 90' lang='lat' dir='ltr'><strong>nullius</strong></span> <span class='ocrx_word' id='word_1_354' title='bbox 3286 963 3385 1020; x_wconf 90' lang='lat' dir='ltr'><strong>illc</strong></span> <span class='ocrx_word' id='word_1_355' title='bbox 3440 967 3751 1036; x_wconf 87' lang='lat' dir='ltr'><strong>meminit;</strong></span> 
     </span>
    </p>
   </div>
   <div class='ocr_carea' id='block_1_56' title="bbox 2101 1047 3748 1122">
    <p class='ocr_par' dir='ltr' id='par_1_56' title="bbox 2101 1047 3748 1122">
     <span class='ocr_line' id='line_1_56' title="bbox 2101 1047 3748 1122; baseline 0.004 -20"><span class='ocrx_word' id='word_1_356' title='bbox 2101 1062 2268 1102; x_wconf 81' lang='lat' dir='ltr'><strong>nemo</strong></span> <span class='ocrx_word' id='word_1_357' title='bbox 2301 1055 2488 1103; x_wconf 87' lang='lat' dir='ltr'><strong>tamen</strong></span> <span class='ocrx_word' id='word_1_358' title='bbox 2518 1063 2645 1103; x_wconf 90' lang='lat' dir='ltr'><strong>eum</strong></span> <span class='ocrx_word' id='word_1_359' title='bbox 2674 1047 2775 1104; x_wconf 89' lang='lat' dir='ltr'><strong>hos</strong></span> <span class='ocrx_word' id='word_1_360' title='bbox 2796 1063 3015 1120; x_wconf 89' lang='lat' dir='ltr'><strong>omnes,</strong></span> <span class='ocrx_word' id='word_1_361' title='bbox 3061 1049 3314 1121; x_wconf 83' lang='lat' dir='ltr'><strong>aliosque</strong></span> <span class='ocrx_word' id='word_1_362' title='bbox 3345 1067 3487 1121; x_wconf 88' lang='lat' dir='ltr'><strong>quos</strong></span> <span class='ocrx_word' id='word_1_363' title='bbox 3514 1061 3748 1122; x_wconf 89' lang='lat' dir='ltr'><strong>praeter-</strong></span> 
     </span>
    </p>
   </div>
   <div class='ocr_carea' id='block_1_57' title="bbox 2100 1136 3754 1210">
    <p class='ocr_par' dir='ltr' id='par_1_57' title="bbox 2100 1136 3754 1210">
     <span class='ocr_line' id='line_1_57' title="bbox 2100 1136 3754 1210; baseline 0.004 -18"><span class='ocrx_word' id='word_1_364' title='bbox 2100 1137 2187 1204; x_wconf 89' lang='lat' dir='ltr'><strong>iit,</strong></span> <span class='ocrx_word' id='word_1_365' title='bbox 2221 1144 2318 1192; x_wconf 87' lang='lat' dir='ltr'><strong>aut</strong></span> <span class='ocrx_word' id='word_1_366' title='bbox 2368 1136 2677 1206; x_wconf 87' lang='lat' dir='ltr'><strong>ignorasse,</strong></span> <span class='ocrx_word' id='word_1_367' title='bbox 2734 1144 2831 1192; x_wconf 90' lang='lat' dir='ltr'><strong>aut</strong></span> <span class='ocrx_word' id='word_1_368' title='bbox 2885 1140 3292 1210; x_wconf 88' lang='lat' dir='ltr'><strong>contempsisse</strong></span> <span class='ocrx_word' id='word_1_369' title='bbox 3335 1140 3506 1198; x_wconf 90' lang='lat' dir='ltr'><strong>dicet.</strong></span> <span class='ocrx_word' id='word_1_370' title='bbox 3553 1144 3754 1199; x_wconf 80' lang='lat' dir='ltr'><strong>Memi-</strong></span> 
     </span>
    </p>
   </div>
   <div class='ocr_carea' id='block_1_58' title="bbox 2100 1225 3745 1301">
    <p class='ocr_par' dir='ltr' id='par_1_58' title="bbox 2100 1225 3745 1301">
     <span class='ocr_line' id='line_1_58' title="bbox 2100 1225 3745 1301; baseline 0.004 -20"><span class='ocrx_word' id='word_1_371' title='bbox 2100 1225 2185 1282; x_wconf 88' lang='lat' dir='ltr'><strong>nit</strong></span> <span class='ocrx_word' id='word_1_372' title='bbox 2247 1225 2476 1296; x_wconf 88' lang='lat' dir='ltr'><strong>quidem</strong></span> <span class='ocrx_word' id='word_1_373' title='bbox 2545 1225 2910 1295; x_wconf 86' lang='lat' dir='ltr'><strong>epistularum</strong></span> <span class='ocrx_word' id='word_1_374' title='bbox 2967 1227 3273 1286; x_wconf 78' lang='lat' dir='ltr'><strong>Clementis</strong></span> <span class='ocrx_word' id='word_1_375' title='bbox 3325 1232 3585 1301; x_wconf 81' lang='lat' dir='ltr'><strong>Romani,</strong></span> <span class='ocrx_word' id='word_1_376' title='bbox 3645 1233 3745 1288; x_wconf 89' lang='lat' dir='ltr'><strong>sed</strong></span> 
     </span>
    </p>
   </div>
   <div class='ocr_carea' id='block_1_59' title="bbox 2098 1315 3745 1384">
    <p class='ocr_par' dir='ltr' id='par_1_59' title="bbox 2098 1315 3745 1384">
     <span class='ocr_line' id='line_1_59' title="bbox 2098 1315 3745 1384; baseline 0.002 -12"><span class='ocrx_word' id='word_1_377' title='bbox 2098 1315 2278 1372; x_wconf 88' lang='lat' dir='ltr'><strong>obiter</strong></span> <span class='ocrx_word' id='word_1_378' title='bbox 2310 1322 2552 1384; x_wconf 88' lang='lat' dir='ltr'><strong>tantum,</strong></span> <span class='ocrx_word' id='word_1_379' title='bbox 2587 1331 2702 1372; x_wconf 90' lang='lat' dir='ltr'><strong>non</strong></span> <span class='ocrx_word' id='word_1_380' title='bbox 2734 1324 2792 1371; x_wconf 91' lang='lat' dir='ltr'><strong>ut</strong></span> <span class='ocrx_word' id='word_1_381' title='bbox 2840 1317 3016 1373; x_wconf 88' lang='lat' dir='ltr'><strong>ullam</strong></span> <span class='ocrx_word' id='word_1_382' title='bbox 3066 1335 3134 1374; x_wconf 75' lang='lat' dir='ltr'><strong>ex</strong></span> <span class='ocrx_word' id='word_1_383' title='bbox 3179 1320 3250 1375; x_wconf 91' lang='lat' dir='ltr'><strong>iis</strong></span> <span class='ocrx_word' id='word_1_384' title='bbox 3295 1321 3642 1378; x_wconf 83' lang='lat' dir='ltr'><strong>sententiam</strong></span> <span class='ocrx_word' id='word_1_385' title='bbox 3671 1321 3745 1376; x_wconf 88' lang='lat' dir='ltr'><strong>ad</strong></span> 
     </span>
    </p>
   </div>
   <div class='ocr_carea' id='block_1_60' title="bbox 2102 1405 3748 1480">
    <p class='ocr_par' dir='ltr' id='par_1_60' title="bbox 2102 1405 3748 1480">
     <span class='ocr_line' id='line_1_60' title="bbox 2102 1405 3748 1480; baseline 0.004 -20"><span class='ocrx_word' id='word_1_386' title='bbox 2102 1405 2362 1462; x_wconf 83' lang='lat' dir='ltr'><strong>haeresim</strong></span> <span class='ocrx_word' id='word_1_387' title='bbox 2391 1405 2640 1476; x_wconf 87' lang='lat' dir='ltr'><strong>aliquam</strong></span> <span class='ocrx_word' id='word_1_388' title='bbox 2685 1405 3054 1464; x_wconf 85' lang='lat' dir='ltr'><strong>refellendam</strong></span> <span class='ocrx_word' id='word_1_389' title='bbox 3105 1409 3523 1480; x_wconf 81' lang='lat' dir='ltr'><strong>transcriberet,</strong></span> <span class='ocrx_word' id='word_1_390' title='bbox 3555 1411 3651 1466; x_wconf 87' lang='lat' dir='ltr'><strong>sed</strong></span> <span class='ocrx_word' id='word_1_391' title='bbox 3685 1416 3748 1466; x_wconf 87' lang='lat' dir='ltr'><strong>nt</strong></span> 
     </span>
    </p>
   </div>
   <div class='ocr_carea' id='block_1_61' title="bbox 2098 1494 3746 1556">
    <p class='ocr_par' dir='ltr' id='par_1_61' title="bbox 2098 1494 3746 1556">
     <span class='ocr_line' id='line_1_61' title="bbox 2098 1494 3746 1556; baseline 0.004 -6"><span class='ocrx_word' id='word_1_392' title='bbox 2098 1496 2473 1552; x_wconf 79' lang='lat' dir='ltr'><strong>adulteratam</strong></span> <span class='ocrx_word' id='word_1_393' title='bbox 2505 1494 2574 1551; x_wconf 89' lang='lat' dir='ltr'><strong>ab</strong></span> <span class='ocrx_word' id='word_1_394' title='bbox 2610 1495 2887 1553; x_wconf 67' lang='lat' dir='ltr'><strong>haereticis</strong></span> <span class='ocrx_word' id='word_1_395' title='bbox 2917 1497 3090 1554; x_wconf 86' lang='lat' dir='ltr'><strong>fuisse</strong></span> <span class='ocrx_word' id='word_1_396' title='bbox 3118 1497 3323 1554; x_wconf 90' lang='lat' dir='ltr'><strong>librum</strong></span> <span class='ocrx_word' id='word_1_397' title='bbox 3356 1498 3519 1556; x_wconf 90' lang='lat' dir='ltr'><strong>illum</strong></span> <span class='ocrx_word' id='word_1_398' title='bbox 3551 1507 3746 1556; x_wconf 85' lang='lat' dir='ltr'><strong>osten-</strong></span> 
     </span>
    </p>
   </div>
   <div class='ocr_carea' id='block_1_62' title="bbox 2098 1584 3752 1656">
    <p class='ocr_par' dir='ltr' id='par_1_62' title="bbox 2098 1584 3752 1656">
     <span class='ocr_line' id='line_1_62' title="bbox 2098 1584 3752 1656; baseline 0.003 -15"><span class='ocrx_word' id='word_1_399' title='bbox 2098 1586 2274 1654; x_wconf 89' lang='lat' dir='ltr'><strong>deret,</strong></span> <span class='ocrx_word' id='word_1_400' title='bbox 2307 1585 2404 1656; x_wconf 88' lang='lat' dir='ltr'><strong>qni</strong></span> <span class='ocrx_word' id='word_1_401' title='bbox 2451 1584 2555 1641; x_wconf 92' lang='lat' dir='ltr'><strong>sub</strong></span> <span class='ocrx_word' id='word_1_402' title='bbox 2631 1585 2937 1643; x_wconf 89' lang='lat' dir='ltr'><strong>Clementis</strong></span> <span class='ocrx_word' id='word_1_403' title='bbox 2981 1589 3216 1644; x_wconf 89' lang='lat' dir='ltr'><strong>nomine</strong></span> <span class='ocrx_word' id='word_1_404' title='bbox 3269 1589 3536 1646; x_wconf 86' lang='lat' dir='ltr'><strong>Periodus</strong></span> <span class='ocrx_word' id='word_1_405' title='bbox 3592 1592 3752 1647; x_wconf 88' lang='lat' dir='ltr'><strong>Petri</strong></span> 
     </span>
    </p>
   </div>
   <div class='ocr_carea' id='block_1_63' title="bbox 2098 1673 3753 1748">
    <p class='ocr_par' dir='ltr' id='par_1_63' title="bbox 2098 1673 3753 1748">
     <span class='ocr_line' id='line_1_63' title="bbox 2098 1673 3753 1748; baseline 0.003 -17"><span class='ocrx_word' id='word_1_406' title='bbox 2098 1673 2420 1731; x_wconf 82' lang='lat' dir='ltr'><strong>vocabatur.</strong></span> <span class='ocrx_word' id='word_1_407' title='bbox 2453 1674 2636 1730; x_wconf 88' lang='lat' dir='ltr'><strong>Verba</strong></span> <span class='ocrx_word' id='word_1_408' title='bbox 2664 1675 2833 1731; x_wconf 90' lang='lat' dir='ltr'><strong>etiam</strong></span> <span class='ocrx_word' id='word_1_409' title='bbox 2865 1679 3118 1747; x_wconf 85' lang='lat' dir='ltr'><strong>quaedam</strong></span> <span class='ocrx_word' id='word_1_410' title='bbox 3151 1695 3218 1734; x_wconf 84' lang='lat' dir='ltr'><strong>ex</strong></span> <span class='ocrx_word' id='word_1_411' title='bbox 3247 1680 3484 1748; x_wconf 91' lang='lat' dir='ltr'><strong>epistola</strong></span> <span class='ocrx_word' id='word_1_412' title='bbox 3529 1681 3600 1735; x_wconf 91' lang='lat' dir='ltr'><strong>ad</strong></span> <span class='ocrx_word' id='word_1_413' title='bbox 3649 1683 3753 1736; x_wconf 88' lang='lat' dir='ltr'><strong>Co-</strong></span> 
     </span>
    </p>
   </div>
   <div class='ocr_carea' id='block_1_64' title="bbox 2100 1764 3748 1838">
    <p class='ocr_par' dir='ltr' id='par_1_64' title="bbox 2100 1764 3748 1838">
     <span class='ocr_line' id='line_1_64' title="bbox 2100 1764 3748 1838; baseline 0.002 -17"><span class='ocrx_word' id='word_1_414' title='bbox 2100 1765 2343 1821; x_wconf 89' lang='lat' dir='ltr'><strong>rinthios</strong></span> <span class='ocrx_word' id='word_1_415' title='bbox 2374 1764 2527 1832; x_wconf 90' lang='lat' dir='ltr'><strong>citat,</strong></span> <span class='ocrx_word' id='word_1_416' title='bbox 2561 1780 2675 1822; x_wconf 92' lang='lat' dir='ltr'><strong>non</strong></span> <span class='ocrx_word' id='word_1_417' title='bbox 2715 1768 2914 1822; x_wconf 86' lang='lat' dir='ltr'><strong>contra</strong></span> <span class='ocrx_word' id='word_1_418' title='bbox 2944 1766 3258 1838; x_wconf 70' lang='lat' dir='ltr'><strong>haereticos,</strong></span> <span class='ocrx_word' id='word_1_419' title='bbox 3290 1768 3388 1824; x_wconf 90' lang='lat' dir='ltr'><strong>sed</strong></span> <span class='ocrx_word' id='word_1_420' title='bbox 3434 1774 3651 1824; x_wconf 89' lang='lat' dir='ltr'><strong>tantum</strong></span> <span class='ocrx_word' id='word_1_421' title='bbox 3685 1776 3748 1824; x_wconf 88' lang='lat' dir='ltr'><strong>ut</strong></span> 
     </span>
    </p>
   </div>
   <div class='ocr_carea' id='block_1_65' title="bbox 2101 1854 3748 1928">
    <p class='ocr_par' dir='ltr' id='par_1_65' title="bbox 2101 1854 3748 1928">
     <span class='ocr_line' id='line_1_65' title="bbox 2101 1854 3748 1928; baseline 0.002 -17"><span class='ocrx_word' id='word_1_422' title='bbox 2101 1856 2297 1926; x_wconf 86' lang='lat' dir='ltr'><strong>probet</strong></span> <span class='ocrx_word' id='word_1_423' title='bbox 2343 1857 2691 1913; x_wconf 89' lang='lat' dir='ltr'><strong>Clementem</strong></span> <span class='ocrx_word' id='word_1_424' title='bbox 2739 1854 3125 1927; x_wconf 88' lang='lat' dir='ltr'><strong>episcopatum</strong></span> <span class='ocrx_word' id='word_1_425' title='bbox 3173 1857 3355 1927; x_wconf 90' lang='lat' dir='ltr'><strong>primo</strong></span> <span class='ocrx_word' id='word_1_426' title='bbox 3399 1857 3748 1928; x_wconf 86' lang='lat' dir='ltr'><strong>repudiasse.</strong></span> 
     </span>
    </p>
   </div>
   <div class='ocr_carea' id='block_1_66' title="bbox 2098 1945 3749 2018">
    <p class='ocr_par' dir='ltr' id='par_1_66' title="bbox 2098 1945 3749 2018">
     <span class='ocr_line' id='line_1_66' title="bbox 2098 1945 3749 2018; baseline 0.002 -18"><span class='ocrx_word' id='word_1_427' title='bbox 2098 1945 2304 2002; x_wconf 87' lang='lat' dir='ltr'><strong>Contra</strong></span> <span class='ocrx_word' id='word_1_428' title='bbox 2359 1962 2558 2002; x_wconf 88' lang='lat' dir='ltr'><strong>omnes</strong></span> <span class='ocrx_word' id='word_1_429' title='bbox 2610 1946 2902 2003; x_wconf 85' lang='lat' dir='ltr'><strong>haereticos</strong></span> <span class='ocrx_word' id='word_1_430' title='bbox 2947 1945 3036 2002; x_wconf 90' lang='lat' dir='ltr'><strong>sul</strong></span> <span class='ocrx_word' id='word_1_431' title='bbox 3093 1947 3361 2017; x_wconf 89' lang='lat' dir='ltr'><strong>temporis</strong></span> <span class='ocrx_word' id='word_1_432' title='bbox 3445 1947 3749 2018; x_wconf 87' lang='lat' dir='ltr'><strong>scripserat</strong></span> 
     </span>
    </p>
   </div>
   <div class='ocr_carea' id='block_1_67' title="bbox 2097 2036 3744 2108">
    <p class='ocr_par' dir='ltr' id='par_1_67' title="bbox 2097 2036 3744 2108">
     <span class='ocr_line' id='line_1_67' title="bbox 2097 2036 3744 2108; baseline 0.002 -18"><span class='ocrx_word' id='word_1_433' title='bbox 2097 2036 2387 2092; x_wconf 85' lang='lat' dir='ltr'><strong>Justinus:</strong></span> <span class='ocrx_word' id='word_1_434' title='bbox 2420 2052 2551 2093; x_wconf 89' lang='lat' dir='ltr'><strong>eum</strong></span> <span class='ocrx_word' id='word_1_435' title='bbox 2582 2041 2778 2092; x_wconf 85' lang='lat' dir='ltr'><strong>tamen</strong></span> <span class='ocrx_word' id='word_1_436' title='bbox 2809 2036 2984 2092; x_wconf 89' lang='lat' dir='ltr'><strong>semel</strong></span> <span class='ocrx_word' id='word_1_437' title='bbox 3042 2043 3260 2093; x_wconf 87' lang='lat' dir='ltr'><strong>tantum</strong></span> <span class='ocrx_word' id='word_1_438' title='bbox 3307 2038 3564 2093; x_wconf 87' lang='lat' dir='ltr'><strong>nominat</strong></span> <span class='ocrx_word' id='word_1_439' title='bbox 3613 2038 3744 2108; x_wconf 83' lang='lat' dir='ltr'><strong>Epi-</strong></span> 
     </span>
    </p>
   </div>
   <div class='ocr_carea' id='block_1_68' title="bbox 2096 2124 3744 2196">
    <p class='ocr_par' dir='ltr' id='par_1_68' title="bbox 2096 2124 3744 2196">
     <span class='ocr_line' id='line_1_68' title="bbox 2096 2124 3744 2196; baseline 0 -16"><span class='ocrx_word' id='word_1_440' title='bbox 2096 2125 2364 2195; x_wconf 87' lang='lat' dir='ltr'><strong>phanius,</strong></span> <span class='ocrx_word' id='word_1_441' title='bbox 2406 2141 2513 2182; x_wconf 90' lang='lat' dir='ltr'><strong>nec</strong></span> <span class='ocrx_word' id='word_1_442' title='bbox 2551 2125 2612 2180; x_wconf 91' lang='lat' dir='ltr'><strong>in</strong></span> <span class='ocrx_word' id='word_1_443' title='bbox 2650 2125 2827 2181; x_wconf 90' lang='lat' dir='ltr'><strong>alium</strong></span> <span class='ocrx_word' id='word_1_444' title='bbox 2875 2124 3070 2190; x_wconf 82' lang='lat' dir='ltr'><strong>tinem,</strong></span> <span class='ocrx_word' id='word_1_445' title='bbox 3113 2140 3281 2196; x_wconf 90' lang='lat' dir='ltr'><strong>quam</strong></span> <span class='ocrx_word' id='word_1_446' title='bbox 3339 2133 3400 2181; x_wconf 89' lang='lat' dir='ltr'><strong>ut</strong></span> <span class='ocrx_word' id='word_1_447' title='bbox 3443 2125 3744 2182; x_wconf 89' lang='lat' dir='ltr'><strong>Tatiannm</strong></span> 
     </span>
    </p>
   </div>
   <div class='ocr_carea' id='block_1_69' title="bbox 2098 2213 3750 2286">
    <p class='ocr_par' dir='ltr' id='par_1_69' title="bbox 2098 2213 3750 2286">
     <span class='ocr_line' id='line_1_69' title="bbox 2098 2213 3750 2286; baseline 0.001 -17"><span class='ocrx_word' id='word_1_448' title='bbox 2098 2213 2427 2272; x_wconf 65' lang='lat' dir='ltr'><strong>haereticum</strong></span> <span class='ocrx_word' id='word_1_449' title='bbox 2475 2214 2561 2270; x_wconf 87' lang='lat' dir='ltr'><strong>illi</strong></span> <span class='ocrx_word' id='word_1_450' title='bbox 2619 2215 3007 2286; x_wconf 91' lang='lat' dir='ltr'><strong>synchronum</strong></span> <span class='ocrx_word' id='word_1_451' title='bbox 3059 2213 3232 2271; x_wconf 85' lang='lat' dir='ltr'><strong>fuisse</strong></span> <span class='ocrx_word' id='word_1_452' title='bbox 3287 2218 3572 2271; x_wconf 84' lang='lat' dir='ltr'><strong>ostendat.</strong></span> <span class='ocrx_word' id='word_1_453' title='bbox 3634 2215 3750 2272; x_wconf 89' lang='lat' dir='ltr'><strong>Ire-</strong></span> 
     </span>
    </p>
   </div>
   <div class='ocr_carea' id='block_1_70' title="bbox 2096 2303 3753 2376">
    <p class='ocr_par' dir='ltr' id='par_1_70' title="bbox 2096 2303 3753 2376">
     <span class='ocr_line' id='line_1_70' title="bbox 2096 2303 3753 2376; baseline 0 -16"><span class='ocrx_word' id='word_1_454' title='bbox 2096 2320 2281 2361; x_wconf 82' lang='lat' dir='ltr'><strong>naeum</strong></span> <span class='ocrx_word' id='word_1_455' title='bbox 2314 2305 2612 2376; x_wconf 86' lang='lat' dir='ltr'><strong>aliquoties</strong></span> <span class='ocrx_word' id='word_1_456' title='bbox 2670 2305 2822 2374; x_wconf 91' lang='lat' dir='ltr'><strong>citat,</strong></span> <span class='ocrx_word' id='word_1_457' title='bbox 2883 2312 2944 2360; x_wconf 91' lang='lat' dir='ltr'><strong>nt</strong></span> <span class='ocrx_word' id='word_1_458' title='bbox 2992 2303 3169 2361; x_wconf 90' lang='lat' dir='ltr'><strong>labori</strong></span> <span class='ocrx_word' id='word_1_459' title='bbox 3214 2321 3314 2361; x_wconf 90' lang='lat' dir='ltr'><strong>suo</strong></span> <span class='ocrx_word' id='word_1_460' title='bbox 3369 2311 3645 2376; x_wconf 88' lang='lat' dir='ltr'><strong>parceret,</strong></span> <span class='ocrx_word' id='word_1_461' title='bbox 3697 2311 3753 2362; x_wconf 90' lang='lat' dir='ltr'><strong>et</strong></span> 
     </span>
    </p>
   </div>
   <div class='ocr_carea' id='block_1_71' title="bbox 2099 2393 3746 2451">
    <p class='ocr_par' dir='ltr' id='par_1_71' title="bbox 2099 2393 3746 2451">
     <span class='ocr_line' id='line_1_71' title="bbox 2099 2393 3746 2451; baseline 0 -1"><span class='ocrx_word' id='word_1_462' title='bbox 2099 2394 2493 2450; x_wconf 73' lang='lat' dir='ltr'><strong>haereticorum</strong></span> <span class='ocrx_word' id='word_1_463' title='bbox 2527 2393 2822 2450; x_wconf 89' lang='lat' dir='ltr'><strong>historiam</strong></span> <span class='ocrx_word' id='word_1_464' title='bbox 2854 2410 2919 2449; x_wconf 83' lang='lat' dir='ltr'><strong>ex</strong></span> <span class='ocrx_word' id='word_1_465' title='bbox 2947 2393 3047 2450; x_wconf 90' lang='lat' dir='ltr'><strong>illo</strong></span> <span class='ocrx_word' id='word_1_466' title='bbox 3069 2394 3468 2451; x_wconf 89' lang='lat' dir='ltr'><strong>transcriberet</strong></span> <span class='ocrx_word' id='word_1_467' title='bbox 3496 2412 3510 2451; x_wconf 91' lang='lat'>:</span> <span class='ocrx_word' id='word_1_468' title='bbox 3542 2399 3599 2450; x_wconf 90' lang='lat' dir='ltr'><strong>at</strong></span> <span class='ocrx_word' id='word_1_469' title='bbox 3620 2411 3746 2451; x_wconf 82' lang='lat' dir='ltr'><strong>sen-</strong></span> 
     </span>
    </p>
   </div>
   <div class='ocr_carea' id='block_1_72' title="bbox 2097 2483 3748 2556">
    <p class='ocr_par' dir='ltr' id='par_1_72' title="bbox 2097 2483 3748 2556">
     <span class='ocr_line' id='line_1_72' title="bbox 2097 2483 3748 2556; baseline 0 -16"><span class='ocrx_word' id='word_1_470' title='bbox 2097 2483 2301 2540; x_wconf 89' lang='lat' dir='ltr'><strong>tentias</strong></span> <span class='ocrx_word' id='word_1_471' title='bbox 2321 2483 2540 2554; x_wconf 87' lang='lat' dir='ltr'><strong>aliquas</strong></span> <span class='ocrx_word' id='word_1_472' title='bbox 2572 2499 2638 2538; x_wconf 82' lang='lat' dir='ltr'><strong>ex</strong></span> <span class='ocrx_word' id='word_1_473' title='bbox 2681 2485 2882 2540; x_wconf 83' lang='lat' dir='ltr'><strong>eodem</strong></span> <span class='ocrx_word' id='word_1_474' title='bbox 2929 2484 2996 2539; x_wconf 87' lang='lat' dir='ltr'><strong>ad</strong></span> <span class='ocrx_word' id='word_1_475' title='bbox 3041 2483 3432 2541; x_wconf 76' lang='lat' dir='ltr'><strong>haareticorum</strong></span> <span class='ocrx_word' id='word_1_476' title='bbox 3479 2486 3748 2556; x_wconf 83' lang='lat' dir='ltr'><strong>dogmata</strong></span> 
     </span>
    </p>
   </div>
   <div class='ocr_carea' id='block_1_73' title="bbox 2094 2573 3748 2645">
    <p class='ocr_par' dir='ltr' id='par_1_73' title="bbox 2094 2573 3748 2645">
     <span class='ocr_line' id='line_1_73' title="bbox 2094 2573 3748 2645; baseline 0 -15"><span class='ocrx_word' id='word_1_477' title='bbox 2094 2573 2448 2630; x_wconf 82' lang='lat' dir='ltr'><strong>confutanda</strong></span> <span class='ocrx_word' id='word_1_478' title='bbox 2475 2589 2769 2644; x_wconf 89' lang='lat' dir='ltr'><strong>nunquam</strong></span> <span class='ocrx_word' id='word_1_479' title='bbox 2793 2574 3038 2630; x_wconf 89' lang='lat' dir='ltr'><strong>adducit.</strong></span> <span class='ocrx_word' id='word_1_480' title='bbox 3073 2575 3216 2639; x_wconf 91' lang='lat' dir='ltr'><strong>Imo,</strong></span> <span class='ocrx_word' id='word_1_481' title='bbox 3267 2582 3327 2629; x_wconf 88' lang='lat' dir='ltr'><strong>ut</strong></span> <span class='ocrx_word' id='word_1_482' title='bbox 3377 2574 3502 2645; x_wconf 90' lang='lat' dir='ltr'><strong>ipse</strong></span> <span class='ocrx_word' id='word_1_483' title='bbox 3550 2574 3748 2630; x_wconf 87' lang='lat' dir='ltr'><strong>obser-</strong></span> 
     </span>
    </p>
   </div>
   <div class='ocr_carea' id='block_1_74' title="bbox 2094 2663 3748 2734">
    <p class='ocr_par' dir='ltr' id='par_1_74' title="bbox 2094 2663 3748 2734">
     <span class='ocr_line' id='line_1_74' title="bbox 2094 2663 3748 2734; baseline 0 -16"><span class='ocrx_word' id='word_1_484' title='bbox 2094 2666 2206 2730; x_wconf 90' lang='lat' dir='ltr'><strong>vat,</strong></span> <span class='ocrx_word' id='word_1_485' title='bbox 2241 2665 2488 2718; x_wconf 73' lang='lat' dir='ltr'><strong>Irenaans</strong></span> <span class='ocrx_word' id='word_1_486' title='bbox 2518 2663 2700 2733; x_wconf 89' lang='lat' dir='ltr'><strong>primo</strong></span> <span class='ocrx_word' id='word_1_487' title='bbox 2751 2663 2896 2719; x_wconf 90' lang='lat' dir='ltr'><strong>libro</strong></span> <span class='ocrx_word' id='word_1_488' title='bbox 2945 2663 3238 2720; x_wconf 87' lang='lat' dir='ltr'><strong>haereticos</strong></span> <span class='ocrx_word' id='word_1_489' title='bbox 3290 2668 3565 2734; x_wconf 86' lang='lat' dir='ltr'><strong>recenset,</strong></span> <span class='ocrx_word' id='word_1_490' title='bbox 3609 2663 3748 2719; x_wconf 84' lang='lat' dir='ltr'><strong>reli-</strong></span> 
     </span>
    </p>
   </div>
   <div class='ocr_carea' id='block_1_75' title="bbox 2093 2747 3750 2822">
    <p class='ocr_par' dir='ltr' id='par_1_75' title="bbox 2093 2747 3750 2822">
     <span class='ocr_line' id='line_1_75' title="bbox 2093 2747 3750 2822; baseline -0.001 -17"><span class='ocrx_word' id='word_1_491' title='bbox 2093 2751 2220 2818; x_wconf 87' lang='lat' dir='ltr'><strong>quis</strong></span> <span class='ocrx_word' id='word_1_492' title='bbox 2247 2749 2485 2806; x_wconf 83' lang='lat' dir='ltr'><strong>refutat:</strong></span> <span class='ocrx_word' id='word_1_493' title='bbox 2519 2747 2786 2822; x_wconf 81' lang='grc' dir='ltr'><strong>ἀκρότατα</strong></span> <span class='ocrx_word' id='word_1_494' title='bbox 2831 2747 2888 2803; x_wconf 77' lang='grc' dir='ltr'><strong>δὲ</strong></span> <span class='ocrx_word' id='word_1_495' title='bbox 2946 2750 3142 2812; x_wconf 53' lang='lat' dir='ltr'><strong>autem</strong></span> <span class='ocrx_word' id='word_1_496' title='bbox 3198 2747 3248 2804; x_wconf 82' lang='grc' dir='ltr'>ἐν</span> <span class='ocrx_word' id='word_1_497' title='bbox 3308 2753 3388 2821; x_wconf 80' lang='grc' dir='ltr'><strong>τῷ</strong></span> <span class='ocrx_word' id='word_1_498' title='bbox 3444 2748 3568 2820; x_wconf 70' lang='grc' dir='ltr'>ἑξῆς</span> <span class='ocrx_word' id='word_1_499' title='bbox 3623 2747 3750 2804; x_wconf 82' lang='grc' dir='ltr'><strong>δευ-</strong></span> 
     </span>
    </p>
   </div>
   <div class='ocr_carea' id='block_1_76' title="bbox 2091 2835 3742 2914">
    <p class='ocr_par' dir='ltr' id='par_1_76' title="bbox 2091 2835 3742 2914">
     <span class='ocr_line' id='line_1_76' title="bbox 2091 2835 3742 2914; baseline 0.002 -22"><span class='ocrx_word' id='word_1_500' title='bbox 2091 2839 2232 2912; x_wconf 71' lang='grc' dir='ltr'><strong>τέρῳ</strong></span> <span class='ocrx_word' id='word_1_501' title='bbox 2263 2835 2425 2892; x_wconf 81' lang='grc' dir='ltr'>αὐτοῦ</span> <span class='ocrx_word' id='word_1_502' title='bbox 2457 2835 2611 2912; x_wconf 82' lang='grc' dir='ltr'>λόγῳ</span> <span class='ocrx_word' id='word_1_503' title='bbox 2634 2838 2724 2892; x_wconf 71' lang='grc' dir='ltr'>καὶ</span> <span class='ocrx_word' id='word_1_504' title='bbox 2769 2844 2886 2900; x_wconf 84' lang='grc' dir='ltr'><strong>τοῖς</strong></span> <span class='ocrx_word' id='word_1_505' title='bbox 2929 2835 3128 2902; x_wconf 77' lang='grc' dir='ltr'><strong>ἄλλοις</strong></span> <span class='ocrx_word' id='word_1_506' title='bbox 3183 2837 3437 2912; x_wconf 79' lang='grc' dir='ltr'><strong>διήλεγξε</strong></span> <span class='ocrx_word' id='word_1_507' title='bbox 3485 2859 3742 2914; x_wconf 86' lang='grc' dir='ltr'><strong>περιττο-</strong></span> 
     </span>
    </p>
   </div>
   <div class='ocr_carea' id='block_1_77' title="bbox 2090 2928 3739 3004">
    <p class='ocr_par' dir='ltr' id='par_1_77' title="bbox 2090 2928 3739 3004">
     <span class='ocr_line' id='line_1_77' title="bbox 2090 2928 3739 3004; baseline 0.004 -22"><span class='ocrx_word' id='word_1_508' title='bbox 2090 2928 2281 3004; x_wconf 78' lang='grc' dir='ltr'>τέρως,</span> <span class='ocrx_word' id='word_1_509' title='bbox 2315 2946 2436 3000; x_wconf 82' lang='lat' dir='ltr'><strong>quas</strong></span> <span class='ocrx_word' id='word_1_510' title='bbox 2459 2928 2844 3000; x_wconf 80' lang='lat' dir='ltr'><strong>negligentiae</strong></span> <span class='ocrx_word' id='word_1_511' title='bbox 2864 2947 2895 2985; x_wconf 89' lang='lat' dir='ltr'><strong>a</strong></span> <span class='ocrx_word' id='word_1_512' title='bbox 2927 2931 3153 2989; x_wconf 89' lang='lat' dir='ltr'><strong>Petavio</strong></span> <span class='ocrx_word' id='word_1_513' title='bbox 3182 2948 3343 2988; x_wconf 86' lang='lat' dir='ltr'><strong>versa</strong></span> <span class='ocrx_word' id='word_1_514' title='bbox 3368 2932 3450 2988; x_wconf 90' lang='lat' dir='ltr'><strong>sic</strong></span> <span class='ocrx_word' id='word_1_515' title='bbox 3485 2931 3700 3002; x_wconf 82' lang='lat' dir='ltr'><strong>reﬁnge</strong></span> <span class='ocrx_word' id='word_1_516' title='bbox 3725 2949 3739 2989; x_wconf 91' lang='lat'><strong>:</strong></span> 
     </span>
    </p>
   </div>
   <div class='ocr_carea' id='block_1_78' title="bbox 2093 3019 3742 3090">
    <p class='ocr_par' dir='ltr' id='par_1_78' title="bbox 2093 3019 3742 3090">
     <span class='ocr_line' id='line_1_78' title="bbox 2093 3019 3742 3090; baseline 0.002 -18"><span class='ocrx_word' id='word_1_517' title='bbox 2093 3021 2203 3089; x_wconf 89' lang='lat' dir='ltr'><strong>Ego</strong></span> <span class='ocrx_word' id='word_1_518' title='bbox 2234 3028 2416 3074; x_wconf 90' lang='lat' dir='ltr'><strong>autem</strong></span> <span class='ocrx_word' id='word_1_519' title='bbox 2447 3019 2510 3074; x_wconf 86' lang='lat' dir='ltr'><strong>in</strong></span> <span class='ocrx_word' id='word_1_520' title='bbox 2537 3019 2791 3090; x_wconf 76' lang='lat' dir='ltr'><strong>proximo</strong></span> <span class='ocrx_word' id='word_1_521' title='bbox 2819 3035 2915 3075; x_wconf 87' lang='lat' dir='ltr'><strong>seu</strong></span> <span class='ocrx_word' id='word_1_522' title='bbox 2961 3027 3195 3076; x_wconf 83' lang='lat' dir='ltr'><strong>secundo</strong></span> <span class='ocrx_word' id='word_1_523' title='bbox 3241 3020 3386 3077; x_wconf 81' lang='lat' dir='ltr'><strong>libro</strong></span> <span class='ocrx_word' id='word_1_524' title='bbox 3433 3021 3742 3075; x_wconf 85' lang='lat' dir='ltr'><strong>accuratis-</strong></span> 
     </span>
    </p>
   </div>
   <div class='ocr_carea' id='block_1_79' title="bbox 2089 3108 3742 3182">
    <p class='ocr_par' dir='ltr' id='par_1_79' title="bbox 2089 3108 3742 3182">
     <span class='ocr_line' id='line_1_79' title="bbox 2089 3108 3742 3182; baseline 0.001 -18"><span class='ocrx_word' id='word_1_525' title='bbox 2089 3108 2244 3179; x_wconf 86' lang='lat' dir='ltr'><strong>sime,</strong></span> <span class='ocrx_word' id='word_1_526' title='bbox 2277 3114 2327 3164; x_wconf 87' lang='lat' dir='ltr'><strong>et</strong></span> <span class='ocrx_word' id='word_1_527' title='bbox 2357 3111 2418 3164; x_wconf 88' lang='lat' dir='ltr'><strong>in</strong></span> <span class='ocrx_word' id='word_1_528' title='bbox 2448 3108 2686 3181; x_wconf 87' lang='lat' dir='ltr'><strong>reliquis</strong></span> <span class='ocrx_word' id='word_1_529' title='bbox 2732 3126 2805 3165; x_wconf 73' lang='lat' dir='ltr'><strong>ex</strong></span> <span class='ocrx_word' id='word_1_530' title='bbox 2853 3110 3326 3182; x_wconf 84' lang='lat' dir='ltr'><strong>superabundanti</strong></span> <span class='ocrx_word' id='word_1_531' title='bbox 3371 3112 3662 3178; x_wconf 81' lang='lat' dir='ltr'><strong>refutauit.</strong></span> <span class='ocrx_word' id='word_1_532' title='bbox 3697 3110 3742 3165; x_wconf 90' lang='lat' dir='ltr'><strong>E</strong></span> 
     </span>
    </p>
   </div>
   <div class='ocr_carea' id='block_1_80' title="bbox 2092 3197 3740 3268">
    <p class='ocr_par' dir='ltr' id='par_1_80' title="bbox 2092 3197 3740 3268">
     <span class='ocr_line' id='line_1_80' title="bbox 2092 3197 3740 3268; baseline 0.002 -16"><span class='ocrx_word' id='word_1_533' title='bbox 2092 3198 2275 3268; x_wconf 88' lang='lat' dir='ltr'><strong>primo</strong></span> <span class='ocrx_word' id='word_1_534' title='bbox 2306 3205 2494 3253; x_wconf 90' lang='lat' dir='ltr'><strong>tamen</strong></span> <span class='ocrx_word' id='word_1_535' title='bbox 2529 3197 2697 3264; x_wconf 90' lang='lat' dir='ltr'><strong>libro,</strong></span> <span class='ocrx_word' id='word_1_536' title='bbox 2730 3206 2920 3268; x_wconf 90' lang='lat' dir='ltr'><strong>utpote</strong></span> <span class='ocrx_word' id='word_1_537' title='bbox 2971 3198 3237 3255; x_wconf 89' lang='lat' dir='ltr'><strong>historico</strong></span> <span class='ocrx_word' id='word_1_538' title='bbox 3264 3207 3502 3267; x_wconf 90' lang='lat' dir='ltr'><strong>tantum,</strong></span> <span class='ocrx_word' id='word_1_539' title='bbox 3538 3215 3740 3256; x_wconf 78' lang='lat' dir='ltr'><strong>excer-</strong></span> 
     </span>
    </p>
   </div>
   <div class='ocr_carea' id='block_1_81' title="bbox 2093 3288 3744 3360">
    <p class='ocr_par' dir='ltr' id='par_1_81' title="bbox 2093 3288 3744 3360">
     <span class='ocr_line' id='line_1_81' title="bbox 2093 3288 3744 3360; baseline 0.003 -19"><span class='ocrx_word' id='word_1_540' title='bbox 2093 3293 2186 3360; x_wconf 90' lang='lat' dir='ltr'><strong>pta</strong></span> <span class='ocrx_word' id='word_1_541' title='bbox 2217 3288 2452 3358; x_wconf 87' lang='lat' dir='ltr'><strong>protulit</strong></span> <span class='ocrx_word' id='word_1_542' title='bbox 2478 3288 2847 3358; x_wconf 84' lang='lat' dir='ltr'><strong>Epiphanius,</strong></span> <span class='ocrx_word' id='word_1_543' title='bbox 2879 3288 2946 3344; x_wconf 85' lang='lat' dir='ltr'><strong>ad</strong></span> <span class='ocrx_word' id='word_1_544' title='bbox 2979 3289 3290 3346; x_wconf 89' lang='lat' dir='ltr'><strong>secundum</strong></span> <span class='ocrx_word' id='word_1_545' title='bbox 3333 3289 3507 3344; x_wconf 87' lang='lat' dir='ltr'><strong>semel</strong></span> <span class='ocrx_word' id='word_1_546' title='bbox 3547 3305 3744 3360; x_wconf 88' lang='lat' dir='ltr'><strong>respe-</strong></span> 
     </span>
    </p>
   </div>
   <div class='ocr_carea' id='block_1_82' title="bbox 2090 3377 3738 3450">
    <p class='ocr_par' dir='ltr' id='par_1_82' title="bbox 2090 3377 3738 3450">
     <span class='ocr_line' id='line_1_82' title="bbox 2090 3377 3738 3450; baseline 0.002 -18"><span class='ocrx_word' id='word_1_547' title='bbox 2090 3377 2189 3446; x_wconf 77' lang='lat' dir='ltr'><strong>xit,</strong></span> <span class='ocrx_word' id='word_1_548' title='bbox 2232 3377 2478 3448; x_wconf 90' lang='lat' dir='ltr'><strong>reliquos</strong></span> <span class='ocrx_word' id='word_1_549' title='bbox 2517 3393 2810 3448; x_wconf 89' lang='lat' dir='ltr'><strong>nunquam</strong></span> <span class='ocrx_word' id='word_1_550' title='bbox 2841 3379 3062 3449; x_wconf 89' lang='lat' dir='ltr'><strong>attigit;</strong></span> <span class='ocrx_word' id='word_1_551' title='bbox 3097 3395 3167 3435; x_wconf 92' lang='lat' dir='ltr'><strong>ne</strong></span> <span class='ocrx_word' id='word_1_552' title='bbox 3200 3395 3374 3434; x_wconf 92' lang='lat' dir='ltr'><strong>unum</strong></span> <span class='ocrx_word' id='word_1_553' title='bbox 3407 3379 3634 3450; x_wconf 90' lang='lat' dir='ltr'><strong>quidem</strong></span> <span class='ocrx_word' id='word_1_554' title='bbox 3667 3396 3738 3436; x_wconf 86' lang='lat' dir='ltr'><strong>ex</strong></span> 
     </span>
    </p>
   </div>
   <div class='ocr_carea' id='block_1_83' title="bbox 2096 3468 3742 3536">
    <p class='ocr_par' dir='ltr' id='par_1_83' title="bbox 2096 3468 3742 3536">
     <span class='ocr_line' id='line_1_83' title="bbox 2096 3468 3742 3536; baseline 0.002 -14"><span class='ocrx_word' id='word_1_555' title='bbox 2096 3468 2164 3522; x_wconf 92' lang='lat' dir='ltr'><strong>iis</strong></span> <span class='ocrx_word' id='word_1_556' title='bbox 2223 3468 2612 3523; x_wconf 91' lang='lat' dir='ltr'><strong>testimonium</strong></span> <span class='ocrx_word' id='word_1_557' title='bbox 2659 3469 2928 3524; x_wconf 86' lang='lat' dir='ltr'><strong>adversus</strong></span> <span class='ocrx_word' id='word_1_558' title='bbox 2969 3468 3264 3524; x_wconf 68' lang='lat' dir='ltr'><strong>haereticos</strong></span> <span class='ocrx_word' id='word_1_559' title='bbox 3312 3469 3562 3536; x_wconf 80' lang='lat' dir='ltr'><strong>adduxit,</strong></span> <span class='ocrx_word' id='word_1_560' title='bbox 3611 3470 3742 3526; x_wconf 87' lang='lat' dir='ltr'><strong>Cle-</strong></span> 
     </span>
    </p>
   </div>
   <div class='ocr_carea' id='block_1_84' title="bbox 2090 3558 3744 3624">
    <p class='ocr_par' dir='ltr' id='par_1_84' title="bbox 2090 3558 3744 3624">
     <span class='ocr_line' id='line_1_84' title="bbox 2090 3558 3744 3624; baseline 0.001 -11"><span class='ocrx_word' id='word_1_561' title='bbox 2090 3565 2337 3614; x_wconf 88' lang='lat' dir='ltr'><strong>mentem</strong></span> <span class='ocrx_word' id='word_1_562' title='bbox 2395 3558 2846 3614; x_wconf 76' lang='lat' dir='ltr'><strong>Alexandrinum</strong></span> <span class='ocrx_word' id='word_1_563' title='bbox 2888 3566 2941 3613; x_wconf 92' lang='lat' dir='ltr'><strong>et</strong></span> <span class='ocrx_word' id='word_1_564' title='bbox 2983 3558 3287 3614; x_wconf 90' lang='lat' dir='ltr'><strong>Eusebium</strong></span> <span class='ocrx_word' id='word_1_565' title='bbox 3332 3559 3606 3624; x_wconf 84' lang='lat' dir='ltr'><strong>nominat,</strong></span> <span class='ocrx_word' id='word_1_566' title='bbox 3641 3561 3744 3617; x_wconf 90' lang='lat' dir='ltr'><strong>sed</strong></span> 
     </span>
    </p>
   </div>
   <div class='ocr_carea' id='block_1_85' title="bbox 2089 3649 3740 3719">
    <p class='ocr_par' dir='ltr' id='par_1_85' title="bbox 2089 3649 3740 3719">
     <span class='ocr_line' id='line_1_85' title="bbox 2089 3649 3740 3719; baseline 0.002 -17"><span class='ocrx_word' id='word_1_567' title='bbox 2089 3650 2480 3705; x_wconf 90' lang='lat' dir='ltr'><strong>tantummodo</strong></span> <span class='ocrx_word' id='word_1_568' title='bbox 2531 3653 2801 3719; x_wconf 78' lang='lat' dir='ltr'><strong>tanquam</strong></span> <span class='ocrx_word' id='word_1_569' title='bbox 2863 3649 2974 3704; x_wconf 87' lang='lat' dir='ltr'><strong>lide</strong></span> <span class='ocrx_word' id='word_1_570' title='bbox 3028 3650 3227 3717; x_wconf 77' lang='lat' dir='ltr'><strong>dignos</strong></span> <span class='ocrx_word' id='word_1_571' title='bbox 3281 3657 3446 3706; x_wconf 84' lang='lat' dir='ltr'><strong>testes</strong></span> <span class='ocrx_word' id='word_1_572' title='bbox 3491 3649 3740 3705; x_wconf 85' lang='lat' dir='ltr'><strong>historiae</strong></span> 
     </span>
    </p>
   </div>
   <div class='ocr_carea' id='block_1_86' title="bbox 2089 3737 2946 3809">
    <p class='ocr_par' dir='ltr' id='par_1_86' title="bbox 2089 3737 2946 3809">
     <span class='ocr_line' id='line_1_86' title="bbox 2089 3737 2946 3809; baseline -0.004 -15"><span class='ocrx_word' id='word_1_573' title='bbox 2089 3754 2211 3809; x_wconf 79' lang='lat' dir='ltr'><strong>quae</strong></span> <span class='ocrx_word' id='word_1_574' title='bbox 2237 3740 2307 3794; x_wconf 89' lang='lat' dir='ltr'><strong>de</strong></span> <span class='ocrx_word' id='word_1_575' title='bbox 2336 3738 2392 3794; x_wconf 93' lang='lat' dir='ltr'><strong>S.</strong></span> <span class='ocrx_word' id='word_1_576' title='bbox 2425 3737 2634 3794; x_wconf 86' lang='lat' dir='ltr'><strong>Jacobo</strong></span> <span class='ocrx_word' id='word_1_577' title='bbox 2666 3743 2946 3793; x_wconf 57' lang='lat' dir='ltr'><strong>narratur.</strong></span> 
     </span>
    </p>
   </div>
   <div class='ocr_carea' id='block_1_87' title="bbox 2160 3827 3734 3899">
    <p class='ocr_par' dir='ltr' id='par_1_87' title="bbox 2160 3827 3734 3899">
     <span class='ocr_line' id='line_1_87' title="bbox 2160 3827 3734 3899; baseline -0.001 -13"><span class='ocrx_word' id='word_1_578' title='bbox 2160 3831 2367 3898; x_wconf 85' lang='lat' dir='ltr'><strong>Quidni</strong></span> <span class='ocrx_word' id='word_1_579' title='bbox 2398 3837 2582 3886; x_wconf 87' lang='lat' dir='ltr'><strong>autem</strong></span> <span class='ocrx_word' id='word_1_580' title='bbox 2616 3837 2670 3884; x_wconf 87' lang='lat' dir='ltr'><strong>et</strong></span> <span class='ocrx_word' id='word_1_581' title='bbox 2729 3829 2785 3883; x_wconf 89' lang='lat' dir='ltr'><strong>in</strong></span> <span class='ocrx_word' id='word_1_582' title='bbox 2839 3830 3144 3895; x_wconf 74' lang='lat' dir='ltr'><strong>lgnatianis</strong></span> <span class='ocrx_word' id='word_1_583' title='bbox 3202 3846 3358 3898; x_wconf 51' lang='lat' dir='ltr'><strong>asque</strong></span> <span class='ocrx_word' id='word_1_584' title='bbox 3415 3831 3466 3885; x_wconf 92' lang='lat' dir='ltr'><strong>ei</strong></span> <span class='ocrx_word' id='word_1_585' title='bbox 3518 3827 3734 3899; x_wconf 82' lang='grc' dir='ltr'><strong>ἆξιόπι’</strong></span> 
     </span>
    </p>
   </div>
   <div class='ocr_carea' id='block_1_88' title="bbox 2088 3917 3733 3980">
    <p class='ocr_par' dir='ltr' id='par_1_88' title="bbox 2088 3917 3733 3980">
     <span class='ocr_line' id='line_1_88' title="bbox 2088 3917 3733 3980; baseline -0.001 -6"><span class='ocrx_word' id='word_1_586' title='bbox 2088 3938 2210 3980; x_wconf 83' lang='grc' dir='ltr'><strong>στος</strong></span> <span class='ocrx_word' id='word_1_587' title='bbox 2241 3927 2358 3974; x_wconf 88' lang='lat' dir='ltr'><strong>erat</strong></span> <span class='ocrx_word' id='word_1_588' title='bbox 2388 3917 2666 3974; x_wconf 87' lang='lat' dir='ltr'><strong>Eusebius</strong></span> <span class='ocrx_word' id='word_1_589' title='bbox 2691 3920 2713 3972; x_wconf 73' lang='grc' dir='ltr'>Ρ</span> <span class='ocrx_word' id='word_1_590' title='bbox 2739 3918 3089 3974; x_wconf 87' lang='lat' dir='ltr'><strong>Clementem</strong></span> <span class='ocrx_word' id='word_1_591' title='bbox 3127 3917 3279 3972; x_wconf 90' lang='lat' dir='ltr'><strong>hunc</strong></span> <span class='ocrx_word' id='word_1_592' title='bbox 3320 3919 3486 3974; x_wconf 91' lang='lat' dir='ltr'><strong>etiam</strong></span> <span class='ocrx_word' id='word_1_593' title='bbox 3535 3921 3733 3975; x_wconf 89' lang='lat' dir='ltr'><strong>adver-</strong></span> 
     </span>
    </p>
   </div>
   <div class='ocr_carea' id='block_1_89' title="bbox 2087 4007 3732 4079">
    <p class='ocr_par' dir='ltr' id='par_1_89' title="bbox 2087 4007 3732 4079">
     <span class='ocr_line' id='line_1_89' title="bbox 2087 4007 3732 4079; baseline -0.001 -14"><span class='ocrx_word' id='word_1_594' title='bbox 2087 4027 2181 4066; x_wconf 90' lang='lat' dir='ltr'><strong>sus</strong></span> <span class='ocrx_word' id='word_1_595' title='bbox 2210 4009 2506 4077; x_wconf 79' lang='lat' dir='ltr'><strong>gentilium</strong></span> <span class='ocrx_word' id='word_1_596' title='bbox 2541 4009 2696 4070; x_wconf 90' lang='lat' dir='ltr'><strong>deos,</strong></span> <span class='ocrx_word' id='word_1_597' title='bbox 2733 4023 2837 4063; x_wconf 90' lang='lat' dir='ltr'><strong>nec</strong></span> <span class='ocrx_word' id='word_1_598' title='bbox 2865 4007 3029 4062; x_wconf 84' lang='lat' dir='ltr'><strong>aliter</strong></span> <span class='ocrx_word' id='word_1_599' title='bbox 3058 4007 3214 4063; x_wconf 88' lang='lat' dir='ltr'><strong>citat.</strong></span> <span class='ocrx_word' id='word_1_600' title='bbox 3251 4007 3530 4064; x_wconf 80' lang='lat' dir='ltr'><strong>Prolixam</strong></span> <span class='ocrx_word' id='word_1_601' title='bbox 3565 4025 3732 4079; x_wconf 91' lang='lat' dir='ltr'><strong>porro</strong></span> 
     </span>
    </p>
   </div>
   <div class='ocr_carea' id='block_1_90' title="bbox 2085 4097 3744 4168">
    <p class='ocr_par' dir='ltr' id='par_1_90' title="bbox 2085 4097 3744 4168">
     <span class='ocr_line' id='line_1_90' title="bbox 2085 4097 3744 4168; baseline -0.001 -14"><span class='ocrx_word' id='word_1_602' title='bbox 2085 4100 2139 4154; x_wconf 92' lang='lat' dir='ltr'><strong>S.</strong></span> <span class='ocrx_word' id='word_1_603' title='bbox 2177 4099 2443 4156; x_wconf 83' lang='lat' dir='ltr'><strong>Methodii</strong></span> <span class='ocrx_word' id='word_1_604' title='bbox 2495 4097 2936 4167; x_wconf 87' lang='lat' dir='ltr'><strong>disputationem</strong></span> <span class='ocrx_word' id='word_1_605' title='bbox 2969 4097 3196 4152; x_wconf 83' lang='lat' dir='ltr'><strong>adducit</strong></span> <span class='ocrx_word' id='word_1_606' title='bbox 3247 4098 3520 4153; x_wconf 85' lang='lat' dir='ltr'><strong>adversus</strong></span> <span class='ocrx_word' id='word_1_607' title='bbox 3549 4099 3744 4168; x_wconf 88' lang='lat' dir='ltr'><strong>Orige-</strong></span> 
     </span>
    </p>
   </div>
   <div class='ocr_carea' id='block_1_91' title="bbox 2087 4186 3741 4257">
    <p class='ocr_par' dir='ltr' id='par_1_91' title="bbox 2087 4186 3741 4257">
     <span class='ocr_line' id='line_1_91' title="bbox 2087 4186 3741 4257; baseline 0.001 -12"><span class='ocrx_word' id='word_1_608' title='bbox 2087 4204 2216 4245; x_wconf 83' lang='lat' dir='ltr'><strong>nem</strong></span> <span class='ocrx_word' id='word_1_609' title='bbox 2250 4190 2327 4244; x_wconf 88' lang='lat' dir='ltr'><strong>De</strong></span> <span class='ocrx_word' id='word_1_610' title='bbox 2359 4191 2781 4250; x_wconf 77' lang='lat' dir='ltr'><strong>resurrectione,</strong></span> <span class='ocrx_word' id='word_1_611' title='bbox 2831 4192 2928 4241; x_wconf 91' lang='lat' dir='ltr'><strong>aut</strong></span> <span class='ocrx_word' id='word_1_612' title='bbox 2975 4194 3038 4240; x_wconf 86' lang='lat' dir='ltr'><strong>ut</strong></span> <span class='ocrx_word' id='word_1_613' title='bbox 3091 4186 3266 4241; x_wconf 91' lang='lat' dir='ltr'><strong>labori</strong></span> <span class='ocrx_word' id='word_1_614' title='bbox 3317 4204 3416 4242; x_wconf 91' lang='lat' dir='ltr'><strong>suo</strong></span> <span class='ocrx_word' id='word_1_615' title='bbox 3466 4196 3741 4257; x_wconf 88' lang='lat' dir='ltr'><strong>parceret.</strong></span> 
     </span>
    </p>
   </div>
   <div class='ocr_carea' id='block_1_92' title="bbox 2083 4275 3744 4346">
    <p class='ocr_par' dir='ltr' id='par_1_92' title="bbox 2083 4275 3744 4346">
     <span class='ocr_line' id='line_1_92' title="bbox 2083 4275 3744 4346; baseline 0 -14"><span class='ocrx_word' id='word_1_616' title='bbox 2083 4285 2182 4333; x_wconf 88' lang='lat' dir='ltr'><strong>ant</strong></span> <span class='ocrx_word' id='word_1_617' title='bbox 2217 4287 2274 4332; x_wconf 91' lang='lat' dir='ltr'><strong>ut</strong></span> <span class='ocrx_word' id='word_1_618' title='bbox 2301 4278 2572 4332; x_wconf 84' lang='lat' dir='ltr'><strong>invidiam</strong></span> <span class='ocrx_word' id='word_1_619' title='bbox 2603 4277 2934 4332; x_wconf 89' lang='lat' dir='ltr'><strong>declinaret.</strong></span> <span class='ocrx_word' id='word_1_620' title='bbox 2976 4276 3049 4330; x_wconf 88' lang='lat' dir='ltr'><strong>Eo</strong></span> <span class='ocrx_word' id='word_1_621' title='bbox 3078 4275 3228 4330; x_wconf 84' lang='lat' dir='ltr'><strong>enim</strong></span> <span class='ocrx_word' id='word_1_622' title='bbox 3252 4281 3494 4346; x_wconf 77' lang='lat' dir='ltr'><strong>tempore</strong></span> <span class='ocrx_word' id='word_1_623' title='bbox 3537 4279 3744 4346; x_wconf 84' lang='lat' dir='ltr'><strong>Orige-</strong></span> 
     </span>
    </p>
   </div>
   <div class='ocr_carea' id='block_1_93' title="bbox 2083 4365 3738 4436">
    <p class='ocr_par' dir='ltr' id='par_1_93' title="bbox 2083 4365 3738 4436">
     <span class='ocr_line' id='line_1_93' title="bbox 2083 4365 3738 4436; baseline -0.001 -15"><span class='ocrx_word' id='word_1_624' title='bbox 2083 4369 2175 4423; x_wconf 85' lang='lat' dir='ltr'><strong>nis</strong></span> <span class='ocrx_word' id='word_1_625' title='bbox 2203 4383 2401 4422; x_wconf 88' lang='lat' dir='ltr'><strong>nomen</strong></span> <span class='ocrx_word' id='word_1_626' title='bbox 2430 4367 2666 4436; x_wconf 84' lang='lat' dir='ltr'><strong>ﬂorebat</strong></span> <span class='ocrx_word' id='word_1_627' title='bbox 2697 4367 2755 4420; x_wconf 86' lang='lat' dir='ltr'><strong>in</strong></span> <span class='ocrx_word' id='word_1_628' title='bbox 2792 4365 3018 4431; x_wconf 87' lang='lat' dir='ltr'><strong>mundo,</strong></span> <span class='ocrx_word' id='word_1_629' title='bbox 3048 4374 3106 4419; x_wconf 91' lang='lat' dir='ltr'><strong>nt</strong></span> <span class='ocrx_word' id='word_1_630' title='bbox 3161 4365 3409 4435; x_wconf 88' lang='lat' dir='ltr'><strong>loquitur</strong></span> <span class='ocrx_word' id='word_1_631' title='bbox 3457 4368 3738 4436; x_wconf 77' lang='lat' dir='ltr'><strong>Hierony-</strong></span> 
     </span>
    </p>
   </div>
   <div class='ocr_carea' id='block_1_94' title="bbox 2085 4455 3741 4525">
    <p class='ocr_par' dir='ltr' id='par_1_94' title="bbox 2085 4455 3741 4525">
     <span class='ocr_line' id='line_1_94' title="bbox 2085 4455 3741 4525; baseline -0.001 -13"><span class='ocrx_word' id='word_1_632' title='bbox 2085 4473 2233 4512; x_wconf 89' lang='lat' dir='ltr'><strong>mus.</strong></span> <span class='ocrx_word' id='word_1_633' title='bbox 2266 4456 2325 4512; x_wconf 85' lang='lat' dir='ltr'><strong>S.</strong></span> <span class='ocrx_word' id='word_1_634' title='bbox 2356 4456 2653 4510; x_wconf 80' lang='lat' dir='ltr'><strong>Athanasii</strong></span> <span class='ocrx_word' id='word_1_635' title='bbox 2711 4455 2942 4524; x_wconf 88' lang='lat' dir='ltr'><strong>quidem</strong></span> <span class='ocrx_word' id='word_1_636' title='bbox 2998 4455 3271 4510; x_wconf 69' lang='lat' dir='ltr'><strong>integram</strong></span> <span class='ocrx_word' id='word_1_637' title='bbox 3320 4455 3620 4525; x_wconf 87' lang='lat' dir='ltr'><strong>epistolam</strong></span> <span class='ocrx_word' id='word_1_638' title='bbox 3667 4457 3741 4511; x_wconf 89' lang='lat' dir='ltr'><strong>ad</strong></span> 
     </span>
    </p>
   </div>
   <div class='ocr_carea' id='block_1_95' title="bbox 2086 4543 3743 4616">
    <p class='ocr_par' dir='ltr' id='par_1_95' title="bbox 2086 4543 3743 4616">
     <span class='ocr_line' id='line_1_95' title="bbox 2086 4543 3743 4616; baseline 0 -16"><span class='ocrx_word' id='word_1_639' title='bbox 2086 4546 2405 4616; x_wconf 88' lang='lat' dir='ltr'><strong>Epictetum</strong></span> <span class='ocrx_word' id='word_1_640' title='bbox 2454 4545 2842 4613; x_wconf 78' lang='lat' dir='ltr'><strong>transcripsit,</strong></span> <span class='ocrx_word' id='word_1_641' title='bbox 2895 4543 2988 4598; x_wconf 90' lang='lat' dir='ltr'><strong>sed</strong></span> <span class='ocrx_word' id='word_1_642' title='bbox 3049 4552 3105 4598; x_wconf 90' lang='lat' dir='ltr'><strong>ut</strong></span> <span class='ocrx_word' id='word_1_643' title='bbox 3159 4545 3578 4599; x_wconf 70' lang='lat' dir='ltr'><strong>Dimaeritarum</strong></span> <span class='ocrx_word' id='word_1_644' title='bbox 3630 4545 3743 4600; x_wconf 69' lang='lat' dir='ltr'><strong>hae-</strong></span> 
     </span>
    </p>
   </div>
   <div class='ocr_carea' id='block_1_96' title="bbox 329 4616 3737 4704">
    <p class='ocr_par' dir='ltr' id='par_1_96' title="bbox 329 4616 3737 4704">
     <span class='ocr_line' id='line_1_96' title="bbox 329 4616 3737 4704; baseline 0.002 -22"><span class='ocrx_word' id='word_1_645' title='bbox 329 4635 505 4698; x_wconf 89' lang='lat' dir='ltr'><strong>putat.</strong></span> <span class='ocrx_word' id='word_1_646' title='bbox 543 4629 605 4682; x_wconf 89' lang='lat' dir='ltr'><strong>Et</strong></span> <span class='ocrx_word' id='word_1_647' title='bbox 637 4628 817 4698; x_wconf 92' lang='lat' dir='ltr'><strong>primo</strong></span> <span class='ocrx_word' id='word_1_648' title='bbox 847 4631 1072 4699; x_wconf 85' lang='lat' dir='ltr'><strong>quidem</strong></span> <span class='ocrx_word' id='word_1_649' title='bbox 1129 4631 1322 4694; x_wconf 82' lang='lat' dir='ltr'><strong>fateor,</strong></span> <span class='ocrx_word' id='word_1_650' title='bbox 1362 4630 1739 4700; x_wconf 86' lang='lat' dir='ltr'><strong>Epiphaninm</strong></span> <span class='ocrx_word' id='word_1_651' title='bbox 1775 4633 1975 4704; x_wconf 90' lang='lat' dir='ltr'><strong>lgnatii</strong></span> <span class='ocrx_word' id='word_1_652' title='bbox 2009 4616 2052 4682; x_wconf 84' lang='lat' dir='ltr'><strong>D</strong></span> <span class='ocrx_word' id='word_1_653' title='bbox 2086 4634 2236 4690; x_wconf 87' lang='lat' dir='ltr'><strong>resin</strong></span> <span class='ocrx_word' id='word_1_654' title='bbox 2273 4635 2614 4689; x_wconf 88' lang='lat' dir='ltr'><strong>luculentius</strong></span> <span class='ocrx_word' id='word_1_655' title='bbox 2643 4633 3006 4700; x_wconf 86' lang='lat' dir='ltr'><strong>describeret,</strong></span> <span class='ocrx_word' id='word_1_656' title='bbox 3059 4633 3343 4702; x_wconf 81' lang='lat' dir='ltr'><strong>simulque</strong></span> <span class='ocrx_word' id='word_1_657' title='bbox 3386 4642 3624 4700; x_wconf 85' lang='lat' dir='ltr'><strong>caveret,</strong></span> <span class='ocrx_word' id='word_1_658' title='bbox 3661 4651 3737 4690; x_wconf 85' lang='lat' dir='ltr'><strong>ne</strong></span> 
     </span>
    </p>
   </div>
   <div class='ocr_carea' id='block_1_97' title="bbox 329 4713 1970 4785">
    <p class='ocr_par' dir='ltr' id='par_1_97' title="bbox 329 4713 1970 4785">
     <span class='ocr_line' id='line_1_97' title="bbox 329 4713 1970 4785; baseline 0.004 -17"><span class='ocrx_word' id='word_1_659' title='bbox 329 4713 390 4768; x_wconf 89' lang='lat' dir='ltr'><strong>in</strong></span> <span class='ocrx_word' id='word_1_660' title='bbox 425 4713 583 4769; x_wconf 86' lang='lat' dir='ltr'><strong>libris</strong></span> <span class='ocrx_word' id='word_1_661' title='bbox 614 4719 691 4770; x_wconf 87' lang='lat' dir='ltr'><strong>De</strong></span> <span class='ocrx_word' id='word_1_662' title='bbox 720 4715 1014 4771; x_wconf 65' lang='lat' dir='ltr'><strong>hmresibus</strong></span> <span class='ocrx_word' id='word_1_663' title='bbox 1034 4730 1324 4785; x_wconf 87' lang='lat' dir='ltr'><strong>nunquam</strong></span> <span class='ocrx_word' id='word_1_664' title='bbox 1357 4718 1722 4783; x_wconf 87' lang='lat' dir='ltr'><strong>meminisse;</strong></span> <span class='ocrx_word' id='word_1_665' title='bbox 1755 4726 1808 4772; x_wconf 87' lang='lat' dir='ltr'><strong>at</strong></span> <span class='ocrx_word' id='word_1_666' title='bbox 1841 4734 1970 4780; x_wconf 89' lang='lat' dir='ltr'><strong>eum</strong></span> 
     </span>
    </p>
   </div>
   <div class='ocr_carea' id='block_1_98' title="bbox 328 4803 1975 4879">
    <p class='ocr_par' dir='ltr' id='par_1_98' title="bbox 328 4803 1975 4879">
     <span class='ocr_line' id='line_1_98' title="bbox 328 4803 1975 4879; baseline 0.004 -21"><span class='ocrx_word' id='word_1_667' title='bbox 328 4818 435 4859; x_wconf 90' lang='lat' dir='ltr'><strong>nec</strong></span> <span class='ocrx_word' id='word_1_668' title='bbox 459 4803 746 4873; x_wconf 85' lang='lat' dir='ltr'><strong>ignorasse</strong></span> <span class='ocrx_word' id='word_1_669' title='bbox 762 4807 896 4861; x_wconf 90' lang='lat' dir='ltr'><strong>inde</strong></span> <span class='ocrx_word' id='word_1_670' title='bbox 927 4805 1312 4874; x_wconf 90' lang='lat' dir='ltr'><strong>sequitur,nec</strong></span> <span class='ocrx_word' id='word_1_671' title='bbox 1329 4806 1737 4874; x_wconf 86' lang='lat' dir='ltr'><strong>contempsisse</strong></span> <span class='ocrx_word' id='word_1_672' title='bbox 1755 4832 1770 4874; x_wconf 89' lang='lat'><strong>;</strong></span> <span class='ocrx_word' id='word_1_673' title='bbox 1788 4824 1975 4879; x_wconf 89' lang='lat' dir='ltr'><strong>neque</strong></span> 
     </span>
    </p>
   </div>
   <div class='ocr_carea' id='block_1_99' title="bbox 327 4893 1975 4963">
    <p class='ocr_par' dir='ltr' id='par_1_99' title="bbox 327 4893 1975 4963">
     <span class='ocr_line' id='line_1_99' title="bbox 327 4893 1975 4963; baseline 0.005 -16"><span class='ocrx_word' id='word_1_674' title='bbox 327 4893 371 4947; x_wconf 91' lang='lat' dir='ltr'><strong>si</strong></span> <span class='ocrx_word' id='word_1_675' title='bbox 404 4894 768 4963; x_wconf 87' lang='lat' dir='ltr'><strong>ignoraverit,</strong></span> <span class='ocrx_word' id='word_1_676' title='bbox 806 4901 882 4949; x_wconf 93' lang='lat' dir='ltr'><strong>tot</strong></span> <span class='ocrx_word' id='word_1_677' title='bbox 914 4893 1014 4949; x_wconf 93' lang='lat' dir='ltr'><strong>illo</strong></span> <span class='ocrx_word' id='word_1_678' title='bbox 1044 4909 1162 4950; x_wconf 74' lang='lat' dir='ltr'><strong>aevo</strong></span> <span class='ocrx_word' id='word_1_679' title='bbox 1205 4900 1259 4950; x_wconf 90' lang='lat' dir='ltr'><strong>et</strong></span> <span class='ocrx_word' id='word_1_680' title='bbox 1305 4895 1519 4963; x_wconf 84' lang='lat' dir='ltr'><strong>Optime</strong></span> <span class='ocrx_word' id='word_1_681' title='bbox 1565 4895 1872 4954; x_wconf 88' lang='lat' dir='ltr'><strong>scientibus</strong></span> <span class='ocrx_word' id='word_1_682' title='bbox 1922 4909 1975 4955; x_wconf 92' lang='lat' dir='ltr'><strong>et</strong></span> 
     </span>
    </p>
   </div>
   <div class='ocr_carea' id='block_1_100' title="bbox 331 4983 1976 5053">
    <p class='ocr_par' dir='ltr' id='par_1_100' title="bbox 331 4983 1976 5053">
     <span class='ocr_line' id='line_1_100' title="bbox 331 4983 1976 5053; baseline 0.005 -16"><span class='ocrx_word' id='word_1_683' title='bbox 331 4997 554 5039; x_wconf 83' lang='lat' dir='ltr'><strong>summa</strong></span> <span class='ocrx_word' id='word_1_684' title='bbox 611 4983 1072 5053; x_wconf 69' lang='lat' dir='ltr'><strong>praedicantibus,</strong></span> <span class='ocrx_word' id='word_1_685' title='bbox 1157 4983 1496 5039; x_wconf 86' lang='lat' dir='ltr'><strong>sententiam</strong></span> <span class='ocrx_word' id='word_1_686' title='bbox 1563 4993 1812 5042; x_wconf 89' lang='lat' dir='ltr'><strong>nostram</strong></span> <span class='ocrx_word' id='word_1_687' title='bbox 1860 4987 1976 5046; x_wconf 90' lang='lat' dir='ltr'><strong>ullo</strong></span> 
     </span>
    </p>
   </div>
   <div class='ocr_carea' id='block_1_101' title="bbox 336 5071 1976 5143">
    <p class='ocr_par' dir='ltr' id='par_1_101' title="bbox 336 5071 1976 5143">
     <span class='ocr_line' id='line_1_101' title="bbox 336 5071 1976 5143; baseline 0.005 -18"><span class='ocrx_word' id='word_1_688' title='bbox 336 5073 504 5126; x_wconf 91' lang='lat' dir='ltr'><strong>modo</strong></span> <span class='ocrx_word' id='word_1_689' title='bbox 536 5071 708 5141; x_wconf 87' lang='lat' dir='ltr'><strong>laedit,</strong></span> <span class='ocrx_word' id='word_1_690' title='bbox 739 5077 837 5128; x_wconf 89' lang='lat' dir='ltr'><strong>aut</strong></span> <span class='ocrx_word' id='word_1_691' title='bbox 869 5072 1126 5143; x_wconf 87' lang='lat' dir='ltr'><strong>negantis</strong></span> <span class='ocrx_word' id='word_1_692' title='bbox 1152 5073 1469 5141; x_wconf 89' lang='lat' dir='ltr'><strong>argumenti</strong></span> <span class='ocrx_word' id='word_1_693' title='bbox 1519 5075 1767 5142; x_wconf 79' lang='lat' dir='ltr'><strong>Speciem</strong></span> <span class='ocrx_word' id='word_1_694' title='bbox 1799 5075 1976 5133; x_wconf 87' lang='lat' dir='ltr'><strong>ullam</strong></span> 
     </span>
    </p>
   </div>
   <div class='ocr_carea' id='block_1_102' title="bbox 338 5157 1980 5234">
    <p class='ocr_par' dir='ltr' id='par_1_102' title="bbox 338 5157 1980 5234">
     <span class='ocr_line' id='line_1_102' title="bbox 338 5157 1980 5234; baseline 0.005 -21"><span class='ocrx_word' id='word_1_695' title='bbox 338 5157 526 5216; x_wconf 90' lang='lat' dir='ltr'><strong>habet.</strong></span> <span class='ocrx_word' id='word_1_696' title='bbox 559 5160 853 5230; x_wconf 86' lang='lat' dir='ltr'><strong>Ignorasse</strong></span> <span class='ocrx_word' id='word_1_697' title='bbox 874 5175 989 5216; x_wconf 92' lang='lat' dir='ltr'><strong>non</strong></span> <span class='ocrx_word' id='word_1_698' title='bbox 1040 5160 1310 5230; x_wconf 89' lang='lat' dir='ltr'><strong>sequitur,</strong></span> <span class='ocrx_word' id='word_1_699' title='bbox 1359 5161 1489 5231; x_wconf 91' lang='lat' dir='ltr'><strong>quia</strong></span> <span class='ocrx_word' id='word_1_700' title='bbox 1531 5164 1980 5234; x_wconf 84' lang='lat' dir='ltr'><strong>quamplurimas</strong></span> 
     </span>
    </p>
   </div>
   <div class='ocr_carea' id='block_1_103' title="bbox 335 5248 1981 5310">
    <p class='ocr_par' dir='ltr' id='par_1_103' title="bbox 335 5248 1981 5310">
     <span class='ocr_line' id='line_1_103' title="bbox 335 5248 1981 5310; baseline 0.004 -6"><span class='ocrx_word' id='word_1_701' title='bbox 335 5257 597 5306; x_wconf 88' lang='lat' dir='ltr'><strong>auctores</strong></span> <span class='ocrx_word' id='word_1_702' title='bbox 620 5248 1037 5305; x_wconf 88' lang='lat' dir='ltr'><strong>landatissimos</strong></span> <span class='ocrx_word' id='word_1_703' title='bbox 1068 5257 1121 5304; x_wconf 92' lang='lat' dir='ltr'><strong>et</strong></span> <span class='ocrx_word' id='word_1_704' title='bbox 1159 5248 1226 5305; x_wconf 88' lang='lat' dir='ltr'><strong>ad</strong></span> <span class='ocrx_word' id='word_1_705' title='bbox 1261 5263 1378 5304; x_wconf 88' lang='lat' dir='ltr'><strong>rem</strong></span> <span class='ocrx_word' id='word_1_706' title='bbox 1410 5265 1571 5306; x_wconf 85' lang='lat' dir='ltr'><strong>suam</strong></span> <span class='ocrx_word' id='word_1_707' title='bbox 1593 5256 1981 5310; x_wconf 89' lang='lat' dir='ltr'><strong>accommoda-</strong></span> 
     </span>
    </p>
   </div>
   <div class='ocr_carea' id='block_1_104' title="bbox 335 5337 1981 5414">
    <p class='ocr_par' dir='ltr' id='par_1_104' title="bbox 335 5337 1981 5414">
     <span class='ocr_line' id='line_1_104' title="bbox 335 5337 1981 5414; baseline 0.004 -19"><span class='ocrx_word' id='word_1_708' title='bbox 335 5338 585 5397; x_wconf 86' lang='lat' dir='ltr'><strong>tissimos</strong></span> <span class='ocrx_word' id='word_1_709' title='bbox 615 5356 731 5396; x_wconf 91' lang='lat' dir='ltr'><strong>non</strong></span> <span class='ocrx_word' id='word_1_710' title='bbox 765 5337 1036 5407; x_wconf 84' lang='lat' dir='ltr'><strong>laudavit,</strong></span> <span class='ocrx_word' id='word_1_711' title='bbox 1066 5354 1208 5410; x_wconf 88' lang='lat' dir='ltr'><strong>quos</strong></span> <span class='ocrx_word' id='word_1_712' title='bbox 1276 5346 1462 5397; x_wconf 89' lang='lat' dir='ltr'><strong>tamen</strong></span> <span class='ocrx_word' id='word_1_713' title='bbox 1511 5357 1638 5398; x_wconf 90' lang='lat' dir='ltr'><strong>cum</strong></span> <span class='ocrx_word' id='word_1_714' title='bbox 1692 5343 1981 5414; x_wconf 89' lang='lat' dir='ltr'><strong>ignorasse</strong></span> 
     </span>
    </p>
   </div>
   <div class='ocr_carea' id='block_1_105' title="bbox 332 5428 1978 5507">
    <p class='ocr_par' dir='ltr' id='par_1_105' title="bbox 332 5428 1978 5507">
     <span class='ocr_line' id='line_1_105' title="bbox 332 5428 1978 5507; baseline 0.005 -25"><span class='ocrx_word' id='word_1_715' title='bbox 332 5430 639 5488; x_wconf 88' lang='lat' dir='ltr'><strong>verisimile</strong></span> <span class='ocrx_word' id='word_1_716' title='bbox 668 5445 786 5487; x_wconf 92' lang='lat' dir='ltr'><strong>non</strong></span> <span class='ocrx_word' id='word_1_717' title='bbox 805 5434 917 5486; x_wconf 89' lang='lat' dir='ltr'><strong>est.</strong></span> <span class='ocrx_word' id='word_1_718' title='bbox 951 5428 1152 5493; x_wconf 87' lang='lat' dir='ltr'><strong>Quales</strong></span> <span class='ocrx_word' id='word_1_719' title='bbox 1179 5429 1333 5486; x_wconf 81' lang='lat' dir='ltr'><strong>fuere</strong></span> <span class='ocrx_word' id='word_1_720' title='bbox 1362 5431 1586 5502; x_wconf 88' lang='lat' dir='ltr'><strong>Papias,</strong></span> <span class='ocrx_word' id='word_1_721' title='bbox 1614 5433 1978 5507; x_wconf 86' lang='lat' dir='ltr'><strong>Hegesippus,</strong></span> 
     </span>
    </p>
   </div>
   <div class='ocr_carea' id='block_1_106' title="bbox 333 5518 1984 5595">
    <p class='ocr_par' dir='ltr' id='par_1_106' title="bbox 333 5518 1984 5595">
     <span class='ocr_line' id='line_1_106' title="bbox 333 5518 1984 5595; baseline 0.004 -20"><span class='ocrx_word' id='word_1_722' title='bbox 333 5518 706 5591; x_wconf 84' lang='lat' dir='ltr'><strong>Theophilus,</strong></span> <span class='ocrx_word' id='word_1_723' title='bbox 750 5518 1159 5590; x_wconf 84' lang='lat' dir='ltr'><strong>Athenagoras,</strong></span> <span class='ocrx_word' id='word_1_724' title='bbox 1203 5520 1523 5590; x_wconf 73' lang='lat' dir='ltr'><strong>Pantaenus,</strong></span> <span class='ocrx_word' id='word_1_725' title='bbox 1573 5523 1839 5595; x_wconf 79' lang='lat' dir='ltr'><strong>Agrippa,</strong></span> <span class='ocrx_word' id='word_1_726' title='bbox 1870 5524 1984 5582; x_wconf 84' lang='lat' dir='ltr'><strong>Me-</strong></span> 
     </span>
    </p>
   </div>
   <div class='ocr_carea' id='block_1_107' title="bbox 407 5696 906 5769">
    <p class='ocr_par' dir='ltr' id='par_1_107' title="bbox 407 5696 906 5769">
     <span class='ocr_line' id='line_1_107' title="bbox 407 5696 906 5769; baseline 0.008 -15"><span class='ocrx_word' id='word_1_727' title='bbox 407 5696 483 5736; x_wconf 78' lang='grc'><strong>¹³¹¹</strong></span> <span class='ocrx_word' id='word_1_728' title='bbox 510 5699 634 5756; x_wconf 88' lang='lat' dir='ltr'><strong>Act.</strong></span> <span class='ocrx_word' id='word_1_729' title='bbox 665 5714 824 5769; x_wconf 66' lang='grc' dir='ltr'><strong>χχιιι,</strong></span> <span class='ocrx_word' id='word_1_730' title='bbox 849 5699 906 5758; x_wconf 88' lang='grc'><strong>5.</strong></span> 
     </span>
    </p>
   </div>
   <div class='ocr_carea' id='block_1_108' title="bbox 2083 4721 3732 4794">
    <p class='ocr_par' dir='ltr' id='par_1_108' title="bbox 2083 4721 3732 4794">
     <span class='ocr_line' id='line_1_108' title="bbox 2083 4721 3732 4794; baseline 0 -15"><span class='ocrx_word' id='word_1_731' title='bbox 2083 4723 2199 4779; x_wconf 90' lang='lat' dir='ltr'><strong>illis</strong></span> <span class='ocrx_word' id='word_1_732' title='bbox 2228 4723 2492 4794; x_wconf 85' lang='lat' dir='ltr'><strong>dogmata</strong></span> <span class='ocrx_word' id='word_1_733' title='bbox 2519 4721 2787 4793; x_wconf 80' lang='lat' dir='ltr'><strong>aiiingere</strong></span> <span class='ocrx_word' id='word_1_734' title='bbox 2819 4723 2937 4792; x_wconf 82' lang='lat' dir='ltr'><strong>ipse</strong></span> <span class='ocrx_word' id='word_1_735' title='bbox 2967 4723 3270 4778; x_wconf 88' lang='lat' dir='ltr'><strong>videretur.</strong></span> <span class='ocrx_word' id='word_1_736' title='bbox 3303 4723 3523 4778; x_wconf 88' lang='lat' dir='ltr'><strong>Paulini</strong></span> <span class='ocrx_word' id='word_1_737' title='bbox 3556 4726 3732 4779; x_wconf 87' lang='lat' dir='ltr'><strong>etiam</strong></span> 
     </span>
    </p>
   </div>
   <div class='ocr_carea' id='block_1_109' title="bbox 2083 4811 3736 4883">
    <p class='ocr_par' dir='ltr' id='par_1_109' title="bbox 2083 4811 3736 4883">
     <span class='ocr_line' id='line_1_109' title="bbox 2083 4811 3736 4883; baseline 0.001 -16"><span class='ocrx_word' id='word_1_738' title='bbox 2083 4813 2489 4883; x_wconf 82' lang='lat' dir='ltr'><strong>professionem</strong></span> <span class='ocrx_word' id='word_1_739' title='bbox 2526 4812 2652 4865; x_wconf 88' lang='lat' dir='ltr'><strong>tidei</strong></span> <span class='ocrx_word' id='word_1_740' title='bbox 2712 4811 2994 4881; x_wconf 84' lang='lat' dir='ltr'><strong>adjunxit,</strong></span> <span class='ocrx_word' id='word_1_741' title='bbox 3056 4819 3112 4866; x_wconf 91' lang='lat' dir='ltr'><strong>ut</strong></span> <span class='ocrx_word' id='word_1_742' title='bbox 3172 4827 3366 4866; x_wconf 91' lang='lat' dir='ltr'><strong>eorum</strong></span> <span class='ocrx_word' id='word_1_743' title='bbox 3430 4813 3736 4868; x_wconf 84' lang='lat' dir='ltr'><strong>Historiam</strong></span> 
     </span>
    </p>
   </div>
   <div class='ocr_carea' id='block_1_110' title="bbox 2086 4899 3740 4973">
    <p class='ocr_par' dir='ltr' id='par_1_110' title="bbox 2086 4899 3740 4973">
     <span class='ocr_line' id='line_1_110' title="bbox 2086 4899 3740 4973; baseline 0.001 -17"><span class='ocrx_word' id='word_1_744' title='bbox 2086 4902 2290 4956; x_wconf 82' lang='lat' dir='ltr'><strong>melius</strong></span> <span class='ocrx_word' id='word_1_745' title='bbox 2338 4899 2663 4956; x_wconf 88' lang='lat' dir='ltr'><strong>illustraret.</strong></span> <span class='ocrx_word' id='word_1_746' title='bbox 2714 4899 3018 4955; x_wconf 89' lang='lat' dir='ltr'><strong>Eusebium</strong></span> <span class='ocrx_word' id='word_1_747' title='bbox 3067 4899 3479 4956; x_wconf 87' lang='lat' dir='ltr'><strong>Vercellensem</strong></span> <span class='ocrx_word' id='word_1_748' title='bbox 3510 4917 3569 4956; x_wconf 90' lang='lat' dir='ltr'><strong>se</strong></span> <span class='ocrx_word' id='word_1_749' title='bbox 3597 4906 3740 4973; x_wconf 89' lang='lat' dir='ltr'><strong>Scy-</strong></span> 
     </span>
    </p>
   </div>
   <div class='ocr_carea' id='block_1_111' title="bbox 2088 4990 3744 5059">
    <p class='ocr_par' dir='ltr' id='par_1_111' title="bbox 2088 4990 3744 5059">
     <span class='ocr_line' id='line_1_111' title="bbox 2088 4990 3744 5059; baseline 0.001 -14"><span class='ocrx_word' id='word_1_750' title='bbox 2088 4990 2306 5059; x_wconf 91' lang='lat' dir='ltr'><strong>thopoli</strong></span> <span class='ocrx_word' id='word_1_751' title='bbox 2339 4991 2541 5044; x_wconf 83' lang='lat' dir='ltr'><strong>vidisse</strong></span> <span class='ocrx_word' id='word_1_752' title='bbox 2572 4991 2711 5044; x_wconf 83' lang='lat' dir='ltr'><strong>forte</strong></span> <span class='ocrx_word' id='word_1_753' title='bbox 2740 4997 3166 5044; x_wconf 89' lang='lat' dir='ltr'><strong>commemorat.</strong></span> <span class='ocrx_word' id='word_1_754' title='bbox 3197 4990 3337 5054; x_wconf 87' lang='lat' dir='ltr'><strong>Quid</strong></span> <span class='ocrx_word' id='word_1_755' title='bbox 3385 4990 3506 5059; x_wconf 89' lang='lat' dir='ltr'><strong>ipse</strong></span> <span class='ocrx_word' id='word_1_756' title='bbox 3553 4995 3622 5046; x_wconf 88' lang='lat' dir='ltr'><strong>de</strong></span> <span class='ocrx_word' id='word_1_757' title='bbox 3666 4990 3744 5048; x_wconf 90' lang='lat' dir='ltr'><strong>iis</strong></span> 
     </span>
    </p>
   </div>
   <div class='ocr_carea' id='block_1_112' title="bbox 2089 5078 3744 5151">
    <p class='ocr_par' dir='ltr' id='par_1_112' title="bbox 2089 5078 3744 5151">
     <span class='ocr_line' id='line_1_112' title="bbox 2089 5078 3744 5151; baseline 0.001 -17"><span class='ocrx_word' id='word_1_758' title='bbox 2089 5080 2185 5150; x_wconf 91' lang='lat' dir='ltr'><strong>qui</strong></span> <span class='ocrx_word' id='word_1_759' title='bbox 2223 5087 2354 5135; x_wconf 91' lang='lat' dir='ltr'><strong>ante</strong></span> <span class='ocrx_word' id='word_1_760' title='bbox 2383 5094 2508 5134; x_wconf 90' lang='lat' dir='ltr'><strong>eum</strong></span> <span class='ocrx_word' id='word_1_761' title='bbox 2535 5087 2733 5135; x_wconf 85' lang='lat' dir='ltr'><strong>contra</strong></span> <span class='ocrx_word' id='word_1_762' title='bbox 2782 5078 3022 5134; x_wconf 66' lang='lat' dir='ltr'><strong>haereses</strong></span> <span class='ocrx_word' id='word_1_763' title='bbox 3068 5080 3428 5148; x_wconf 89' lang='lat' dir='ltr'><strong>scripserant,</strong></span> <span class='ocrx_word' id='word_1_764' title='bbox 3469 5081 3744 5151; x_wconf 83' lang='lat' dir='ltr'><strong>senserit,</strong></span> 
     </span>
    </p>
   </div>
   <div class='ocr_carea' id='block_1_113' title="bbox 2088 5167 3738 5238">
    <p class='ocr_par' dir='ltr' id='par_1_113' title="bbox 2088 5167 3738 5238">
     <span class='ocr_line' id='line_1_113' title="bbox 2088 5167 3738 5238; baseline 0.001 -13"><span class='ocrx_word' id='word_1_765' title='bbox 2088 5169 2181 5225; x_wconf 89' lang='lat' dir='ltr'><strong>cui</strong></span> <span class='ocrx_word' id='word_1_766' title='bbox 2211 5169 2336 5224; x_wconf 91' lang='lat' dir='ltr'><strong>usui</strong></span> <span class='ocrx_word' id='word_1_767' title='bbox 2367 5167 2688 5223; x_wconf 86' lang='lat' dir='ltr'><strong>essentsibi</strong></span> <span class='ocrx_word' id='word_1_768' title='bbox 2731 5167 2790 5222; x_wconf 90' lang='lat' dir='ltr'><strong>in</strong></span> <span class='ocrx_word' id='word_1_769' title='bbox 2840 5183 3010 5238; x_wconf 90' lang='lat' dir='ltr'><strong>opere</strong></span> <span class='ocrx_word' id='word_1_770' title='bbox 3059 5183 3160 5224; x_wconf 91' lang='lat' dir='ltr'><strong>suo</strong></span> <span class='ocrx_word' id='word_1_771' title='bbox 3208 5169 3529 5234; x_wconf 89' lang='lat' dir='ltr'><strong>condendo,</strong></span> <span class='ocrx_word' id='word_1_772' title='bbox 3589 5169 3738 5226; x_wconf 86' lang='lat' dir='ltr'><strong>duo-</strong></span> 
     </span>
    </p>
   </div>
   <div class='ocr_carea' id='block_1_114' title="bbox 2091 5253 3742 5326">
    <p class='ocr_par' dir='ltr' id='par_1_114' title="bbox 2091 5253 3742 5326">
     <span class='ocr_line' id='line_1_114' title="bbox 2091 5253 3742 5326; baseline 0.002 -14"><span class='ocrx_word' id='word_1_773' title='bbox 2091 5255 2194 5312; x_wconf 88' lang='lat' dir='ltr'><strong>bus</strong></span> <span class='ocrx_word' id='word_1_774' title='bbox 2224 5255 2581 5326; x_wconf 88' lang='lat' dir='ltr'><strong>potissimum</strong></span> <span class='ocrx_word' id='word_1_775' title='bbox 2616 5253 2754 5310; x_wconf 91' lang='lat' dir='ltr'><strong>locis</strong></span> <span class='ocrx_word' id='word_1_776' title='bbox 2783 5255 3051 5311; x_wconf 89' lang='lat' dir='ltr'><strong>ostendit.</strong></span> <span class='ocrx_word' id='word_1_777' title='bbox 3074 5255 3139 5310; x_wconf 90' lang='lat' dir='ltr'><strong>Ut</strong></span> <span class='ocrx_word' id='word_1_778' title='bbox 3173 5255 3373 5312; x_wconf 63' lang='lat' dir='ltr'><strong>heresi</strong></span> <span class='ocrx_word' id='word_1_779' title='bbox 3403 5256 3699 5312; x_wconf 84' lang='lat' dir='ltr'><strong>Valentini</strong></span> <span class='ocrx_word' id='word_1_780' title='bbox 3725 5273 3742 5316; x_wconf 89' lang='lat'>:</span> 
     </span>
    </p>
   </div>
   <div class='ocr_carea' id='block_1_115' title="bbox 2088 5339 3744 5419">
    <p class='ocr_par' dir='ltr' id='par_1_115' title="bbox 2088 5339 3744 5419">
     <span class='ocr_line' id='line_1_115' title="bbox 2088 5339 3744 5419; baseline -0.002 -19"><span class='ocrx_word' id='word_1_781' title='bbox 2088 5343 2358 5419; x_wconf 75' lang='grc' dir='ltr'><strong>Ὀρῶντες</strong></span> <span class='ocrx_word' id='word_1_782' title='bbox 2399 5341 2481 5397; x_wconf 78' lang='grc' dir='ltr'><strong>ὅτι</strong></span> <span class='ocrx_word' id='word_1_783' title='bbox 2540 5339 2706 5397; x_wconf 78' lang='grc' dir='ltr'><strong>ἄλλοι</strong></span> <span class='ocrx_word' id='word_1_784' title='bbox 2755 5343 3114 5414; x_wconf 78' lang='grc' dir='ltr'><strong>πεπονήκασι,</strong></span> <span class='ocrx_word' id='word_1_785' title='bbox 3165 5341 3310 5416; x_wconf 77' lang='grc' dir='ltr'><strong>φημὶ</strong></span> <span class='ocrx_word' id='word_1_786' title='bbox 3361 5340 3417 5397; x_wconf 74' lang='grc' dir='ltr'><strong>δὲ</strong></span> <span class='ocrx_word' id='word_1_787' title='bbox 3467 5339 3744 5418; x_wconf 74' lang='grc' dir='ltr'><strong>Κλήμης,</strong></span> 
     </span>
    </p>
   </div>
   <div class='ocr_carea' id='block_1_116' title="bbox 2089 5430 3754 5506">
    <p class='ocr_par' dir='ltr' id='par_1_116' title="bbox 2089 5430 3754 5506">
     <span class='ocr_line' id='line_1_116' title="bbox 2089 5430 3754 5506; baseline 0.002 -18"><span class='ocrx_word' id='word_1_788' title='bbox 2089 5432 2179 5488; x_wconf 82' lang='grc' dir='ltr'><strong>καὶ</strong></span> <span class='ocrx_word' id='word_1_789' title='bbox 2211 5433 2528 5504; x_wconf 74' lang='grc' dir='ltr'><strong>Εἲρηναῖος,</strong></span> <span class='ocrx_word' id='word_1_790' title='bbox 2559 5432 2649 5488; x_wconf 80' lang='grc' dir='ltr'>καὶ</span> <span class='ocrx_word' id='word_1_791' title='bbox 2681 5431 3027 5503; x_wconf 84' lang='grc' dir='ltr'>Ἱππόλυτος,</span> <span class='ocrx_word' id='word_1_792' title='bbox 3057 5433 3149 5488; x_wconf 84' lang='grc' dir='ltr'>καὶ</span> <span class='ocrx_word' id='word_1_793' title='bbox 3180 5430 3343 5489; x_wconf 78' lang='grc' dir='ltr'><strong>ἄλλοι</strong></span> <span class='ocrx_word' id='word_1_794' title='bbox 3402 5433 3653 5506; x_wconf 80' lang='grc' dir='ltr'><strong>πλείους,</strong></span> <span class='ocrx_word' id='word_1_795' title='bbox 3687 5433 3754 5491; x_wconf 77' lang='grc' dir='ltr'><strong>οἵ</strong></span> 
     </span>
    </p>
   </div>
   <div class='ocr_carea' id='block_1_117' title="bbox 2092 5523 3749 5600">
    <p class='ocr_par' dir='ltr' id='par_1_117' title="bbox 2092 5523 3749 5600">
     <span class='ocr_line' id='line_1_117' title="bbox 2092 5523 3749 5600; baseline 0.001 -20"><span class='ocrx_word' id='word_1_796' title='bbox 2092 5523 2181 5580; x_wconf 77' lang='grc' dir='ltr'><strong>καὶ</strong></span> <span class='ocrx_word' id='word_1_797' title='bbox 2212 5525 2536 5597; x_wconf 79' lang='grc' dir='ltr'><strong>θαυμαστῶς</strong></span> <span class='ocrx_word' id='word_1_798' title='bbox 2595 5525 2695 5594; x_wconf 79' lang='grc' dir='ltr'><strong>τὴν</strong></span> <span class='ocrx_word' id='word_1_799' title='bbox 2749 5524 2867 5579; x_wconf 82' lang='grc' dir='ltr'><strong>κατ’</strong></span> <span class='ocrx_word' id='word_1_800' title='bbox 2898 5523 3075 5579; x_wconf 81' lang='grc' dir='ltr'><strong>αὐτῶν</strong></span> <span class='ocrx_word' id='word_1_801' title='bbox 3133 5523 3455 5595; x_wconf 81' lang='grc' dir='ltr'><strong>πεποίηνται</strong></span> <span class='ocrx_word' id='word_1_802' title='bbox 3512 5523 3749 5600; x_wconf 82' lang='grc' dir='ltr'><strong>ἀνατρο-</strong></span> 
     </span>
    </p>
   </div>
  </div>
