3974 6296
170 371 292 430 2ὕῖ

909 371 968 433 J.
1020 373 1437 436 PEARSONII
1482 373 1858 434 YINDICIE
1902 372 2375 437 IGNATIANE.
2421 408 2499 424 -
2541 379 2748 440 PARS
2792 380 2841 443 Ι.

3485 387 3604 447 258

172 505 312 572 πήν,
353 500 412 558 οὒ
440 502 576 558 πάνυ
608 525 662 558 τι
693 505 774 577 τῷ
831 506 1064 578 καμάτῳ
1124 508 1462 582 προσθεῖναι,
1518 507 1592 570 ὡς
1653 508 1840 579 προεῖ-

1972 524 2067 565 ton
2087 513 2307 566 tantum
2342 513 2487 567 Aerii
2525 522 2862 580 argumenta
2893 517 3088 572 leviter
3111 535 3176 572 ac
3196 519 3356 574 molli
3385 521 3609 576 brachio

177 613 308 663 πον,
359 592 745 668 ἠθελήσαμτν,
804 593 1160 659 ἱκανωθέντες
1217 602 1336 658 τοῖς
1421 597 1848 671 προειρημένοις

179 681 430 757 ἀνδράσι.
465 686 600 740 Cum
620 687 762 741 alios
801 704 1018 758 quoque
1063 689 1344 742 videamus
1405 688 1554 742 hunc
1605 690 1848 744 laborem

175 779 852 846 suscepisse,0tementem
884 778 1080 845 dico,et
1104 782 1465 846 Irenaeum,et
1490 781 1530 833 H
1539 801 1550 828 ι
1561 781 1848 850 ppotytum

179 871 228 922 et
248 867 394 922 alios
424 869 857 938 complures,qui
883 869 1148 937 praeclare
1179 885 1368 924 eorum
1405 870 1666 938 dagmata
1698 871 1852 938 refu-

178 958 650 1020 tarunt,muttum
680 957 966 1021 taboris,ut
990 967 1115 1013 ante
1135 958 1654 1029 dixi,superuddere
1674 958 1852 1014 notui-

185 1047 623 1117 mus,pr&?dictis
640 1049 788 1102 viris
807 1050 1060 1102 contenti,
1079 1048 1145 1101 Et
1161 1047 1358 1101 haeresi
1383 1049 1848 1103 Manichaeorum:

185 1134 336 1207 Ἤδη
373 1134 432 1190 δὲ
461 1133 687 1210 ἀνδράσι
727 1135 1352 1209 μεγάλοιςθαυμαστῶς
1405 1139 1520 1191 κατ’
1553 1137 1718 1191 αὐτοῦ
1769 1137 1853 1191 ἀν-

191 1225 479 1301 τιρρήσεις
511 1229 609 1280 τοῦ
640 1223 877 1300 ἐλέγχου
910 1230 1256 1296 πεποίηνται·
1293 1225 1585 1301 Ἀρχελάῳ
1618 1227 1713 1300 μὲν
1771 1230 1852 1296 τῷ

187 1314 500 1386 ἐπισκόπῳ,
534 1315 608 1376 ὡς
640 1314 987 1389 προείρηται,
1019 1317 1280 1390 Ὠριγένει
1343 1313 1421 1385 δὲ,
1482 1317 1557 1378 ὡς
1617 1317 1850 1384 ἀκήκοα,

187 1400 456 1476 Εὐσεϐίῳ
491 1401 548 1458 δὲ
567 1408 646 1472 τῷ
675 1404 1016 1478 Καισαρείας,
1049 1407 1142 1459 καὶ
1183 1401 1428 1476 Εὐσεϐίῳ
1465 1409 1544 1475 τῷ
1593 1405 1851 1473 Ἐμέσης,

191 1496 516 1566 Σεραπίωνι
546 1497 624 1564 τῷ
653 1493 940 1563 Θμούεως,
974 1495 1272 1566 Ἀθανασῖῳ
1300 1499 1378 1566 τῷ
1426 1492 1850 1567 Ἀλεξανδρείας.

185 1583 456 1658 Γεωργίῳ
486 1587 568 1655 τῷ
601 1581 944 1650 Λαοδικείας,
968 1582 1376 1658 Ἀπολλιναρίῷ
1405 1587 1484 1654 τῷ
1515 1581 1852 1652 Λαοδικείας,

185 1675 369 1745 Τίτῳ,
402 1673 496 1726 καὶ
527 1670 769 1732 πολλοῖς
803 1677 910 1726 τῶν
939 1674 1054 1726 κατ’
1077 1671 1264 1730 αὔτοῦ.
1299 1669 1470 1729 Οὐδὲν
1500 1669 1558 1725 δὲ
1616 1669 1854 1741 λυπήσει

187 1763 280 1816 καὶ
315 1763 426 1817 ἀπὸ
456 1769 558 1830 τῆς
591 1765 752 1832 ἡμῶν
784 1761 1062 1840 πτωχείας
1096 1759 1260 1836 ὀλίγα
1297 1761 1376 1823 εἷς
1433 1761 1702 1836 αἰσχύνην
1758 1763 1855 1815 τοῦ

191 1851 438 1906 ἐλεεινοῦ
472 1852 764 1924 ἀνθρώπου
809 1850 999 1906 εἰπεῖν.
1031 1853 1368 1923 Jampridem
1417 1867 1542 1907 vero
1597 1851 1849 1908 admira-

200 1943 335 1998 biles
356 1943 429 1998 ad
459 1944 616 1997 illius
639 1941 964 2012 refutandos
993 1958 1208 1998 errores
1235 1942 1643 1997 lucubrationes
1699 1942 1858 1997 editae

199 2041 331 2088 sunt
368 2049 382 2087 :
419 2033 567 2088 velut
597 2034 664 2086 ab
693 2032 964 2086 Archelao
989 2031 1259 2102 episcopo,
1316 2037 1378 2086 ut
1434 2040 1596 2086 antea
1650 2031 1862 2086 dictum

201 2131 300 2188 est,
337 2118 1248 2190 0rigene,utaccepimus,Eusebio
1270 2117 1607 2175 σκεπαστιδί
1665 2127 1716 2174 et
1779 2119 1864 2172 at-

205 2221 322 2266 tero
406 2211 688 2275 Emeseno,
765 2207 1060 2280 Serapione
1135 2208 1451 2276 Thmuensi,
1555 2207 1864 2264 Athanasio

207 2298 620 2365 Alexandrino,
656 2297 1216 2368 GeorgioLaodiceno,
1264 2297 1607 2369 Apotlinario
1666 2297 1865 2353 Laodi-

201 2406 366 2456 ceno,
399 2388 522 2454 tito,
563 2387 865 2460 multisque
888 2389 985 2460 qui
1009 2387 1273 2443 adrersus
1303 2389 1469 2443 illum
1505 2389 1860 2460 scripserunt.

200 2479 322 2535 Non
357 2480 464 2532 erit
496 2486 685 2532 tamen
715 2477 1029 2544 molestum,
1068 2477 1122 2532 si
1167 2493 1346 2548 pauca
1373 2493 1473 2548 pro
1530 2478 1724 2548 inopia
1764 2493 1866 2531 no-

199 2572 342 2633 stra,
367 2567 441 2622 ad
465 2566 780 2639 augendam
811 2567 1052 2637 infelicis
1108 2566 1493 2623 homuncionis
1545 2567 1867 2635 infamiam,

202 2659 486 2714 dicamus.
513 2657 715 2712 Plures
746 2657 836 2712 his
882 2659 1190 2728 scriptores
1255 2656 1587 2723 catholicos,
1642 2657 1865 2725 opinor,

198 2763 324 2804 non
362 2747 679 2802 nominavit
717 2746 1072 2817 Epiphanius
1100 2746 1159 2801 in
1206 2745 1366 2802 libris
1423 2747 1496 2801 De
1541 2746 1866 2814 haeresibus,

202 2837 452 2910 prolixis
498 2853 639 2892 sane
690 2845 744 2893 et
796 2837 1132 2905 elaboratis;
1189 2836 1445 2893 infinitos
1500 2837 1670 2907 igitur
1727 2851 1869 2906 pene

204 2927 428 2992 omisit,
460 2933 514 2981 et
535 2941 603 2981 ex
634 2925 747 2981 illis
772 2941 914 2997 quos
942 2926 1283 2996 nominavit,
1315 2943 1388 2981 ne
1421 2941 1592 2982 unam
1639 2926 1869 2996 quidem

203 3019 557 3074 sententiam
587 3017 842 3084 adduxit,
869 3033 980 3087 qua
1016 3024 1358 3088 argumenta
1417 3032 1517 3072 sua
1573 3014 1872 3072 conﬁrma-

205 3113 320 3177 ret,
354 3112 454 3162 aut
487 3107 736 3162 heretici
765 3106 1084 3177 cujuspiam
1115 3107 1318 3176 dogma
1352 3104 1654 3162 refelleret.

276 3196 796 3267 Audiamusigitur
824 3196 959 3266 quid
997 3196 1066 3251 de
1085 3195 1407 3266 Epiphanio
1463 3195 1722 3251 observet
1783 3194 1866 3248 vir

1952 599 2130 666 solvit,
2163 605 2258 655 sed
2293 605 2348 656 et
2389 602 2783 673 imprudenter
2840 622 3066 662 causam
3119 624 3280 664 suam
3341 611 3610 680 prodidit.

1955 686 2162 742 Verum
2193 689 2358 743 aliter
2390 691 2558 759 plane
2589 709 2647 746 se
2677 710 2768 747 res
2801 693 2989 749 habet.
3035 696 3440 766 Distinguenda
3477 709 3609 754 sunt

1956 783 2230 846 tempora,
2265 785 2318 832 et
2353 779 2617 835 Ecclesiae
2659 786 2861 850 status,
2897 787 3040 854 quod
3094 793 3354 841 accurate
3411 787 3606 842 obser-

1955 873 2046 920 vat
2070 866 2440 934 Epiphanius,
2476 877 2528 922 et
2560 871 2751 924 omnia
2782 873 2973 928 statim
3007 873 3174 942 plane
3228 876 3607 943 convenient;

1957 953 2121 1010 nulla
2152 957 2300 1010 inter
2333 957 2614 1026 lgnatium
2675 967 2729 1015 et
2789 961 3176 1031 Epiphanium
3233 964 3456 1019 dissidii
3483 964 3610 1020 vola

1957 1043 2044 1098 vel
2077 1045 2374 1112 vestigium
2405 1049 2722 1118 apparebit.
2758 1055 2832 1104 De
2861 1056 3031 1106 astate
3051 1055 3106 1104 S.
3145 1053 3296 1107 Pauli
3325 1054 3437 1121 agit
3487 1055 3612 1123 Epi-

1959 1133 2226 1201 phanius,
2261 1135 2333 1188 de
2364 1151 2461 1189 sua
2495 1137 2768 1206 lgnatius.
2804 1138 2903 1193 Ille
2928 1144 2996 1194 de
3017 1142 3272 1195 ecclesiis
3305 1142 3607 1211 particula-

1961 1221 2114 1276 ribus
2149 1225 2402 1277 nondum
2428 1225 2694 1280 omnibus
2720 1228 2972 1283 numeris
3013 1229 3308 1296 absolutis,
3363 1240 3416 1286 et
3455 1227 3605 1299 πλη-

1961 1310 2190 1383 ρώματα
2247 1311 2562 1386 οἰκονομίας
2621 1316 2809 1373 adhuc
2867 1320 3196 1387 recepturis,
3249 1321 3342 1376 hic
3383 1322 3453 1376 de
3495 1323 3611 1392 iam

1965 1404 2128 1470 plene
2168 1407 2574 1473 constitutis,et
2607 1407 2807 1461 ultima
2854 1409 3235 1476 apostolorum
3299 1427 3466 1465 niauu
3527 1412 3608 1465 ef-

1962 1492 2214 1547 fortnatis
2243 1502 2416 1563 atque
2445 1494 2726 1551 stabililis.
2761 1498 2843 1552 Ita
2871 1496 2970 1552 ille
3001 1505 3069 1552 de
3099 1501 3259 1554 Aerio
3311 1499 3557 1570 loquitur
3591 1516 3604 1554 :

1962 1580 2075 1635 Οὐκ
2101 1576 2242 1634 οῗδεν
2271 1583 2297 1636 ὁ
2330 1583 2428 1649 τήν
2457 1581 2783 1639 ἀκολουθίαν
2845 1591 2945 1654 τῆς
3002 1585 3258 1656 ἀληθείας
3311 1587 3610 1662 ἀγνοήσας,

1963 1671 2052 1722 καὶ
2084 1671 2347 1743 ἱστορίαις
2386 1671 2710 1745 βαθυτάταις
2741 1675 2815 1746 μή
2852 1674 3118 1753 ἐντυχὼν,
3160 1676 3244 1730 ὃτι
3275 1677 3396 1730 νὲου
3451 1672 3608 1738 ὄντος

1961 1762 2056 1812 τοῦ
2083 1760 2436 1834 κηρύγματος
2467 1761 2602 1833 πρὸς
2635 1763 2700 1815 τὰ
2731 1763 3108 1819 ὑποπίπτοντα
3137 1759 3362 1842 ἔγραφεν
3397 1766 3423 1819 ὁ
3462 1763 3614 1840 ἅγιος

1963 1847 2318 1909 Ἀπόστολος.
2361 1853 2616 1907 Veritatis
2641 1853 2744 1908 itte
2770 1857 2965 1909 seriem
2996 1860 3277 1926 ignorans,
3303 1873 3404 1912 nec
3435 1849 3497 1912 in
3526 1873 3624 1912 re-

1965 1939 2365 1996 conditioribus
2387 1941 2632 1996 historiis
2659 1951 2903 1999 versatus
2930 1961 3038 2001 non
3070 1945 3332 2014 intelligit
3364 1955 3616 2001 sanctum

1967 2030 2308 2100 Apostolum,
2338 2047 2464 2085 cum
2495 2047 2683 2088 recens
2749 2037 2882 2088 esset
2928 2035 3219 2106 Evangelii
3264 2035 3616 2106 prxdicatio,

1965 2134 2065 2190 pro
2095 2136 2155 2173 re
2182 2124 2313 2174 nata
2330 2123 2631 2183 scripsisse.
2662 2122 2981 2188 Scilicet,ut
3014 2125 3234 2180 occasio
3266 2140 3334 2181 ex
3366 2126 3613 2181 circum-

1970 2209 2194 2263 stantiis
2219 2209 2374 2264 illius
2405 2212 2674 2280 temporis
2705 2228 2764 2267 se
2793 2212 3018 2282 obtulit,
3052 2229 3153 2268 sua
3201 2215 3411 2284 scripta
3474 2222 3616 2270 tem-

1970 2299 2179 2366 peravit
2212 2299 2537 2367 Apostolus.
2565 2298 2628 2354 In
2660 2299 2947 2370 aliquibus
2980 2301 3120 2357 locis
3159 2309 3296 2359 tunc
3349 2303 3623 2373 temporis

1969 2391 2088 2441 erat
2117 2387 2415 2457 episcOpus
2444 2403 2576 2443 cum
2604 2389 2880 2456 diaconis,
2907 2391 3162 2445 nondum
3195 2391 3406 2447 ibidem
3472 2407 3611 2448 cou-

1970 2475 2177 2530 stitutis
2208 2476 2569 2548 presbyteris,
2599 2478 2672 2534 ob
2704 2480 3040 2549 paucitatem
3062 2479 3318 2536 ﬁdelium
3345 2499 3358 2549 ;
3385 2481 3444 2535 in
3490 2482 3616 2537 aliis

1971 2567 2134 2618 erant
2164 2563 2475 2634 presbyteri
2505 2579 2636 2620 cum
2665 2565 3205 2631 diaconis,nondum
3229 2567 3438 2622 ibidem
3470 2584 3611 2623 cou-

1977 2652 2168 2706 stituto
2199 2652 2487 2722 episcopo,
2518 2655 2664 2722 quod
2698 2654 2999 2724 quisquam
3058 2671 3122 2709 ea
3179 2655 3478 2710 functione
3527 2657 3618 2711 di-

1973 2756 2118 2808 gnus
2148 2741 2335 2796 adhuc
2368 2741 2515 2796 haud
2548 2743 2911 2812 reperiretur.
2945 2747 3078 2798 Haec
3107 2759 3172 2798 es
3225 2745 3624 2800 reconditiori-

1976 2829 2080 2885 bus
2111 2829 2362 2885 historiis
2395 2830 2657 2885 hauserat
2695 2831 3069 2903 Epiphanius,
3129 2847 3267 2902 quas
3325 2848 3440 2888 non
3481 2848 3620 2888 con-

1975 2921 2230 2990 spexisse
2260 2921 2368 2991 ipsi
2398 2921 2690 2977 videbatur
2720 2923 2934 2978 Aerius.
2989 2918 3173 2990 Οὕτω,
3232 2924 3438 2994 inquit,
3503 2923 3620 2978 κατ’

1976 3007 2144 3063 ἐκεῖνε
2171 3012 2363 3083 καιροῦ
2391 3009 2528 3078 ἦσαν
2558 3010 2610 3064 ot
2657 3011 2840 3082 τόποι,
2897 3011 2985 3065 καὶ
3041 3011 3145 3086 γὰρ
3201 3007 3427 3067 ἕκαστον
3485 3020 3621 3087 πρᾶ-

1973 3118 2087 3175 γμα
2117 3099 2219 3153 οὐκ
2243 3099 2334 3153 ἀπ’
2364 3098 2546 3173 ἀρχῆς
2573 3100 2640 3155 τὰ
2669 3099 2838 3154 πάντα
2867 3097 3049 3175 ἔσχεν·
3084 3098 3230 3155 ἀλλᾶ
3284 3096 3615 3176 προϐαίνον-

1973 3211 2068 3251 τος
2087 3194 2185 3244 τοῦ
2218 3191 2423 3268 χρόνου
2452 3191 2518 3244 τὰ
2548 3190 2686 3264 πρὸς
2716 3189 2998 3245 τελείωσιν
3018 3196 3126 3246 τῶν
3159 3195 3362 3270 χρειῶν
3392 3197 3618 3268 ςκατηρ-

200 3286 594 3350 doctissimus,
645 3257 779 3355 quid
841 3257 915 3339 ex
969 3257 1365 3340 observatione
1421 3283 1669 3354 colligat.
1721 3283 1862 3354 Epi-
1895 3257 1938 3324 C
1973 3280 2171 3350 τίζετο.
2221 3257 2306 3338 ἦα
2360 3298 2458 3354 per
2513 3257 2659 3338 illud
2714 3292 2926 3354 tempus
2973 3257 3292 3340 istiusmodi
3369 3257 3616 3340 tororum

201 3376 476 3447 phanius,
507 3374 716 3445 inquit,
751 3373 939 3429 nntius
982 3374 1413 3443 Ignatianorum
1440 3372 1714 3439 meminit,
1747 3373 1863 3443 qui-

209 3468 311 3521 bus
334 3465 486 3520 nihil
510 3465 570 3518 in
599 3471 720 3519 tota
760 3461 1089 3534 antiquitate
1126 3462 1387 3517 adversus
1437 3463 1591 3517 Aerii
1647 3462 1862 3532 opinio-

205 3572 338 3612 nem
367 3554 652 3610 disertius.
686 3553 828 3622 Ergo
855 3552 943 3607 vel
971 3551 1212 3622 epistola
1240 3558 1374 3605 suut
1401 3557 1588 3622 postea
1615 3549 1861 3621 interpo-

205 3647 362 3713 latae,
394 3643 482 3697 vel
510 3658 601 3697 eas
629 3641 885 3711 nescivit,
919 3639 1009 3696 vel
1038 3641 1377 3712 contempsit.
1433 3640 1588 3698 Nihil
1635 3640 1859 3695 horum.

203 3733 366 3790 Nihil
398 3732 556 3786 enirn
589 3747 657 3786 ex
690 3737 804 3785 tota
823 3730 1157 3800 antiquitate
1187 3744 1441 3800 unquam
1486 3727 1675 3784 attulit
1733 3728 1863 3798 Epi-

204 3822 460 3894 phanius
503 3821 570 3876 ad
605 3821 778 3875 ullam
813 3818 1071 3874 haeresim
1121 3818 1488 3874 refellendam
1517 3834 1540 3880 ;
1572 3833 1865 3888 nunquam

203 3913 541 3970 auctoritate
571 3917 828 3966 veterum
859 3924 994 3964 usus
1043 3911 1129 3963 est
1168 3909 1236 3962 ad
1294 3907 1474 3962 ullum
1534 3907 1863 3963 baereticum

199 3999 669 4072 Opprimendum.
750 3999 903 4053 Licet
957 3997 1128 4069 igitur
1190 3997 1274 4052 hee
1325 3997 1460 4067 ipsa
1494 3997 1770 4066 epistolae,
1803 4007 1868 4052 ut

203 4109 300 4149 eas
332 4107 496 4148 nunc
517 4087 1174 4160 habemus,Epiphnanii
1209 4103 1324 4144 aevo
1349 4087 1667 4144 exstiterint
1688 4087 1861 4160 (quod

201 4181 524 4239 certissime
556 4179 938 4250 cognoscitur,
960 4185 1013 4233 et
1040 4178 1093 4232 id
1121 4193 1328 4247 negare
1350 4191 1467 4232 non
1514 4183 1694 4246 potest
1725 4176 1866 4231 Dal-

200 4271 374 4339 laeua,
405 4269 506 4340 qui
561 4283 692 4326 cum
746 4266 1044 4337 Salmasio,
1106 4265 1403 4322 Blondello
1460 4271 1514 4321 et
1572 4264 1865 4321 Albertino

211 4361 449 4417 easdem
478 4372 603 4413 esse
633 4355 1090 4428 quaszEusebius
1145 4362 1200 4411 et
1255 4353 1592 4410 Athanasius
1649 4352 1864 4408 habue~

212 4457 375 4512 runt,
409 4448 632 4517 fatetur)
661 4447 708 4501 si
734 4462 828 4502 eas
872 4445 1086 4518 optime
1116 4444 1337 4500 noverit
1367 4451 1419 4499 et
1443 4442 1677 4498 maximi
1708 4442 1864 4498 fece-

210 4543 371 4608 rit,et
400 4539 473 4592 ad
507 4553 741 4592 manum
771 4536 941 4592 etiam
973 4552 1104 4592 cum
1153 4535 1423 4590 scriberet
1455 4533 1712 4589 habuerit
1737 4557 1752 4601 ;
1777 4550 1866 4588 tn-

1967 3379 2143 3426 status
2167 3374 2385 3427 exstitit
2418 3388 2431 3438 ;
2463 3374 2668 3428 etenim
2697 3387 3041 3444 unaquaeque
3070 3389 3156 3428 res
3177 3389 3284 3428 non
3329 3375 3396 3430 ab
3454 3373 3618 3430 initio

1967 3461 2221 3516 omnibus
2249 3461 2501 3518 numeris
2531 3461 2785 3518 absoluta
2799 3461 2913 3535 fuit
2945 3485 2960 3529 ;
3003 3463 3095 3519 sed
3146 3464 3485 3535 procedente.
3519 3467 3616 3519 de-

1967 3566 2120 3605 mum
2150 3555 2409 3622 tempore,
2428 3567 2492 3607 ea
2522 3568 2639 3622 qua
2669 3551 2738 3607 ad
2773 3553 3165 3623 perfectionem
3215 3557 3460 3610 omnium
3513 3570 3616 3609 ne-

1967 3639 2286 3696 cessitatum
2315 3643 2612 3710 pertinent,
2643 3643 2939 3696 constituta
2971 3645 3118 3697 sunt.
3171 3643 3330 3708 Quod
3387 3642 3498 3698 late
3546 3658 3616 3698 cx

1968 3728 2156 3784 Veteri
2186 3729 2544 3785 Testamento
2577 3729 2855 3801 probat,et
2885 3730 2967 3785 sic
3025 3730 3397 3800 intelligenda
3454 3736 3616 3802 Apo-

1970 3819 2099 3874 stoli
2129 3818 2298 3872 verba
2329 3818 2551 3883 asserit,
2573 3824 2630 3874 et
2659 3818 2765 3873 hoc
2815 3833 2928 3873 uno
2978 3818 3350 3874 fundamento
3403 3821 3611 3890 posito,

1969 3927 2136 3965 ruere
2164 3925 2365 3965 omnes
2389 3909 2905 3980 Aeriiobjectiones
2960 3911 3271 3977 concludit,
3301 3916 3354 3964 et
3384 3926 3488 3965 nos
3509 3928 3611 3979 pa-

1970 4000 2106 4054 riter
2135 4014 2361 4054 omnem
2385 3999 2924 4064 contrarietatem,et
2954 4013 3083 4053 cum
3114 3998 3426 4068 Ignatianis
3457 3995 3614 4051 ἔναν-

1965 4089 2271 4166 τιόφάνειαν
2301 4089 2499 4144 eodem
2523 4088 2646 4143 tolli
2679 4094 2967 4159 putamus.

2038 4179 2376 4234 Examinato
2449 4178 2692 4248 septimo
2748 4177 2954 4248 capite,
3043 4177 3299 4248 sequitur
3357 4186 3616 4234 octavum

1969 4284 2098 4326 cum
2132 4268 2238 4324 hoc
2271 4267 2433 4323 titulo
2470 4269 2704 4339 :lgnota
2739 4267 3082 4323 Tertulliano
3121 4267 3294 4339 fuisse
3323 4269 3618 4338 Ignatiana

1971 4357 2383 4414 demonstratur
2409 4357 2652 4429 quinque
2680 4358 3048 4428 argumentis.
3075 4357 3180 4414 Sed
3213 4357 3480 4430 quintum
3540 4366 3618 4414 te-

1971 4446 2088 4502 lum
2123 4447 2325 4502 fatetur
2353 4447 2722 4503 Usserianum
2755 4447 3037 4517 lgnatium
3069 4464 3185 4504 non
3217 4448 3388 4504 ferire
3419 4467 3433 4516 ;
3476 4464 3619 4519 qua-

1973 4545 2097 4592 tuor
2128 4538 2324 4606 itaque
2353 4539 2747 4592 tantummodo
2794 4537 2962 4594 nobis
3016 4542 3228 4594 restant
3273 4538 3617 4610 repellenda.

210 4628 491 4687 credibile
520 4632 714 4683 tamen
745 4634 826 4683 est
857 4641 988 4682 eum
1017 4625 1263 4684 voluisse
1293 4625 1377 4680 vel
1414 4639 1587 4680 unam
1634 4632 1864 4680 senten-
1899 4618 1945 4683 D
1976 4626 2187 4696 Primo,
2217 4625 2383 4682 docet
2439 4626 2494 4680 id
2551 4625 2936 4682 Tertullianus
2988 4629 3135 4698 quod
3167 4627 3470 4698 Ignatianse
3520 4628 3618 4683 do-

209 4720 347 4776 tiam
383 4733 451 4774 ex
485 4717 554 4772 iis
584 4717 853 4774 adversus
884 4716 1112 4772 Aerium
1152 4715 1456 4781 adducere,
1492 4713 1590 4784 qui
1621 4714 1772 4769 aliud
1805 4714 1867 4770 in

209 4814 329 4862 toto
353 4807 455 4862 illo
485 4820 653 4875 opere
674 4805 991 4860 institutum
1025 4802 1243 4867 habuit,
1264 4809 1320 4859 et
1348 4803 1408 4858 in
1440 4803 1596 4858 nulla
1618 4818 1868 4873 unquam

211 4893 599 4964 disputatione
631 4893 903 4948 adversus
955 4892 1139 4946 ullum
1197 4889 1551 4960 haeretioum,
1584 4892 1652 4945 ad
1709 4890 1868 4946 illius

215 4990 555 5052 argumenta
603 4981 976 5048 retundenda,
1033 4980 1124 5036 vel
1182 4994 1354 5034 unam
1413 4980 1750 5035 sententiam
1799 4996 1866 5036 ex

212 5083 470 5130 veterum
501 5072 691 5143 aliquo
721 5071 976 5127 adduxit.
1009 5071 1291 5134 Quorsum
1353 5069 1524 5140 igitur
1574 5069 1670 5139 qui
1727 5070 1864 5125 reli-

215 5177 358 5231 quos
397 5177 595 5216 omnes
651 5159 937 5230 praeteriit,
989 5157 1271 5228 lgnatium
1318 5157 1500 5213 solum
1560 5157 1815 5213 laudaret
1845 5161 1870 5211 .’

278 5251 544 5308 Secunda
599 5250 920 5306 observatio
978 5264 1046 5304 ex
1087 5246 1409 5318 Epiphanio
1469 5247 1642 5316 petlta
1689 5247 1868 5305 multo

213 5342 407 5398 minus
438 5342 606 5398 valet.
643 5340 927 5410 Quadam,
961 5339 1144 5409 inquit
1176 5339 1237 5394 in
1266 5338 1646 5409 disputatione
1672 5339 1864 5393 adver-

220 5449 316 5490 sus
349 5435 493 5490 Aerii
543 5434 772 5503 dogma,
802 5433 959 5501 ponit
989 5446 1114 5486 cum
1159 5428 1472 5500 Ignatianis
1519 5429 1869 5500 apertissime

213 5525 665 5594 pugnantia,imo
698 5521 922 5577 totidem
941 5527 1190 5574 monstra
1210 5535 1282 5573 ea:
1329 5518 1535 5588 lgnatii
1591 5517 1869 5588 epistolici

214 5612 575 5668 hierarchicis
605 5611 819 5682 legibus
851 5627 865 5665 :
899 5609 1097 5680 quibus
1116 5605 1478 5678 epistolarum
1523 5603 1714 5680 κυρίας
1772 5602 1870 5660 δό-

217 5699 304 5772 ξας
330 5704 546 5778 liquido
576 5702 780 5760 evertit
833 5699 1202 5772 Epiphanius.
1257 5697 1317 5754 Si
1369 5697 1488 5755 hac
1543 5712 1675 5754 vera
1730 5695 1865 5766 sint,

1977 4716 2170 4772 ctrinse
2194 4721 2275 4771 est
2297 4713 2668 4771 contrarium.
2704 4717 2846 4786 Ergo
2877 4733 3006 4771 eum
3047 4716 3305 4772 nescivit.
3338 4717 3619 4772 Adversus

1976 4805 2129 4860 enim
2154 4803 2534 4873 apostolicum
2567 4803 2749 4858 virum
2790 4811 2845 4858 et
2895 4811 3197 4874 martyrem
3256 4804 3366 4858 sibi
3416 4808 3622 4860 notum

1978 4909 2271 4963 nunquam
2320 4892 2628 4962 quidquam
2687 4891 2990 4946 docuisset.
3046 4892 3190 4946 Mira
3247 4892 3369 4946 haec
3425 4907 3630 4948 conse-

1976 4983 2206 5054 quentia
2235 4981 2303 5036 de
2336 4979 2590 5052 quolibet
2621 4979 2914 5049 scriptore,
2939 4979 3007 5034 de
3036 4978 3388 5036 Tertulliano
3441 4981 3623 5034 maxi-

1977 5087 2068 5128 me
2094 5071 2374 5127 miranda.
2411 5069 2792 5140 Nunquamne
2823 5067 3201 5138 utquisquam
3249 5068 3463 5138 aliquid
3524 5070 3624 5124 do-

1975 5161 2174 5232 cuerit,
2207 5160 2354 5230 quod
2400 5163 2548 5214 esset
2595 5157 2732 5213 viris
2760 5155 3085 5228 apostolicis
3139 5160 3238 5212 aut
3285 5157 3630 5230 martyribus

1975 5250 2127 5306 notis
2140 5250 2448 5307 adversans
2478 5247 2506 5304 ‘l
2533 5248 2616 5304 An
2639 5247 2743 5302 viri
2772 5245 3069 5316 apostolici
3097 5250 3153 5302 et
3182 5254 3456 5318 martyres
3505 5262 3626 5302 ma-

1971 5339 2112 5409 joris
2141 5354 2388 5409 unquam
2412 5338 2761 5394 auctoritatis
2780 5337 2954 5407 fuere,
2987 5351 3159 5408 quam
3220 5337 3330 5406 ipsi
3387 5337 3631 5404 apostoli

1977 5437 2030 5485 et
2059 5426 2418 5496 evangelista?
2446 5427 2474 5481 ‘l
2498 5426 2728 5482 lllorum
2761 5433 2912 5482 certe
2939 5425 3212 5482 doctrina
3239 5425 3503 5481 nonnulli
3528 5425 3630 5482 ali-

1976 5518 2212 5589 quando
2244 5515 2639 5571 contradixere
2675 5533 2689 5583 ;
2723 5531 2835 5570 non
2867 5516 3288 5585 Scripturarum
3318 5513 3506 5579 inscii,
3530 5522 3632 5572 aut

1977 5621 2168 5663 earum
2201 5604 2548 5660 auctoritatis
2595 5608 3034 5673 contemptores,
3063 5604 3158 5659 sed
3217 5603 3306 5659 vel
3363 5605 3631 5662 inadver-

1979 5695 2163 5752 tentia
2191 5694 2368 5762 ducti,
2399 5693 2485 5751 vel
2517 5692 2845 5764 prajudicio
2875 5693 3066 5765 aliquo
3095 5691 3338 5762 abrepti.
3371 5695 3454 5749 An
3485 5698 3630 5750 Ter-
