3974 6296
305 398 426 459 259

1362 389 1424 452 8.
1470 386 1869 452 IGNATIUS.
1901 418 1979 433 --
2021 389 2633 455 PROLEGOMENA.

3604 406 3728 466 260

317 529 590 586 tullianus
618 527 756 584 adeo
787 525 1006 584 subacti
1058 524 1280 597 judicii,
1312 524 1451 580 adeo
1509 524 1688 580 sedati
1742 519 1959 592 ingenii
1986 521 2473 592 ATertullianus,
2534 527 2643 583 nisi
2704 529 2850 600 quod
2907 534 2967 587 et
3026 532 3299 602 lgnatius.
3332 535 3474 591 Cum
3533 546 3732 597 autem

311 621 415 676 fuit
441 626 501 674 ut
532 618 676 674 ualli
709 633 954 688 unquam
977 617 1095 671 viro
1118 616 1178 671 in
1202 613 1460 672 Ecclesia
1492 613 1703 671 celebri
1734 619 1957 669 contra-

312 711 682 776 diceret,cum
713 707 835 777 ipse
852 707 922 762 ab
948 703 1197 761 Ecclesia
1228 704 1546 770 recesserit,
1579 711 1634 760 et
1689 703 1960 757 adversus

309 816 430 854 eam
467 797 883 869 quamplurima
913 795 1114 850 acerbe
1143 801 1199 849 et
1259 793 1578 863 petulanter
1609 789 1962 861 scripserit?

307 887 600 951 Praeterea,
632 885 718 942 vel
751 885 888 956 ipsis
914 882 1205 954 iudicibus
1231 881 1592 947 adversariis,
1636 880 1754 936 haec
1812 895 1954 936 con-

305 976 596 1047 sequentia
617 990 731 1030 non
763 982 845 1029 est
897 971 1238 1028 necessaria.
1273 971 1353 1026 De
1417 970 1544 1026 aliis
1596 971 1772 1039 enim,
1823 972 1960 1024 Ter-

307 1065 549 1121 tulliano
573 1063 1076 1134 junioribus,quos
1107 1061 1325 1131 Ignalio
1355 1060 1637 1116 contraria
1693 1059 1958 1115 docuisse

307 1155 546 1220 vult,ita
577 1153 824 1224 disputat
880 1152 1143 1217 Dallaeus,
1178 1158 1236 1206 ut
1266 1150 1351 1205 illi
1410 1151 1496 1205 vel
1553 1149 1958 1220 ignoraverint,

307 1245 394 1299 vel
426 1244 535 1298 ista
561 1243 766 1313 quibus
796 1242 1079 1300 contraria
1109 1240 1403 1296 docuerint
1450 1239 1511 1294 in
1570 1238 1784 1308 Ignatio
1843 1253 1960 1292 non

310 1332 572 1398 viderint,
609 1329 696 1386 vel
723 1330 990 1402 epistolas
1015 1337 1282 1399 tanquam
1308 1327 1466 1383 ﬁctas
1485 1329 1957 1398 contempserint.

304 1421 358 1474 Si
381 1427 569 1476 autem
630 1419 749 1474 haec
804 1419 873 1474 de
919 1418 1046 1472 aliis
1097 1416 1210 1472 dici
1255 1417 1499 1487 possint,
1540 1432 1638 1472 cur
1669 1432 1784 1471 nou
1807 1423 1862 1472 et
1891 1417 1960 1472 dc

308 1510 660 1565 Tertulliano
685 1509 712 1563 ?
744 1508 905 1564 Certe
951 1505 1639 1577 Salmasius,Blondellus,
1674 1512 1728 1562 et
1754 1504 1958 1561 Ather-

306 1600 460 1656 tinus
490 1599 639 1654 hanc
670 1597 1140 1669 consequentiam
1200 1599 1387 1668 potius
1446 1596 1833 1663 admitterent,
1863 1595 1958 1666 qui

303 1688 574 1759 epistolas
605 1688 702 1742 diu
736 1695 867 1741 ante
883 1701 1067 1742 aevum
1086 1685 1419 1740 Tertulliani
1452 1685 1614 1741 fictas
1644 1689 1916 1754 putarunt
1942 1709 1956 1754 ;

305 1778 438 1832 etsi
497 1776 740 1832 Dallaeus
792 1791 908 1830 non
965 1776 1246 1839 admittat,
1306 1775 1366 1829 in
1413 1773 1798 1844 disputatione
1855 1789 1958 1828 sua

312 1865 658 1937 principium
693 1865 997 1935 petit,dum
1029 1879 1097 1919 ex
1115 1863 1462 1919 Tertulliano
1493 1865 1576 1918 sic
1607 1862 1805 1932 probet
1835 1863 1957 1934 epi-

306 1957 477 2012 stolas
508 1971 623 2010 non
655 1954 966 2021 exstitisse,
991 1968 1118 2008 cum
1145 1959 1544 2024 argumentum
1575 1952 1718 2008 nihil
1749 1952 1952 2020 valeat,

303 2045 416 2100 nisi
448 2044 572 2115 quis
594 2044 872 2100 concedat
898 2042 1122 2097 easdem
1151 2048 1273 2111 post
1304 2040 1649 2096 Tertulliani
1701 2047 1956 2110 tempora

302 2134 476 2190 fuisse
507 2134 844 2202 suppositas.
880 2133 940 2187 Si
968 2131 1122 2186 enim
1153 2136 1285 2185 ante
1345 2129 1767 2185 Tertullianum
1827 2130 1952 2186 fue-

299 2229 430 2279 runt
457 2223 622 2288 ﬁctae,
654 2229 706 2276 et
737 2221 917 2292 potuit
950 2220 1046 2277 ille
1078 2234 1440 2289 cognoscere,
1473 2227 1526 2275 ct
1559 2219 1756 2274 debuit
1811 2234 1950 2274 cou-

301 2325 577 2371 temnere.

374 2405 478 2459 Sed
504 2405 728 2460 interim
761 2403 1054 2461 videamus
1096 2401 1372 2473 quidnam
1420 2400 1564 2457 illud
1621 2401 1955 2457 Tertulliani

300 2494 590 2550 decretum
623 2493 713 2561 sit,
753 2494 896 2562 quod
940 2493 1296 2562 lgnatianum
1347 2491 1487 2546 adeo
1545 2499 1734 2560 aperte
1772 2490 1954 2558 reﬁgit

303 2592 356 2638 et
393 2582 695 2650 proculcat.
734 2581 990 2650 Nempe:
1023 2580 1121 2638 Ubi
1182 2583 1312 2645 tres,
1370 2579 1611 2634 Ecclesia
1669 2583 1771 2645 est,
1823 2580 1952 2634 licet

306 2673 454 2726 laici.
514 2672 641 2727 Haec
686 2671 1089 2726 Tertullianus.
1153 2673 1215 2724 At
1262 2669 1535 2738 Ignatius,
1584 2667 1760 2742 χωρὶς
1819 2667 1950 2720 τού-

299 2781 432 2830 των,
465 2761 518 2814 id
552 2761 787 2816 estsine
836 2759 1137 2829 episcOpis,
1197 2757 1541 2829 presbyteris
1590 2765 1644 2813 et
1695 2758 1953 2814 diaconis

301 2846 568 2918 ἐκκλησία
600 2847 660 2902 et.
691 2845 962 2904 καλεῖται.
996 2850 1192 2915 Qumro
1225 2846 1432 2917 primo,
1458 2846 1548 2902 ubl
1585 2847 1706 2902 hanc
1734 2865 1765 2901 ἃ
1823 2848 1952 2903 Ter-

302 2941 541 2995 tulliano
563 2938 930 2995 scribuntur?
962 2939 1375 3007 Respondetur,
1401 2936 1542 2992 libro
1572 2938 1646 2992 De
1692 2937 1948 2992 exhorta-

296 3027 450 3085 tione
479 3028 765 3085 castitatis.
809 3030 871 3084 At
903 3028 962 3083 S.
1013 3028 1360 3097 Augustinus
1417 3025 1828 3082 Tertullianum
1872 3027 1948 3082 fa-

300 3123 454 3175 ctum
492 3118 822 3174 haereticum
852 3118 1014 3174 docet
1047 3117 1330 3172 secundas
1353 3117 1598 3184 nuptias,
1622 3120 1822 3171 contra
1846 3117 1944 3173 do-

2072 611 2324 683 Iguatius
2345 617 2532 685 addat,
2557 617 2735 694 χωρὶς
2764 619 2992 692 τούτων,
3023 622 3143 678 sine
3191 627 3472 698 episcopis,
3503 631 3734 702 presby-

2071 703 2203 759 teris
2233 711 2287 759 et
2317 705 2564 763 diaconis
2593 708 2842 766 Ecclesia
2871 727 2988 766 non
3015 721 3260 784 vocatur,
3285 717 3481 773 eadem
3539 722 3734 776 notio-

2069 808 2143 848 ne
2173 794 2299 850 sine
2328 795 2504 852 dubio
2536 797 2757 854 locutus
2786 807 2868 855 est
2923 801 3332 873 Tertullianus,
3364 807 3562 863 saltem
3621 811 3734 865 ad—

2071 882 2184 940 huc
2217 885 2277 939 in
2310 885 2563 942 Ecclesia
2613 888 2896 946 catholica
2954 906 3213 950 manens.
3256 894 3398 950 Nam
3459 913 3590 953 cum
3649 900 3728 956 de

2069 971 2324 1030 ecclesiis
2353 977 2682 1045 apostolicis
2723 977 2993 1049 loquitur,
3025 979 3150 1036 haec
3184 981 3387 1039 habet:
3442 985 3722 1044 Habemus

2067 1071 2122 1116 et
2149 1066 2389 1120 Joannis
2417 1067 2676 1122 alumnas
2715 1069 2986 1126 ecclesias.
3020 1071 3160 1126 Nam
3201 1074 3308 1126 etsi
3353 1075 3727 1148 Apocalypsin

2067 1152 2306 1208 Marcion
2338 1159 2577 1226 respuat,
2610 1158 2748 1213 ordo
2787 1165 2977 1214 tamen
3005 1162 3384 1234 episcOporum
3425 1164 3496 1219 ad
3544 1170 3725 1238 origi-

2065 1258 2190 1298 nem
2223 1259 2477 1300 recensus
2517 1247 2576 1301 in
2631 1248 2902 1303 Joannem
2960 1250 3126 1304 stabit
3165 1258 3464 1310 auctorem.
3525 1259 3588 1310 Et
3637 1257 3723 1314 De

2068 1335 2490 1405 praescriptione
2537 1336 2951 1406 haereticorum,
3011 1356 3134 1409 cap.
3192 1342 3298 1396 32E
3359 1344 3540 1400 Edunt
3589 1363 3721 1419 ergo

2065 1424 2307 1494 origines
2327 1424 2689 1482 ecclesiarum
2717 1442 2946 1484 suarum
2971 1453 2986 1497 ;
3017 1429 3265 1485 evolvant
3306 1432 3559 1489 ordinem
3596 1436 3722 1507 epi-

2063 1527 2349 1583 scoporum
2375 1530 2623 1586 suorum,
2645 1515 2727 1571 ita
2747 1533 2846 1586 per
2872 1521 3231 1576 successiones
3259 1521 3331 1576 ad
3401 1521 3572 1579 initia
3628 1525 3725 1582 de-

2063 1611 2399 1671 currentem,
2427 1611 2487 1660 ut
2513 1607 2728 1676 primus
2755 1606 2859 1662 ille
2878 1608 3160 1680 episcopus
3189 1610 3433 1682 aliquem
3464 1629 3534 1668 ea:
3586 1631 3726 1687 apo-

2067 1693 2221 1750 stolis
2255 1696 2335 1749 vel
2363 1697 2672 1766 apostolicis
2693 1697 2852 1765 viris,
2903 1699 2997 1770 qui
3048 1706 3227 1756 tamen
3275 1717 3398 1756 cum
3458 1705 3725 1775 apostolis

2062 1786 2510 1853 perseveraverit,
2539 1785 2805 1842 habuerit
2855 1794 3135 1845 auctorem
3192 1794 3244 1846 et
3292 1798 3719 1851 antecessorem.

1989 1897 2035 1962 Β
2069 1874 2173 1928 Hoc
2200 1874 2350 1929 enim
2377 1875 2536 1930 modo
2555 1875 2813 1932 Ecclesia
2863 1880 3182 1949 apostolicae
3225 1897 3417 1937 census
3445 1899 3566 1940 suos
3625 1884 3724 1940 de-

2063 1965 2288 2043 ferunt:
2319 1964 2464 2043 sicut
2491 1965 2899 2043 Smyrnaei-um
2923 1969 3188 2043 Ecclesia,
3219 1971 3597 2043 Polycarpum
3638 1974 3707 2028 ab

2061 2036 2273 2090 Joanne
2319 2036 2645 2090 collocatum
2701 2039 2904 2107 refert;
2949 2041 3093 2095 sicut
3164 2036 3531 2099 Romanorum
3588 2046 3716 2102 Cle-

2062 2132 2298 2179 mentem
2328 2140 2368 2179 a
2400 2129 2558 2180 Petro
2602 2125 2916 2183 ordinatum
2974 2128 3184 2184 itidem.
3238 2133 3478 2188 Perinde
3521 2135 3718 2204 utique

2062 2219 2115 2266 et
2141 2221 2337 2269 caetera
2367 2213 2654 2284 exhibent,
2676 2231 2805 2287 quos
2834 2217 2907 2272 ab
2927 2219 3192 2289 apostolis
3223 2219 3285 2274 in
3345 2223 3716 2294 episcopatum

2062 2304 2387 2358 constitutos
2416 2304 2706 2376 apostolici
2743 2309 2974 2362 seminis
3003 2308 3255 2365 traduces
3285 2309 3538 2367 habeant.
3572 2313 3715 2370 Cum

2065 2395 2233 2465 igitur
2285 2397 2505 2466 preprie
2562 2405 2615 2452 et
2672 2399 2953 2456 catholica
2998 2401 3067 2456 de
3125 2401 3382 2459 Ecclesia
3441 2405 3714 2476 loquitur,

2061 2485 2306 2540 ostendit
2367 2502 2426 2541 se
2479 2486 2629 2542 idem
2685 2490 2923 2544 omnino
2980 2491 3191 2546 sentire
3246 2493 3392 2563 quod
3434 2494 3717 2550 sentiebat

2060 2575 2334 2644 Ignatius,
2368 2591 2492 2631 eam
2553 2576 2677 2633 sine
2734 2578 2998 2648 episc0po
3067 2581 3346 2650 integram
3413 2598 3537 2639 esse
3597 2601 3715 2640 non

2061 2680 2249 2736 posse.
2285 2664 2362 2719 De
2394 2665 2666 2722 vocabulo
2699 2668 2928 2737 quidem
2969 2669 3230 2727 Ecclesiae
3293 2672 3370 2726 ita
3423 2688 3568 2743 stepe
3623 2675 3708 2730 lo-

2061 2755 2273 2824 quitur,
2308 2762 2451 2810 utet
2505 2755 2783 2813 haereticis
2827 2759 3086 2827 tribuat;
3147 2776 3287 2831 quos
3343 2761 3404 2817 in
3460 2764 3712 2820 Ecclesia

2060 2845 2638 2914 propriedictafesse
2671 2862 2778 2902 nec
2833 2847 2973 2917 ipse,
3033 2865 3140 2905 nec
3202 2850 3499 2920 quisquam
3560 2854 3709 2910 alius

2059 2935 2305 3001 agnovit.
2338 2934 2594 2996 Faciunt,
2628 2936 2832 3006 inquit,
2853 2943 3006 3007 [avos
3032 2947 3085 2994 et
3127 2954 3333 3010 vespae;
3369 2943 3586 3008 faciunt
3616 2959 3707 2998 ec-

2059 3022 2250 3078 clesias
2281 3030 2332 3078 et
2354 3023 2758 3087 Marcionistae;
2778 3027 2872 3080 sed
2899 3043 3063 3097 quam
3093 3027 3287 3100 inique
3318 3030 3458 3084 illud
3494 3047 3709 3088 nomem

2061 3113 2129 3167 iis
2167 3113 2505 3168 attribuatur
2533 3115 2694 3170 docet
2729 3131 2740 3170 :
2775 3117 2950 3172 Habet
2993 3118 3218 3189 quidem
3276 3120 3379 3174 illa
3425 3121 3704 3192 ecclesias,

297 3207 536 3263 ctrinam
594 3206 986 3278 apostolicam,
1050 3210 1323 3274 tanquam
1393 3213 1588 3274 stupra
1652 3205 1944 3273 damnare,
1987 3205 2028 3271 C
2059 3201 2149 3256 sed
2178 3217 2303 3257 suas
2335 3211 2447 3257 tam
2499 3209 2748 3274 posterns
2803 3222 2968 3277 quam
3015 3208 3342 3279 adulteras;
3384 3227 3620 3280 quarum
3655 3215 3707 3267 si

297 3297 540 3367 quodin
569 3312 634 3352 eo
667 3312 838 3366 opere
873 3295 1025 3350 facit.
1077 3294 1182 3360 Qui
1239 3301 1426 3348 autem
1484 3300 1678 3350 contra
1735 3295 1944 3351 doctri-

296 3402 429 3442 nam
463 3386 828 3456 apostolicam
863 3384 1118 3454 scripsit,
1159 3383 1294 3440 licet
1339 3385 1394 3438 S.
1454 3383 1616 3438 Pauli
1674 3385 1944 3455 epistolas

293 3484 712 3544 nosset,nonne
744 3483 798 3531 et
818 3479 1016 3530 contra
1048 3474 1395 3543 Ignatianam
1443 3475 1690 3531 scribere
1743 3477 1942 3546 potuit,

296 3564 431 3621 licet
460 3566 584 3635 ejus
604 3564 872 3634 epistolas
906 3563 1052 3619 haud
1084 3563 1428 3634 ignoraverit
1459 3563 1486 3617 ?
1533 3567 1700 3620 Hunc
1756 3563 1942 3635 ipsum

292 3653 500 3709 librum
532 3653 886 3724 Nicephorus
918 3660 1191 3707 memorat
1225 3660 1486 3723 tauquam
1513 3655 1781 3708 adversus
1833 3655 1941 3710 Ec-

290 3744 518 3800 clesiam
545 3743 841 3812 scriptum,
872 3740 961 3795 καὶ
999 3738 1185 3802 tame;
1205 3741 1341 3795 κατὰ
1364 3748 1466 3810 τῆς
1523 3741 1762 3798 καθόλου
1824 3743 1940 3798 Ἐκ-

288 3830 519 3901 κλησίας
551 3825 746 3901 βίϐλον
782 3831 1080 3885 συντάττει·
1117 3827 1270 3884 οὐδὲν
1304 3827 1388 3900 ~82-:
1445 3830 1610 3900 ἦττον
1668 3832 1754 3886 καὶ
1813 3831 1936 3906 περὶ

288 3920 659 3997 Σωφροσύνης
686 3919 867 3996 ἕτερον
900 3919 1236 3996 σύγγραμμα
1283 3917 1622 3988 καταλείπει,
1681 3921 1771 3977 καὶ
1813 3925 1934 3996 περί

284 4011 645 4087 Μονογαμίας
677 4004 884 4084 ἕτερον.
947 4012 1085 4066 Cum
1140 4011 1310 4080 igitur
1371 4017 1566 4066 contra
1628 4010 1933 4068 Ecclesiam

283 4101 618 4157 catholicam
655 4099 947 4167 scriberet,
990 4099 1110 4154 haec
1146 4098 1344 4155 habuit
1376 4116 1388 4154 :
1425 4099 1526 4156 Ubi
1557 4107 1688 4169 tres,
1750 4102 1933 4157 Eccle-

283 4189 369 4246 sia
399 4199 500 4257 est,
532 4191 660 4245 licet
683 4190 832 4245 laici.
865 4190 1079 4244 Pariter
1109 4196 1159 4244 et
1191 4189 1260 4244 de
1277 4187 1407 4260 fuga
1430 4189 1489 4244 in
1520 4189 1932 4261 persecutione,

275 4289 395 4358 jam
433 4279 676 4334 adultior
724 4278 1070 4333 Montanista
1097 4279 1156 4333 in
1189 4277 1341 4333 hunc
1372 4279 1610 4333 modum
1643 4278 1926 4350 loquitur:

281 4374 403 4426 Non
429 4375 580 4440 potes
611 4370 928 4424 discurrere
953 4384 1050 4439 per
1074 4369 1318 4438 singulos
1357 4366 1380 4422 Ρ
1413 4369 1484 4423 sit
1516 4367 1620 4423 tibi
1639 4377 1690 4424 et
1719 4385 1780 4424 in
1823 4371 1930 4424 tri-

281 4458 381 4513 bus
419 4458 676 4513 Ecclesia.
703 4456 835 4514 Haec
863 4457 960 4514 ille
986 4474 1052 4513 ex
1086 4457 1561 4512 Montanistarum
1593 4457 1928 4526 disciplina;

276 4557 472 4604 contra
501 4563 672 4618 quam
708 4548 830 4616 ipse
850 4547 1164 4604 catholicus
1202 4547 1426 4615 scripsit
1454 4563 1467 4601 :
1505 4547 1672 4602 Hodie
1694 4550 1924 4620 presby-

280 4640 381 4704 ter,
419 4638 515 4708 qui
541 4652 664 4690 cras
698 4637 904 4692 laicus:
933 4653 1067 4691 nam
1095 4644 1146 4691 et
1196 4634 1354 4690 laicis
1410 4635 1777 4691 sacerdotalia
1833 4639 1924 4692 in-

274 4725 539 4795 jungunt.
573 4725 742 4781 Aliter
772 4726 843 4782 de
871 4725 980 4781 hac
1009 4726 1131 4795 ipsa
1161 4723 1466 4780 relocutus
1524 4733 1608 4779 est
1657 4725 1792 4780 dum
1829 4742 1924 4782 ca-

274 4814 522 4872 tboticus
553 4814 656 4870 fuit
688 4831 702 4871 :
737 4815 836 4873 Ubi
864 4822 991 4881 tres,
1024 4812 1080 4868 id
1100 4820 1178 4868 est
1209 4816 1374 4867 Pater
1403 4816 1454 4868 et
1483 4811 1663 4868 Filius
1691 4819 1746 4869 et
1787 4814 1920 4886 Spi-

272 4906 420 4959 ritus
448 4914 694 4972 sanctus,
738 4904 825 4960 ibi
887 4901 1131 4959 Ecclesia
1187 4917 1308 4972 quae
1347 4900 1520 4956 trium
1575 4917 1768 4972 corpus
1821 4908 1919 4959 est.

281 4993 566 5064 Quidquid
590 5001 776 5049 autem
801 4995 871 5048 de
900 4991 998 5048 illo
1031 4991 1155 5046 loco
1201 4989 1444 5044 senserit
1477 5005 1489 5044 :
1519 4990 1617 5046 Ubi
1671 4990 1777 5047 duo
1834 4994 1921 5050 vel

270 5089 355 5136 tre
375 5085 434 5137 in
463 5084 688 5138 nomine
716 5098 836 5137 meo
865 5087 1406 5150 congregantur,ego
1431 5081 1490 5134 in
1515 5080 1696 5136 medio
1721 5097 1920 5138 eorum

270 5187 390 5225 sum
421 5171 486 5239 ²⁷,
518 5171 586 5226 de
612 5170 909 5240 praesentia
933 5167 1140 5222 Christi
1170 5165 1228 5222 id
1287 5167 1530 5236 accepit,
1563 5183 1682 5237 qua
1728 5169 1918 5241 aliquo

270 5275 438 5315 sensu
465 5259 772 5316 Ecclesiam
797 5258 978 5312 facere
993 5256 1236 5320 videtur,
1267 5254 1371 5310 etsi
1402 5255 1656 5311 Christus
1685 5257 1738 5311 id
1799 5274 1912 5313 non

265 5349 490 5404 dixerit.
521 5350 595 5404 [ta
627 5349 747 5418 ipse
767 5345 924 5413 alibi,
957 5347 1021 5400 In
1051 5359 1160 5400 uno
1189 5348 1243 5400 et
1289 5344 1468 5402 altera
1514 5346 1756 5402 Ecclesia
1811 5353 1912 5418 est,

263 5437 506 5493 Ecclesia
537 5451 665 5493 vero
702 5435 972 5490 Christus.
1033 5433 1194 5500 Quod
1255 5433 1396 5490 adeo
1459 5449 1576 5490 non
1640 5445 1914 5508 repugnat

256 5526 496 5596 Ignatio,
532 5527 730 5593 utipse
759 5523 926 5579 etiam
960 5523 1208 5580 dixerit:
1240 5523 1341 5580 Ubi
1395 5531 1475 5579 est
1524 5523 1775 5581 Christus
1817 5528 1909 5584 Je-

255 5630 371 5684 sus,
396 5615 524 5670 illic
539 5611 813 5669 catholica
840 5611 1099 5669 Ecclesia.
1135 5611 1281 5670 Vihil
1320 5611 1509 5684 itaque
1528 5613 1714 5671 adhuc
1773 5615 1915 5672 dixit

317 5748 390 5784 ’⁵⁷
414 5745 615 5817 Matth,
645 5763 807 5818 xvm,
838 5748 929 5803 20.

2053 3307 2274 3346 censum
2294 3297 2562 3362 requiras,
2587 3295 2811 3364 [acilius
2841 3300 3208 3366 apostaticum
3257 3301 3507 3356 invenias
3535 3318 3706 3371 quam

2053 3382 2429 3451 apostolicum.
2464 3382 2544 3438 De
2574 3383 2826 3440 Ecclesia
2863 3387 3033 3441 etiam
3064 3388 3299 3460 mystice
3327 3389 3571 3460 loquitur
3599 3391 3702 3446 lib-

2053 3471 2128 3526 De
2155 3473 2446 3542 pudicitia,
2471 3488 2594 3542 cap.
2627 3474 2687 3529 2t
2724 3489 2737 3530 :
2782 3474 2921 3530 Nam
2967 3482 3020 3530 et
3083 3478 3319 3533 Ecclesia
3384 3479 3606 3549 preprie
3645 3487 3698 3536 et

2049 3562 2437 3632 principaliter
2468 3564 2583 3633 ipse
2633 3571 2709 3618 est
2760 3567 3014 3636 spiritus,
3071 3567 3130 3622 in
3181 3583 3284 3637 quo
3337 3573 3418 3624 est
3471 3571 3706 3624 trinitas

2051 3649 2218 3704 unius
2243 3649 2570 3718 divinitatis,
2609 3659 2794 3721 Pater,
2833 3661 2886 3709 et
2931 3656 3131 3725 Filius,
3181 3664 3232 3712 ct
3279 3657 3520 3728 Spiritus
3562 3675 3698 3714 san-

2046 3747 2179 3794 ctus.
2208 3739 2367 3794 Illam
2399 3740 2692 3796 Ecclesium
2731 3749 3043 3812 congregat,
3095 3760 3260 3816 quam
3311 3746 3577 3802 Dominus
3639 3750 3697 3802 in

2049 3829 2225 3883 tribus
2243 3831 2620 3900 posuit.Atque
2650 3830 2730 3886 ita
2753 3831 2955 3887 exinde
2983 3832 3154 3889 etiam
3219 3851 3478 3890 numerus
3515 3836 3696 3891 omnis

2045 3920 2144 3988 qui
2168 3919 2226 3973 in
2250 3918 2396 3973 hanc
2425 3920 2588 3989 ﬁdem
2619 3922 3037 3990 conspiraverit,
3068 3923 3306 3979 Ecclesia
3359 3925 3426 3978 ab
3473 3934 3695 3982 auctore

2046 4016 2096 4062 et
2123 4017 2492 4064 consecratorc
2514 4014 2782 4065 censetur.
2808 4013 2872 4066 Et
2899 4011 3017 4067 ideo
3049 4012 3293 4068 Ecclesia
3329 4015 3558 4085 quidem
3606 4015 3693 4070 de-

2047 4096 2178 4152 licta
2224 4097 2468 4166 donabit,
2501 4098 2594 4155 sed
2622 4100 2868 4155 Ecclesia
2920 4100 3161 4171 Spiritus
3210 4118 3312 4172 per
3367 4103 3685 4173 spiritalem

2044 4185 2345 4254 hominem,
2377 4204 2488 4244 non
2521 4189 2762 4244 Ecclesia
2823 4206 3084 4246 numerus
3113 4192 3506 4262 episcoporum.
3541 4193 3684 4248 Cum

2043 4275 2211 4346 igitur
2237 4276 2620 4333 Tertulliauus
2652 4295 2809 4334 nunc
2847 4279 3110 4336 Ecclesiae
3167 4280 3502 4337 vocabulum
3551 4299 3685 4352 pro-

2044 4365 2162 4434 prie
2193 4374 2397 4434 sumat,
2424 4382 2525 4436 pro
2556 4368 2677 4436 tali,
2711 4368 2947 4436 scilicet,
2982 4371 3204 4440 qualem
3257 4371 3498 4440 apostoli
3547 4387 3690 4427 con-

2042 4456 2368 4518 stituerunt,
2401 4471 2558 4512 nunc
2615 4459 2942 4528 improprie,
2967 4465 3023 4514 et
3066 4458 3127 4516 in
3173 4460 3284 4516 alia
3314 4461 3565 4525 notione,
3626 4467 3691 4516 ut

2040 4560 2169 4600 cum
2200 4547 2463 4616 spiritum
2497 4562 2620 4603 esse
2649 4547 2944 4614 dicit,cum
2977 4549 3129 4604 idem
3188 4565 3400 4605 nomen
3461 4548 3686 4605 haereti-

2038 4649 2235 4690 corum
2263 4635 2636 4691 conventibus
2683 4636 2896 4700 tribuit,
2928 4645 3022 4692 aut
3081 4637 3258 4692 tribus
3312 4637 3493 4703 laicis,
3541 4653 3686 4707 quos

2033 4722 2157 4793 ipse
2187 4725 2510 4780 sacerdotes
2542 4732 2700 4781 vocat
2730 4740 2898 4780 sensu
2932 4725 3141 4796 aliquo,
3193 4727 3330 4795 (tam
3381 4726 3535 4781 enim
3589 4743 3685 4782 ve-

2034 4827 2158 4868 rum
2189 4821 2272 4869 est
2316 4830 2385 4868 ex
2443 4814 2782 4870 Tertulliani
2840 4815 3143 4884 sententia,
3184 4815 3329 4886 quod
3393 4822 3502 4871 tres
3550 4815 3685 4871 laici

2033 4910 2166 4957 sunt
2198 4910 2308 4958 tres
2337 4905 2678 4971 sacerdotes,
2718 4920 2891 4974 quam
2914 4905 3060 4974 quod
3094 4904 3190 4960 ubi
3223 4909 3337 4960 tres
3386 4903 3516 4960 laici
3576 4905 3683 4960 Ec-

2030 4992 2203 5047 clesia
2232 4992 2336 5064 est)
2369 5007 2522 5062 cum,
2545 4992 2805 5061 inquam,
2840 5001 2950 5047 tam
3002 4994 3311 5064 improprie
3367 4993 3438 5048 de
3489 4993 3685 5048 Eccle-

2030 5080 2112 5135 sia
2141 5079 2424 5152 loquatur,
2443 5079 2582 5135 illud
2605 5081 2897 5137 decretum
2929 5081 3229 5152 Ignatiano
3253 5081 3492 5136 minime
3549 5096 3686 5136 con-

2028 5170 2265 5225 trarium
2325 5172 2432 5238 est,
2465 5184 2597 5226 cum
2652 5169 2905 5240 Ignatius
2953 5171 3024 5226 de
3072 5171 3326 5227 Ecclesia
3369 5169 3595 5240 proprie
3629 5177 3685 5225 et

2025 5254 2247 5331 integre
2276 5264 2511 5329 accepta
2542 5260 2828 5331 loquatur,
2889 5261 3089 5317 eodem
3148 5261 3322 5318 modo
3381 5275 3493 5331 quo
3543 5259 3683 5314 alibi

2026 5349 2441 5414 Tertullianus,
2481 5363 2590 5418 quo
2620 5348 2682 5404 S.
2736 5349 3072 5421 Cyprianus,
3115 5351 3211 5421 qui
3260 5349 3682 5405 Tertullianum

2025 5440 2353 5510 magistrum
2377 5438 2596 5494 vocavit
2630 5455 2642 5493 :
2674 5438 2769 5494 Illi
2796 5446 2926 5496 sunt
2979 5441 3240 5507 Ecclesia,
3284 5439 3432 5511 plebs
3481 5453 3682 5494 sacer-

2022 5529 2134 5584 doti
2165 5528 2502 5596 adunata,et
2556 5528 2778 5599 pastori
2823 5545 2920 5584 suo
2965 5544 3104 5599 grex
3149 5529 3463 5584 adhaerens.
3532 5529 3686 5585 Unde

2022 5618 2163 5672 scire
2192 5617 2359 5672 debes
2388 5616 2698 5688 episcopum
2729 5618 2789 5672 in
2818 5617 3064 5674 Ecclesia
3081 5629 3270 5689 esse,et
3291 5611 3589 5674 Ecclesium
3620 5617 3684 5673 in
