3974 6296
177 363 294 425 261

947 360 1008 422 J.
1049 358 1478 424 PEARSONII
1523 359 1898 424 VINDICIIE
1940 357 2432 421 IGNATIANJI.
2477 388 2555 406 --
2595 356 2806 421 PARS
2849 361 2901 420 Ι.

3479 359 3598 424 262

181 499 447 570 episcopo,
478 499 534 553 et
553 497 730 570 siqui
752 511 877 552 cum
905 497 1153 568 episcopo
1207 512 1320 553 non
1344 505 1492 565 sunt,
1545 497 1608 552 in
1653 496 1838 552 Eccle-
1868 499 1921 566 Α
1952 494 2300 550 llarcionitas
2364 497 2540 562 notat,
2596 497 2693 566 qui
2746 495 3026 551 Christum
3087 494 3418 568 phantasma
3474 497 3620 558 dies-

182 591 274 644 sia
295 603 402 642 non
433 604 575 654 esse,
626 587 802 657 epist.
830 586 940 655 69;
972 587 1171 643 eodem
1212 603 1324 658 quo
1358 590 1596 658 Optatus
1642 586 1850 658 pariter

189 678 495 733 Africanus
528 694 544 732 :
586 676 832 732 Ecclesia
889 685 1036 732 certa
1090 675 1349 748 quaedam
1389 675 1633 731 membra
1665 673 1848 740 habet,

188 770 489 839 episcopos,
513 767 894 839 presbyteros,
927 767 1183 822 diaconos
1212 772 1266 822 et
1293 767 1511 822 turbam
1559 765 1848 836 fidelium;

191 858 395 913 eodem
427 872 540 928 quo
568 857 772 912 Victor
814 856 1060 911 Vilcnsis
1091 856 1262 911 etiam
1318 855 1621 912 Africanus
1653 870 1668 908 :
1703 855 1850 924 Qui-

186 947 286 1002 bus
317 954 506 1002 autem
533 961 839 1018 persequar
857 945 1179 1018 fluminibus
1211 945 1611 1016 lacrymarum,
1631 943 1852 1015 quando

183 1036 491 1108 episcopos,
543 1037 917 1108 presbyteros,
975 1035 1251 1103 diaconos,
1301 1037 1354 1091 et
1400 1033 1524 1089 alia
1583 1031 1852 1090 Ecclesia?

181 1126 443 1181 membra
475 1125 552 1180 ad
589 1126 856 1180 exsilium
882 1128 1056 1181 eremi
1083 1123 1405 1180 destinavit.

263 1215 557 1281 Secundo,
587 1215 804 1285 colligit
849 1215 1135 1284 Ignatium
1189 1221 1443 1268 nostrum
1501 1209 1850 1267 Tertulliano

189 1305 372 1360 fuisse
415 1305 705 1375 ignotum,
739 1305 867 1375 quia
918 1319 1046 1360 cum
1102 1319 1213 1360 non
1262 1303 1438 1359 solum
1489 1311 1851 1358 antecessores

183 1412 333 1463 suos,
368 1395 466 1449 sed
497 1395 744 1465 ipsorum
776 1396 941 1450 etiam
996 1393 1496 1450 haeresiarcharum
1555 1400 1852 1462 contempo-

181 1485 337 1539 rates
367 1485 705 1539 nominatim
735 1493 1036 1554 recenseat,
1086 1482 1372 1555 Ignatium
1425 1498 1495 1536 ne
1540 1479 1852 1537 nominavit

183 1574 460 1644 quidem;
491 1573 777 1628 videamus
808 1589 976 1643 quam
1039 1581 1206 1628 recte.
1270 1571 1662 1644 Tertullianus
1705 1569 1845 1626 scri-

186 1664 331 1719 bens
360 1663 632 1717 adversus
660 1661 1114 1730 Valentinianos,
1147 1662 1406 1717 observat
1444 1660 1629 1731 primo
1649 1675 1846 1716 eorum

185 1753 474 1822 originem
507 1752 567 1808 in
602 1751 918 1817 Valentino,
953 1751 1076 1822 ejus
1133 1766 1402 1822 sequaces
1445 1757 1620 1817 notat,
1652 1748 1845 1806 Celar-

1953 593 2114 651 rent;
2149 583 2312 655 idque
2339 584 2537 655 probat
2576 599 2646 639 ea:
2695 583 2908 640 Joanne
2947 586 3208 656 apostolo.
3246 593 3319 640 ΑΙ
3365 587 3614 658 lgnatius

1953 688 2145 729 eorum
2201 672 2511 728 doctrinam
2565 675 2944 744 perstringit:
2995 689 3123 730 eum
3178 677 3354 746 igitur
3401 677 3612 731 Joanni

1957 769 2148 818 testem
2175 763 2484 818 addidisset
2541 762 2936 835 Tertulliauns,
2993 767 3045 820 si
3099 765 3373 821 hominem
3412 771 3614 823 nosset.

1955 852 2130 916 Quasi
2154 866 2282 908 vero
2325 852 2527 923 Ignatii
2589 854 2910 908 testimonio
2966 869 3107 924 opus
3158 863 3304 911 esset
3361 855 3430 910 ad
3487 872 3610 911 eam

1953 957 2098 1006 rem,
2131 944 2297 1012 cujus
2327 950 2523 998 testem
2569 943 2891 1013 apostolum
2925 943 3140 1000 habuit.
3173 945 3293 1001 Imo
3327 961 3458 1001 vero
3488 963 3606 1002 non

1959 1037 2178 1086 tantum
2209 1046 2351 1100 epus
2383 1047 2497 1086 non
2529 1038 2651 1087 erat
2699 1040 2756 1087 ut
2811 1047 2940 1088 eum
2997 1033 3335 1102 adhiberet;
3394 1036 3494 1091 sed
3553 1041 3607 1090 et

1955 1119 2199 1175 absurde
2229 1120 2474 1188 iecisset,
2505 1120 2553 1176 si
2595 1121 2968 1178 adhibuisset.
3020 1125 3240 1180 Primos
3297 1125 3451 1180 enim
3499 1141 3605 1180 au-

1954 1216 2138 1265 ctores
2168 1209 2294 1280 ejus
2324 1210 2621 1266 sententias
2650 1218 2826 1282 notat,
2857 1219 2909 1266 et
2966 1227 3162 1268 eorum
3210 1213 3606 1284 antiquitatem

1954 1298 2151 1368 probat
2177 1318 2191 1366 ;
2225 1298 2473 1354 ostendit
2506 1315 2602 1354 eos
2632 1300 2773 1356 adeo
2802 1316 3154 1372 princoquos,
3190 1306 3253 1358 ut
3282 1311 3443 1358 relate
3470 1319 3610 1373 apo-

1954 1387 2229 1444 stolorum
2261 1389 2577 1444 exstiterint
2613 1413 2627 1456 ;
2660 1389 2717 1443 id
2749 1405 2880 1445 vero
2913 1394 2974 1445 ut
3030 1392 3350 1460 conﬁrmet,
3384 1398 3610 1462 aposto-

1954 1475 2074 1530 lum
2121 1477 2304 1546 ipsum
2366 1481 2566 1532 testem
2624 1477 2874 1548 adducit,
2933 1478 3031 1549 qui
3073 1496 3168 1536 eos
3224 1480 3609 1538 Antichristos

1955 1566 2336 1635 pronuntiavit
2379 1573 2650 1637 negantes
2707 1567 2992 1624 Christum
3061 1569 3121 1624 in
3161 1585 3332 1625 carne
3367 1573 3608 1626 venisse.

1951 1655 2076 1709 lam
2108 1671 2236 1711 vero
2292 1672 2461 1726 quam
2526 1656 2834 1712 absurdum
2869 1660 3066 1714 fuisset
3098 1662 3311 1732 Ignatii
3346 1662 3603 1718 testimo-

1954 1745 2118 1800 nium
2152 1745 2421 1814 adjicere,
2452 1747 2546 1814 qui
2578 1763 2630 1801 a.
2662 1752 2723 1802 D.
2756 1747 2861 1802 407
2892 1749 3191 1818 scripsisse
3247 1749 3604 1821 perhibetur,

189 1841 416 1907 basum,
456 1841 851 1907 Ptolemaeum,
884 1839 1674 1908 Heracleonem,Secundum,
1695 1843 1845 1894 Mar-
1878 1859 1923 1924 Β
1955 1839 2013 1890 et
2037 1834 2424 1903 pbantasticos
2452 1835 2770 1890 damnasse.
2808 1839 2893 1891 An
2926 1852 2994 1892 ex
3038 1837 3193 1892 illius
3250 1838 3505 1908 epistolis
3538 1839 3608 1895 li-

187 1947 316 1988 cum
348 1939 402 1986 et
453 1931 842 1997 Theotimum,
875 1930 974 2001 qui
1031 1930 1286 2000 quamvis
1339 1928 1721 1984 Valentiniani
1759 1929 1844 1983 di-

181 2029 470 2085 cerentur,
499 2017 747 2073 multum
784 2029 971 2073 tamen
1001 2034 1034 2072 a
1064 2017 1369 2072 Valentino
1424 2016 1841 2087 discrepabant.

182 2109 390 2164 Statuit
434 2109 608 2178 igitur
639 2109 824 2178 primo
855 2122 984 2162 cum
1037 2105 1448 2176 principalibus
1503 2121 1692 2177 agerc,
1728 2122 1844 2162 non

172 2215 295 2253 cum
324 2197 584 2264 ducibus,
619 2205 678 2252 ut
709 2196 984 2267 loquitur,
1019 2197 1365 2266 passivorum
1395 2194 1839 2266 discipulorum;

174 2288 456 2352 secundo,
517 2285 823 2341 lectoribus
907 2285 1245 2355 persuadere
1319 2289 1557 2340 conatur
1619 2301 1680 2340 se
1725 2300 1843 2341 non

176 2376 412 2431 finxisse
447 2374 731 2442 materias,
768 2375 873 2429 hoc
914 2383 1017 2443 est,
1051 2375 1313 2445 dogmata
1345 2374 1460 2428 illis
1515 2373 1842 2430 attribuisse

173 2481 297 2536 qua
323 2465 434 2535 ipsi
467 2481 583 2520 non
611 2462 1020 2534 propalabant;
1055 2464 1202 2534 quod
1235 2479 1300 2518 ea
1359 2479 1473 2518 non
1517 2463 1704 2518 solum
1735 2479 1837 2518 an-

175 2564 476 2610 tecessores
505 2553 616 2617 sui,
651 2557 745 2607 sed
779 2553 1027 2621 ipsorum
1059 2553 1563 2608 haeresiarcharum
1600 2556 1840 2607 contem-

175 2645 401 2716 porates
431 2643 885 2698 instructissimis
915 2641 1293 2697 voluminibus
1323 2644 1372 2695 et
1403 2642 1757 2711 protulerunt
1786 2648 1839 2696 et

169 2737 540 2789 retulerunt.
578 2733 793 2786 Deinde
823 2747 917 2786 eos
948 2732 1230 2799 nominat,
1262 2732 1358 2800 qui
1390 2730 1486 2785 illa
1510 2731 1835 2787 instructis-

168 2825 325 2879 sima
351 2823 645 2877 volumina
674 2822 970 2890 scripsere,
1003 2820 1211 2891 quibus
1267 2836 1467 2876 omnes
1497 2819 1628 2874 illas
1662 2821 1836 2875 hare-

171 2914 320 2969 ticas
352 2912 661 2982 Opiniones
691 2919 1070 2981 exposuerunt
1105 2917 1276 2980 atque
1307 2910 1640 2974 ret‘utarunt,
1696 2926 1837 2979 quos

170 3005 299 3073 ipse
329 3002 484 3057 utin
527 3001 637 3057 hoc
667 3000 958 3056 scribendi
1015 3016 1220 3069 genere
1274 3007 1604 3070 assequatur
1657 3007 1830 3068 optat.

172 3093 390 3148 Horum
425 3091 642 3161 primus
671 3090 922 3146 Justinus
965 3089 1315 3160 philosOphus
1363 3093 1416 3143 et
1471 3091 1710 3160 martyr,
1738 3086 1832 3157 qui

173 3198 296 3237 non
332 3185 558 3236 tantum
591 3184 786 3236 contra
843 3180 1175 3235 Marcionem
1231 3179 1478 3249 insignia
1524 3176 1832 3244 volumina,

179 3228 296 3237 ..νη
336 3228 558 3236 -_..._---

174 3273 274 3327 sed
308 3279 363 3325 et
393 3270 572 3324 alium
601 3270 804 3324 librum
831 3272 1025 3325 contra
1079 3284 1266 3325 omnes
1331 3268 1559 3324 haereses
1593 3265 1832 3338 scripsit,
1863 3228 1906 3294 ε

180 3369 242 3416 ut
264 3367 505 3415 testatur
537 3359 916 3431 Hieronymus
970 3357 1029 3414 in
1080 3358 1364 3429 Catalogo.
1418 3358 1714 3413 Secundus
1752 3368 1831 3411 est

181 3449 457 3505 Miltiades
486 3449 841 3504 ecclesiarum
883 3446 1146 3519 sophista,
1207 3461 1396 3518 quem,
1453 3447 1649 3501 eodem
1710 3444 1832 3502 Hie-

181 3554 423 3609 ronymo
453 3545 615 3604 teste,
661 3537 876 3593 scimus
941 3537 1233 3606 scripsisse
1285 3536 1556 3591 adversus
1613 3535 1829 3591 Monta~

181 3645 320 3684 num
347 3629 603 3684 volumen
631 3625 996 3698 praecipuum.
1029 3626 1256 3680 Tertius
1286 3631 1370 3680 est
1401 3625 1668 3692 Irenmus,
1727 3640 1831 3680 cu-

177 3719 268 3788 jus
300 3717 814 3772 instructissimum
857 3715 1121 3771 volumen
1174 3715 1443 3770 adversus
1482 3714 1832 3769 Valentinia-

185 3823 293 3862 nos
319 3812 526 3860 exstat.
560 3808 823 3873 Quartus,
850 3819 1015 3873 quem
1059 3802 1365 3859 Proculum
1396 3802 1673 3867 nominat,
1708 3803 1834 3872 quis

178 3895 252 3949 sit
297 3892 633 3963 ambigitur,
691 3907 814 3960 quas
871 3891 1178 3961 scripserit,
1229 3891 1454 3960 Opinor,
1512 3889 1826 3960 ignoratur.

178 3982 304 4038 Jam
341 3998 473 4038 vero
503 3997 576 4036 au
607 3995 828 4051 aaquum
872 3979 1118 4051 postulat
1142 3979 1228 4035 vir
1275 3979 1662 4046 doctissimus,
1695 3994 1828 4035 cum

177 4071 438 4142 requirit,
463 4078 521 4125 ut
574 4070 826 4139 lgnatius
859 4069 965 4124 hoc
997 4069 1121 4124 loco
1177 4068 1328 4124 inter
1358 4067 1460 4123 hos
1489 4075 1729 4138 quatuor
1751 4068 1832 4123 vi-

180 4177 272 4218 ros
303 4168 680 4226 memoratur,
713 4165 808 4214 aut
839 4159 1066 4228 penitus
1096 4155 1448 4214 Tertulliano
1477 4157 1702 4225 ignotus
1734 4160 1831 4227 ju-

179 4252 408 4307 dicetur
431 4250 459 4306 ?
507 4251 591 4304 An
628 4248 878 4320 lgnatius
909 4247 1410 4304 instructissimum
1444 4247 1672 4317 aliquod
1727 4248 1829 4302 ad-

179 4356 378 4396 versus
411 4338 707 4394 hereticos
753 4337 1018 4393 volumen
1073 4334 1352 4407 scripsit?
1380 4352 1454 4392 an
1508 4335 1606 4392 ille
1633 4352 1828 4393 eorum

179 4431 442 4495 nomina,
474 4435 672 4483 aetates
723 4433 777 4482 et
826 4426 1161 4496 opinionum
1195 4433 1451 4498 portenta
1497 4426 1827 4497 exploravit,

176 4527 228 4575 et
259 4519 321 4574 in
352 4525 612 4588 apertum
637 4515 948 4587 produxit?
968 4532 1040 4570 an
1068 4531 1457 4586 perversorum
1499 4515 1827 4586 dogmatum

1959 1940 2128 1995 quere
2160 1925 2364 1995 potuit,
2397 1933 2507 1980 tam
2571 1941 2896 1996 praecoques
2929 1927 3292 1983 Marcionilas
3322 1929 3515 1997 fuisse,
3550 1940 3611 1986 ut

1952 2023 2262 2086 antequam
2294 2015 2346 2070 S.
2380 2018 2629 2071 Joannes
2675 2015 2974 2085 epistolam
3038 2018 3284 2087 scripsit,
3312 2035 3411 2075 eos
3441 2021 3613 2075 exsti—

1953 2103 2086 2158 tisse
2115 2108 2470 2173 compertum
2504 2104 2576 2158 sit
2607 2104 2634 2158 ?
2686 2109 2774 2159 An
2807 2107 2955 2175 quod
2989 2105 3238 2175 lgnatius
3271 2109 3434 2163 morti
3465 2109 3606 2164 vici-

1952 2207 2059 2246 nus
2085 2195 2344 2249 moneret
2385 2192 2756 2262 Christianos,
2792 2201 2848 2248 ut
2909 2193 3019 2250 sibi
3075 2206 3340 2252 caverent
3395 2198 3467 2252 ab
3518 2199 3613 2271 iis,

1953 2282 2049 2350 qui
2110 2281 2309 2335 falsam
2368 2281 2682 2336 doctrinam
2742 2282 2800 2336 in
2851 2283 3102 2339 Ecclesia
3147 2301 3411 2355 spargere
3471 2294 3606 2344 tunc

1955 2369 2220 2439 temporis
2251 2369 2627 2439 conabantur,
2661 2369 2794 2427 inde
2852 2372 3194 2428 concludere
3249 2375 3427 2442 potuit
3468 2375 3605 2432 Ter-

1947 2462 2240 2532 tullianus,
2272 2480 2369 2518 eos
2417 2466 2614 2519 eadem
2675 2472 2754 2520 tot
2800 2465 2968 2520 annis
2997 2474 3128 2522 ante
3157 2467 3468 2522 docuisse?
3500 2468 3603 2524 Sed

1947 2567 2120 2621 neque
2149 2554 2264 2619 hic,
2298 2552 2506 2622 inquit,
2540 2569 2716 2624 neque
2745 2558 2959 2624 uspiam
2990 2557 3053 2610 in
3103 2559 3210 2611 toto
3239 2567 3427 2611 contra
3458 2559 3600 2612 Mar-

1946 2643 2160 2696 cionem
2191 2657 2352 2712 opere
2381 2644 2596 2711 Ignatii
2621 2642 2899 2712 meminit,
2950 2645 3105 2710 cuius
3131 2649 3242 2700 tam
3275 2647 3476 2702 multa?
3511 2645 3592 2702 lc-

1941 2740 2149 2801 guntur
2177 2731 2439 2785 adversus
2470 2734 2804 2786 Marcionica
2833 2733 3096 2801 ﬁgmenta
3124 2737 3428 2789 sententiae.
3466 2734 3591 2790 Non

1944 2820 2209 2874 meminit
2237 2823 2462 2888 quidem
2495 2820 2719 2891 Iguatii,
2753 2822 2849 2890 qui
2881 2821 3099 2877 nullius
3154 2823 3417 2878 meminit
3451 2842 3465 2890 ;
3530 2824 3589 2878 in

1943 2916 2057 2964 toto
2087 2915 2284 2964 contra
2315 2908 2662 2964 Marcionem
2695 2926 2866 2978 epere
2890 2926 2996 2966 nec
3027 2927 3202 2966 unum
3243 2914 3465 2981 quidem
3499 2928 3592 2967 cc-

1941 2999 2320 3053 clesiasticum
2352 2998 2688 3068 scriptorem
2717 3000 2848 3054 citat
2874 3020 2888 3067 ;
2911 3001 3238 3072 Scripturis,
3265 3001 3592 3067 traditione,

1941 3088 2257 3143 rationibus
2315 3095 2524 3159 pugnat
2583 3097 2636 3144 et
2691 3089 2924 3159 quidem
2982 3091 3317 3160 Ignatianis,
3378 3106 3480 3146 nec
3525 3108 3594 3146 ex

1947 3179 2166 3246 lgnatio
2199 3178 2533 3232 nominatim
2559 3180 2897 3234 sententiam
2931 3178 3201 3249 aliquam,
3251 3195 3356 3235 nec
3386 3196 3452 3234 ex
3481 3180 3594 3236 alio

1945 3268 2208 3336 qu0piam
2241 3265 2529 3322 describit.
2563 3267 2617 3320 Si
2671 3268 2921 3337 lgnatius
2977 3269 3245 3338 epistolas
3300 3269 3426 3324 ideo
3476 3284 3593 3324 non

1944 3355 2238 3424 scripsisse
2267 3355 2543 3410 dicendus
2571 3362 2654 3410 est
2687 3374 2703 3423 ;
2734 3371 2933 3410 omnes
2963 3359 3129 3412 etiam
3159 3358 3290 3413 libri
3350 3359 3444 3428 qui
3485 3357 3594 3411 ali-

1943 3444 2078 3514 quid
2113 3445 2383 3514 prseclare
2407 3453 2605 3500 contra
2633 3446 3037 3502 Marcionicam
3099 3446 3357 3502 haeresim
3408 3447 3598 3502 centi-

1943 3548 2078 3589 nere
2110 3534 2490 3602 reperiuntur,
2550 3533 2728 3603 spurii
2775 3542 2828 3589 et
2885 3535 3265 3591 commentitii
3322 3534 3596 3592 censendi

1945 3638 2094 3686 sunt.
2131 3630 2516 3687 Tertullianus
2545 3647 2660 3687 non
2723 3637 2940 3688 tantum
2997 3632 3057 3688 in
3091 3633 3220 3702 hoc,
3250 3634 3343 3690 sed
3378 3634 3438 3688 in
3483 3640 3597 3688 toto

1945 3721 2094 3791 quod
2127 3727 2308 3776 exstat
2337 3736 2528 3789 opere,
2577 3719 2796 3776 nullam
2839 3736 3086 3792 unquam
3119 3721 3462 3778 sententiam
3523 3739 3594 3778 ex

1943 3810 2060 3865 ulle
2110 3809 2384 3878 scriptore
2439 3809 2824 3865 ecclesiastico
2857 3810 3085 3865 totidem
3121 3810 3303 3866 verbis
3353 3811 3590 3865 nomine

1942 3898 2113 3954 citato
2171 3897 2470 3966 excerpsit.
2505 3897 2818 3951 Barnabam
2852 3897 3128 3962 nominat,
3162 3899 3257 3953 sed
3296 3903 3352 3952 ut
3381 3902 3582 3952 aucto-

1943 4003 2063 4042 rem
2094 3986 2348 4056 epistolas
2376 3987 2442 4040 ad
2474 3985 2754 4051 Hebraos,
2813 4001 2938 4055 quas
2992 4000 3145 4040 nunc
3176 3985 3232 4040 S.
3268 3984 3424 4039 Pauli
3456 4001 3582 4040 cre-

1945 4077 2114 4131 ditur.
2149 4075 2410 4130 Hermam
2443 4075 2598 4142 citat,
2649 4089 2816 4143 quem
2875 4089 3030 4129 nunc
3079 4081 3137 4129 ut
3186 4073 3587 4128 autbenticum

1941 4165 2206 4233 admittit,
2247 4179 2402 4219 nunc
2433 4171 2492 4218 ut
2520 4163 2910 4234 apocryphum
2942 4162 3185 4233 despuit.
3237 4160 3586 4217 Clementem

1963 4255 2134 4310 audet
2166 4259 2228 4308 ut
2254 4252 2441 4308 Romae
2480 4252 2833 4322 episcopum,
2878 4268 2996 4308 non
3055 4259 3114 4306 ut
3166 4251 3418 4322 epistolae
3450 4251 3594 4306 scri-

1939 4353 2177 4416 ptorem.
2212 4342 2560 4399 Christianos
2587 4341 2805 4413 aliquot
2844 4341 2914 4396 ad
2971 4349 3174 4414 gentes,
3207 4340 3342 4414 πρὸς
3363 4336 3571 4408 Ἕλλη-

1938 4454 2055 4497 νας,
2086 4433 2368 4503 Opuscula
2397 4430 2739 4498 condidisse,
2767 4431 2923 4496 dicit,
2983 4432 3271 4487 neminem
3303 4431 3580 4486 nominat.

1939 4523 2244 4592 Cujusdam
2299 4525 2416 4576 hanc
2469 4520 2638 4576 verba
2688 4520 2922 4576 recitare
2979 4521 3195 4576 videtur
3238 4535 3252 4574 :
3314 4520 3584 4587 Quoniam

176 4606 472 4662 insaniam
505 4612 600 4659 aut
642 4605 974 4670 ntionibus,
1005 4608 1108 4659 aut
1160 4604 1459 4672 Scriptura;
1491 4604 1828 4659 testimoniis
1861 4599 1904 4662 D
1936 4612 2151 4684 quidem
2183 4611 2517 4679 desponsata
2546 4618 2624 4666 est
2660 4613 2868 4679 Maria,
2898 4609 3102 4666 idcirco
3132 4613 3184 4666 et
3234 4609 3309 4664 ab
3364 4610 3581 4681 angelo,

178 4695 392 4750 retudit
421 4693 450 4748 τ
469 4709 544 4748 an
571 4709 634 4750 ea
655 4700 816 4749 atate
843 4691 1005 4758 vixit,
1028 4707 1136 4762 qua
1164 4692 1444 4762 Justinus,
1477 4699 1572 4748 aut
1618 4692 1828 4750 Miltia-

179 4786 300 4851 des,
334 4789 436 4840 aut
461 4785 728 4853 lrenaeus,
761 4782 857 4852 qui
891 4781 983 4838 hic
1030 4781 1526 4838 haeresiarcharum
1581 4789 1826 4839 contem-

173 4875 409 4945 poranei
430 4872 846 4929 nominantur?
869 4888 945 4927 an
976 4887 1040 4928 ea
1071 4872 1158 4928 vel
1217 4871 1382 4941 copia
1431 4871 1516 4928 vel
1550 4872 1829 4942 elegantia

177 4963 428 5034 scripsit,
463 4970 521 5018 ut
551 4978 680 5018 eum
711 4977 772 5018 tn
824 4976 996 5030 opere
1049 4961 1157 5017 isto
1186 4959 1571 5018 Tertullianus
1607 4971 1830 5032 Optaret

179 5051 462 5123 assequi?
510 5051 664 5109 Nihil
725 5050 926 5107 horum
961 5049 1019 5105 in
1077 5049 1293 5120 Ignatio
1323 5050 1658 5120 reperimus,
1703 5067 1830 5122 quas

183 5142 384 5199 omnia
413 5142 473 5197 in
503 5141 618 5197 illis
639 5139 1063 5213 spectabantur,
1121 5155 1263 5210 quos
1320 5139 1635 5197 nominavit
1692 5141 1828 5199 Ter-

181 5233 479 5298 tullianus,
509 5239 564 5288 et
591 5239 822 5303 propter
885 5246 1007 5301 qua
1051 5245 1149 5286 eos
1196 5229 1432 5286 omnino
1488 5231 1826 5289 nominavit.

179 5322 474 5378 Absouum
506 5330 593 5378 est
650 5321 822 5389 igitur
870 5320 1148 5391 lgnatium
1189 5319 1337 5374 inter
1392 5317 1522 5376 illos
1552 5336 1823 5393 quaerere,

177 5412 441 5484 iniquum
470 5412 756 5482 ﬂagitare;
792 5408 1208 5466 Tertullianum
1239 5408 1524 5465 afﬁrmare
1539 5409 1666 5467 ideo
1695 5427 1825 5470 eum

180 5504 402 5574 penitus
422 5505 738 5576 ignorasse,
772 5501 924 5572 quod
949 5515 1015 5556 eo
1044 5498 1154 5556 loci
1184 5514 1301 5556 non
1327 5498 1726 5568 nominaverit,
1755 5501 1826 5558 ab

176 5595 332 5651 omni
361 5597 584 5653 ratione
613 5591 875 5648 alienum
906 5597 1008 5646 est.

246 5686 428 5747 Tertio
460 5683 846 5745 Tertullianus
871 5680 1052 5753 fuisse
1093 5693 1408 5753 praecoques
1447 5682 1502 5736 et
1553 5679 1826 5741 abortivo:

1936 4709 1990 4758 et
2014 4702 2086 4758 ab
2114 4703 2352 4772 apostolo
2407 4699 2699 4755 mulierem
2746 4701 3162 4770 pronuntiatam
3195 4715 3210 4754 :
3245 4699 3580 4771 desponsata

1938 4793 2086 4848 enim
2128 4789 2520 4862 quodammodo
2575 4794 2754 4859 nupta
2784 4806 2799 4855 ;
2829 4790 2924 4853 sed
2976 4805 3049 4846 an
3081 4790 3290 4858 scripta
3335 4790 3569 4855 iuerint,

1939 4898 2055 4937 non
2083 4881 2268 4947 docet,
2300 4887 2352 4936 et
2405 4881 2526 4949 ipsa
2577 4877 2736 4934 atl‘ert
2793 4885 3010 4932 tantum
3044 4885 3101 4932 ut
3132 4877 3359 4933 refutet.
3390 4877 3574 4931 Justi-

1937 4985 2100 5036 num,
2135 4967 2432 5036 Irenaeum,
2461 4967 2794 5031 Miltiadem,
2827 4965 3130 5020 Proculum
3192 4965 3366 5020 semel
3401 4965 3590 5020 nomi-

1938 5067 2055 5128 nat,
2078 5074 2222 5130 quos
2252 5062 2310 5114 et
2339 5073 2397 5112 se
2427 5056 2581 5127 sequi
2610 5055 2890 5126 professus
2919 5061 3025 5110 est.
3060 5053 3270 5110 Praeter
3328 5055 3432 5110 bos
3463 5053 3582 5122 ille,

1938 5149 2033 5220 qui
2062 5146 2510 5218 quamplurimos
2539 5144 2857 5207 haereticos,
2887 5144 3162 5200 ducentos
3214 5159 3359 5213 pene
3391 5143 3582 5199 ethni-

1936 5253 2034 5294 cos
2076 5235 2289 5304 laudat,
2321 5235 2608 5292 neminem
2661 5250 2728 5290 ex
2762 5231 3134 5305 scriptoribus
3178 5230 3584 5288 ecclesiasticis

1939 5326 2231 5382 nominare
2261 5324 2528 5394 dignatus
2557 5331 2639 5379 est
2674 5342 2688 5392 ;
2725 5331 2777 5379 et
2809 5340 2876 5378 ex
2911 5338 3107 5380 eorum
3138 5338 3282 5393 quos
3331 5321 3592 5377 nominat

1937 5414 2163 5486 scriptis
2193 5429 2264 5470 ne
2291 5429 2402 5468 una
2433 5413 2660 5484 quidem
2693 5414 2980 5469 sententia
3007 5415 3075 5468 ad
3108 5412 3438 5468 relutandos
3468 5410 3592 5466 bes-

1946 5506 2173 5574 retices,
2201 5511 2294 5559 aut
2333 5502 2649 5560 doctrinam
2705 5501 2956 5572 aliquam
3016 5501 3397 5558 Christianam
3450 5517 3593 5558 con-

1945 5594 2302 5659 ﬁrmandam,
2337 5596 2605 5664 tauquam
2658 5591 3000 5659 testimonio,
3062 5601 3159 5648 aut
3240 5589 3344 5646 sub
3403 5590 3594 5662 specie

1939 5682 2289 5741 auctoritatis
2319 5683 2513 5741 utitur.
2547 5681 2854 5740 Silentium
2874 5680 3043 5752 igitur
3070 5677 3410 5738 Tertulliani
3441 5679 3592 5736 nihil
