3974 6296
361 377 480 438 263
1400 369 1464 429 S.
1512 366 1913 441 IGNATIUS.
1959 398 2035 411 --
2083 366 2699 427 PRULEGOMENA.
3657 368 3792 430 264

361 511 429 566 ad
451 501 1823 581 Ignatiiepistoliciauctoritatemimminuendam
1842 500 2007 556 valet.
2039 501 2089 567 Α
2119 499 2340 566 ducere,
2374 499 2631 556 idoneum
2686 499 3052 570 conﬁrmandi
3082 500 3147 557 de
3172 502 3434 572 proximo
3467 502 3592 568 iure
3613 503 3794 560 disci-

433 602 658 665 Quarto,
699 595 976 664 Ignatium
1011 601 1269 649 nostrum
1331 608 1446 646 non
1509 600 1730 646 tantum
1787 590 2016 646 Tertul-
2121 587 2338 654 plinam
2367 589 2778 658 magistrorum.
2813 590 2895 644 Ita
2918 589 3309 646 auctoritatem
3342 592 3784 661 ejusdiminuit,

363 689 536 753 liano,
569 687 664 741 sed
697 695 747 742 et
771 685 1071 740 catho!icis
1101 683 1357 751 ejusdem
1392 681 1496 735 aevi
1551 681 1810 746 ignotum
1844 679 2016 735 fuisse
2121 693 2284 748 quem
2335 677 2457 749 ipse
2488 680 2747 750 producit
2780 695 2794 735 :
2829 688 2881 736 et
2913 679 3020 734 hoc
3075 680 3245 735 etiam
3307 682 3441 738 fecit
3495 697 3629 739 cum
3663 699 3790 739 non

359 779 592 833 aliunde
674 776 1064 841 deprehendit.
1127 772 1378 837 Scilicet,
1456 769 1726 826 catholici
1813 770 2013 840 lapsos,
2123 767 2394 823 Barnabas
2460 768 2639 838 ipsius
2697 769 2992 838 epistolam
3052 769 3272 840 citaret,
3343 771 3436 825 sed
3477 786 3604 826 eam
3652 787 3781 842 quas

360 867 530 920 etiam
559 865 811 928 mzcltos,
841 879 939 934 per
967 863 1356 924 paenitentiam
1377 862 1436 914 in
1463 859 1782 916 Ecclesiam
1811 857 2016 914 admit-
2120 857 2326 925 scripta
2359 864 2443 912 est
2483 860 2549 912 ad
2593 857 2878 925 Hebraeos,
2928 875 3056 928 quae
3112 873 3268 915 nunc
3329 860 3386 914 in
3419 875 3640 917 canone
3670 869 3778 931 est,

355 957 557 1011 tebant.
595 953 987 1020 Tertullianus,
1012 951 1256 1006 Montani
1286 959 1538 1017 sectator,
1576 949 1672 1005 lib.
1727 954 1803 1003 De
1848 948 2014 1017 pudi-
2118 951 2174 1002 et
2201 952 2255 1001 S.
2309 949 2472 1004 Pauli
2520 949 2772 1018 Epistola
2829 948 3096 1004 creditur.
3160 952 3283 1006 Imo
3341 965 3469 1006 vero
3500 967 3777 1023 quorsum

351 1049 500 1112 citia,
528 1044 832 1100 catholicos
859 1051 1169 1115 oppugnat.
1211 1041 1470 1112 Ignatius
1499 1043 1661 1095 docet
1694 1042 2012 1107 pcenitentes
2117 1036 2382 1092 catholici
2413 1037 2790 1103 Tertulliano,
2824 1038 2910 1093 vel
2964 1040 3085 1108 ipse
3139 1039 3250 1094 sibi
3299 1039 3578 1109 oltjiceret
3609 1045 3774 1098 testi-

351 1153 464 1191 esse
492 1135 886 1206 suscipiendos.
939 1135 1077 1204 Ergo
1127 1148 1225 1186 nec
1256 1130 1633 1198 Tertulliano,
1697 1144 1800 1184 nec
1825 1129 2008 1184 catho-
2121 1127 2376 1180 monium
2401 1127 2693 1196 scriptoris
2736 1127 2806 1182 ab
2839 1128 3091 1184 Ecclesia
3123 1137 3342 1184 tantum
3402 1132 3646 1200 probati,
3681 1134 3780 1203 qui

358 1226 482 1280 licis
510 1229 666 1279 notus
695 1225 828 1295 fuit.
853 1223 959 1278 Ain
989 1239 1145 1289 vero,
1180 1237 1309 1290 ergo
1342 1236 1447 1274 nec
1502 1217 1873 1284 Tertulliano,
1908 1231 2012 1272 nec
2117 1225 2287 1272 totam
2341 1219 2519 1285 ipsam
2566 1217 2874 1272 Ecclesiam
2908 1220 3115 1287 sprevit
3144 1235 3211 1274 ac
3242 1220 3519 1289 despuit?
3549 1221 3656 1276 Sed
3686 1239 3779 1278 rc-

354 1314 647 1371 catbolicis
680 1322 846 1368 notus
874 1311 1002 1373 fuit,
1035 1311 1120 1364 vel
1147 1313 1292 1378 quod
1328 1310 1480 1364 idem
1530 1316 1634 1372 est,
1696 1312 1750 1362 et
1797 1305 2013 1360 Tertul-
2118 1322 2242 1361 vera
2272 1305 2563 1371 Ignatiana
2596 1307 2725 1361 talia
2758 1322 2874 1361 non
2906 1314 3084 1377 erant,
3146 1315 3209 1362 ut
3262 1325 3295 1362 a
3354 1309 3652 1365 catholicis
3709 1311 3773 1367 in

353 1405 509 1459 liano
541 1412 587 1457 et
619 1402 916 1458 catholicis
948 1403 1173 1469 ignotus
1207 1399 1305 1452 t'uit
1343 1398 1362 1452 Β
1395 1399 1561 1468 idque
1612 1397 1746 1452 hinc
1799 1397 2007 1464 depre-
2117 1394 2222 1450 hac
2262 1410 2431 1450 causa
2487 1405 2637 1451 recte
2693 1407 2745 1451 et
2802 1398 3058 1465 apposite
3101 1397 3506 1454 adhiberentur
3538 1414 3553 1467 ;
3587 1415 3775 1470 neque

355 1491 525 1547 benrti
571 1493 778 1558 putas?
809 1491 1123 1557 Utrumque
1175 1496 1324 1542 certe
1383 1502 1499 1541 non
1559 1486 1833 1554 sequitur.
1903 1484 2008 1539 Pro
2111 1486 2266 1540 enim
2299 1487 2670 1556 quaestionem
2698 1487 3048 1558 spectabant,
3080 1504 3204 1558 quae
3237 1496 3372 1546 tunc
3427 1490 3770 1561 agitabatur,

354 1584 622 1636 alterutro
654 1580 881 1649 quidem
938 1579 1156 1646 species
1187 1578 1375 1645 aliqua
1406 1575 1725 1645 argumenti
1770 1581 1873 1639 est,
1909 1589 2006 1642 pro
2115 1591 2295 1644 neque
2324 1578 2390 1629 ad
2440 1576 2853 1632 catholicorum
2913 1578 3249 1632 sententiam
3309 1578 3770 1636 conﬁrmandam

351 1681 589 1741 utroque
622 1668 800 1724 nulla.
859 1667 1020 1722 Liber
1052 1668 1276 1736 quidem
1312 1667 1387 1720 De
1434 1665 1703 1736 pudicitia
1736 1664 1812 1718 ita
1866 1663 2004 1718 scri-
2113 1666 2218 1719 nisi
2250 1665 2470 1719 obtorto
2509 1665 2658 1721 collo
2677 1666 2881 1722 adduci
2940 1671 3270 1737 potuerunt,
3311 1677 3407 1721 aut
3458 1684 3586 1724 cum
3621 1671 3764 1725 scri-

352 1767 483 1832 ptus
515 1768 621 1828 est,
657 1766 714 1813 ut
745 1757 1079 1828 plerumque
1133 1755 1314 1826 primo
1370 1755 1796 1824 Psycbicorum,
1832 1753 1884 1807 id
1919 1755 2006 1807 est
2109 1762 2273 1823 plura
2303 1758 2524 1809 Hermia
2562 1756 2854 1825 conjungi,
2897 1770 3026 1826 qum
3053 1756 3166 1812 sola
3202 1757 3451 1812 moechos
3502 1763 3674 1825 amat,
3711 1767 3775 1814 ut

350 1853 758 1910 Catholicorum
792 1850 1032 1920 objecta,
1059 1849 1189 1904 dein
1251 1847 1588 1903 Tertulliani
1643 1846 2002 1903 Montanistas
2029 1873 2076 1938 Β
2114 1843 2361 1912 loquitur
2390 1845 2798 1899 Tertullianus.
2835 1846 3077 1910 Quaestio
3106 1847 3259 1902 enim
3293 1853 3434 1912 erat,
3481 1865 3553 1903 an
3591 1849 3760 1904 Chri-

348 1943 748 2012 responsiones
768 1939 1076 1994 contineat.
1111 1937 1349 2008 Objecta
1380 1947 1567 1992 autem
1625 1936 1723 1990 illa
1755 1935 1844 1990 vel
1877 1951 1999 1990 om-
2029 1933 2070 1938 “
2107 1933 2302 2002 stiani,
2333 1935 2405 1988 ob
2435 1935 2653 1989 crimen
2698 1934 2955 1990 mmchiie
3007 1934 3167 2006 ejecti
3210 1953 3307 2006 per
3366 1939 3763 2008 paenitentiam

347 2032 442 2087 nia
472 2039 524 2085 et
555 2029 674 2086 sola
731 2030 985 2092 fuerunt,
1017 2043 1138 2096 quae
1191 2026 1455 2081 catholici
1509 2025 1792 2081 haereticis
1825 2040 1997 2095 oppo-
2105 2023 2276 2092 recipi
2309 2023 2366 2078 in
2399 2023 2714 2079 Ecclesiam
2747 2023 3038 2080 deberent.
3091 2026 3344 2095 Ignatius
3383 2034 3572 2083 autem
3605 2027 3764 2082 nihil

344 2121 578 2185 nebant,
611 2127 663 2175 et
694 2119 763 2172 ad
796 2134 917 2189 quae
949 2135 979 2171 a
1029 2115 1377 2172 Tertulliano
1435 2115 1860 2182 responsionem
1894 2129 1991 2168 ex-
2102 2112 2172 2167 de
2206 2112 2442 2168 moechis
2467 2113 2655 2178 habet,
2691 2112 2835 2168 nihil
2865 2116 2935 2170 de
2967 2114 3056 2182 iis,
3092 2115 3190 2184 qui
3221 2116 3354 2170 dum
3390 2117 3540 2170 intra
3573 2117 3764 2172 eccle-

341 2210 675 2280 spectabant
700 2216 867 2277 atque
899 2205 1257 2276 postulabant
1289 2223 1303 2274 ;
1333 2208 1480 2275 quod
1548 2206 1593 2258 si
1636 2205 1846 2258 factum
1880 2218 1992 2272 pu-
2101 2202 2242 2256 siam
2276 2209 2428 2268 sunt,
2460 2209 2556 2256 aut
2596 2202 2758 2270 illud,
2799 2209 2894 2257 aut
2953 2202 3108 2258 aliud
3169 2204 3408 2272 quodvis
3438 2221 3608 2275 grave
3654 2206 3765 2260 cri-

339 2307 545 2368 temus,
581 2307 698 2352 tum
727 2295 1113 2352 Tertullianus
1170 2294 1387 2351 censeri
1439 2310 1553 2348 non
1610 2298 1795 2362 potest
1828 2292 1991 2359 Igna-
2100 2307 2228 2346 men
2285 2299 2626 2360 perpetrant.
2681 2292 2782 2346 Ille
2827 2293 2896 2346 ad
2979 2293 3252 2349 unitatem
3307 2294 3754 2352 ecclesiasticam

337 2389 478 2443 tium
513 2387 638 2441 ideo
680 2387 990 2457 ignorasse,
1047 2384 1180 2454 quia
1241 2399 1369 2438 eum
1429 2398 1548 2438 non
1604 2381 1988 2450 nominabat;
2097 2379 2352 2436 hortatur
2411 2381 2940 2450 Pbiladelpbenses,
2999 2391 3051 2438 et
3108 2384 3174 2438 ad
3225 2399 3566 2440 consensum
3619 2401 3755 2440 cum

337 2493 521 2548 neque
551 2477 702 2532 enim
737 2491 835 2545 pro
867 2491 926 2531 se
951 2474 1243 2529 nominare
1283 2472 1479 2542 potuit,
1515 2487 1699 2542 neque
1723 2473 1990 2526 adversus
2097 2469 2361 2540 episcOpo
2415 2485 2567 2526 suo:
2630 2471 2897 2542 Quotquot
2951 2475 3100 2528 enim
3170 2473 3262 2528 Dei
3319 2478 3450 2529 sunt
3507 2481 3558 2529 et
3623 2475 3758 2530 Jesu

338 2583 398 2621 se
431 2564 727 2620 nominare
757 2563 970 2624 debuit,
1004 2561 1114 2617 nisi
1145 2577 1240 2617 eos
1299 2568 1537 2627 tantum,
1595 2575 1834 2630 quorum
1884 2575 1988 2613 au-
2097 2559 2324 2627 Christi,
2357 2561 2562 2631 inquit,
2595 2562 2689 2615 isti
2715 2577 2842 2616 cum
2875 2577 2938 2616 eo
2993 2567 3123 2618 sunt
3146 2580 3158 2617 :
3185 2567 3237 2618 et
3263 2567 3523 2634 quotquot
3561 2565 3760 2635 utique

335 2654 565 2711 ctoritas
589 2654 638 2708 ei
671 2651 1067 2723 objiciebatur.
1103 2651 1204 2706 Vel
1263 2650 1484 2720 objecta
1525 2651 1644 2705 haec
1675 2649 1986 2704 Tertullia-
2092 2648 2416 2719 pernitentes
2465 2649 2699 2705 veniunt
2752 2650 2810 2705 in
2861 2651 3128 2708 unitatem
3185 2652 3458 2719 Ecclesia,
3490 2653 3588 2708 isti
3643 2655 3744 2710 Dei

335 2760 443 2800 nus
472 2744 578 2799 sibi
609 2743 721 2812 ipsi
751 2743 903 2808 fecit,
937 2757 1065 2798 cum
1097 2741 1322 2796 delectu
1376 2748 1429 2795 et
1474 2756 1574 2810 pro
1634 2738 1889 2805 arbitrio,
1934 2744 1986 2792 et
2093 2748 2279 2794 erunt.
2314 2741 2389 2794 Ac
2421 2755 2620 2794 rursus
2652 2748 2776 2810 post
2819 2756 3036 2810 pauca:
3075 2740 3176 2797 Ubi
3221 2742 3421 2798 divisio
3449 2747 3528 2799 est
3553 2753 3602 2798 et
3635 2745 3754 2809 ira,

335 2850 449 2890 non
485 2849 551 2888 ex
587 2832 918 2902 praescripto
976 2830 1410 2898 catholicorum,
1443 2829 1588 2899 quod
1637 2826 1981 2884 verisimilli-
2091 2829 2234 2882 Deus
2261 2843 2372 2883 non
2403 2828 2635 2884 habitat.
2685 2829 2948 2886 Omnibus
3006 2831 3184 2900 igitur
3239 2831 3635 2900 paenitentibus
3664 2834 3748 2888 di-

329 2939 488 2978 mum
517 2925 602 2976 est
630 2939 645 2988 ;
679 2927 735 2976 et
766 2928 886 2976 tum
915 2921 1052 2975 inde
1083 2919 1273 2990 colligi
1335 2918 1496 2974 nullo
1552 2920 1720 2973 modo
1777 2924 1982 2986 potest,
2089 2917 2259 2971 mittit
2291 2919 2454 2982 Deus,
2481 2919 2537 2973 si
2561 2919 2868 2990 pwniteant
2898 2923 2958 2974 in
2987 2919 3267 2976 unitatem
3307 2923 3430 2991 Dei,
3480 2927 3530 2977 et
3557 2925 3744 2978 conci-

331 3013 601 3069 omnihus
632 3012 787 3068 illius
836 3012 936 3067 aevi
969 3010 1264 3066 catholicis
1295 3012 1554 3080 ignotum
1596 3008 1769 3063 fuisse
1818 3007 1982 3076 Igna-
2090 3005 2229 3058 lium
2257 3007 2510 3076 episcopi.
2545 3011 2678 3062 Haec
2710 3009 2960 3074 Ignatius
3013 3013 3206 3064 noster
3264 3011 3335 3065 de
3367 3010 3647 3066 haereticis
3684 3019 3748 3066 et

329 3102 467 3157 tium
501 3111 784 3166 nostrum,
817 3101 966 3172 quod
993 3098 1381 3155 Tertullianus
1439 3114 1568 3153 eum
1619 3114 1737 3154 non
1793 3096 1980 3151 nomi-
2088 3094 2826 3168 schismaticisloquiturad
2864 3099 3140 3155 unitatem
3205 3099 3470 3156 Ecclesiae
3499 3104 3556 3156 et
3604 3117 3748 3157 con-

327 3192 563 3255 naverit,
597 3191 693 3261 qui
723 3191 948 3260 objecta
979 3205 1095 3244 non
1124 3188 1194 3242 ab
1228 3188 1343 3242 illis
1372 3189 1614 3257 accepit,
1646 3201 1830 3257 neque
1860 3200 1978 3240 om-
2009 3240 2047 3261 η
2087 3182 2283 3238 cilium
2313 3182 2559 3254 episcopi
2616 3184 3002 3241 redeuntibus.
3041 3187 3249 3242 Omnia
3287 3204 3408 3258 quas
3442 3195 3742 3259 utramque

326 3283 420 3338 nia
446 3297 571 3352 qua
596 3281 678 3336 illi
710 3280 958 3349 objicere
1005 3286 1101 3332 aut
1145 3285 1377 3348 possent
1432 3285 1528 3332 aut
1566 3277 1820 3333 solerent
1862 3284 1976 3332 tra-
2006 3272 2048 3306 υ
2088 3272 2436 3327 sententiam
2465 3274 2816 3329 antecedunt
2844 3279 2943 3330 aut
2990 3280 3330 3346 sequuntur,
3383 3277 3489 3334 hoc
3519 3278 3749 3333 verissi-

325 3372 514 3434 ctavit,
543 3371 636 3425 sed
660 3370 783 3439 ipse
813 3368 919 3423 sibi
955 3375 1116 3436 prout
1146 3367 1260 3437 ipsi
1291 3367 1474 3421 visum
1503 3373 1585 3422 est
1616 3367 1972 3438 objecit,quo
2085 3376 2242 3415 mum
2273 3376 2396 3416 esse
2421 3362 2716 3420 evincunt.
2752 3363 2906 3421 Nihil
2930 3364 3028 3420 ille
3059 3367 3129 3421 de
3179 3366 3442 3432 mmchis,
3487 3367 3639 3422 nihil
3672 3369 3745 3424 de

325 3459 548 3514 facilius
578 3458 836 3513 solveret.
873 3457 1017 3511 Male
1039 3456 1212 3525 igitur
1243 3456 1328 3510 vir
1355 3456 1722 3511 doctissimus
1751 3463 1804 3510 et
1833 3456 1970 3510 Ter-
2082 3449 2325 3515 sicariiS,
2358 3451 2430 3505 de
2462 3451 2782 3508 idololatria
2814 3454 2982 3509 nihil.
3043 3453 3284 3529 Φεύγετε
3343 3455 3611 3528 μερισμὸν
3652 3455 3747 3510 καὶ

321 3548 560 3603 tulliano
593 3554 645 3602 et
703 3545 1001 3602 catholicis
1033 3545 1143 3601 hoc
1172 3554 1506 3615 argumento
1559 3545 1842 3614 Ignatium
1873 3562 1890 3601 ι

2176 3533 2591 3608 ιοδιδασκαλίας,
2645 3540 2858 3612 inquit,
2909 3549 2964 3599 et
3021 3543 3128 3600 hoc
3180 3554 3573 3614 argumentum
3631 3545 3745 3603 late

321 3646 500 3692 strum
531 3635 788 3708 ignotum
812 3635 987 3691 fuisse
1015 3635 1252 3704 colligit.
1281 3636 1352 3689 At
1383 3635 1643 3706 quaedam
1675 3636 1743 3691 de
1789 3634 1969 3692 eccle-
2079 3627 2457 3697 persequitur.
2506 3629 2902 3687 Schismaticis
2959 3639 3014 3688 et
3073 3633 3352 3690 haereticis
3386 3635 3744 3704 persistenti-

321 3727 566 3782 siasticis
619 3725 988 3796 scriptoribus
1042 3725 1396 3779 adduxerunt
1453 3725 1542 3780 vel
1571 3724 1854 3794 catholici,
1883 3724 1970 3780 vel
2081 3726 2185 3781 bus
2224 3732 2501 3783 aeternum
2534 3729 2879 3798 supplicium
2928 3731 3205 3798 minatur,
3270 3733 3751 3803 resipiscentibus

319 3815 700 3871 Tertullianus
730 3830 831 3884 pro
880 3814 1168 3870 catholica
1233 3815 1519 3870 sententia
1552 3832 1566 3882 ;
1605 3814 1710 3870 hoc
1769 3815 1969 3870 saltem
2081 3816 2464 3886 receptionem
2509 3819 2704 3872 suadet
2733 3827 2788 3873 et
2827 3818 3068 3876 salutem
3099 3823 3364 3891 spondet,
3409 3823 3617 3893 quibus
3651 3841 3744 3879 re-

319 3905 516 3976 negari
549 3905 766 3959 videtur
798 3919 913 3959 non
943 3919 1130 3975 posse.
1175 3907 1284 3958 Cur
1340 3919 1458 3959 non
1488 3903 1663 3972 igitur
1687 3904 1968 3973 Ignatium
2079 3906 2264 3976 ceptio
2296 3905 2355 3960 in
2377 3906 2689 3962 Ecclesiam
2722 3915 2921 3976 negata
2955 3924 3248 3980 nunquam
3279 3911 3406 3968 fuit.
3461 3917 3583 3968 Imo
3618 3930 3744 3983 gra-

318 3994 465 4050 inter
519 3993 934 4049 ecclesiasticos
991 3993 1294 4062 scriptores
1375 3991 1768 4059 nominarunt,
1856 3991 1968 4046 nisi
2079 3993 2307 4049 vissima
2338 4003 2568 4064 peccata
2599 4004 2754 4050 extra
2802 3997 3119 4054 Ecclesiam
3150 4016 3181 4054 a
3215 4000 3594 4057 schismaticis
3641 4010 3744 4057 aut

315 4084 460 4156 quod
491 4098 620 4138 eum
655 4097 772 4137 non
807 4089 1086 4137 noverunt
1120 4081 1148 4135 Τ
1178 4081 1531 4151 Respondeo,
1573 4082 1621 4136 si
1679 4080 1831 4135 ullus
1852 4095 1971 4136 om-
2081 4083 2365 4140 haereticis
2394 4091 2733 4155 perpetrata,
2765 4087 2936 4141 etiam
2996 4087 3361 4145 Montanistis
3411 4090 3736 4160 judicibus,

321 4174 460 4229 nino
492 4179 549 4227 ut
575 4170 993 4227 ecclesiasticus
1021 4170 1261 4240 scriptor
1316 4172 1376 4226 in
1437 4170 1538 4226 illo
1580 4186 1748 4240 opere
1805 4171 1971 4226 fuerit
2079 4173 2462 4242 receptionem
2495 4173 2556 4229 in
2586 4175 2897 4230 Ecclesiam
2930 4177 3336 4246 pmnitentibus
3358 4194 3473 4234 non
3501 4180 3741 4249 praeclu-

321 4262 478 4317 testis
501 4260 827 4330 productus,
869 4273 1020 4313 unus
1079 4266 1296 4314 tantum
1358 4259 1483 4326 fuit,
1531 4257 1766 4326 scilicet,
1826 4263 1970 4314 Her-
2079 4261 3742 4338 debant.Cuienimdubiumest,aitTertullianushocipso

321 4365 481 4405 mas:
515 4350 610 4419 qui
642 4355 833 4404 tamen
866 4363 982 4404 non
1034 4353 1094 4404 ut
1155 4348 1594 4420 ecciesiasticus,
1627 4349 1726 4404 sed
1785 4357 1842 4405 ut
1871 4364 1969 4405 ca-
2079 4348 2153 4402 De
2183 4347 2461 4418 pudicitia
2490 4348 2657 4416 libro,
2689 4351 3007 4406 haereticum
3039 4351 3393 4410 institutione
3433 4354 3744 4426 deceptum,

318 4439 561 4496 nonicus
593 4438 832 4508 scriptor
864 4438 1098 4508 produci
1128 4437 1366 4508 videtur,
1397 4439 1466 4493 ad
1526 4438 1686 4508 cujus
1717 4439 1966 4494 auctori-
2079 4436 2298 4506 cegnito
2324 4438 2671 4510 postmodum
2701 4443 2924 4510 casu,et
2952 4443 3287 4513 pwnitentia
3311 4445 3557 4514 expiato,
3572 4447 3625 4501 et
3644 4461 3739 4500 ve-

318 4531 492 4583 tatem
524 4526 968 4583 imminuendam
1006 4526 1390 4583 Tertullianus
1449 4526 1770 4597 respondet,
1817 4527 1966 4597 quod
2077 4527 2232 4581 niam
2264 4529 2543 4600 consequi,
2576 4534 2631 4584 et
2688 4528 2748 4583 in
2805 4530 3103 4586 Ecclesiam
3145 4532 3330 4602 redigi
3357 4533 3386 4587 ?
3416 4534 3546 4590 [liec
3569 4533 3742 4602 igitur

319 4617 436 4688 ejus
465 4618 743 4687 scriptura
764 4615 958 4672 divino
993 4615 1359 4671 instrumento
1423 4630 1528 4669 non
1558 4613 1850 4670 meruisset
1879 4616 1964 4670 in-
2003 4609 2046 4675 Β
2079 4615 2372 4685 Ignatiana
2396 4617 2465 4672 ad
2496 4632 2616 4672 eam
2646 4619 3023 4688 quaestionem
3047 4636 3164 4676 non
3193 4621 3544 4690 spectabant,
3576 4639 3684 4680 nec
3707 4640 3742 4679 α

321 4705 473 4775 cidi;
507 4707 655 4776 quod
688 4721 854 4761 nemo
886 4721 1138 4776 unquam
1180 4704 1566 4774 respondisset
1615 4705 1685 4759 de
1713 4713 1961 4773 auctore,
2071 4705 2369 4760 catholicis
2401 4708 2666 4776 usurpari
2698 4708 2760 4762 in
2807 4724 2873 4763 ea
2905 4724 2962 4764 re
3023 4715 3284 4779 poterant
3316 4729 3331 4779 ;
3366 4713 3515 4781 quod
3564 4713 3742 4782 igitur

322 4799 474 4868 quia
507 4797 738 4854 nemine
760 4814 862 4868 pro
889 4797 1170 4853 canonico
1204 4795 1524 4862 haberetur,
1555 4803 1649 4850 aut
1679 4796 1776 4867 qui
1823 4796 1962 4851 sim-
2073 4793 2325 4863 lgnalius
2357 4802 2549 4850 noster
2581 4795 2641 4850 in
2667 4811 2735 4851 eo
2765 4797 2910 4852 libro
2943 4814 3059 4854 non
3082 4801 3431 4869 nominetur,
3465 4817 3572 4857 nec
3597 4817 3732 4858 cum

318 4886 540 4957 pliciter
571 4895 630 4943 ut
660 4887 1079 4943 ecclesiasticus
1109 4884 1506 4940 tantummodo
1530 4892 1964 4956 proponeretur.
2073 4885 2504 4954 calholicis,nec
2519 4887 2880 4945 Tertulliano
2901 4888 3157 4960 ignotum
3183 4891 3360 4948 fuisse
3377 4893 3741 4948 ostendit.Ita

316 4976 590 5033 Praeterea
646 4975 1034 5032 Tertullianus
1093 4973 1300 5029 diserte
1348 4981 1511 5029 cavet
1565 4974 1626 5029 in
1680 4975 1786 5030 hoc
1837 4975 1964 5045 ipso
2073 4975 2418 5044 conjecturis
2449 4991 2516 5031 ex
2547 4975 2884 5033 Tertulliani
2916 4979 3146 5037 silentio
3196 4981 3347 5037 male
3396 4983 3570 5049 natis,
3604 4982 3740 5039 toti-

315 5081 584 5135 Opere,ne
630 5066 950 5136 quisquam,
1013 5069 1211 5132 printer
1267 5062 1570 5132 scriptores
1622 5064 1956 5131 canonicos,
2072 5078 2180 5134 que
2209 5065 2384 5134 capiti
2412 5066 2869 5136 octavo,quodad
2889 5076 3249 5140 nosspectat,
3269 5085 3606 5140 responsum
3626 5080 3733 5126 est-

319 5172 442 5212 eam
465 5156 623 5212 litem
647 5155 942 5225 disceptet.
999 5152 1140 5208 Nam
1201 5167 1317 5207 non
1359 5159 1579 5208 tantum
1632 5155 1701 5208 ad
1732 5157 1956 5210 Hermae
2145 5153 2466 5221 Proximus,
2523 5154 2615 5210 cui
2665 5156 2892 5226 ignotus
2967 5156 3145 5213 fuisse
3213 5158 3424 5215 dicitur
3480 5159 3740 5230 Ignatius

321 5248 625 5315 Pastorem,
684 5260 816 5300 cum
869 5242 1018 5311 picto
1083 5247 1305 5311 pastore
1343 5240 1405 5297 in
1458 5241 1635 5298 calice
1686 5241 1965 5300 collatum
2074 5246 2287 5310 noster,
2321 5249 2404 5299 est
2427 5243 2598 5299 Caius
2630 5245 2884 5316 quidam,
2917 5255 2974 5301 ut
3025 5247 3270 5315 videtur,
3315 5249 3481 5319 cujus
3529 5249 3743 5318 scripta

319 5340 629 5411 respondet
654 5353 667 5392 :
714 5338 779 5392 At
820 5351 923 5404 ego
951 5335 1066 5404 ejus
1095 5335 1341 5390 Pastoris
1372 5333 1682 5404 scripturas
1737 5335 1964 5403 haurio,
2073 5332 2268 5388 omnia
2297 5331 2608 5402 perierunt.
2634 5333 2690 5387 Si
2720 5331 2852 5389 libri
2882 5334 3004 5405 ejus
3034 5339 3346 5406 exstarent,
3392 5336 3537 5393 forte
3567 5352 3635 5393 ex
3665 5336 3738 5393 iis

316 5428 414 5500 qui
444 5444 555 5483 non
584 5433 755 5496 potest
778 5425 988 5496 [rangi,
1034 5424 1129 5480 sed
1161 5429 1215 5480 et
1259 5439 1392 5480 cum
1424 5440 1524 5494 pro
1555 5439 1654 5480 sua
1685 5427 1969 5481 sententia
2075 5421 2287 5491 aliquid
2311 5421 2450 5478 certi
2475 5421 2834 5492 haberemus,
2865 5438 2982 5494 quo
3003 5423 3125 5480 haec
3159 5426 3488 5496 conjectura
3516 5424 3736 5496 liquido

320 5515 633 5571 Barnabam
667 5513 878 5577 laudat,
940 5522 994 5569 et
1053 5514 1266 5569 Hermae
1318 5513 1560 5584 praefert,
1594 5512 1650 5568 id
1698 5528 1815 5569 non
1844 5513 1970 5571 sine
2077 5512 2259 5568 refelli
2318 5520 2523 5582 posset.
2586 5513 2753 5571 Nunc
2833 5531 2960 5570 cum
3017 5516 3400 5587 fragmentum
3447 5517 3736 5586 quoddam

320 5604 652 5674 praefatione
681 5602 813 5658 facit
845 5618 858 5657 :
922 5601 1043 5659 Volo
1099 5606 1284 5658 tamen
1344 5618 1414 5658 eo:
1441 5600 1814 5659 redundantia
1857 5603 1971 5660 ati—
2078 5604 2470 5659 tantummodo
2501 5602 2652 5673 apud
2683 5603 2988 5661 Eusebium
3021 5613 3220 5674 exstet,
3254 5607 3425 5675 idque
3463 5605 3589 5662 sine
3623 5622 3736 5664 no-

318 5695 482 5766 cujus
510 5691 676 5749 etiam
699 5693 920 5753 comitis
941 5692 1315 5765 apostolorum
1358 5691 1736 5748 testimonium
1775 5708 1970 5765 super—
2077 5693 2260 5762 mine,
2285 5693 2380 5750 cui
2408 5698 2810 5764 argumentum
2846 5695 3115 5752 innititur
3150 5713 3163 5753 :
3201 5697 3380 5753 multo
3426 5694 3596 5752 nobis
3627 5695 3740 5752 dif-
