3974 6296
160 359 280 422 265

922 357 979 422 J.
1026 357 1443 430 PEARSONII
1488 357 1814 422 VlNDICIt

1935 359 2390 424 ΟΝΑΤῙΑΝᾹ.
2436 396 2514 407 -
2557 364 2759 425 PARS
2799 364 2852 424 Ι.

3459 368 3579 428 266

162 495 378 551 ﬁcilior
401 496 532 551 hac
567 495 883 568 provincia
910 494 1199 565 redditur,
1232 495 1336 553 sed
1370 501 1430 552 et
1477 495 1814 568 conjectura

1942 496 2160 569 θρωπον
2214 495 2653 572 καταγγέλλοντα
2680 498 2772 552 τὸν
2801 495 3028 572 Χρ’στόν
3057 515 3070 567 ;
3113 499 3195 556 Ac
3223 503 3456 572 fortasse
3516 503 3580 558 id

160 583 336 640 simul
394 585 584 640 multo
640 583 911 641 debilior.
945 585 1003 640 Si
1033 585 1388 657 smpiuscule
1431 586 1602 642 Caius
1625 585 1722 640 ille
1755 586 1815 641 in

159 673 327 730 libris
359 675 480 730 suis
513 674 809 744 lgnatium
846 679 1118 730 nostrum
1150 676 1536 741 nominasset,
1562 675 1718 746 quod
1743 675 1814 730 ab

160 764 262 818 illo
286 764 417 819 ﬁeri
440 764 709 836 potuisse
737 780 912 820 nemo
943 771 1123 833 certe,
1143 771 1359 837 praeter
1380 765 1687 832 Dallaaum,
1716 781 1816 819 ne-

161 870 295 925 gare
326 859 525 925 potest
554 853 724 924 (vixit
754 855 914 909 enim
972 855 1146 909 tertio
1211 855 1452 924 saeculo,
1503 859 1814 926 postquam

153 943 306 999 ﬁctas
329 943 616 999 dicuntur
635 945 848 1016 Ignatii
883 945 1150 1017 epistolae
1173 944 1482 1014 Salmasio,
1512 950 1570 1000 et
1610 945 1811 1001 Alber-

151 1033 296 1105 tino)
325 1049 342 1098 ;
369 1033 524 1087 nihil
551 1039 752 1088 tamen
776 1033 836 1088 id
868 1034 1263 1106 nosjuvat,ad
1282 1052 1424 1106 quos
1443 1035 1528 1090 illi
1553 1051 1672 1089 non
1687 1051 1815 1105 per-

153 1135 469 1185 venerunt.
503 1134 584 1184 Ex
617 1131 857 1186 intituto
891 1133 1168 1199 auctoris,
1193 1137 1250 1186 et
1279 1131 1453 1187 modo
1515 1131 1813 1186 scribendi

155 1219 306 1276 nihil
330 1235 625 1290 reponere
654 1219 878 1288 licebit,
894 1220 1051 1291 quod
1069 1222 1142 1276 de
1163 1222 1408 1290 Irenaeo,
1424 1221 1812 1291 Tertulliano,

156 1307 497 1380 Epiphanio
526 1307 796 1363 fecimus.
831 1308 918 1364 Ad
973 1315 1388 1382 argumentum
1432 1310 1611 1381 igitur
1641 1326 1671 1363 e
1703 1310 1812 1364 fra-

158 1402 404 1469 gmento
436 1397 796 1468 productum
828 1414 898 1453 ex
929 1398 1055 1453 solo
1092 1399 1425 1467 fragmento
1452 1399 1812 1470 respondere

159 1504 503 1560 possumus.
537 1487 691 1543 Illud
720 1492 920 1543 autem
951 1488 1036 1543 sic
1067 1505 1128 1544 se
1152 1489 1330 1544 habet
1358 1507 1371 1545 :
1419 1491 1686 1544 Artemon
1713 1489 1811 1544 do-

159 1577 312 1632 cebat
336 1578 618 1632 Christum
647 1593 756 1633 esse
776 1593 984 1647 purum
1012 1584 1065 1632 et
1093 1579 1302 1634 nudum
1331 1579 1624 1647 hominem,
1647 1581 1810 1649 Igna-

159 1664 267 1718 tius
299 1666 650 1718 contrarium
682 1665 886 1720 docuit.
921 1666 1118 1720 Recte.
1161 1667 1267 1731 Qui
1320 1668 1675 1722 Artemonem
1729 1681 1808 1719 se-

158 1754 497 1824 quebantur,
560 1754 873 1808 asserebant
930 1751 1240 1809 doctrinam
1294 1771 1450 1810 suam
1507 1769 1613 1809 esse
1659 1755 1813 1808 anti-

158 1860 351 1915 quam,
385 1860 556 1913 usque
585 1845 659 1898 ad
695 1845 965 1898 Victorem
995 1844 1241 1914 durasse,
1274 1861 1308 1898 a
1340 1845 1644 1915 Zephyrino
1703 1860 1812 1900 esse

159 1939 459 1988 mutatam.
511 1934 675 1990 Caius
725 1934 985 2004 producit
1012 1941 1229 1988 econtra
1260 1951 1344 1990 eos
1392 1936 1495 2004 qui
1547 1941 1677 1988 ante
1720 1937 1817 1989 Ze-

151 2021 466 2092 phyrinum
514 2025 800 2092 scripsere,
834 2023 931 2092 qui
963 2023 1240 2077 Christum
1262 2029 1312 2078 et
1334 2024 1508 2078 Deum
1537 2030 1587 2078 et
1640 2023 1816 2078 homi-

158 2128 280 2167 nem
298 2110 710 2182 pradicarunt.
733 2112 880 2166 Inter
899 2127 985 2166 eos
1013 2113 1292 2180 lgnatium
1346 2129 1457 2166 non
1513 2111 1766 2167 nominat
1795 2129 1816 2176 ;

165 2216 288 2270 ergo
315 2217 444 2254 eum
477 2198 791 2270 ignorabat.
827 2201 897 2254 Ut
927 2200 1130 2256 Caium
1160 2200 1294 2256 ideo
1327 2202 1628 2273 ignorasse
1648 2203 1817 2273 lgna—

163 2289 316 2344 tium
349 2292 606 2355 constet,
643 2289 783 2359 quia
807 2305 941 2343 eum
975 2305 1094 2344 non
1113 2289 1706 2358 nominavit,necesse
1731 2294 1820 2345 est

167 2385 229 2434 ut
262 2378 449 2434 etiam
483 2382 716 2433 constet
746 2394 878 2432 eum
912 2395 1296 2450 omnes,quos
1318 2379 1475 2434 idem
1507 2379 1816 2451 scripsisse

161 2466 794 2534 norit,nominasse.ld
825 2483 959 2522 vero
991 2474 1262 2524 constare
1285 2485 1404 2524 non
1426 2472 1820 2540 potest;erant

163 2567 326 2621 enim
348 2565 779 2637 quamplurimi
797 2566 898 2636 qui
917 2571 1053 2621 ante
1080 2567 1480 2638 Zephyrinum
1504 2567 1815 2638 scripsere,

159 2661 216 2710 et
241 2655 552 2709 Christum
584 2654 768 2708 Deum
802 2659 860 2709 et
887 2654 1192 2710 hominem
1224 2655 1602 2727 dixere,quos
1622 2672 1817 2726 neque

159 2744 336 2800 Caius
370 2743 667 2808 nominat,
713 2759 908 2814 neque
964 2744 1268 2816 ignorasse
1322 2745 1655 2800 censendus
1707 2749 1813 2800 est.

160 2831 286 2888 Imo
319 2838 553 2887 certum
582 2837 670 2886 est
697 2832 901 2887 Caium
931 2832 1270 2904 aliquorum
1302 2834 1643 2888 testimonia
1675 2834 1818 2888 omi-

159 2922 314 2976 sisse
346 2937 483 2991 quas
516 2920 806 2992 cognovit,
832 2920 1086 2992 et,quod
1117 2938 1241 2976 rem
1274 2926 1538 2977 nostram
1572 2921 1816 2994 propius

155 3016 410 3083 spectat,
449 3011 580 3066 ideo
613 3011 906 3067 nonnulla
928 3012 1305 3084 praeteriisse,
1341 3012 1500 3084 quod
1531 3030 1602 3068 ea
1631 3013 1818 3068 omni-

158 3101 272 3156 bus
303 3105 451 3155 nota
480 3105 737 3172 putaret,
771 3101 833 3156 in
859 3117 1113 3172 quorum
1134 3117 1385 3158 numero
1409 3103 1622 3157 merito
1677 3118 1818 3158 sane

153 3191 421 3262 Ignatius
443 3188 755 3260 ponendus
789 3195 876 3245 est
902 3191 1170 3246 omnium
1185 3191 1530 3247 notissimus
1553 3192 1810 3259 ;fatente

154 3280 336 3334 etiam
369 3279 496 3332 viro
559 3279 924 3349 doctissimo,
959 3281 1006 3335 si
1040 3281 1316 3351 episiolas
1373 3281 1506 3336 illas
1554 3281 1809 3352 scripsit,
1852 3244 1895 3310 Ο

153 3387 250 3425 eas
284 3386 412 3424 non
447 3369 714 3440 potuisse
744 3387 861 3424 non
880 3370 1155 3426 omnibus
1187 3388 1316 3426 esse
1349 3371 1810 3444 cognitissimas,

157 3461 287 3515 sine
320 3475 441 3531 qua
468 3459 798 3514 assertione
838 3466 1250 3532 argumentum
1309 3477 1531 3532 negans
1584 3460 1810 3515 nullius

153 3554 318 3605 esset
349 3548 658 3622 ponderis.
692 3551 1004 3619 Prmterea,
1049 3552 1192 3606 certi
1222 3552 1460 3624 generis
1491 3551 1812 3622 scriptores

156 3640 433 3695 incertus
486 3638 589 3693 ille
639 3644 844 3694 auctor
876 3642 1079 3696 statuit
1106 3641 1585 3712 producere,ncn
1606 3645 1812 3695 autem

158 3729 407 3796 alios,in
431 3745 550 3798 quo
579 3743 795 3797 genere
817 3729 872 3784 S.
898 3730 1156 3802 Ignatius
1179 3730 1422 3785 minime
1461 3730 1813 3786 recenseba—

159 3825 279 3885 tur,
313 3833 440 3882 eos,
474 3815 718 3884 scilicet,
752 3817 853 3888 qui
885 3817 1164 3873 adversus
1195 3823 1398 3890 gentes
1425 3818 1811 3890 scripserunt,

161 3913 217 3963 et
250 3923 322 3962 ex
351 3905 622 3978 professo
651 3905 931 3961 adversus
977 3906 1304 3962 haereticos.
1332 3906 1606 3962 Videmus
1638 3908 1817 3980 igitur

164 4005 326 4060 illius
378 4003 724 4058 institutum
783 4009 959 4074 atque
1006 4005 1374 4076 propositum
1426 4005 1608 4060 fuisse
1665 4005 1814 4060 tales

160 4099 438 4150 auctores
456 4092 1009 4163 producere,qualis
1043 4094 1304 4165 Ignatius
1333 4111 1455 4149 non
1484 4094 1595 4150 fuit
1619 4112 1632 4162 ;
1666 4094 1815 4150 tales

162 4183 466 4251 omittere,
502 4181 698 4251 qualis
730 4182 989 4254 Ignatius
1013 4183 1253 4238 omnino
1292 4183 1422 4238 fuit.
1466 4185 1549 4238 Ex
1578 4183 1814 4239 silentio

160 4272 343 4344 igitur
374 4269 498 4325 Caii
520 4287 638 4324 non
656 4276 847 4341 potest
871 4270 1076 4326 inferri
1111 4271 1404 4343 ignoratio
1432 4273 1664 4343 Ignatii.
1683 4273 1817 4326 Haac

160 4361 366 4418 omnia
398 4360 462 4415 in
494 4359 687 4414 verbis
716 4360 788 4415 ab
821 4361 1071 4416 Eusebio
1103 4361 1360 4417 laudatis
1416 4363 1816 4434 reperiuntur.

160 4454 304 4506 Cum
337 4449 502 4504 enim
533 4447 802 4503 dicerent
821 4451 1184 4506 Artemonici
1203 4451 1573 4522 antiquiores
1588 4467 1816 4520 omnes,

162 4538 345 4593 etiam
364 4535 904 4606 apostolos,eorum
933 4535 1268 4592 doctrinam
1297 4537 1633 4606 tradidisse,
1655 4554 1816 4593 eam-

164 4643 278 4697 que
311 4627 376 4680 in
399 4623 663 4680 Ecclesia
685 4625 1040 4681 custoditam
1064 4625 1242 4681 fuisse
1265 4643 1454 4698 usque
1475 4627 1549 4682 ad
1571 4627 1819 4682 Victoris

165 4716 601 4787 episcopatum,
645 4718 704 4768 et
723 4713 832 4769 sub
863 4715 1193 4786 Zephyrino
1243 4717 1524 4787 pontifice
1576 4717 1817 4771 demum

168 4821 298 4860 esse
318 4803 986 4869 adulteratam;contra
1015 4805 1140 4859 haec
1181 4803 1265 4859 sic
1319 4806 1490 4860 Caius
1542 4805 1664 4874 ille,
1715 4804 1817 4875 qui

165 4893 277 4949 sub
296 4891 758 4963 Zephyrino,vel
791 4908 911 4947 non
935 4891 1118 4947 multo
1148 4897 1281 4964 post
1309 4893 1618 4965 scripsisse
1647 4898 1820 4964 puta-

167 4988 266 5037 tur
299 4999 313 5038 :
343 4980 446 5035 Ἠν
509 4975 554 5032 δ’
613 4976 676 5032 ἃν
733 4979 902 5052 τυχὸν
935 4980 1158 5034 πιθανὸν
1205 4980 1267 5034 τὸ
1310 4978 1626 5055 λεγόμενον,
1659 4979 1702 5033 εἶ
1738 4982 1814 5052 μὴ

165 5071 389 5142 πρῶτον
459 5067 555 5138 μὲν
603 5065 928 5121 ἀπέπιπτον
975 5068 1161 5128 αὐτοῖς
1195 5068 1250 5120 αἱ
1282 5072 1419 5130 θεῖαι
1470 5066 1694 5144 Γραφαί’
1729 5065 1818 5121 καὶ

165 5155 420 5233 ἀδελφῶν
485 5153 542 5210 δέ
590 5175 756 5210 τινων
797 5153 911 5210 ἐστὶ
962 5157 1263 5231 γράμματα
1314 5152 1652 5231 πρεσϐύτερα
1707 5159 1816 5211 τῶν

165 5248 436 5320 Βίκτορος
495 5242 742 5323 χρόνῶν,
784 5242 815 5298 ἆ
854 5243 1048 5300 ἐκεῖνοι
1106 5246 1244 5318 πρὸς
1264 5246 1332 5300 τὰ
1361 5239 1488 5315 ἔθνη
1549 5246 1680 5320 ὑπὲρ
1720 5253 1819 5316 τῆς

166 5334 447 5404 ἀληθείας,
481 5335 571 5388 καὶ
640 5333 779 5408 πρὸς
809 5334 905 5395 τὰς
937 5335 1060 5390 τότε
1090 5334 1323 5409 αἱρέσεις
1353 5328 1608 5409 ἔγραψανο
1669 5333 1818 5411 λέγω

167 5421 220 5479 δὲ
249 5425 556 5481 Ἰουστίνου
596 5422 690 5477 καὶ
723 5420 1054 5490 Μιλτιάδου,
1088 5424 1178 5478 καὶ
1213 5425 1506 5492 Τατιανοῦ,
1546 5422 1634 5477 καὶ
1665 5422 1817 5493 Κλή-

167 5534 383 5586 μεντος,
419 5513 511 5567 καὶ
569 5511 773 5584 ἑτέρων
822 5508 1115 5581 πλειόνων,
1175 5510 1227 5566 ἐν
1285 5512 1368 5574 οἷς
1419 5511 1583 5567 ἅπασι
1635 5511 1822 5568 θεολο-

160 5609 330 5677 γεῐται
357 5605 384 5658 ὁ
418 5599 689 5678 Χριστός.
715 5600 793 5656 Τὰ
823 5601 924 5675 γὰρ
978 5601 1268 5674 Εἰρηναίου
1315 5622 1373 5655 τε
1433 5601 1522 5656 καὶ
1575 5601 1819 5659 Μελίτωο

155 5713 249 5758 νος
291 5694 379 5749 καὶ
436 5696 553 5749 τῶν
588 5688 807 5744 λοιπῶν
838 5689 922 5752 τὶς
975 5689 1163 5768 ἀγνοεῖ
1195 5685 1408 5765 βιϐλία,
1438 5692 1566 5746 Θεὸν
1608 5691 1696 5745 καὶ
1727 5687 1820 5746 ἅν·-

487 5814 772 5872 ΡΑι-ιοι.
805 5804 914 5867 Gs.
960 5808 1034 5869 V.

1924 588 2075 655 quod
2111 585 2321 642 dicitur
2347 589 2607 643 credibile
2629 588 2932 655 videretur,
2966 589 3077 644 nisi
3108 589 3186 644 eis
3216 593 3581 662 refragaren-

1925 680 2015 729 tur
2034 678 2282 745 primum
2313 679 2536 746 quidem
2588 678 2790 733 divinae
2844 678 3174 748 Scriptura,
3208 682 3407 736 deinde
3459 685 3584 751 fra—

1926 771 2071 820 trum
2097 768 2464 836 quorumdam
2511 768 2722 838 scripta
2758 771 2993 825 Victoris
3020 777 3182 826 aetate
3222 773 3579 858 antiquiora2

1923 871 2051 925 quae
2081 856 2169 910 illi
2217 858 2472 913 adversus
2500 866 2682 930 gentes
2706 876 2812 929 pro
2858 862 3115 928 veritate,
3149 867 3201 916 et
3258 868 3451 916 contra
3495 856 3560 918 su

1924 948 2180 1014 temporis
2211 946 2488 1003 hmreticos
2517 947 2872 1018 scripserunt.
2903 952 3180 1005 Iustinum
3201 951 3474 1020 intelligo,
3506 952 3585 1008 eti

1923 1034 2249 1102 Miltiadem,
2312 1043 2363 1091 et
2417 1039 2724 1108 Tatianum,
2785 1056 2849 1094 ac
2913 1039 3254 1109 Clementem,
3330 1040 3580 1111 aliosque

1925 1125 2391 1196 quamplurimas,
2414 1128 2472 1179 in
2504 1143 2738 1196 quorum
2767 1129 3018 1184 omnibus
3053 1129 3210 1184 libris
3237 1129 3483 1186 Christus
3514 1138 3579 1186 ut

1923 1213 2062 1268 Deus
2092 1222 2544 1284 reprcesentatur.
2579 1219 2716 1272 Nam
2744 1219 2943 1272 Irenaei
2969 1219 3212 1289 quidem,
3247 1226 3300 1273 et
3354 1221 3575 1275 Melita-

1923 1303 2029 1367 nis,
2063 1309 2112 1357 et
2143 1303 2486 1374 reliquorum
2515 1305 2727 1376 scripta
2764 1309 2889 1376 quis
2919 1313 2995 1362 est
3024 1310 3123 1378 qui
3151 1307 3395 1378 ignoret,
3453 1325 3577 1379 quae

1926 1391 2210 1448 Christum
2269 1395 2432 1448 Deum
2471 1395 2636 1450 simul
2684 1403 2851 1467 atque
2900 1397 3175 1452 hominem
3214 1399 3580 1469 pradicant?

1923 1481 2146 1546 Quibus
2177 1482 2370 1538 verbis
2404 1485 2612 1540 videtis
2645 1503 2780 1541 eum
2811 1486 3075 1558 proferre
3101 1488 3249 1544 velle
3293 1506 3577 1560 quorum-

1923 1571 2059 1626 dam
2093 1572 2343 1627 fratrum
2377 1574 2858 1646 scripta,tempus
2891 1576 3192 1648 assignare
3223 1584 3358 1632 ante
3393 1579 3581 1633 Victo-

1921 1661 2004 1716 ris
2037 1665 2292 1730 aetatem,
2327 1668 2599 1719 auctores
2630 1665 2774 1719 certi
2805 1667 3038 1737 generis
3070 1667 3403 1738 indigitare,
3453 1684 3578 1736 eos,

1923 1767 2161 1821 nempe,
2196 1752 2297 1822 qui
2330 1753 2609 1808 adversus
2639 1759 2846 1826 gentes
2878 1759 2933 1809 et
2963 1756 3278 1810 hmreticos
3310 1757 3400 1810 sui
3435 1761 3577 1812 tem-

1923 1841 2084 1912 poris
2116 1858 2186 1896 ex
2215 1843 2479 1913 professo
2503 1845 3142 1916 scripsere.0bservare
3166 1847 3414 1918 potestis
3436 1849 3578 1902 alio-

1925 1944 2054 1982 rum
2078 1929 2474 2000 complurium
2490 1933 2735 1988 nomina
2751 1933 2822 1988 de
2844 1934 3131 1989 industtia
3151 1935 3222 1990 ab
3250 1934 3376 2006 ipso
3391 1935 3573 1990 fuisse

1921 2018 2162 2085 omissa,
2198 2035 2407 2074 eorum
2441 2022 2759 2092 praecipue,
2794 2025 2896 2094 qui
2929 2024 3184 2078 maxime
3222 2029 3392 2079 erant
3422 2027 3572 2083 noti.

1921 2109 2169 2163 Causam
2201 2110 2380 2181 igitur
2409 2112 2580 2168 Caius
2611 2130 2730 2168 non
2749 2115 3170 2187 assignavit,ob
3202 2132 3378 2186 quam
3402 2118 3570 2189 Igna-

1922 2197 2068 2252 tium
2082 2200 2420 2255 nominaret
2436 2217 2448 2267 ;
2470 2218 2574 2256 cur
2584 2207 2783 2257 autem
2803 2221 2936 2258 eum
2951 2205 3067 2258 omi
3079 2205 3575 2279 tteret,|optimam

1923 2291 1982 2341 et
2011 2289 2576 2359 opportunissimam
2607 2291 2890 2362 prodidit.
2921 2293 3158 2348 Nullum
3190 2294 3369 2366 igitur
3401 2312 3472 2350 ex
3505 2297 3578 2350 si-

1922 2375 2108 2432 lentio
2143 2378 2320 2450 hujus
2355 2380 2670 2452 f‘ragmenti
2700 2381 2926 2454 Ignatio
2972 2389 3176 2439 nostro
3217 2385 3574 2456 periculum.

1992 2476 2138 2530 Idem
2176 2477 2555 2548 judicandum
2584 2480 2649 2533 de
2699 2479 2967 2536 Clemente
3024 2481 3426 2546 Alexandrino,
3489 2484 3579 2537 in-

1923 2565 2070 2636 quit.
2106 2567 2228 2621 Imo
2262 2585 2397 2622 vero
2431 2567 2502 2622 de
2552 2568 2875 2623 Clementis
2918 2570 3296 2625 Alexandrini
3339 2572 3575 2627 silentio

1922 2653 2075 2709 nihil
2090 2654 2372 2726 liquando
2389 2655 2851 2722 affirmari,nihil
2868 2657 3004 2712 inde
3019 2665 3178 2714 certo
3193 2661 3463 2715 concludi
3477 2678 3578 2732 po-

1921 2748 2055 2799 test.
2090 2744 2539 2816 Quamplurima
2581 2746 2739 2799 enim
2759 2747 2886 2816 ejus
2910 2746 3129 2817 scripta
3151 2748 3477 2819 perierunt,
3509 2753 3576 2803 ut

1922 2831 2346 2885 Ὑποτνπώσεων
2380 2833 2518 2887 libri
2548 2850 2660 2899 vm,
2692 2836 2768 2888 De
2785 2836 3052 2904 paschate
3081 2837 3182 2892 lib.
3236 2855 3272 2905 ι,
3307 2839 3380 2892 De
3424 2840 3576 2909 jeju-

1920 2923 2015 2976 nio
2051 2921 2391 2992 disputatio,
2458 2925 2534 2977 De
2581 2924 2975 2978 obtrectatione
3003 2924 3108 2978 lib.
3143 2942 3181 2989 ι,
3235 2926 3310 2979 De
3341 2929 3574 2980 canoni—

1925 3012 2021 3066 bus
2067 3011 2446 3067 ecclesiasticis
2503 3017 2562 3066 et
2619 3012 2875 3066 adversus
2929 3013 3291 3068 Judaizantes
3367 3014 3468 3069 lib.
3529 3033 3570 3071 Ῑ.

1924 3102 2132 3156 Utrum
2163 3101 2370 3174 Ignatii
2393 3101 2455 3156 in
2480 3101 2592 3157 illis
2619 3101 2709 3156 vel
2723 3119 2930 3157 eorum
2959 3103 3159 3174 aliquo
3209 3106 3572 3173 meminerit,

1925 3207 2315 3255 necne,nemo
2340 3197 2498 3246 certo
2522 3191 2820 3246 afﬁrmare
2844 3197 3057 3262 potest.
3094 3193 3154 3247 ln
3183 3195 3576 3251 Admonitione

1925 3280 2005 3335 ad
2033 3285 2238 3349 gentes,
2272 3280 2333 3334 in
2367 3280 2554 3335 tribus
2591 3282 2890 3350 Paedagogi
2917 3281 3105 3349 libris,
3133 3282 3192 3336 in
3226 3285 3575 3339 tractatibus

1924 3369 2176 3435 duobus,
2211 3387 2464 3440 quorum
2487 3387 2647 3426 nunc
2679 3387 2854 3440 unus,
2887 3389 3047 3427 nunc
3077 3373 3228 3428 alter
3257 3374 3455 3430 locum
3478 3395 3576 3432 oc-

1925 3457 2035 3511 tavi
2071 3457 2207 3512 libri
2240 3460 2587 3514 Stromateon
2646 3461 2992 3531 occupabat,
3029 3462 3128 3530 qui
3154 3461 3282 3534 jam
3341 3464 3578 3521 tandem

1923 3545 2097 3600 ambo
2131 3552 2383 3612 exstant,
2409 3547 2638 3602 nullum
2663 3549 2908 3602 omnino
2928 3550 3280 3621 scriptorem
3304 3551 3578 3610 Christia-

1923 3651 2065 3689 num
2093 3637 2366 3691 nominat
2407 3635 2698 3691 Clemens.
2750 3639 2825 3692 At
2875 3641 2934 3692 in
2985 3638 3146 3694 libris
3202 3641 3576 3699 Stromateon

1915 3724 2190 3796 plurimos
2221 3724 2451 3794 gentiles
2491 3730 2540 3778 et
2595 3725 2937 3780 Christianos
2990 3731 3241 3783 nominat
3299 3731 3577 3799 Ignatium

1923 3829 2227 3883 nunquam.
2263 3812 2556 3868 Plurimos
2588 3813 2830 3883 quidem
2863 3815 3108 3886 gentiles
3142 3818 3432 3888 nominat,
3467 3821 3570 3875 sed

1925 3903 2060 3974 quid
2098 3903 2210 3956 hoc
2244 3901 2317 3956 ad
2348 3901 2642 3973 lgnatium
2663 3901 2690 3955 ?
2720 3918 2838 3956 non
2867 3918 3087 3972 paucos
3118 3903 3296 3958 etiam
3328 3906 3568 3961 haereti-

1925 4009 2024 4047 cos
2055 3992 2215 4057 citat,
2245 3991 2349 4046 sed
2376 4008 2485 4046 nec
2517 3991 2672 4045 inter
2701 4009 2800 4046 eos
2854 3992 3114 4062 Ignatius
3173 3995 3568 4067 requirendus

1926 4087 2033 4137 est.
2068 4081 2426 4150 Christianos,
2457 4081 2570 4135 hoc
2609 4086 2698 4135 est
2727 4081 3048 4136 catholicos
3099 4098 3218 4136 non
3269 4083 3564 4153 plurimos,

1926 4171 2030 4226 sed
2061 4169 2450 4242 paucissimos
2489 4169 2777 4236 nominat,
2813 4173 2931 4223 tres
2987 4174 3144 4223 certe
3205 4174 3456 4240 tantum,
3517 4171 3569 4225 si

1926 4270 2102 4330 modo
2128 4273 2187 4324 et
2214 4267 2298 4322 illi
2329 4266 2602 4322 catholici
2654 4282 2859 4321 omnes
2884 4267 3023 4335 sint,
3059 4268 3409 4337 Barnabam,
3442 4269 3573 4325 Cle-

1928 4365 2212 4422 mentem,
2245 4359 2541 4422 Hermam,
2571 4372 2779 4411 omnes
2810 4362 2966 4411 certe
2991 4361 3272 4428 tanquam
3300 4359 3355 4412 S.
3395 4359 3574 4414 Paulo

1928 4465 2172 4513 coaavos,
2209 4451 2266 4501 et
2300 4450 2585 4515 tanquam
2611 4460 2810 4500 sacros
2840 4446 3036 4516 potius
3061 4463 3239 4516 quam
3299 4448 3575 4504 ecclesia-

1928 4541 2107 4596 sticos
2159 4536 2498 4607 scriptores.
2535 4534 2797 4604 Κλήμης,
2833 4535 3049 4606 inquit,
3081 4535 3108 4589 ὁ
3166 4535 3495 4608 ἀπόστολος,
3550 4538 3578 4592 ὁ

1927 4626 2232 4686 ἀπόστολος
2269 4617 2572 4697 Βαρνάϐας,
2608 4622 2829 4692 Θείωςή
2890 4620 3121 4696 δύναμις
3181 4626 3215 4694 ἠ
3273 4631 3352 4698 τῷ
3407 4630 3580 4700 Ἑρμᾷ

1925 4722 2038 4772 κατ’
2072 4711 2419 4786 ἀποκάλυψιν
2469 4709 2739 4769 Micam.
2803 4715 3159 4786 Scriptorem
3221 4717 3580 4772 catholicum

1928 4805 2176 4864 secundi
2211 4805 2314 4859 aevi
2346 4818 2419 4857 ne
2451 4819 2636 4857 unum
2659 4803 2899 4872 quidem
2952 4804 3260 4858 nominat:
3313 4806 3361 4859 si
3421 4806 3580 4877 lgna-

1928 4897 2076 4952 tium
2098 4891 2707 4966 praetereat,prmterit
2730 4896 2788 4944 et
2811 4891 3288 4960 Polycarpum,et
3309 4894 3571 4964 Papiam,

1927 4991 1984 5040 et
2033 4982 2417 5049 Quadratum,
2451 4984 2510 5033 et
2532 4979 2874 5044 Aristidem,
2909 4979 3303 5046 etJustinum,
3336 4982 3572 5036 etMeli-

1927 5076 2215 5138 tonem,et
2235 5070 2691 5140 Athenagoram,
2725 5071 2783 5122 et
2805 5067 3170 5137 Dionysium,
3206 5072 3264 5122 et
3293 5069 3575 5141 Hippoly-

1928 5166 2141 5226 tum,et
2160 5159 2641 5231 Hegesippum,et
2669 5155 2954 5210 lrenaaum
2981 5173 2994 5220 ;
3028 5173 3175 5226 quos
3197 5173 3404 5211 omnes
3436 5175 3573 5213 eum

1927 5249 2287 5324 ignoravisse
2309 5262 2427 5300 non
2451 5245 2805 5317 puto,magis
2830 5261 3005 5316 quam
3029 5245 3375 5315 magistrum
3400 5260 3574 5300 suum

1928 5342 2300 5395 Pantaenurn.
2337 5333 2448 5389 Sed
2479 5333 2682 5387 mirum
2712 5340 2807 5399 est,
2843 5334 3058 5404 inquit,
3091 5335 3188 5403 qui
3220 5334 3302 5388 vel
3333 5351 3400 5388 ea:
3462 5349 3579 5389 una

1931 5429 2213 5483 Clementis
2245 5423 2317 5478 ad
2339 5421 2653 5476 Corinthios
2675 5422 2904 5489 epistola
2927 5425 3036 5476 tria
3059 5428 3358 5492 quatuorve
3386 5423 3500 5477 loca
3522 5424 3580 5478 in

1933 5518 2302 5570 Stromateon
2319 5526 2480 5579 opere
2501 5510 2788 5578 descripsit
2812 5527 2824 5576 ;
2845 5510 2985 5564 nihil
3001 5513 3056 5564 in
3083 5517 3192 5566 tam
3209 5513 3396 5565 multis
3421 5515 3586 5581 lgna-

1932 5604 2094 5671 tii,ne
2111 5599 2443 5656 sententiam
2467 5597 2688 5668 quidem
2702 5613 2869 5650 unam
2882 5601 3144 5666 reperisse
3164 5617 3327 5672 quam
3348 5601 3591 5656 notaret.

1933 5694 2051 5748 Cur
2099 5707 2220 5746 non
2253 5694 2312 5745 et
2342 5686 2676 5744 Barnabam
2709 5685 2887 5741 etiam
2922 5686 3218 5758 producit,
3243 5687 3344 5760 qui
3376 5688 3594 5761 saepius

3241 5807 3276 5863 9
