3974 6296
417 405 532 468 267

1487 399 1552 462 S.
1600 393 1996 463 IGNATIUS.
2043 425 2121 438 -—
2163 389 2787 456 PROLEGOMINA.

419 569 484 625 in
516 585 584 624 eo
615 583 794 641 opere
825 565 1102 623 laudatur
1131 566 1160 620 7
1183 581 1289 621 cur
1317 581 1440 620 non
1499 570 1558 620 et
1613 566 1914 628 Hermam,
1963 559 2065 631 qui
2096 559 2148 628 Α
2178 556 2550 630 produceret,
2583 575 2701 631 quo
2730 557 3031 616 refelleret
3059 563 3116 617 et
3144 559 3456 630 refutaret,
3490 577 3606 633 quo
3639 565 3836 637 aperti

415 659 614 716 adhuc
634 657 1004 728 frequentius
1026 654 1340 710 adducitur
1358 654 1735 724 ?Quicunque
1755 649 2072 707 Clementis

414 749 751 804 Stromateas
781 745 962 817 probe
994 744 1178 812 novit,
1203 759 1512 814 nunquam
1545 741 1864 798 mirabitur
1895 739 1968 795 ab
2002 755 2070 794 eo

412 836 704 908 Ignatium
735 851 862 889 esse
895 833 1286 906 praeteritum,
1319 838 1443 887 tres
1473 831 1742 904 reliquos
1776 829 1955 886 toties
1984 827 2072 883 ci-

411 931 584 980 tatos.
618 923 882 978 Instituit
902 923 1026 977 illic
1055 922 1391 994 gnosticum
1416 938 1612 991 suum,
1644 937 1766 975 non
1813 918 2066 992 vulgari-

409 1015 518 1072 bus
549 1013 861 1085 theologias
893 1011 1202 1084 principiis
1234 1011 1552 1080 imbutum,
1587 1009 1690 1065 sed
1721 1009 1879 1065 ultra
1927 1007 2069 1064 alio-

408 1122 538 1160 rum
563 1105 1038 1159 Christianorum
1061 1108 1282 1157 sortem
1300 1102 1678 1170 elevatum,et
1697 1106 1763 1155 ut
1788 1100 2068 1172 magister

407 1195 674 1265 Origenis
701 1191 950 1263 mystica
979 1208 1230 1262 quasque
1264 1196 1322 1246 et
1352 1191 1673 1263 anagogica
1693 1189 1919 1260 ubique
1969 1205 2064 1242 se-

407 1288 600 1338 ctatur
631 1281 870 1352 ;qualia
901 1281 964 1336 in
995 1281 1278 1336 Barnabas
1310 1279 1654 1352 epistola,et
1677 1279 1908 1334 Hermas
1931 1277 2064 1332 Pas-

409 1378 523 1426 tore
556 1371 815 1442 plurima
845 1375 1184 1437 occurrunt,
1209 1370 1271 1424 in
1298 1366 1757 1440 simplicissimis
1789 1371 1848 1422 et
1879 1366 2064 1422 moni-

406 1464 604 1514 torum
625 1459 1037 1513 tantummodo
1061 1457 1390 1513 salubrium
1408 1457 1601 1528 plenis
1615 1456 1823 1529 Ignatii
1847 1455 2062 1526 episto-

407 1545 482 1601 lis
507 1563 628 1602 non
652 1546 1176 1617 reperiuntur.Sed
1193 1545 1564 1608 dices,etiam
1585 1544 1907 1599 Clementis
1937 1542 2060 1614 epi-

406 1634 559 1690 stola
582 1635 1022 1706 simplicitatem
1049 1635 1434 1707 apostolicam
1459 1635 1670 1705 spirat:
1693 1650 1763 1688 ex
1793 1631 1898 1688 illa
1925 1648 2060 1687 vero

402 1723 519 1778 tria
549 1729 870 1794 quatuorve
905 1723 1034 1778 loco
1061 1723 1252 1778 affert.
1285 1724 1373 1778 Ita
1414 1737 1577 1778 sane.
1637 1721 1748 1778 Sed
1789 1721 2062 1776 Clemens

403 1813 848 1869 Alexandrinus
881 1814 1059 1868 etiam
1092 1813 1153 1868 in
1185 1813 1283 1869 illa
1312 1812 1538 1884 aliquid
1569 1829 1689 1868 non
1721 1811 1971 1884 simplex
2003 1815 2062 1867 et

2178 647 2474 702 mendacii
2497 651 2557 702 et
2584 646 2716 703 falsi
2749 649 3078 704 testimonii
3100 666 3232 705 reos
3261 655 3497 706 teneret
3513 651 3760 708 ‘lVerum
3778 653 3836 709 si

2178 735 2290 791 hoc
2312 753 2432 791 non
2463 736 2721 805 fecisset,
2748 752 2906 792 suam
2928 740 3045 809 ipse
3091 740 3446 796 traditionem
3493 741 3569 796 ad
3624 741 3836 798 harum

2175 842 2426 881 normam
2455 829 2794 882 correxissst.
2820 829 2972 882 Ante
3003 827 3239 884 dixerat
3285 837 3653 900 opportunum
3681 831 3835 888 hunc

2178 916 2354 970 locum
2375 931 2486 972 esse
2521 917 2819 987 Ignatiana
2865 925 3057 973 nostra
3113 920 3590 989 commemorandi,
3642 937 3829 990 nunc,

2177 1004 2225 1058 si
2257 1010 2810 1072 commemorasset,
2843 1006 3202 1062 sententiam
3250 1023 3418 1063 suam
3449 1012 3779 1066 correxisset
3813 1028 3830 1078 ;

2173 1098 2235 1149 at
2258 1109 2390 1148 eam
2422 1093 2596 1149 aliter
2624 1093 2918 1166 corrigere
2941 1111 3059 1150 non
3087 1096 3422 1167 potuit,nisi
3441 1103 3624 1154 totam
3647 1099 3832 1154 oblit-

2171 1187 2426 1238 terasset
2455 1188 2632 1254 atque
2674 1184 3078 1254 expunxisset.
3115 1185 3372 1242 Hoccine
3429 1192 3628 1244 autem
3685 1188 3831 1244 huic

2172 1270 2298 1327 loco
2321 1277 2723 1344 opportunum
2747 1289 2876 1328 esse
2906 1274 3284 1346 potuit,quod
3315 1280 3504 1331 totum
3536 1282 3832 1335 everteret

2171 1367 2229 1416 et
2253 1361 2660 1433 expungeret?
2685 1363 2819 1418 Haec
2841 1364 3045 1418 omnia
3064 1380 3245 1420 meras
3274 1371 3412 1421 sunt
3439 1367 3826 1439 conjecturas,

2171 1455 2229 1504 et
2259 1449 2501 1520 quidem
2531 1450 2982 1516 infelicissimae,
3006 1468 3117 1508 nec
3145 1454 3354 1525 Ignatii
3389 1455 3680 1526 epistolis,
3711 1473 3828 1514 nec

2169 1537 2474 1608 proposito
2505 1537 2826 1594 Clementis
2858 1539 2978 1595 ullo
3007 1540 3184 1596 modo
3215 1543 3660 1600 convenientes.
3688 1545 3828 1600 Cle-

2169 1641 2340 1681 mens
2370 1643 2490 1681 non
2519 1642 2727 1682 omnes
2744 1627 3002 1684 haereses
3029 1629 3420 1702 respexit,sed
3440 1631 3673 1703 aliquas
3695 1639 3830 1690 tan-

2167 1720 2433 1782 tum,sua
2462 1719 2635 1770 mtate
2656 1717 2914 1772 maxime
2937 1718 3290 1789 conspicuas
3311 1725 3371 1774 et
3387 1720 3625 1791 scriptis
3641 1722 3826 1779 etiam

2163 1803 2387 1874 ubique
2418 1809 2562 1860 tunc
2596 1805 2881 1876 temporis
2905 1805 3413 1889 celebres,quibus
3435 1810 3693 1866 maxime
3727 1828 3825 1868 ca-

399 1903 639 1974 vulgare
662 1901 1102 1968 animadvertit,
1135 1902 1239 1958 sed
1287 1905 1490 1976 γνῶσιν
1539 1894 1880 1972 τελειοτέραν
1937 1917 2027 1972 pre

2189 1894 2372 1952 .holici
2403 1895 2932 1966 vexabantur,cum
2956 1899 3324 1970 antiquiores
3354 1899 3486 1955 alite
3513 1901 3638 1972 jam
3665 1919 3820 1974 pene

402 2008 466 2047 se
492 1991 712 2060 ferens,
745 1991 904 2063 quod
933 2008 1004 2046 ex
1037 1990 1138 2046 illa
1167 2008 1285 2046 non
1316 1990 1503 2046 semel
1535 1990 1818 2062 excerpit.
1853 1989 2059 2045 Obser.

397 2089 496 2138 vat
541 2082 904 2138 Clementem
935 2083 1267 2136 Romanum
1297 2081 1667 2137 differentias
1721 2096 1929 2136 eorum
1957 2079 2057 2150 qui

405 2177 548 2228 sunt
578 2171 810 2242 probati
843 2171 905 2225 in
927 2171 1210 2236 Ecclesia,
1242 2170 1598 2240 describere,
1630 2176 1690 2225 et
1746 2171 1904 2226 inter
1958 2186 2057 2224 eos

401 2275 624 2332 ponere
653 2257 746 2311 τὸν
781 2252 1006 2312 δυνατὸν
1038 2260 1241 2330 γνῶσιν
1275 2255 1523 2328 ἐξειπεῖν,
1551 2273 1692 2313 eum
1746 2257 1929 2329 igitur
1975 2256 2057 2311 lo-

403 2362 540 2402 cum
566 2346 658 2401 bis
693 2346 854 2414 citat,
877 2350 1020 2418 itum
1051 2345 1112 2400 in
1143 2345 1336 2418 primo
1367 2345 1538 2415 libro,
1593 2351 1717 2400 tum
1747 2345 1810 2400 in
1865 2351 2054 2401 sexto.

407 2435 694 2492 Observat
751 2451 888 2490 eum
939 2432 1110 2488 τύπον
1165 2433 1286 2487 τινὰ
1335 2436 1432 2487 τοῦ
1487 2436 1793 2488 Γνωστικοῦ
1825 2433 2058 2508 ὑπογρά-

405 2542 546 2596 φειν,
575 2527 812 2594 formam
843 2523 1147 2594 quamdam
1177 2523 1420 2580 Gnostici
1449 2523 1852 2591 describere,ad
1874 2539 2054 2594 quam

400 2629 608 2669 omnes
628 2629 780 2685 pene
811 2611 1077 2684 epistolae
1099 2616 1298 2684 partes
1319 2612 1472 2667 miro
1495 2611 1670 2667 modo
1689 2613 1871 2667 refert
1898 2611 2052 2668 libro

400 2708 632 2774 quarto.
665 2703 840 2758 Notat
869 2706 928 2757 et
955 2702 1187 2757 mundos
1218 2701 1347 2773 ejus
1369 2707 1498 2772 post
1554 2717 1840 2771 oceanum,
1901 2717 2051 2772 quos

399 2807 534 2848 cum
565 2790 888 2847 Platonicis
920 2789 1166 2846 confert.
1215 2789 1378 2846 Talia
1408 2789 1564 2862 apud
1616 2790 1906 2863 Ignatium
1940 2806 2047 2845 no-

397 2886 588 2938 strum
620 2880 887 2936 invenire
916 2895 1036 2936 non
1069 2885 1215 2935 erat.
1247 2879 1560 2934 Silentium
1590 2879 1770 2950 igitur
1787 2879 2050 2935 Alexan-

403 2970 563 3026 drini
606 2987 726 3026 non
757 2969 984 3026 indicat
1038 2969 1347 3042 Ignatiana
1401 2986 1522 3024 non
1578 2969 1784 3035 fuisse,
1839 2970 1942 3025 sed
1973 2969 2049 3026 ad

397 3062 844 3120 informandum
879 3063 1246 3130 Gnosticum,
1267 3062 1339 3117 ad
1368 3061 1717 3134 (mysticam,
1750 3066 1810 3116 et
1837 3078 2049 3134 anago-

398 3153 610 3226 gicam,
637 3151 1186 3224 tropologicamque
1213 3149 1548 3206 doctrinam
1605 3149 2043 3216 illustrandam,

399 3247 497 3298 aut
531 3241 970 3314 philosophiam
1001 3239 1388 3295 excolendam
1419 3239 1667 3294 minime
1697 3239 1935 3296 idonea.

471 3330 585 3386 Sed
606 3334 834 3384 certum
867 3334 927 3383 et
964 3327 1278 3383 deﬁnitum
1337 3327 1510 3382 nobis
1567 3327 1764 3383 locum
1825 3327 2050 3384 indicat

395 3421 740 3475 Stromateon
772 3433 950 3489 Opere
972 3417 1012 3472 l.
1064 3433 1157 3482 vu,
1208 3433 1266 3488 p.
1313 3417 1438 3483 764,
1491 3433 1606 3487 quo
1667 3417 1796 3472 sine
1863 3417 2044 3474 dubio

391 3507 597 3582 lgnatii
633 3522 856 3562 nomen
887 3491 1188 3578 posuisset
1215 3505 1568 3574 Clemens,si
1601 3505 1885 3578 epistolas
1916 3507 2048 3580 ejus

388 3614 654 3670 unquam
683 3597 945 3652 vidisset.
981 3597 1131 3652 Mira
1164 3595 1408 3668 quidem
1439 3597 1565 3652 haec
1597 3597 1953 3669 perpicacia,
1987 3603 2048 3652 et

389 3686 688 3744 scribendi
719 3686 902 3741 moris
947 3685 1107 3758 apud
1160 3690 1387 3741 veteres
1443 3692 1719 3742 accurata
1766 3686 2043 3742 observa-

388 3777 494 3846 tio,
525 3792 656 3848 quze
684 3792 800 3846 quo
831 3775 1083 3845 quisque
1109 3773 1238 3829 loco
1263 3774 1591 3846 quemlibet
1634 3791 1697 3830 se
1740 3775 2038 3846 antiquio-

389 3885 518 3927 rem
549 3868 858 3924 nominare
880 3867 1172 3933 debuerit,
1196 3866 1458 3922 indicare
1486 3866 1697 3938 potuit.
1738 3868 1838 3922 Ubi
1868 3869 2045 3922 tradit

393 3957 966 4015 haereticorumsectas
991 3956 1229 4011 Adriani
1255 3956 1473 4010 demum
1505 3957 1748 4026 Augusti
1776 3959 2039 4027 tempori-

394 4048 490 4103 bus
517 4047 812 4103 coalescere
843 4047 1084 4116 cupisse,
1115 4051 1454 4115 opportunus
1511 4051 1631 4099 erat
1680 4045 1827 4101 locus
1871 4047 2043 4115 Igna-

390 4139 547 4192 tiana
579 4142 768 4191 nostra
785 4133 1430 4198 commemorandi.Quid
1458 4149 1699 4200 vero,an
1729 4134 1958 4206 aliquid
1980 4135 2042 4190 in

388 4243 557 4282 suam
577 4225 938 4280 sententiam
971 4240 1044 4279 ex
1077 4223 1396 4296 Ignatianis
1426 4222 1660 4278 trahere
1691 4223 1929 4294 potuit?
1950 4226 2039 4280 An

383 4315 650 4386 Ignatius
673 4313 758 4368 illi
791 4313 1040 4368 idoneus
1079 4313 1245 4367 testis
1273 4313 1406 4380 fuit,
1459 4328 1527 4366 ex
1587 4329 1704 4382 quo
1761 4311 2040 4383 probaret

385 4402 704 4458 haereticos
735 4418 856 4457 non
889 4401 1002 4457 nisi
1037 4401 1144 4456 sub
1169 4399 1413 4456 Adriani
1474 4400 1725 4471 imperio
1766 4401 2034 4472 coepisse,

383 4508 521 4548 cum
544 4491 670 4562 ipse
703 4496 839 4546 ante
864 4491 1190 4546 Adrianum
1209 4489 1318 4543 sub
1349 4488 1544 4543 medio
1574 4489 1807 4560 'l‘rajani
1854 4491 2037 4562 impe-

383 4579 475 4635 rio
499 4596 710 4652 passus
739 4579 859 4635 sit?
881 4581 1006 4634 Non
1037 4579 1150 4634 hoc
1181 4576 1306 4632 vult
1355 4577 1442 4630 vir
1487 4575 1909 4644 doctissimus;
1961 4580 2035 4636 ad

2172 1985 2572 2041 evanuissent.
2606 1987 2826 2042 Harum
2859 1987 3032 2042 initia
3079 1987 3279 2060 aliquo
3337 1989 3512 2046 modo
3573 1991 3819 2060 indicat,

2169 2072 2432 2128 Ecclesia
2464 2073 2820 2145 posteriores
2851 2075 3244 2144 ostendit,nec
3265 2081 3386 2132 tam
3410 2077 3651 2148 quidem
3671 2079 3820 2134 anti-

2169 2177 2316 2232 quas
2347 2178 2528 2234 quam
2558 2163 2672 2234 ipsi
2697 2163 3070 2234 jactitabant.
3104 2164 3270 2230 Quod
3318 2165 3477 2222 enim
3527 2167 3819 2225 Basilides

2167 2250 2470 2307 Glauciam
2502 2252 2849 2325 magistrum
2877 2269 3050 2308 suum
3082 2260 3396 2323 assereret,
3429 2272 3606 2327 quem
3637 2257 3821 2313 disci-

2165 2340 2291 2412 puli
2313 2339 2442 2412 ejus
2453 2341 2612 2396 Petri
2635 2341 3023 2413 interpretem
3044 2342 3226 2399 fuisse
3249 2343 3820 2418 aftirmabant;quod

2167 2429 2565 2487 Valentiniani
2589 2432 2662 2488 ad
2683 2433 3002 2502 Theodadi,
3037 2440 3322 2508 tanquam
3349 2437 3406 2492 S.
3441 2436 3606 2494 Pauli
3634 2438 3818 2494 disci-

2163 2519 2368 2594 pulum
2381 2521 2677 2578 haereseos
2694 2539 2816 2578 sum
2830 2523 3123 2596 originem
3135 2524 3446 2594 referrent;
3466 2527 3591 2582 haec
3612 2530 3821 2586 omnia

2162 2611 2331 2681 quasi
2363 2627 2484 2667 non
2515 2611 2660 2667 satis
2681 2616 2844 2668 certa
2869 2613 3099 2686 rejecit,
3133 2620 3192 2670 et
3222 2631 3356 2687 qum
3387 2616 3598 2672 harum
3630 2617 3818 2674 haere-

2162 2717 2305 2756 seon
2328 2701 2745 2772 antiquitatem
2793 2702 3042 2758 minime
3076 2703 3418 2776 probarent.
3452 2705 3640 2762 Aliter
3669 2709 3818 2765 satis

2160 2789 2324 2845 novit
2352 2789 2619 2846 omnium
2650 2790 3090 2848 eruditissimus
3121 2793 3544 2862 Clemens,non
3575 2801 3814 2854 tantum

2159 2879 2270 2936 sub
2299 2879 2553 2951 Trajano
2585 2886 2724 2936 ante
2752 2880 3229 2948 Adrianum,non
3258 2888 3492 2940 tantum
3515 2885 3624 2942 sub
3657 2891 3817 2943 tem-

2157 2986 2302 3042 pore
2327 2969 2595 3041 martyrii
2627 2969 3008 3042 lgnatiani,ut
3023 2972 3152 3044 ipse
3177 2972 3432 3042 Ignatius
3457 2974 3683 3032 indicat
3709 2977 3817 3034 sed

2163 3059 2341 3114 etiam
2373 3075 2496 3114 aavo
2529 3058 2937 3131 apostolorum
2967 3060 3280 3118 haereticos
3337 3063 3571 3134 aliquos
3629 3067 3815 3122 exsti-

2157 3151 2321 3217 tisse,
2355 3154 2504 3205 utet
2534 3149 2785 3206 historia
2821 3150 3246 3219 ecclesiastica,
3283 3158 3342 3209 et
3362 3153 3506 3226 ipsa!
3539 3155 3718 3212 etiam
3749 3158 3810 3215 S.

2081 3281 2125 3348 ρ
2165 3239 2484 3310 Scriptura;
2517 3244 2833 3296 testantur.
2865 3240 3313 3313 Iniquissimum
3345 3244 3524 3316 igitur
3551 3250 3641 3300 est
3697 3245 3811 3302 hoc

2169 3327 2303 3384 loco
2333 3327 2658 3400 postulare,
2690 3333 2756 3384 ut
2785 3327 3057 3386 Clemens
3086 3331 3383 3403 Ignatium
3436 3338 3730 3400 nostrum,
3763 3335 3814 3390 si

2161 3416 2450 3486 scivisset,
2476 3417 2688 3472 citaret
2714 3435 2727 3484 ;
2759 3417 2831 3472 ab
2863 3419 3026 3474 omni
3059 3421 3290 3476 ratione
3348 3420 3812 3492 alienissimum,

2156 3505 2516 3578 ignoravisse
2566 3523 2731 3577 eum,
2764 3507 2924 3578 quod
2971 3524 3094 3564 non
3117 3510 3404 3578 citaverit,
3427 3511 3808 3570 concludere.

2228 3589 2750 3652 Verumenimvero
2799 3597 2986 3652 eadem
3034 3605 3134 3667 est,
3199 3599 3414 3671 inquit,
3471 3607 3524 3656 et
3571 3601 3810 3658 alterius

2155 3685 2448 3754 cujusdam
2481 3686 2768 3741 Clementis
2797 3689 3076 3743 sententia
3105 3689 3273 3744 ratio.
3309 3689 3406 3744 Ille
3435 3693 3579 3745 enim
3604 3695 3809 3747 statuit

2155 3773 2431 3829 Christum
2461 3790 2632 3830 unum
2665 3781 2884 3830 tantum
2907 3793 3117 3832 annum
3140 3777 3200 3833 in
3231 3781 3392 3834 terris
3438 3780 3804 3850 pradicasse;

2152 3867 2212 3916 at
2269 3864 2520 3932 lgnatius
2577 3870 2760 3920 noster
2815 3863 3016 3920 diserte
3052 3867 3243 3921 scribit
3271 3867 3564 3924 Dominum
3617 3867 3806 3924 tribus

2151 3957 2287 4022 post
2315 3951 2678 4024 baptismum
2711 3954 2888 4009 annis
2945 3954 3357 4027 prmdicavisse
3411 3957 3802 4029 evangelium.

2149 4040 2275 4096 Imo
2308 4058 2444 4098 vero
2475 4047 2682 4098 noster
2709 4043 2970 4116 Ignatius
2999 4044 3128 4099 haec
3184 4061 3493 4116 nunquam
3543 4046 3803 4118 scripsit.

2150 4129 2289 4194 Quae
2319 4131 2482 4186 enim
2515 4133 2727 4188 recitat
2757 4132 3012 4188 Dallasus
3039 4149 3112 4188 ex
3154 4134 3408 4205 epistola
3454 4134 3528 4190 ad
3557 4134 3807 4190 Trallia-

2149 4235 2258 4274 nos
2288 4219 2502 4292 pagina
2531 4223 2620 4289 76,
2654 4220 2864 4276 eodem
2887 4221 3128 4293 quidem
3156 4222 3287 4278 loco
3311 4223 3466 4295 apud
3500 4224 3801 4280 Usserium

2148 4308 2534 4364 inveniuntur
2565 4327 2580 4376 ;
2616 4310 2722 4366 sed
2751 4315 2874 4366 tota
2901 4311 3117 4384 pagina
3163 4312 3411 4368 miniata
3449 4317 3558 4381 est,
3617 4319 3676 4368 et
3729 4329 3802 4370 ea

2145 4397 2323 4451 verba
2343 4413 2464 4452 non
2483 4397 2558 4453 ad
2580 4400 3017 4463 auctorem,sed
3031 4400 3519 4471 interpolatorem
3535 4401 3801 4472 epistola

2143 4485 2458 4542 referenda
2477 4492 2638 4555 sunt,
2665 4493 2723 4542 et
2754 4487 2828 4543 ad
2859 4504 2968 4543 nos
2989 4505 3110 4544 non
3143 4495 3432 4560 spectant,
3451 4489 3552 4561 qui
3584 4490 3803 4562 episto-

2145 4573 2262 4630 lam
2289 4575 2366 4630 ad
2395 4576 2728 4632 Trallianos
2749 4577 3016 4648 quidem,
3045 4578 3148 4634 sed
3177 4578 3251 4633 ab
3299 4577 3576 4634 omnibus
3625 4595 3796 4634 assu-

383 4651 740 4724 sententiam
772 4684 940 4724 suam
964 4664 1436 4723 confirmandam
1475 4681 1597 4720 non
1656 4666 1848 4736 potuit
1905 4667 2032 4724 Cle-
2067 4651 2112 4716 Β
2143 4666 2360 4720 mentis
2392 4665 3144 4734 liberam,defendimus.Et
3169 4672 3371 4724 tamen
3405 4667 3519 4723 hoc
3550 4669 3798 4725 unicum

383 4776 556 4816 mens
586 4761 878 4834 Ignatium
906 4758 1237 4822 nominare,
1271 4755 1477 4811 debuit
1505 4755 1578 4811 ad
1621 4755 2027 4816 refellendam.

379 4847 597 4906 Duram
630 4848 894 4922 profecto
921 4847 1112 4920 legem
1145 4844 1533 4917 scriptoribus
1576 4845 1839 4918 antiquis
1880 4847 2026 4922 figit,

377 4938 478 5008 qui
509 4939 926 4994 necessitatem
959 4937 1033 4991 iis
1071 4933 1326 5006 imponit
1381 4932 1601 4988 citandi
1661 4935 2029 4994 clarissimos

374 5027 651 5082 Ecclesiae
682 5026 978 5082 antistites
1006 5029 1214 5080 contra
1245 5039 1411 5079 suam
1437 5023 2026 5098 sententiam.Neque

373 5115 488 5171 hoc
517 5115 642 5170 vult
670 5115 758 5170 vir
788 5113 1182 5176 doctissimis;
1233 5112 1374 5182 quid
1425 5113 1605 5186 igitur
1626 5112 1654 5168 ‘l
1700 5113 2028 5183 Ignatianas

373 5205 633 5276 epistolas
678 5202 971 5259 traditioni
1005 5217 1116 5257 sua
1165 5202 1510 5272 apertissime
1557 5210 1932 5273 repugnantes
1977 5207 2027 5260 si

369 5296 636 5361 scivisset,
665 5290 892 5362 aliquid
913 5296 1071 5345 certe
1092 5289 1516 5362 fecisset,quod
1544 5307 1667 5346 non
1695 5291 2023 5363 fecit;quid

371 5389 572 5438 autem
604 5380 715 5436 hoc
749 5385 838 5434 est
866 5379 894 5433 ‘l
922 5378 1006 5433 vel
1035 5395 1124 5434 eas
1152 5381 1483 5448 refutasset;
1537 5379 1657 5435 imo
1715 5397 1850 5436 vero
1910 5381 2022 5437 hoc

369 5484 683 5540 nunquam
715 5467 974 5522 fecisset.
1000 5467 1404 5538 Quisquamne
1436 5473 1699 5524 veterum
1737 5469 2018 5524 Christia-

367 5572 581 5614 norum
616 5571 747 5611 eam
781 5555 853 5611 de
875 5555 1311 5628 antiquioribus
1341 5555 1616 5612 Patribus
1639 5560 1696 5611 et
1726 5556 2020 5628 episcopis

366 5645 440 5700 de
461 5645 864 5716 apostolorum
885 5644 1192 5717 discipulis
1205 5651 1263 5700 et
1278 5645 1635 5716 martyribus
1651 5643 2015 5715 opinionem,

2141 4761 2557 4828 argumentum
2582 4757 2896 4828 affert,quo
2919 4759 3131 4830 probet
3147 4759 3438 4831 Ignatium
3453 4764 3515 4816 et
3533 4761 3794 4833 Origeni,

2140 4852 2198 4900 et
2225 4846 2381 4901 Julio
2432 4845 2731 4916 Africano,
2791 4853 2849 4902 et
2897 4848 3199 4903 Lactantio
3257 4849 3529 4922 ignotum
3583 4849 3792 4920 fuisse.

2136 4934 2416 5006 Ejusdem
2439 4934 2646 4991 farinae
2673 4940 2811 4992 sunt
2832 4952 2963 5008 quae
2987 4935 3060 4992 de
3084 4936 3267 4993 Paulo
3290 4939 3698 5012 conjugato,et
3721 4939 3794 4995 de

2135 5023 2571 5080 resurrectione
2593 5025 2809 5080 Christi
2832 5025 3011 5081 habet
3036 5043 3049 5080 :
3075 5043 3207 5098 qua:
3223 5026 3298 5082 ad
3327 5027 3610 5083 adversus
3629 5029 3795 5101 Igna-

2135 5115 2284 5169 tium
2309 5114 2690 5184 Baronii,non
2713 5119 2912 5172 autem
2930 5120 3204 5171 nostrum
3224 5121 3364 5172 sunt
3397 5116 3598 5172 allata.
3632 5118 3791 5174 Nihil

2133 5208 2334 5258 tamen
2355 5201 2518 5258 aliud
2540 5203 2804 5272 affert,ut
2816 5204 3026 5275 probet
3047 5205 3339 5277 Ignatium
3365 5205 3544 5262 etiam
3569 5207 3791 5279 Diony-

2134 5292 2221 5347 sio
2253 5291 2654 5348 Alexandrino
2679 5293 2866 5349 fuisse
2887 5293 3174 5364 ignotum.
3197 5294 3365 5360 Quod
3389 5294 3465 5351 ad
3485 5312 3586 5352 eos
3607 5297 3790 5369 igitur

2132 5382 2777 5456 spectat,expungenda
2807 5382 2977 5456 plane
3010 5400 3080 5440 ex
3111 5384 3282 5440 titulo
3313 5386 3525 5458 capitis
3571 5403 3789 5461 magna

2131 5471 2238 5527 illa
2266 5471 2516 5528 nomina
2534 5473 2967 5546 Origenis,lulii
2993 5474 3276 5540 Africani,
3312 5476 3620 5547 Lactantii,
3654 5479 3790 5534 Dio-

2128 5561 2282 5632 nysii
2312 5561 2790 5631 Alexandrini,et
2817 5562 3004 5634 ipsius
3027 5563 3204 5620 etiam
3227 5565 3594 5638 Hieronymi.
3628 5567 3784 5623 Nihil

2128 5653 2288 5704 certe
2321 5649 2610 5706 hactenus
2641 5650 2960 5706 adductum
2992 5655 3226 5724 est,quo
3247 5651 3535 5726 probetur
3564 5659 3669 5712 aut
3692 5673 3782 5712 ve-

364 5734 438 5790 de
469 5732 666 5806 seipso
701 5751 831 5792 eam
853 5733 1384 5808 praesumptionem
1416 5732 1645 5802 habuit,
1664 5737 1732 5788 ut
1750 5749 1851 5788 eos
1880 5733 2014 5790 ideo
2123 5737 2378 5794 risimile
2428 5739 2731 5808 reddatur,
2789 5740 3081 5813 Ignatium
3163 5748 3441 5802 nostrum
3489 5743 3782 5804 Clementi
