3974 6296
147 381 268 443 269

882 383 940 443 J.
987 383 1407 446 PEARSONII
1448 383 1822 446 VINDICUE
1865 380 2344 443 IGNATIANE.
2395 411 2473 427 --
2513 381 2714 441 PARS
2759 380 2839 440 Π.

3459 386 3580 446 270

147 515 553 573 Alexandrino
583 516 771 574 fuisse
795 517 1058 590 ignotum
1096 535 1108 572 :
1143 523 1203 574 et
1247 536 1355 575 nos
1374 519 1609 576 meliori
1659 519 1797 590 jure
1826 523 1879 586 Α
1911 514 2196 575 Boloariis
2227 519 2328 570 aut
2355 513 2724 583 Ionensibns,
2759 530 3014 585 quorum
3056 514 3350 589 ignoratio
3381 517 3580 575 etiam

147 605 202 658 ei
237 610 440 660 notum
475 606 666 661 fuisse
723 605 1160 662 contendimus.
1218 607 1393 663 Nullo
1442 608 1602 664 enim
1635 608 1810 662 modo

149 695 474 749 verisimile
509 701 604 750 est
633 712 772 751 eum
794 711 970 766 quem
992 697 1273 770 Origenes
1293 698 1620 770 discipulus
1633 697 1813 753 etiam

141 784 382 854 juvenis
412 789 539 840 tam
562 784 717 840 bene
749 785 912 840 novit
933 785 1021 856 (ut
1053 785 1812 855 ostendimus)Clementem

149 873 508 944 magistrum
545 875 874 947 ignorasse.

225 964 361 1018 Haec
393 979 535 1019 cum
559 980 590 1018 e
620 963 925 1019 Clemente
979 964 1342 1033 adduxisset,
1377 965 1616 1021 tandem
1637 982 1813 1038 argu-

153 1057 432 1108 mentum
457 1069 490 1107 a
522 1053 861 1108 testimonio
893 1055 1293 1126 negativum,a
1323 1054 1815 1120 silentio,scilicet

158 1142 521 1213 scriptorum
554 1148 692 1197 ante
721 1142 957 1197 Eusebii
991 1148 1261 1214 tempora
1293 1143 1556 1208 ductum,
1588 1143 1813 1198 varium

158 1231 406 1300 quidem
437 1230 606 1295 illud,
640 1236 698 1286 et
727 1231 1201 1298 miscellaneum,
1235 1237 1292 1286 et
1345 1232 1640 1303 prolixum
1671 1249 1813 1287 con-

153 1320 378 1386 cludit;
414 1337 533 1391 quo
564 1321 896 1392 Ignatianas
927 1321 1203 1391 epistolas
1233 1321 1510 1376 omnibus
1532 1327 1669 1376 ante
1698 1323 1813 1376 Eu-

151 1410 387 1465 sebium
413 1410 646 1481 ignotas
696 1425 758 1464 se
787 1409 1068 1479 probasse
1099 1415 1290 1482 putat,
1315 1410 1570 1482 ideoque
1615 1410 1811 1466 nullas

149 1499 356 1554 fuisse.
386 1498 453 1553 ld
478 1504 677 1554 autem
693 1515 830 1554 eum
852 1498 924 1553 de
955 1499 1198 1556 nemine
1217 1499 1498 1572 probasse
1511 1500 1771 1555 ostendit
1793 1517 1806 1568 ;

149 1606 272 1645 non
307 1589 382 1644 de
427 1588 675 1655 Irenaeo,
709 1604 830 1643 non
853 1589 924 1645 de
954 1589 1395 1657 Alexandrinis,
1430 1595 1532 1645 aut
1588 1589 1806 1644 rEthio-

150 1679 352 1750 pibus,
382 1695 509 1734 non
529 1678 601 1733 de
632 1677 1020 1746 Tertulliano,
1047 1684 1147 1734 aut
1178 1679 1339 1745 Caio,
1376 1683 1477 1735 aut
1505 1679 1810 1734 Clemente

150 1768 564 1823 Alexandrino
602 1785 614 1821 :
640 1767 828 1822 multo
850 1767 1048 1823 minus
1070 1768 1143 1823 de
1174 1769 1443 1838 Origene,
1475 1768 1626 1824 Julio
1653 1769 1806 1823 Afri-

1923 605 2176 675 probata
2217 607 2264 659 si
2315 608 2492 674 esset,
2527 604 2751 660 nullam
2784 606 3024 677 neganti
3074 612 3426 678 argumento
3459 608 3579 663 vim

1923 694 2188 749 adderet.
2214 695 2402 759 Quare
2434 710 2543 748 nos
2575 694 2761 748 multo
2796 694 3026 748 meliori
3047 695 3187 766 jure
3216 696 3298 750 sic
3322 697 3584 768 disputa-

1923 786 2226 840 mus.Cum
2258 783 2615 855 Polycarpus
2645 783 2853 855 Ignatii
2874 783 3381 856 discipulus,cum
3411 786 3578 842 Philo

1923 879 1982 929 et
2009 875 2349 948 Agathopus
2372 873 2641 946 ejusdem
2674 874 2942 943 comites,
2961 891 3096 929 cum
3120 877 3384 932 Irenaeus
3406 877 3582 949 Poly-

1923 965 2084 1036 carpi
2120 964 2468 1034 discipulus,
2503 979 2639 1018 eum
2669 963 3026 1035 Theophilus
3073 965 3282 1036 Ignatii
3323 965 3384 1020 in
3439 966 3580 1022 sede

1923 1053 2291 1108 Antiochena
2325 1052 2642 1122 aliquando
2677 1069 3005 1118 successor,
3038 1058 3138 1108 aut
3170 1053 3438 1125 ejusdem
3470 1056 3577 1110 aevi

1923 1142 2303 1213 aliquis,cum
2340 1141 2595 1211 denique
2629 1141 2930 1212 Origenes,
2957 1142 3280 1213 discipulus
3298 1142 3578 1200 Clemen-

1923 1233 2019 1300 tis,
2048 1232 2256 1303 lgnatii
2284 1231 2664 1303 epistolarum
2709 1231 2925 1286 diserte
2976 1233 3338 1299 meminerit,
3370 1240 3471 1288 aut
3500 1234 3575 1290 ad

1921 1337 2022 1376 eas
2053 1327 2253 1393 aperte
2285 1321 2653 1392 respexerint
2672 1338 2685 1387 ;
2703 1337 2837 1376 cum
2856 1321 2896 1375 ii
2919 1323 3255 1392 omnes,qui
3270 1323 3575 1394 ignorasse

1920 1411 2283 1482 perhibetur,
2330 1411 2560 1465 nullam
2609 1410 2780 1466 nobis
2826 1427 2957 1466 eam
2987 1411 3133 1482 ipsis
3179 1412 3576 1485 ignorantiam

1924 1499 2218 1554 tribuendi
2249 1499 2392 1554 satis
2415 1500 2641 1571 justam
2696 1517 2936 1555 causam
2968 1501 3371 1570 praebuerint;
3405 1517 3577 1574 argu-

1920 1596 2190 1646 mentum
2223 1607 2256 1645 a
2279 1589 2512 1645 silentio
2545 1591 2811 1662 negative
2845 1591 3089 1646 ductum
3122 1591 3274 1646 nihil
3325 1593 3574 1648 omnino

1919 1679 2113 1735 valere
2140 1680 2624 1752 pronuntiamus,
2659 1686 2714 1736 et
2745 1680 2817 1735 ab
2845 1681 2917 1734 iis
2950 1681 3050 1751 qui
3086 1687 3396 1746 noverunt,
3431 1682 3577 1736 reli-

1921 1786 2069 1840 quos
2093 1785 2215 1825 non
2242 1770 2566 1842 ignorasse,
2594 1775 2697 1824 aut
2727 1770 2773 1824 si
2807 1769 2991 1839 aliqui
3026 1787 3095 1824 ex
3126 1769 3198 1824 iis
3232 1769 3382 1824 forte
3405 1771 3573 1842 igno-

149 1874 322 1923 cano,
381 1857 665 1928 Dionysio
722 1857 1147 1926 Alexandrino,
1181 1861 1283 1914 aut
1333 1859 1654 1926 Lactantio,
1703 1877 1807 1930 pro
1841 1882 1888 1949 B
1921 1859 2196 1927 raverint,
2229 1864 2646 1930 argumentum
2677 1857 2813 1914 inde
2838 1858 2964 1915 ﬁeri
2990 1875 3109 1914 non
3140 1875 3315 1929 posse
3335 1859 3572 1915 conclu-

151 1963 408 2018 quorum
441 1946 781 2018 ignorantia
806 1945 955 2001 nihil
994 1963 1066 2002 ex
1093 1948 1312 2003 nostris
1343 1947 1608 2020 epistolis
1634 1947 1812 2003 addu-

150 2039 266 2105 xit;
298 2053 427 2092 non
469 2034 545 2091 de
601 2035 932 2108 Epiphanio
985 2041 1090 2092 aut
1127 2037 1510 2110 Hieronymo,
1565 2053 1684 2093 non
1741 2037 1814 2093 de

1926 1948 2140 2004 dimus.

1491 2278 1763 2373 PARS
1839 2277 2332 2373 SECUNDA-

225 2443 364 2515 Qua
428 2444 812 2518 argumenta
861 2456 975 2518 pro
1027 2437 1258 2518 lgnatii
1316 2435 1598 2516 epistolis
1649 2433 1962 2576 exfilpsist
1993 2434 2220 2496 educta
2272 2435 2641 2512 atteruntur,
2700 2443 2762 2499 et
2818 2437 3037 2499 Dallaei
3094 2436 3484 2516 objectiones

1667 2534 1730 2576 re
1763 2535 1794 2576 e
1848 2534 1931 2575 un
1967 2534 2062 2576 ur.

1667 2534 2062 2576 releuuntur.

698 2773 928 2828 CAPUT
974 2772 1273 2829 PRIMUM.

154 2900 513 2962 Argumenta
539 2912 643 2960 pro
671 2898 989 2960 Ignatianis
1046 2912 1114 2944 ex
1171 2897 1310 2958 ipsis
1344 2895 1594 2956 epistolis
1641 2895 1808 2943 ducta

216 2973 568 3033 aferuntur.
610 2970 671 3018 S.
707 2968 974 3030 Ignatius
1026 2969 1174 3018 circa
1206 2982 1242 3016 α
1267 2969 1336 3016 D.
1400 2966 1523 3016 107
1557 2966 1804 3027 scripsit.

1920 2772 2096 2839 atque
2127 2772 2379 2835 textura,
2439 2771 2776 2827 auctoritati
2827 2773 3066 2829 testium
3123 2779 3252 2848 pari
3284 2781 3564 2856 suﬂ'ragio

1919 2856 2675 2928 conjuncta,plenissimam
2711 2860 2888 2916 ﬁdem
2907 2867 3304 2935 extorquet,et
3322 2886 3563 2929 omnem

1919 2945 2228 3000 dubitandi
2260 2963 2467 3002 ansam
2506 2949 2808 3019 praecidat.
2845 2949 2950 3005 Ubi
2983 2953 3142 3008 enim
3172 2971 3292 3012 non
3327 2963 3561 3017 tantum

216 3043 321 3092 Illi
351 3042 511 3090 wtati
539 3042 783 3114 materia
810 3041 1176 3114 epistularum
1207 3041 1269 3089 in
1323 3054 1522 3102 genere
1562 3046 1804 3114 spectata
1835 3037 1877 3104 α
1919 3040 2096 3090 testes
2119 3035 2283 3090 omni
2315 3037 2660 3106 exceptione
2691 3039 2969 3110 majores,
3011 3059 3158 3114 quos
3189 3061 3298 3101 nec
3355 3048 3559 3107 fallere

214 3114 476 3176 apprime
505 3113 778 3161 convenit.
810 3112 1205 3173 Impostorum,
1238 3114 1452 3172 scripta
1506 3110 1682 3158 solent
1711 3111 1803 3158 sui

213 3185 412 3233 saeculi
444 3199 626 3232 mores
655 3183 914 3233 redolere.
949 3183 1112 3232 Nihil
1145 3185 1203 3230 in
1233 3183 1322 3231 his
1352 3182 1604 3244 epistolis
1629 3188 1803 3242 poste-

211 3260 371 3305 riora
401 3263 610 3316 spectat
665 3263 925 3316 tempora.
979 3255 1276 3316 Episcopos
1312 3256 1372 3303 in
1431 3254 1570 3302 Asia
1623 3253 1805 3314 fuisse

211 3337 428 3376 certum
460 3335 556 3386 est,
587 3341 713 3374 cum
743 3329 802 3375 S.
833 3326 1102 3388 Ignatius
1131 3326 1202 3374 ad
1247 3327 1596 3389 martyrium
1646 3325 1802 3372 duce-

213 3407 394 3448 retur.
433 3397 823 3459 Epistolarum
857 3405 1052 3446 auctor
1081 3398 1163 3446 ita
1191 3398 1466 3458 episcopos
1497 3404 1546 3443 et
1569 3393 1804 3458 presby-

213 3478 357 3518 teros
388 3468 672 3523 describit,
706 3475 769 3516 ut
796 3483 920 3531 quae
947 3468 1011 3516 de
1050 3468 1122 3516 iis
1151 3468 1307 3524 dicit,
1340 3468 1434 3517 illi
1489 3466 1657 3521 aetati,
1689 3481 1801 3513 non

209 3549 388 3589 autem
413 3539 718 3601 posteriori
769 3539 1074 3587 conveniat.
1126 3539 1268 3586 Duce
1322 3540 1547 3587 haereses
1579 3537 1802 3598 Ignatii

209 3620 454 3672 tempore
487 3611 731 3658 maxime
759 3609 1032 3664 valebant,
1065 3625 1184 3658 una
1236 3625 1362 3673 qua
1393 3609 1678 3658 Christum
1697 3622 1802 3668 pu-

209 3687 381 3735 tative
412 3685 713 3741 hominem,
744 3684 865 3732 alia
914 3699 1039 3746 quae
1095 3684 1314 3732 nudum
1351 3685 1632 3733 hominem
1661 3699 1801 3732 asse-

206 3756 518 3806 rebat.Has
547 3756 690 3804 duas
744 3763 794 3802 et
849 3755 994 3803 solas
1032 3755 1378 3818 perstringit
1407 3755 1690 3817 Ignatius,
1749 3764 1799 3803 et

209 3828 498 3878 Christum
525 3827 866 3888 simpliciter
894 3827 1125 3889 Θεολογεῖ.
1178 3829 1503 3888 Αροεεοίἰοω
1532 3828 1800 3876 doctrina:

208 3901 444 3949 traditio
478 3899 538 3947 in
569 3898 837 3959 epistolis,
893 3898 1224 3946 traditiones
1252 3915 1363 3948 non
1416 3899 1650 3960 scripta,
1702 3913 1798 3960 po-

205 3971 546 4020 sterioribus
575 3969 800 4018 sceculis
825 3977 1131 4018 memorate
1150 3971 1388 4018 minime
1417 3971 1796 4019 continemur.

205 4044 402 4092 Multa
434 4049 714 4104 prwterea
771 4041 834 4089 in
888 4040 1086 4091 iisdem
1147 4042 1458 4090 traduntur
1511 4058 1631 4105 quae
1686 4059 1797 4092 non

203 4116 388 4164 aliam
411 4129 586 4178 quam
621 4113 844 4174 Ignatii
870 4119 1086 4160 (etatem
1115 4115 1364 4174 sapiunt.
1400 4113 1562 4162 Nihil
1591 4116 1798 4164 certius

199 4185 486 4246 scriptum
541 4183 772 4247 aliquod
824 4183 1229 4244 suppositionis
1287 4185 1580 4239 convincit.
1631 4200 1797 4248 quam

201 4255 439 4306 violatio
497 4263 825 4315 temporum.
901 4254 1075 4302 Varia
1157 4253 1334 4312 huius
1386 4255 1469 4303 rei
1525 4256 1794 4304 exempla.

199 4331 371 4378 Ficta
395 4329 736 4390 plerumque
791 4341 958 4386 opera
1013 4341 1080 4373 ea:
1129 4334 1438 4387 temporum
1484 4329 1701 4376 ratione
1742 4344 1800 4376 se

189 4400 453 4461 prodere.
489 4398 754 4459 Epistolas
809 4398 1226 4447 Socraticorum
1280 4397 1348 4445 ab
1401 4399 1607 4448 Allatio
1638 4400 1800 4448 editce

197 4471 334 4519 inde
361 4469 643 4530 falsitatis
667 4468 1100 4516 convincuntur.
1126 4468 1335 4516 Dallwi
1351 4472 1585 4530 confusa
1601 4486 1794 4519 rerum

197 4539 469 4590 tractatio
498 4538 938 4600 reprehenditur.

205 4639 507 4706 Quoniam
567 4643 916 4711 argumenta
965 4642 1168 4694 nostra
1225 4656 1330 4710 pro
1392 4639 1625 4712 scriptis
1659 4658 1793 4697 vere

135 4727 546 4801 lgnatianisin
575 4733 819 4783 externa
836 4734 894 4784 et
923 4728 1160 4783 interna
1189 4727 1496 4785 divisimus
1521 4736 1796 4796 ;externa

137 4825 342 4874 autem
369 4833 404 4872 a
434 4815 796 4871 testimoniis
826 4818 1011 4888 petita
1032 4816 1214 4888 priori
1245 4817 1794 4875 dissertationelate

134 4905 444 4980 prosecuti
479 4921 706 4974 sumus,
765 4906 838 4960 ab
871 4905 1306 4978 objectionibus
1347 4907 1793 4978 vindicavimus,

137 5004 445 5067 testesque
464 4995 525 5050 in
547 4995 912 5050 contrarium
943 4995 1152 5050 allatos
1182 4996 1357 5066 plane
1375 4999 1794 5068 expunximus;

138 5088 383 5142 interna
414 5101 576 5139 nunc
606 5085 1019 5156 proponimus,
1039 5101 1108 5140 ex
1129 5086 1400 5156 epistolis
1421 5086 1566 5158 ipsis
1595 5087 1792 5157 ducta,

139 5193 272 5248 quas
297 5174 543 5231 easdem
574 5173 732 5229 clare
765 5173 1084 5229 ostendant
1112 5174 1339 5229 auctori
1362 5192 1468 5230 suo
1500 5193 1534 5231 a
1565 5178 1659 5232 SS.
1684 5179 1792 5234 Pa-

138 5266 329 5324 tn'bus
361 5268 709 5320 constanter
761 5263 1061 5336 assignato
1119 5265 1385 5335 apprime
1444 5281 1792 5338 congruere,

136 5353 468 5426 praescripti
488 5352 778 5424 temporis
794 5351 1210 5422 antiquitatem
1230 5353 1451 5424 optime
1463 5353 1796 5420 ferre,tanti

135 5445 326 5513 viri,et
355 5442 761 5515 apostolici,et
783 5441 1130 5512 episcopi,et
1150 5442 1427 5513 martyris
1457 5449 1582 5498 tum
1614 5445 1796 5515 pieta-

136 5535 330 5599 ti,tum
356 5534 639 5599 zelo,tum
662 5529 1018 5603 prudentia),
1053 5535 1181 5584 tum
1206 5531 1564 5592 itineri,tum
1590 5534 1795 5589 vincu-

134 5623 353 5691 lis,tum
366 5618 891 5687 concussionibus,
915 5625 1041 5674 tum
1056 5619 1602 5692 refrigerationibus
1620 5623 1795 5695 plene

136 5710 700 5788 respondere;adeo
723 5715 788 5765 ut
821 5708 1082 5780 ipsarum
1115 5708 1798 5783 epistolarumnmateria

1913 3125 2191 3188 voluisse,
2232 3140 2342 3179 nec
2371 3124 2540 3180 facile
2587 3126 2709 3181 falli
2768 3130 3029 3199 potuisse
3082 3134 3413 3204 putandum
3447 3145 3556 3209 est,

1913 3213 2306 3281 adhibentur;
2333 3213 2437 3268 sed
2468 3220 2525 3270 et
2554 3231 2648 3270 res
2679 3216 2826 3287 ipsa,
2862 3219 2954 3273 cui
2998 3222 3404 3281 testimonium
3425 3245 3562 3299 per-

1913 3303 2281 3369 bibent,talis
2313 3319 2440 3359 esse
2472 3310 2736 3376 apparet,
2770 3311 2836 3361 ut
2867 3323 2968 3363 eos
2997 3309 3178 3365 falsos
3196 3311 3379 3369 fuisse
3409 3317 3562 3372 nihil

1914 3391 2306 3459 suadeat;ne
2337 3410 2470 3448 cum
2530 3394 2845 3465 prudentia
2894 3398 3210 3470 quisquam
3269 3402 3561 3475 dubitare,

1912 3497 2022 3536 nec
2053 3482 2180 3536 sine
2207 3482 2536 3553 pervicacia
2563 3484 2847 3557 refragari
2879 3492 3098 3558 potest.

1982 3637 2055 3690 Ut
2084 3641 2280 3692 autem
2314 3655 2461 3708 opus
2493 3638 2868 3710 epistolicum
2893 3645 3220 3714 apostolico
3247 3649 3370 3704 viro
3403 3657 3562 3710 recte

1909 3730 2246 3795 competere
2290 3726 2660 3795 ostendatur,
2719 3733 3173 3800 supponendum
3232 3737 3294 3792 in
3350 3740 3558 3809 primis

1909 3814 2200 3886 Ignatium
2221 3814 2558 3883 quemdam,
2583 3816 2654 3870 ab
2687 3819 2970 3888 apostolis
2991 3822 3329 3879 ordinatum
3350 3828 3556 3884 Antio-

1909 3904 2145 3959 chensis
2174 3903 2450 3959 Ecclesia)
2469 3905 2949 3979 episcopum,per
2980 3911 3221 3982 triginta
3235 3915 3551 3975 minimum

1910 4009 2095 4047 annos
2117 4009 2247 4047 eam
2279 3992 2480 4047 sedem
2504 3995 2788 4060 tenuisse,
2821 4002 2886 4050 ut
2917 3998 3196 4070 Georgius
3219 4002 3545 4078 Syncellus,

1912 4089 1969 4137 et
1990 4082 2447 4152 Chronographia
2477 4082 2803 4153 Nicephoro
2833 4085 3116 4142 attributa
3162 4089 3222 4143 in
3252 4093 3547 4152 veteribus

1911 4189 2050 4225 mss.
2078 4170 2292 4241 quibus
2323 4187 2620 4226 consonus
2643 4178 2731 4225 est
2781 4175 3146 4246 Anastasius,
3207 4183 3501 4237 testantur
3535 4201 3548 4252 ;

1911 4259 2151 4314 tandem
2179 4259 2250 4314 ab
2274 4260 2629 4329 imperatore
2653 4262 2993 4333 Trajano,in
3011 4267 3394 4336 expeditione
3408 4272 3552 4326 Par-

1911 4349 2087 4414 thica,
2116 4349 2188 4403 ad
2241 4349 2462 4403 bestias
2521 4349 2960 4420 condematum,
2996 4359 3055 4410 et
3110 4357 3182 4412 ab
3243 4361 3557 4419 Antiochia

1827 4414 1872 4478 D
1904 4441 2151 4493 Romam
2186 4443 2460 4507 tractum,
2494 4438 2542 4494 si
2567 4441 2710 4509 quid
2739 4443 3047 4515 scripserit
3077 4447 3137 4502 in
3171 4449 3385 4506 itinere
3411 4455 3554 4510 satis

1903 4527 2154 4582 molesto
2182 4528 2397 4598 partim
2432 4529 2944 4602 Smyrnae,partim
2973 4537 3284 4608 Troade,et
3314 4542 3554 4612 quidem

1903 4615 2133 4671 decimo
2167 4617 2399 4687 imperii
2426 4617 2684 4689 Trajani,
2717 4621 2970 4692 vulgaris
3019 4642 3149 4680 aera)
3205 4629 3552 4687 Christiana;

1905 4704 2156 4774 septimo
2190 4709 2319 4775 post
2349 4707 2743 4762 centesimum
2758 4725 2939 4778 anno,
2969 4729 3123 4768 anno
3149 4715 3362 4771 Christi
3394 4735 3552 4787 vero,

1903 4798 1967 4847 ut
1997 4810 2099 4865 ego
2135 4795 2374 4864 quidem
2409 4796 2705 4865 existimo,
2741 4802 2840 4853 113
2895 4802 3178 4872 epistolas
3223 4807 3551 4878 scripsisse.

1906 4884 2163 4939 Dicimus
2183 4885 2380 4954 itaque
2402 4885 2507 4939 has
2527 4887 2824 4956 epistolas,
2859 4905 3003 4958 quas
3023 4891 3227 4946 habuit
3243 4895 3550 4962 Eusebius,

1905 4978 1962 5026 et
1984 4989 2090 5026 nos
2112 4989 2269 5026 nunc
2301 4972 2608 5039 habemus,
2645 4975 2692 5028 si
2723 4976 3092 5045 penitissime
3134 4978 3550 5051 inspicientur,

1905 5061 1952 5116 si
1986 5062 2258 5116 acumine
2292 5061 2381 5115 vel
2410 5063 2666 5118 maxime
2699 5064 2904 5119 critico
2936 5065 3411 5134 discutiantur,si
3437 5089 3556 5126 ma-

1905 5149 2054 5204 teria
2085 5154 2142 5203 et
2173 5149 2385 5203 modus
2413 5150 2755 5221 scriptionis
2780 5154 3152 5210 exactissime
3168 5159 3552 5228 trutinentur,

1905 5245 1964 5294 et
1993 5239 2240 5302 auctori,
2277 5244 2334 5293 et
2367 5242 2706 5310 tempori,et
2728 5244 3026 5298 occasioni
3069 5245 3290 5316 optime
3312 5265 3554 5320 respon-

1905 5329 2043 5383 dere
2071 5347 2084 5395 ;
2120 5344 2229 5382 nec
2261 5327 2488 5382 homini
2518 5331 2776 5385 veritatis
2809 5333 3072 5389 studioso
3103 5334 3192 5389 vel
3242 5337 3553 5393 minimam

1905 5417 1976 5472 de
2008 5417 2209 5471 fictore
2241 5415 2439 5486 aliquo
2465 5417 2760 5488 cogitandi
2794 5437 3001 5478 ansam
3028 5424 3310 5495 praebere,
3335 5431 3394 5481 et
3423 5427 3554 5482 Dal-

1905 5505 2092 5560 lmano
2125 5505 2431 5575 impostori
2494 5511 2625 5575 post
2657 5505 2942 5564 ducentos
3000 5527 3188 5567 annos
3213 5513 3272 5566 in
3314 5531 3553 5571 scenam

1904 5596 2191 5666 producto
2226 5612 2467 5666 prorsus
2490 5612 2843 5667 repugnare.

1976 5721 2230 5776 Joannes
2248 5719 2558 5792 Launoyus
2571 5719 2925 5779 Parisiensis
2956 5723 3556 5795 theologus,veterum
