3974 6296
367 406 482 466 2ἷ1

1468 391 1530 452 S.
1576 385 1974 451 IGNATIUS.
2023 416 2100 428 —
2142 379 2783 442 PROLEGOMENA.

3669 377 3795 440 272

369 541 727 611 scriptorum
762 551 975 590 censor
1006 529 1350 597 acerrimus,
1383 525 1444 580 in
1487 521 1714 597 judicio
1749 519 1818 574 de
1847 517 2017 573 libris
2048 517 2099 583 Α
2132 515 2302 570 diciis
2331 515 2672 586 proderent,
2705 531 2838 586 qum
2868 514 3051 570 ritum
3077 512 3316 571 nullum
3337 512 3616 569 Ecclesiae
3647 519 3797 586 post

363 629 628 701 Dionysii
666 627 1054 698 Areopagitae,
1090 622 1160 676 de
1194 617 1749 689 antiquissimorum
1781 613 2022 707 Patrum

362 721 534 794 genio
571 717 838 790 apposite
874 711 1225 769 observavit.
1251 732 1275 758 «
1313 707 1421 772 Qui
1455 708 1566 760 hoc
1598 709 1864 771 tempore
1888 715 2024 794 scn-

361 789 530 876 bunt,
567 789 629 861 in
661 807 850 859 tribus
883 801 1265 875 potissimum
1316 796 1670 866 scriptorum
1704 789 2021 861 generibus

365 896 741 956 elaborandis
775 890 1196 948 insudant.A]ii
1220 905 1324 960 pro
1350 883 1698 940 Christianis
1719 880 2021 952 apologias

367 993 752 1061 componunt,
793 984 1011 1056 quibus
1071 979 1373 1050 religionis
1421 992 1584 1029 novre
1617 971 2019 1027 sinceritatem

367 1081 855 1150 interpretentur,
885 1073 974 1126 vel
1006 1068 1411 1142 profitentium
1446 1061 1850 1118 innocentiam
1869 1075 2021 1150 pro-

365 1149 622 1235 bent,vel
653 1164 987 1236 principum
1019 1160 1249 1214 animos
1280 1173 1314 1210 a
1368 1151 1774 1211 vexationibus
1832 1149 2018 1203 abdu-

366 1255 644 1312 cant.Alii
678 1251 948 1307 scribunt
981 1247 1284 1319 epistolas,
1319 1243 1533 1313 quibus
1559 1238 1925 1296 Christianos
1956 1238 2019 1291 in

366 1349 607 1415 accepta
634 1342 750 1397 fide
785 1339 1190 1404 corroborent,
1221 1332 1711 1387 velecclesiarum
1743 1327 2021 1399 praeposi-

363 1440 455 1490 tos
475 1432 833 1489 salutaribus
849 1421 1649 1486 documentisinstruant,vel
1671 1417 2018 1473 Christianae

365 1524 652 1580 doctrinm
685 1520 1004 1576 utilitatem
1038 1523 1094 1571 et
1127 1521 1498 1570 terrenarum
1537 1525 1732 1564 rerum
1757 1511 2018 1562 contem-

366 1620 533 1688 ptum
568 1613 838 1677 doceant,
867 1608 957 1662 vel
1013 1607 1087 1662 ad
1139 1602 1446 1659 subeunda
1491 1616 1598 1672 pro
1629 1599 1859 1653 Christo
1909 1602 2020 1688 tor-

366 1686 572 1762 menta
601 1700 909 1765 inducant,
943 1695 1030 1750 vel
1052 1711 1181 1766 quae
1206 1694 1333 1764 jam
1357 1691 1468 1762 ipsi
1501 1688 1856 1760 pertulerint
1888 1686 2015 1740 sine

367 1795 500 1850 fuco
531 1793 853 1862 exponant.
883 1785 998 1840 Alii
1031 1783 1288 1852 denique
1321 1777 1779 1835 commentarios
1810 1775 2014 1844 edunt,

367 1882 584 1954 quibus
611 1877 1008 1933 Christianam
1040 1873 1216 1927 ﬁdem
1237 1866 2015 1942 pr0pugnent,eteicontra-
2051 1890 2097 1956 Β

366 1977 505 2039 rias,
535 1989 665 2043 quae
685 1976 826 2025 tunc
858 1968 1225 2029 oriebantur,
1261 1965 1521 2017 hmreses
1551 1959 1848 2014 refellant.
1886 1959 2019 2012 Haec

373 2069 460 2119 est
486 2061 770 2127 conditio,
803 2059 900 2112 hic
932 2056 1138 2128 genius
1180 2051 1381 2107 saeculi
1415 2052 1474 2104 in
1507 2066 1623 2120 quo
1655 2049 1800 2102 vixit
1843 2047 2018 2101 Dion-

368 2155 490 2209 sius
518 2149 904 2221 AreOpagita:
963 2147 1090 2199 haec
1146 2141 1450 2212 occupatio
1505 2139 1884 2208 scriptorum,
1918 2135 2019 2206 qui

262 2258 265 2263 '
367 2242 490 2296 suis
520 2239 799 2310 operibus
823 2233 1120 2290 nascentis
1141 2230 1418 2285 Ecclesiae
1436 2228 1701 2299 pondera
1722 2231 2022 2280 sustenta-

364 2333 525 2383 runt.
562 2348 589 2374 ››
623 2326 755 2379 llaec
790 2340 822 2378 a
854 2323 1129 2390 Launoyo
1162 2322 1320 2372 recte
1353 2316 1661 2370 observata
1682 2319 1745 2367 ut
1770 2312 2021 2367 Pseudo-

365 2416 716 2486 Dionysium
767 2417 969 2484 aperte
999 2408 1303 2473 refellunt,
1335 2407 1416 2461 ita
1448 2407 1501 2460 S.
1539 2405 1830 2476 Ignatium
1863 2403 2021 2459 haud

366 2523 576 2579 parum
602 2505 834 2576 juvant,
868 2499 1195 2555 ostendunt
1225 2496 1384 2550 enim
1419 2495 1700 2566 epistolas
1731 2494 1838 2548 sub
1863 2493 2020 2548 illius

366 2595 610 2651 nomine
642 2591 893 2664 posteris
951 2588 1195 2643 traditas
1256 2583 1583 2639 secundum
1616 2583 1778 2637 illius
1819 2583 2020 2637 saeculi

369 2684 610 2756 genium
643 2683 823 2736 fuisse
855 2677 1244 2748 conscriptas.
1276 2675 1460 2730 Nemo
1513 2674 1671 2728 enim
1713 2690 1836 2728 non
1869 2673 2024 2728 videt

369 2774 433 2828 in
466 2773 583 2828 illis
604 2770 972 2827 Christianos
994 2768 1055 2820 in
1087 2770 1328 2836 accepta
1350 2764 1465 2818 {ide
1489 2762 1880 2832 corroborari,
1915 2762 2018 2817 ad-

373 2878 577 2916 versus
601 2859 922 2914 schismata
968 2860 1026 2909 et
1046 2855 1302 2908 haereses
1322 2857 1463 2906 tunc
1487 2856 1718 2906 exortas
1750 2851 1971 2905 muniri
2006 2865 2020 2915 ;

372 2949 760 3005 ecclesiarum
782 2945 1130 3018 praepositos
1153 2940 1515 2997 salutaribus
1548 2940 1922 2994 documentis
1941 2940 2023 2993 in-

373 3041 651 3108 strui,aut
665 3038 736 3092 ob
763 3035 1159 3092 constantiam
1184 3033 1245 3086 in
1271 3030 1493 3086 tuenda
1507 3031 1751 3084 veritate
1770 3029 2020 3096 laudari,

370 3136 430 3185 et
452 3135 734 3198 tanquam
751 3126 989 3197 pietatis
1004 3121 1272 3192 exempla
1286 3119 1503 3190 populo
1526 3119 1776 3190 proponi
1795 3137 1806 3184 ;
1825 3135 2021 3172 rerum

366 3218 624 3287 denique
642 3214 1023 3287 praesentium
1049 3215 1451 3279 contemptum
1473 3209 2025 3276 doceri,futurarum

371 3311 753 3380 prospectum
778 3308 837 3357 et
874 3300 1373 3371 exspectationem
1415 3298 1610 3370 urgeri
1650 3303 1707 3351 et
1754 3299 2019 3369 martyrii

370 3413 654 3453 coronam
687 3393 880 3449 modis
904 3391 1182 3446 omnibus
1205 3388 1714 3460 ampliﬁcari.Haec
1738 3389 2019 3458 conditio,

367 3487 464 3540 hic
498 3485 706 3556 genius
739 3481 960 3550 saeculi,
995 3497 1110 3550 quo
1157 3479 1297 3533 vixit
1354 3480 1408 3532 S.
1471 3477 1748 3549 lgnatius,
1811 3479 1872 3533 in
1928 3481 2022 3534 his

371 3574 640 3647 epistolis
689 3571 944 3626 maxime
999 3569 1266 3633 relucet;
1301 3583 1504 3622 earum
1553 3568 1729 3639 igitur
1774 3570 2022 3624 materia

376 3665 437 3718 in
468 3678 682 3734 genere
714 3665 977 3732 spectata
1021 3658 1245 3714 auctori
1280 3673 1312 3712 a
1370 3655 1666 3711 veteribus
1725 3658 2019 3729 assignato

377 3753 643 3825 apprime
684 3749 1021 3822 respondet.

448 3845 519 3900 Ut
544 3848 743 3898 autem
771 3841 844 3895 ad
887 3841 1072 3910 magis
1125 3838 1502 3911 particularia
1551 3838 1928 3904 descendam,
1963 3844 2022 3893 et

377 3933 687 3989 ostendam
722 3949 790 3986 ea
822 3948 952 4002 qum
975 3931 1037 3984 in
1064 3931 1156 3984 his
1179 3929 1446 4000 epistolis
1464 3928 1864 3995 continentur,
1879 3928 2021 3982 talia

351 4041 523 4088 .esse,
559 4021 756 4092 qualia
786 4016 1552 4090 abimpostore,praesertim
1584 4015 2021 4080 Dallaeano,mi-

370 4115 532 4169 nime
567 4112 821 4167 conﬁcta
854 4127 981 4163 esse
1011 4112 1329 4180 appareat:
1366 4123 1486 4160 non
1519 4105 1636 4160 alio
1669 4111 1804 4161 utar
1824 4106 2020 4176 dispu-

371 4203 617 4259 tationis
643 4200 1053 4264 fundamento,
1089 4215 1265 4268 quam
1299 4213 1413 4267 quo
1447 4212 1565 4250 non
1598 4197 1781 4250 semel
1834 4197 2020 4251 utitur

367 4292 680 4347 Dallzeus.«
707 4290 1133 4361 Hujus,inquit,
1169 4286 1583 4358 impostorisin
1603 4285 1696 4338 his
1719 4283 2015 4340 adornan-

369 4380 460 4434 dis
485 4380 825 4450 Ignatioque
849 4377 1171 4432 subdendis
1204 4375 1464 4447 epistolis
1496 4375 1811 4428 consilium
1836 4374 2013 4446 idem,

370 4469 529 4539 quod
560 4469 812 4523 aliorum
842 4467 1262 4538 plcrorumque
1298 4463 1565 4534 ejusdem
1595 4463 1800 4518 farinae
1831 4465 2017 4519 artifi-

369 4575 504 4613 cum
544 4558 724 4612 fuisse
757 4557 1003 4611 videtur.
1040 4577 1066 4605 ››
1102 4560 1185 4609 Ita
1213 4553 1314 4608 ille
1372 4553 1443 4607 de
1502 4568 1606 4606 suo
1639 4569 1766 4623 cap.
1799 4553 1904 4619 38;
1937 4554 2007 4608 de

2138 605 2416 675 martyris
2446 610 2698 659 mortem
2731 609 3003 659 exortum
3033 604 3420 674 respicerent,
3443 619 3573 674 qua
3594 604 3788 660 haere-

2135 694 2245 748 sim
2269 693 2495 748 nullam
2527 710 2730 749 earum
2755 710 2884 764 quae
2903 697 3106 764 postea
3119 693 3486 764 pullularunt
3497 694 3786 764 perstrin-

2132 788 2494 854 gerent,quaa
2527 782 2854 838 doctrinam
2889 782 3113 836 nullam
3144 799 3178 837 a
3208 787 3406 837 mente
3421 783 3780 852 apostolico-

2131 888 2262 926 rum
2295 872 2553 926 virorum
2581 871 2838 926 alienam
2871 871 3174 939 docerent,
3209 887 3340 942 quas
3366 870 3519 926 nihil
3550 888 3618 926 ex
3650 872 3786 927 Pla-

2131 963 2331 1016 tonica
2363 963 2585 1029 schola,
2619 979 2794 1033 quam
2829 961 2929 1017 alii
2959 963 3158 1017 statim
3211 962 3464 1034 amplexi
3496 969 3636 1018 sunt
3683 963 3786 1018 ad-

2129 1050 2439 1120 ducerent,
2473 1067 2602 1120 quai
2650 1050 3088 1121 simplicitatem
3121 1051 3482 1120 primitivam
3513 1051 3575 1105 in
3606 1050 3789 1106 rebus

2131 1141 2411 1196 omnibus
2443 1147 2882 1207 conservarent,
2917 1157 3048 1210 quae
3110 1145 3270 1196 tanto
3292 1141 3413 1195 viro
3447 1145 3505 1195 et
3537 1143 3787 1213 martyri

2128 1230 2349 1301 ubique
2381 1231 3260 1302 responderent,tantorumque
3276 1230 3490 1300 S.Spiri
3501 1236 3593 1285 tus
3605 1230 3786 1287 dono-

2128 1338 2262 1375 rum
2293 1322 2620 1392 specimina
2649 1322 2792 1376 vivis
2821 1321 3119 1376 coloribus
3159 1321 3570 1392 depingerent.
3603 1323 3784 1377 Recte

2128 1411 2382 1466 Dallaeus
2413 1429 2538 1483 cap.
2559 1416 2651 1465 l0:
2687 1434 2714 1461 «
2747 1412 2998 1466 Difﬁcile
3031 1417 3118 1466 est
3147 1413 3324 1466 etiam
3349 1411 3782 1482 peritissimum

2126 1517 2194 1556 ac
2226 1499 2682 1556 callidissimum
2722 1502 3107 1571 impostorem
3135 1501 3218 1556 ita
3247 1500 3359 1555 sibi
3379 1501 3781 1572 undequaque

2127 1597 2426 1659 cavere,ut
2455 1609 2575 1647 non
2606 1593 2657 1646 ei
2683 1591 2906 1662 aliquid
2938 1592 3302 1663 imprudenti
3335 1592 3586 1661 excidat,
3619 1594 3782 1662 quod

2126 1680 2329 1737 dolum
2360 1682 2573 1752 prodat
2601 1703 2630 1732 ››
2659 1682 2786 1736 Jam
2817 1699 2954 1736 vero
3008 1681 3167 1736 clare
3201 1687 3258 1735 et
3311 1687 3514 1752 aperte
3547 1698 3774 1749 assero,

2126 1771 2278 1825 nihil
2327 1772 2389 1825 in
2422 1771 2512 1825 his
2559 1771 2823 1842 epistolis
2882 1772 3134 1827 Eusebio
3165 1772 3415 1844 cognitis
3466 1789 3774 1844 apparere,

2128 1861 2287 1930 quod
2317 1877 2446 1916 eam
2480 1866 2716 1916 atatem
2747 1877 2925 1931 quam
2972 1861 3226 1916 Dallaeus
3258 1862 3476 1926 innuit,
3503 1862 3594 1917 vel
3642 1878 3774 1917 eam

2129 1953 2306 2007 etiam
2337 1970 2515 2022 quam
2542 1952 2903 2022 Blondellus,
2939 1959 3040 2007 aut
3069 1969 3246 2024 quam
3279 1953 3598 2008 Salmasius
3619 1954 3778 2009 indi-

2127 2048 2238 2108 cat,
2264 2043 2477 2112 sapiat,
2511 2048 2613 2097 aut
2661 2059 2898 2112 quoquo
2957 2043 3132 2097 modo
3162 2042 3446 2098 redoleat.
3474 2043 3628 2098 Nihil
3679 2044 3780 2099 hic

2127 2133 2198 2187 de
2231 2133 2557 2187 haeresibus
2589 2139 2730 2188 tunc
2758 2133 3045 2205 temporis
3075 2134 3354 2201 subortis,
3383 2134 3534 2189 nihil
3554 2134 3626 2188 de
3647 2151 3779 2190 mo-

2127 2222 2293 2276 ribus
2325 2227 2424 2276 aut
2456 2222 2742 2277 institutis
2766 2222 3236 2277 Christianorum
3267 2229 3390 2277 tum
3432 2223 3602 2278 valde
3632 2240 3776 2278 mu-

2126 2311 2286 2379 tatis,
2319 2311 2471 2365 nihil
2503 2312 2574 2366 de
2613 2312 2776 2366 novis
2817 2311 3028 2367 ritibus
3075 2317 3210 2382 post
3265 2312 3472 2384 lgnatii
3519 2317 3774 2367 mortem

2126 2400 2386 2472 primum
2418 2400 2910 2472 usurpatis,nihil
2941 2401 3012 2456 de
3042 2417 3153 2455 usu
3183 2401 3458 2456 Ecclesiae
3490 2401 3592 2471 qui
3649 2407 3788 2474 post

2127 2489 2339 2560 Ignatii
2371 2496 2624 2544 mortem
2657 2489 2977 2560 primulum
3011 2488 3788 2561 obtinebat,quibussepro—

2130 2577 2280 2632 didit
2311 2578 2482 2633 ﬁctus
2507 2577 2822 2648 Dionysius
2853 2595 2865 2632 :
2907 2579 3110 2632 omnia
3139 2579 3334 2648 potius
3367 2579 3438 2632 ab
3478 2580 3572 2633 his
3601 2579 3784 2651 plane

2131 2666 2383 2731 diversa,
2412 2666 2700 2738 proximis
2732 2666 2889 2720 aetati
2908 2665 3246 2736 apostolicae
3266 2667 3633 2738 temporibus
3653 2685 3784 2723 ma-

2129 2756 2285 2810 xime
2321 2756 2667 2823 conformia,
2692 2760 2750 2809 et
2770 2755 2842 2810 ab
2866 2756 3208 2827 impostoris
3239 2757 3456 2812 saeculo
3487 2757 3648 2812 haud
3676 2774 3790 2828 pa-

2131 2860 2258 2898 rum
2285 2843 2669 2899 abhorrentia
2700 2850 3226 2915 repraesentantur.

2204 2951 2284 3004 De
2315 2950 2607 3022 episcopis
2636 2950 2878 3021 quidem
2906 2951 3059 3005 Asiaa
3092 2951 3283 3006 multa
3329 2951 3594 3023 loquitur
3615 2955 3779 3025 Igna-

2132 3039 2426 3109 tius,quos
2460 3041 2542 3094 ibi
2569 3045 2711 3095 tunc
2740 3039 2925 3095 fuisse
2955 3046 3222 3096 constat:
3253 3057 3393 3097 nam
3419 3042 3474 3097 S.
3497 3045 3787 3113 Joannes,

2133 3148 2159 3176 «
2185 3127 2541 3182 novissimus
2564 3127 2830 3182 omnium
2854 3128 3088 3199 scripsit
3104 3130 3502 3201 Evangelium,
3533 3136 3784 3202 rogatus

2054 3259 2096 3325 α
2129 3215 2201 3270 ab
2233 3216 2386 3271 Asiae
2419 3216 2732 3288 episc0pis,
2766 3238 2793 3265 ››
2823 3222 2887 3271 ut
2935 3233 3005 3271 ex
3026 3218 3206 3272 veteri
3238 3219 3556 3274 traditione
3590 3221 3788 3292 loqui—

2133 3312 2228 3362 tur
2250 3308 2663 3378 Hieronymus.
2688 3308 2767 3362 De
2803 3323 3005 3362 eorum
3037 3325 3158 3364 uno
3185 3309 3343 3364 idem
3375 3311 3435 3364 in
3466 3311 3741 3383 Catalogo
3769 3328 3784 3368 :

2133 3416 2161 3444 «
2195 3395 2556 3466 Polycarpus
2585 3396 2826 3450 Joannis
2851 3397 3103 3466 apostoli
3141 3397 3488 3469 discipulus,
3521 3405 3580 3454 et
3608 3401 3682 3454 ab
3715 3419 3788 3456 eo

2133 3485 2399 3555 Smyrnae
2429 3484 2741 3556 episcopus
2774 3483 3300 3551 ordinatus,totius
3332 3488 3482 3542 Asiae
3507 3489 3789 3561 princeps

2131 3572 2262 3639 fuit,
2299 3593 2326 3620 »
2361 3572 2518 3642 quod
2542 3571 2644 3626 diu
2673 3577 2811 3626 ante
2843 3589 2976 3627 eum
3011 3575 3208 3629 testati
3241 3581 3378 3629 sunt
3409 3577 3649 3631 secundi
3685 3595 3792 3633 sae-

2132 3659 2251 3714 culi
2285 3659 2603 3730 scriptores
2629 3660 2744 3715 duo
2758 3660 3222 3732 praeclarissimi,
3246 3664 3504 3719 Irenaeus
3533 3670 3592 3719 et
3621 3667 3790 3738 Poly-

2133 3753 2344 3803 crates.
2379 3750 2458 3803 De
2491 3748 2607 3803 alio
2640 3749 2895 3821 legimus
2953 3751 3013 3804 in
3037 3750 3539 3808 Chalcedonensis
3571 3755 3787 3826 synodi

2134 3837 2364 3892 actione
2395 3837 2752 3892 undecima:
2786 3838 2921 3892 Ἀπὸ
2962 3842 3060 3892 τοῦ
3109 3839 3268 3912 ἁγίου
3297 3841 3572 3911 Τιμοθέου
3611 3843 3783 3916 μέχρι

2130 3928 2222 3978 νῦν
2254 3923 2563 3978 εἰκοσιεπτὰ
2594 3925 2879 3978 ἐπίσκοποι
2923 3925 3185 4000 ἐγένοντο·
3243 3927 3437 3989 πάντες
3487 3927 3538 3981 ἐν
3562 3929 3786 4007 Ἐφέσῳ

2129 4012 2449 4092 ἐχειροτονή
2464 4026 2650 4084 θησαν.
2686 4039 2714 4067 ‹‹
2748 4019 2794 4071 Α
2827 4024 3029 4073 sancto
3062 4019 3366 4075 Timotheo
3398 4036 3587 4091 usque
3617 4038 3787 4078 nunc

2131 4104 2334 4176 viginti
2366 4110 2593 4176 septem
2628 4106 2888 4178 episcopi
2923 4108 3060 4162 facti
3112 4128 3126 4175 ;
3163 4125 3370 4164 omnes
3427 4110 3488 4164 in
3545 4111 3781 4181 Epheso

2131 4200 2270 4249 sunt
2297 4195 2574 4250 ordinati.
2610 4217 2638 4245 »
2673 4200 2735 4249 In
2770 4213 2885 4266 quo
2915 4213 3164 4252 numero
3197 4199 3380 4253 fuisse
3409 4200 3779 4270 Onesimum,

2130 4283 2299 4354 cujus
2332 4284 2604 4338 meminit
2635 4284 2914 4355 lgnatius,
2973 4303 3093 4341 non
3151 4293 3240 4342 est
3297 4305 3402 4343 cur
3450 4288 3778 4346 dubitetur.

2129 4372 2386 4444 Ignatius
2408 4373 2533 4443 ipse
2565 4389 2627 4428 se
2659 4374 3003 4446 episcopum
3037 4376 3217 4446 Syriae
3247 4377 3506 4448 appellat
3533 4396 3547 4445 ;
3583 4379 3688 4434 sed
3723 4385 3785 4434 et

2129 4461 2201 4516 ab
2237 4461 2594 4531 Hieronymo
2628 4483 2655 4511 ‹‹
2691 4463 3073 4518 Antiochenaz
3102 4465 3376 4520 Ecclesiae
3411 4467 3617 4522 tertius
3649 4474 3788 4538 post

2128 4551 2370 4605 Petrum
2403 4550 2737 4620 apostolum
2763 4553 3071 4624 episcopus
3109 4575 3136 4604 »
3170 4555 3597 4625 agnoscitur,ut
3618 4561 3679 4610 et
3709 4558 3784 4612 ab

367 4649 498 4704 aliis
531 4666 655 4719 cap.
684 4651 744 4701 4:
782 4670 807 4696 ‹‹
844 4648 1118 4717 Plerique
1151 4663 1218 4700 eo
1250 4643 1623 4715 potissimum
1647 4643 1898 4698 consilio
1915 4661 2021 4700 sua
2051 4625 2096 4689 D
2128 4639 2281 4693 aliis.
2317 4639 2396 4692 De
2428 4638 2721 4710 episcopis
2753 4641 2854 4695 diu
2875 4647 3012 4695 ante
3034 4643 3241 4712 Ignatii
3277 4644 3623 4714 martyrium
3655 4662 3690 4701 a
3721 4646 3777 4701 S.

367 4739 648 4810 figmenta
666 4737 774 4792 sub
805 4736 1059 4791 aliorum
1086 4735 1328 4788 nomine
1355 4732 1557 4798 edunt,
1586 4738 1650 4786 ut
1671 4749 1763 4786 res
1780 4733 1869 4787 sui
1900 4751 2008 4788 sm-

366 4828 482 4881 culi
513 4844 692 4882 novas
718 4826 865 4880 falso
890 4823 1261 4894 antiquitatis
1293 4822 1533 4876 nomine
1558 4822 1922 4878 constituant
1945 4842 2011 4880 ac

365 4917 740 4972 conﬁrment.
774 4937 800 4965 »
836 4917 960 4969 Imo
989 4914 1098 4966 hoc
1149 4912 1252 4966 toti
1285 4912 1498 4965 horum
1546 4912 2010 4969 homuncionum

363 5007 564 5075 generi
582 5005 728 5059 adeo
745 5009 1080 5073 competere
1106 5000 1424 5054 arbitratus
1449 5005 1555 5068 est,
1587 5002 2010 5057 utnonveritus

365 5097 442 5151 sit
471 5096 706 5149 dicere:
741 5116 767 5140 ‹‹
803 5093 978 5146 Miros
1021 5089 1194 5144 nobis
1241 5105 1446 5143 narras
1499 5089 1874 5161 impostores,
1908 5091 2008 5161 qui

362 5185 755 5255 imposturam
781 5180 1021 5252 quidem
1048 5178 1579 5246 faciunt,cazterum
1594 5179 1666 5235 ob
1687 5197 1862 5250 quem
1879 5197 2006 5235 eam

359 5273 871 5338 faciunt,fructum
896 5268 1129 5323 nullum
1150 5284 1220 5322 ex
1250 5284 1317 5322 ea
1347 5270 1650 5340 percipere
1675 5274 1949 5340 satagunt
1979 5290 2005 5318 »

359 5364 456 5430 (De
477 5356 1023 5431 pseudo-apostolicis
1056 5356 1095 5410 l.
1122 5373 1178 5422 ιι,
1206 5373 1254 5410 c.
1291 5357 1400 5429 lii.)
1428 5359 1494 5411 Et
1523 5374 1728 5412 revera
1749 5357 2004 5411 incredi-

360 5449 474 5502 bile
506 5449 679 5519 plane
711 5451 888 5514 est,ut
919 5445 1224 5515 impostor,
1260 5445 1359 5514 qui
1388 5445 1494 5499 sub
1519 5447 1693 5500 linem
1729 5444 1884 5497 tertii
1908 5451 2008 5501 aut

358 5538 594 5591 initium
631 5535 823 5605 quarti
858 5533 1058 5588 saeculi
1108 5533 1334 5601 vixerit,
1371 5534 1646 5604 epistolas
1700 5532 2004 5603 scriberet,

359 5630 417 5680 et
451 5625 504 5678 S.
542 5625 766 5696 Ignatio
799 5621 1096 5690 subderet,
1122 5639 1252 5693 quae
1281 5639 1465 5676 aevum
1500 5622 1644 5677 illud
1667 5621 2005 5693 impostoris

356 5712 524 5770 nullo
555 5714 732 5770 modo
762 5711 1118 5781 redolerent,
1153 5727 1280 5781 quas
1304 5712 1693 5781 imposturam
1711 5710 1894 5767 nullis
1915 5712 2002 5768 in-

2120 4731 2345 4784 Joanne
2374 4728 2661 4783 institutis
2698 4747 2768 4784 ex
2797 4732 2975 4786 veteri
3009 4733 3326 4788 traditione
3351 4734 3618 4805 loquitur
3645 4735 3778 4791 Cle-

2121 4833 2291 4874 mens
2326 4817 2762 4874 Alexandrinus
2815 4821 2971 4891 apud
3021 4822 3343 4878 Eusebium
3375 4823 3414 4878 Ι.
3448 4839 3532 4890 ιιι,
3566 4841 3617 4880 ο.
3650 4825 3724 4878 23
3761 4841 3776 4882 :

2120 4902 2344 4972 Ἐπειδὴ
2404 4906 2509 4980 γὰρ
2561 4911 2658 4960 τοῦ
2713 4909 2978 4981 τυράννου
3039 4908 3468 4980 τελευτήσαντος
3499 4910 3608 4964 ἀπὸ
3669 4919 3774 4981 τῆς

2121 4993 2348 5066 Πάτμου
2379 5001 2479 5063 τῆς
2521 4997 2694 5064 νήσου
2727 4995 2994 5067 μετῆλθεν
3044 4997 3133 5052 ἐπὶ
3184 5000 3285 5068 τήν
3313 5001 3571 5077 Ἔφεσον,
3604 5001 3774 5074 ἂπῄει.

2117 5086 2599 5161 παρακαλούμενος
2629 5087 2718 5142 καὶ
2749 5089 2837 5142 ἐπὶ
2897 5090 2964 5144 τὰ
3019 5089 3386 5166 κλησιόχωρα
3433 5096 3541 5146 τῶν
3575 5092 3768 5164 ἐθνῶν,

2118 5176 2255 5231 ὅπου
2298 5177 2392 5248 μὲν
2420 5174 2750 5239 ἐπισκόπους
2787 5180 3158 5248 καταστήσων,
3192 5181 3331 5235 ὃπου
3364 5178 3421 5236 δὲ
3477 5179 3612 5244 ὅλας
3653 5184 3776 5238 Έκ-

2117 5265 2347 5336 κλησίας
2380 5267 2658 5340 ἁρμόσων,
2679 5267 2818 5321 ὅπου
2846 5265 3213 5342 summis“
3233 5270 3427 5344 γέτινα
3453 5269 3768 5344 κληρώσων

2115 5363 2223 5412 τῶν
2284 5357 2386 5411 ὑπὸ
2444 5361 2540 5411 τοῦ
2598 5359 2906 5430 Πνεῦματος
2970 5360 3407 5433 σημαινομένων.
3467 5365 3555 5418 Ita
3606 5372 3769 5421 recte

2117 5451 2274 5505 hunc
2299 5450 2494 5505 locum
2527 5466 2594 5504 ex
2626 5451 2814 5505 tribus
2845 5467 2986 5506 mss.
3021 5452 3323 5508 codicibus
3356 5454 3615 5509 restituit
3637 5455 3774 5511 doc-

2119 5538 2383 5591 tissimus
2417 5537 2721 5593 Valesius:
2757 5560 2784 5588 «
2809 5543 2950 5593 Cum
2976 5540 3134 5593 enim
3186 5556 3256 5594 ex
3288 5541 3487 5596 insula
3516 5543 3772 5599 Pathmo

2115 5626 2412 5698 Ephesum
2445 5626 2737 5696 rediisset,
2769 5629 3080 5694 Joannem,
3112 5628 3186 5684 ad
3210 5629 3497 5686 ﬁnitimas
3530 5648 3772 5705 quoque

2113 5715 2447 5786 provincias
2467 5719 2706 5786 rogatus
2739 5731 2801 5774 se
2831 5715 3103 5786 contulit,
3126 5718 3344 5790 partim
3366 5724 3433 5776 ut
3461 5720 3778 5795 episcopos
