3974 6296
355 411 475 473 275

1423 403 1487 463 S.
1535 397 1938 464 IGNATIUS.
1988 433 2062 445 —
2107 392 2720 462 PROLEGOMENA.

3653 400 3780 463 2⁸16

359 545 647 618 quidquid
679 545 739 599 in
770 544 862 598 his
894 541 1159 614 epistolis
1190 539 1261 595 de
1292 537 1632 611 particulari
1656 537 1856 608 aliqua
1885 537 2005 592 hae-
2036 541 2089 607 Α
2122 537 2308 592 virum
2325 537 2712 608 apostolicum
2729 537 3060 592 doctrinam
3074 536 3681 609 evangelicam,quam
3703 537 3780 593 ab

358 635 546 690 retica
577 633 847 689 doctrina
877 632 1162 702 scriptum
1196 635 1303 697 est,
1337 628 1410 684 ad
1462 644 1666 683 earum
1705 643 1884 682 unam
1919 643 2012 680 re-

361 721 500 776 ferri
537 727 594 776 et
632 727 825 792 potest
855 726 913 775 et
951 719 1146 774 debet.
1181 720 1315 772 Haec
1345 718 1525 787 igitur
1547 717 1750 771 omnia
1773 721 1829 769 et
1850 713 2012 780 ﬁdei,

365 815 423 864 et
453 809 757 877 doctrinae,
793 815 848 863 et
881 808 1130 879 tempori
1164 808 1218 862 S.
1271 805 1478 878 Ignatii
1523 805 1746 876 optime
1799 819 2013 857 conve—

362 899 556 953 niunt.
595 901 732 953 Erat
761 905 917 953 certe
950 898 1207 968 Ignatius
1236 897 1390 950 inter
1419 912 1519 950 eos
1567 894 1664 963 qui
1714 892 2009 948 Christum

357 982 701 1060 ἒϐεολόγουν,
734 993 799 1041 ut
828 986 1104 1042 catholici
1137 985 1297 1040 illius
1329 983 1518 1038 astatis
1545 981 2012 1037 faciebant.Nam

361 1077 460 1146 qui
527 1076 879 1148 religionem
933 1081 1197 1129 nostram
1260 1073 1670 1137 deseruerant,
1719 1070 2012 1124 referente

356 1164 605 1236 Plinio,«
634 1165 1182 1235 afﬁrmabantlianc
1202 1163 1382 1218 fuisse
1406 1177 1700 1216 summam
1722 1158 2012 1229 velculpae

358 1269 498 1322 suas,
526 1255 617 1310 vel
649 1255 889 1322 erroris,
925 1253 1083 1325 quod
1117 1258 1319 1306 essent
1352 1251 1510 1306 soliti
1545 1255 1695 1304 stato
1729 1248 1823 1302 die
1874 1253 2010 1302 ante

354 1343 551 1399 lucem
584 1346 922 1412 convenire,
957 1358 1314 1411 carmenque
1347 1340 1599 1395 Christo.
1642 1338 1811 1409 quasi
1867 1338 2006 1400 Deo,

359 1433 555 1489 dicere
584 1450 785 1489 secum
815 1433 1091 1487 invicem.
1127 1454 1154 1480 »
1188 1432 1260 1486 Ut
1289 1436 1446 1485 recte
1488 1429 1821 1484 observavit
1848 1433 2012 1482 vetus

358 1522 461 1578 ille
498 1529 702 1578 auctor
723 1522 877 1594 apud
909 1521 1226 1575 Eusebium
1260 1520 1298 1574 l.
1331 1537 1382 1584 v,
1417 1535 1466 1572 c.
1511 1520 1614 1571 28:
1670 1513 1898 1586 Ψαλμοὶ
1955 1511 2011 1567 δὴ

357 1608 476 1664 ὅσοι
509 1610 601 1664 καὶ
632 1607 770 1681 ᾠδαὶ
828 1606 1080 1685 ἀδελφῶν
1141 1607 1393 1680 ἀπαρχῆς
1453 1605 1555 1658 ὑπὸ
1614 1607 1816 1657 πιστῶν
1873 1622 2008 1676 γρα-

360 1704 541 1778 φεῖσαι
596 1700 688 1754 τὸν
748 1697 921 1774 Λόγον
972 1702 1069 1752 τοῦ
1129 1700 1262 1751 Θεοῦ
1318 1693 1410 1749 τὸν
1467 1693 1698 1768 Χριστὸν
1784 1693 2009 1763 ὑμνοῦσι

358 1794 769 1868 θεολογοῦντες.
806 1818 832 1844 ‹‹
867 1794 1085 1850 Psalmi
1145 1799 1202 1848 et
1250 1793 1480 1848 cantica
1528 1792 1798 1855 fratrum,
1850 1807 2007 1859 quae-

359 1902 593 1957 cunque
626 1885 697 1940 ab
730 1885 900 1938 initio
932 1901 966 1939 a
995 1882 1269 1937 ﬁdelibus
1300 1881 1637 1951 conscripta
1657 1884 1814 1948 sunt,
1840 1879 2009 1933 Chri-

361 1981 520 2032 stum
551 1974 808 2030 Verbum
843 1974 944 2029 Dei
977 1969 1792 2039 concelebrant,divinitatem
1827 1969 1880 2022 ei
1914 1968 2012 2022 tri-

355 2065 614 2122 buendo.
638 2089 659 2118 ι
689 2067 774 2120 Ita
791 2063 1032 2136 quidem
1055 2063 1315 2135 Ignatius
1338 2061 1690 2132 simpliciter
1710 2059 2006 2114 Christum

356 2157 542 2213 Deum
575 2154 852 2227 appellat,
885 2160 951 2209 ut
972 2154 1153 2225 Epist.
1188 2152 1261 2207 ad
1293 2152 1646 2222 Smyrnaeos:
1669 2147 1883 2220 Δοξάζω
1908 2149 2008 2216 Ἰη-

357 2247 480 2297 σοῦν
515 2243 751 2318 Χριστὸν
784 2242 874 2296 τὸν
902 2241 1079 2315 ζΘεόν,
1140 2247 1197 2296 et
1237 2259 1248 2296 :
1300 2235 1715 2309 Ὑποδεξάμενοι
1761 2237 1836 2298 ὡς
1891 2233 2005 2290 δια-

357 2331 552 2391 κόνους
582 2333 814 2404 Χριστοῦ
847 2334 1000 2398 Θεοῦ,
1034 2331 1107 2386 ad
1138 2331 1526 2402 Polycarpum
1553 2345 1565 2382 :
1603 2329 1686 2382 Ἐν
1708 2330 1823 2397 Θεῷ
1845 2328 2005 2396 ἡμῶν

360 2420 548 2488 Ἰησοῦ
571 2420 893 2493 Χριστῷ,δ,(1
915 2420 1231 2491 Ephesios:
1265 2418 1324 2473 '0
1345 2417 1444 2490 γὰρ
1469 2417 1598 2477 Θεὸς
1621 2417 1782 2486 ἡμῶν
1799 2415 2006 2483 Ἰησοῦς

363 2509 391 2564 ὁ
423 2511 659 2584 Χριστὸς
691 2510 1039 2588 ὲκυοφορήθη
1103 2509 1204 2563 ὑπὸ
1256 2507 1490 2584 Μαρίας,
1539 2507 1614 2563 ad
1670 2509 2003 2562 Romanos:

359 2599 510 2656 Κατὰ
567 2599 749 2655 πίστιν
807 2599 898 2653 καὶ
955 2601 1171 2674 ἀγάπην
1230 2602 1326 2652 τοῦ
1400 2599 1636 2673 Χριστοῦ
1692 2593 1786 2650 τοῦ
1874 2599 2005 2650 Θεοῦ

357 2691 542 2762 ἡμῶν.
573 2692 714 2747 Post
743 2696 940 2746 autem
972 2695 1271 2761 receptam
1303 2690 1362 2744 in
1385 2689 1649 2744 Ecclesia
1674 2686 2004 2742 doctrinam

358 2780 751 2847 Platonicam,
785 2787 908 2836 tum
938 2780 1183 2836 secundi
1215 2785 1339 2834 tum
1360 2778 1515 2834 tertii
1539 2778 1740 2833 saeculi
1766 2777 2008 2847 scripto-

357 2886 456 2925 res
484 2887 604 2926 non
636 2871 794 2925 soliti
823 2876 960 2926 sunt
989 2870 1135 2925 adeo
1168 2869 1518 2940 simpliciter
1567 2868 1862 2922 Christum
1911 2865 2003 2918 τὸν

355 2957 489 3013 Οεὸν
518 2959 740 3030 ubique
771 2959 1116 3031 praedicare,
1149 2964 1213 3012 ut
1243 2959 1368 3012 haec
1417 2957 1592 3029 plane
1641 2956 2004 3027 Ignatianam

353 3053 588 3103 aetatem
613 3049 866 3120 sapiant.
901 3047 1228 3118 Objiciebat
1260 3046 1577 3117 aliquando
1609 3046 1852 3100 Photius
1874 3044 2005 3099 Cle-

353 3138 538 3192 menti
587 3140 899 3193 Romano:
947 3136 1069 3192 Ὃτι
1119 3135 1377 3210 ἀρχιερέα
1431 3133 1521 3187 καὶ
1561 3133 1868 3207 προστᾶτην
1913 3131 2004 3185 τὸν

354 3224 555 3298 Κύριον
587 3227 748 3296 ἡμῶν
783 3226 995 3294 Ἰησοῦ)
1054 3225 1290 3298 Χριστὸν
1339 3220 1703 3293 ἐξονομάζων,
1738 3218 1862 3275 οῦδὶ
1909 3220 2004 3281 τὰς

360 3321 677 3387 θεοπρεπεῖς
707 3315 794 3368 καὶ
828 3313 1171 3387 ὑψηλοτέρας
1203 3312 1377 3389 ἀφῆκε
1406 3313 1525 3386 περὶ
1561 3312 1728 3366 αὐτοῦ
1776 3314 1952 3388 φωνάς
1988 3330 2000 3380 ;

365 3427 394 3456 ‹‹
425 3406 590 3470 Quod
621 3422 920 3461 summum
951 3406 1319 3461 sacerdotem
1350 3405 1781 3476 praesidemque
1812 3405 2008 3460 Domi-

367 3511 513 3550 num
545 3501 815 3550 nostrum
845 3497 1045 3550 Jesum
1071 3497 1371 3551 Christum
1402 3495 1726 3567 appellans,
1758 3511 1830 3549 ne
1874 3495 2010 3550 illas

366 3583 608 3653 quidem
639 3585 758 3638 Deo
814 3585 1231 3639 convenientes
1280 3591 1336 3639 et
1390 3585 1768 3639 sublimiores
1816 3583 1886 3638 de
1942 3601 2009 3638 eo

364 3688 537 3726 voces
557 3674 1046 3745 pronuntiaverit.
1081 3697 1101 3723 ι
1137 3676 1206 3728 Et
1237 3673 1509 3729 secundae
1570 3674 1698 3746 ejus
1747 3672 2008 3745 epistolas

365 3761 566 3817 minus
597 3769 847 3834 receptaa
880 3764 990 3818 hoc
1021 3763 1450 3819 adminiculum
1483 3763 1745 3826 adhibet,
1779 3761 1938 3833 quod
1959 3759 2008 3814 ἐν

365 3848 514 3925 ἀρχῇ
547 3850 773 3924 Χριστὸν
805 3852 896 3904 τὸν
957 3851 1084 3906 Θεὸν
1137 3850 1405 3924 κηρύσσῃ,
1469 3875 1496 3902 ‹‹
1528 3853 1590 3906 in
1649 3853 1777 3923 ipso
1837 3851 2007 3904 initio

361 3937 660 3996 Christum
693 3942 876 3998 Deum
907 3942 1209 4014 praedicet.
1237 3962 1264 3994 ιο
1300 3942 1498 3996 Prima
1519 3942 1678 3996 enim
1700 3941 1858 3996 illius
1880 3940 2010 4012 Epi-

363 4029 528 4084 stolae
557 4031 733 4086 verba
765 4038 903 4087 sunt
932 4048 944 4086 :
980 4027 1261 4107 Ἀδελφοὶ,
1297 4029 1469 4092 οὕτως
1503 4026 1584 4083 δεῖ
1611 4031 1758 4101 ἡμᾶς
1789 4032 2004 4102 φρονεῖν

361 4118 486 4191 περί
521 4120 700 4188 Ἰησοῦ
727 4123 986 4194 Χριστοῦ,
1047 4121 1121 4182 ὡς
1178 4121 1302 4194 περὶ
1360 4124 1514 4192 Θεοῦ,
1569 4123 1874 4187 «Fratres,
1925 4122 2007 4175 ita

363 4215 595 4280 oportet
626 4226 734 4265 nos
767 4211 838 4266 de
869 4212 1097 4265 Christo
1123 4212 1364 4279 sentire,
1397 4216 1464 4266 ut
1487 4210 1556 4266 de
1580 4211 1768 4266 Deo.»
1792 4211 2006 4264 Primis

359 4298 562 4369 itaque
600 4300 875 4355 Ecclesiaa
927 4301 1291 4371 temporibus
1338 4301 1490 4356 hanc
1542 4300 2003 4370 appellationem

360 4389 618 4443 maxime
651 4389 1100 4444 convenientem
1120 4389 1344 4461 putavit
1364 4389 1620 4459 optimus
1635 4404 1846 4442 censor
1859 4387 2003 4442 Pho-

358 4476 517 4543 tius;
551 4494 621 4533 ea
672 4485 869 4533 autem
929 4481 1102 4534 toties
1160 4480 1232 4533 ab
1286 4479 1507 4549 lgnatio
1569 4477 1836 4548 repetita,
1893 4494 2003 4532 nec

358 4580 493 4620 cum
526 4567 667 4622 ullis
696 4569 1093 4638 posteriorum
1122 4567 1576 4624 limitationibus
1617 4566 1866 4637 prolata,
1900 4568 2001 4622 sed

2130 626 2416 697 apostolis
2445 643 2682 697 quoquo
2695 627 2869 681 modo
2894 627 3506 698 acceperat,epistolis
3530 627 3652 681 suis
3682 645 3782 684 re-

2126 719 2606 785 praesentasse,et
2617 715 2906 770 Ecclesias
2925 721 2988 769 ut
3002 715 3088 769 illi
3103 715 3778 786 adhaererent,impense

2126 819 2395 875 rogasse:
2416 805 2676 876 seipsum
2696 805 2853 859 enim
2873 806 3016 859 satis
3028 804 3286 877 explicat
3300 804 3607 868 Eusebius,
3632 805 3779 860 dum

2128 894 2442 964 proﬁtetur
2469 911 2528 948 se
2560 910 2659 948 eos
2691 893 3101 949 tantummodo
3146 899 3780 963 commemoraturum,

2128 983 2190 1036 in
2223 999 2475 1052 quorum
2509 984 2915 1039 monumentis
2973 981 3375 1051 Ἀποστολικῆς
3425 979 3781 1044 διδασκαλίας

2126 1067 2424 1144 παράδοσις
2456 1071 2695 1143 φέρεται,
2751 1095 2779 1121 ‹‹
2822 1079 2907 1139 ut,
2963 1072 3121 1127 verbi
3188 1073 3395 1144 gratia,
3455 1075 3663 1146 lgnatii
3727 1079 3787 1129 et

2125 1161 2483 1227 Clementis;
2518 1186 2539 1212 ι
2581 1178 2825 1233 prorsus
2857 1161 2941 1215 uti
2976 1161 3240 1232 loquitur
3274 1162 3532 1217 lrenzeus
3553 1162 3625 1218 de
3650 1163 3783 1218 Cle-

2127 1250 2344 1304 mentis
2376 1249 2648 1321 epistola.
2682 1267 2857 1320 quam
2892 1251 3055 1305 misit
3083 1251 3342 1306 Ecclesia
3393 1253 3660 1307 Romana
3704 1253 3776 1307 ad

2125 1339 2482 1407 Corinthios,
2542 1335 2835 1391 ἂνανεοῦσα
2889 1337 2990 1406 τήν
3047 1337 3226 1392 πίστιν
3286 1337 3486 1404 αὐτῶν,
3557 1339 3649 1394 καὶ
3706 1339 3774 1408 ἤν

2123 1425 2317 1481 νεωστὶ
2348 1424 2453 1480 ἀπὸ
2483 1430 2590 1482 τῶν
2621 1425 2941 1481 ἀποστόλων
2993 1423 3290 1501 παράδοσιν
3339 1426 3578 1506 εἰλήφει,
3616 1451 3644 1480 α
3674 1447 3772 1486 re-

2124 1533 2340 1587 parans
2371 1515 2548 1570 ﬁdem
2572 1533 2800 1584 eorum,
2828 1523 2886 1572 et
2907 1533 3083 1587 quam
3105 1519 3166 1572 in
3188 1519 3411 1572 recenti
3435 1517 3508 1572 ab
3532 1523 3777 1589 aposto—

2120 1606 2193 1660 lis
2217 1612 2564 1678 receperant
2593 1607 2991 1663 traditionem.
3030 1632 3058 1657 »
3111 1610 3182 1664 Ut
3227 1609 3406 1680 igitur
3451 1609 3778 1664 Clementis

2123 1696 2374 1766 epistola
2405 1697 2876 1768 promptuarium
2911 1713 3032 1752 non
3076 1703 3166 1752 est
3212 1697 3600 1753 traditionum
3656 1715 3780 1753 non

2123 1785 2500 1857 scriptarum,
2539 1787 2619 1842 ita
2651 1803 2760 1842 nec
2789 1787 3017 1856 lgnatii.
3053 1786 3252 1842 Nullas
3286 1788 3386 1842 ille
3426 1787 3779 1843 traditiones

2123 1890 2242 1928 non
2275 1875 2546 1946 scriptas,
2581 1891 2728 1945 quas
2761 1875 2877 1929 sive
2909 1892 3062 1940 vere,
3098 1875 3215 1930 sive
3247 1875 3396 1931 falso
3418 1876 3777 1947 apostolicas

2125 1970 2360 2030 uocant,
2395 1963 2567 2019 nobis
2598 1965 2658 2018 in
2691 1965 2966 2038 genuinis
3009 1965 3270 2036 epistolis
3315 1965 3772 2022 commendavit.

2123 2053 2278 2106 Nihil
2310 2053 2381 2108 de
2416 2053 2597 2119 festis,
2632 2053 2784 2108 nihil
2816 2053 2888 2108 de
2919 2055 3086 2108 statis
3139 2054 3508 2125 jejuniorum
3555 2060 3780 2125 tempo-

2121 2142 2307 2210 ribus,
2343 2142 2493 2196 nihil
2525 2142 2596 2196 de
2624 2158 2786 2196 more
2820 2143 3124 2197 Paschatis
3150 2142 3512 2200 celebrandi.
3532 2143 3682 2196 nihil
3704 2142 3777 2197 de

2121 2232 2501 2286 Pentecostes
2524 2236 2626 2286 aut
2649 2231 2884 2286 Sabbati
2911 2232 3500 2288 observationenihil
3518 2231 3780 2303 denique

2121 2319 2194 2374 de
2227 2337 2582 2391 quocunque
2612 2321 2756 2387 ritu,
2790 2322 2961 2391 cujus
2991 2321 3314 2391 antiquitas
3355 2322 3415 2375 in
3447 2327 3784 2377 controver-

2121 2409 2271 2463 siam
2304 2410 2502 2464 venire
2533 2415 2750 2481 potest,
2780 2411 2980 2465 tradit.
3015 2411 3177 2466 Talia
3206 2411 3445 2481 quidem
3465 2413 3778 2483 quamplu-

2119 2499 2272 2554 rima
2303 2504 2428 2554 tum
2460 2501 2521 2554 in
2553 2499 3139 2571 interpolationibus,
3174 2506 3300 2555 tum
3327 2502 3388 2555 in
3441 2502 3592 2555 ﬁctis
3646 2504 3772 2572 epi-

2121 2589 2287 2644 stolis
2321 2589 2699 2661 reperiuntur
2727 2606 2739 2643 :
2762 2606 2954 2660 neque
2982 2591 3294 2660 quisquam
3312 2590 3448 2661 jure
3473 2589 3774 2646 afﬁrmare

2118 2684 2311 2750 potest
2341 2683 2442 2733 aut
2473 2678 2737 2744 credere,
2801 2680 3184 2749 impostorem
3236 2679 3394 2733 tertii
3445 2680 3646 2735 saeculi
3699 2680 3773 2735 ab

2117 2768 2399 2823 omnibus
2451 2767 2792 2838 hujusmodi
2851 2768 3061 2822 ritibus
3101 2786 3208 2824 sua
3255 2774 3425 2824 astate
3471 2771 3775 2840 usurpatis

2116 2856 2414 2910 abstinere
2439 2856 2716 2910 voluisse.
2751 2856 2906 2910 Nulli
2939 2855 3116 2928 igitur
3145 2873 3265 2910 aavo
3297 2857 3411 2911 nisi
3462 2857 3770 2928 lgnatiano

2116 2946 2240 3000 haec
2272 2946 2584 3000 convenire
2614 2946 2944 3001 videantur.

2187 3052 2403 3116 Quarto
2437 3052 2859 3107 charismatum
2893 3053 3164 3107 meminit
3208 3057 3347 3107 tunc
3385 3053 3447 3107 in
3503 3053 3770 3110 Ecclesia

2113 3142 2368 3195 maxime
2401 3141 2772 3210 ﬂorentium,
2797 3148 2853 3195 et
2880 3141 3134 3212 Spiritus
3167 3143 3353 3196 sancti
3396 3141 3466 3196 ad
3515 3159 3578 3197 se
3624 3159 3772 3198 non-

2114 3246 2420 3300 nunquam
2453 3230 2776 3301 loquentis,
2812 3230 2969 3301 quod
3000 3232 3360 3301 posteriores
3399 3231 3594 3287 facere
3646 3249 3769 3287 non

2117 3319 2332 3374 solent.
2362 3319 2717 3375 Parcissime
2747 3320 2936 3375 utitur
2965 3320 3324 3376 testimoniis
3347 3320 3401 3377 S.
3427 3321 3767 3400 Scriptura.

2117 3407 2396 3478 Paulinas
2428 3409 2667 3480 quidem
2702 3410 2980 3482 epistolas
3013 3410 3235 3481 ubique
3295 3411 3583 3480 imitatur,
3636 3429 3769 3482 quae

2117 3512 2151 3551 a
2181 3498 2476 3568 principio
2520 3499 2582 3552 in
2614 3498 2878 3554 ecclesiis
2927 3499 3202 3554 omnibus
3259 3499 3424 3554 fuere
3483 3501 3771 3571 receptis-

2119 3587 2282 3641 sima:
2319 3605 2332 3653 ;
2364 3588 2679 3661 Evangelia
2715 3589 2951 3660 parcius
3006 3589 3165 3654 citat,
3208 3606 3338 3660 quae
3390 3590 3578 3644 serius
3625 3590 3774 3644 reci-

2116 3676 2426 3746 piebantar
2455 3683 2514 3731 et
2551 3693 2586 3733 o.
2631 3677 2847 3749 spuriis
2907 3677 3460 3749 distinguebantur;
3516 3695 3769 3749 quarque

2119 3764 2362 3820 secundi
2424 3765 2625 3820 saeculi
2679 3767 2803 3838 jam
2861 3766 3048 3822 adulti
3093 3773 3151 3821 et
3204 3767 3364 3821 tertii.
3443 3767 3762 3838 scriptores

2114 3852 2597 3924 frequentissime
2627 3856 3012 3927 usurpabant.
3046 3857 3242 3927 Ipsum
3293 3856 3632 3928 scriptionis
3663 3872 3761 3929 ge-

2117 3958 2230 3996 nus
2252 3960 2370 3997 non
2394 3944 2708 4000 minimum
2732 3950 2820 4000 est
2843 3945 3108 4017 ejusdem
3131 3946 3235 4000 aevi
3269 3945 3574 4001 indicium.
3602 3945 3762 4000 Nihil

2116 4031 2177 4084 in
2210 4032 2301 4086 his
2342 4033 2608 4104 epistolis
2666 4040 3034 4102 extraneum,
3101 4035 3252 4090 nihil
3301 4052 3371 4090 ex
3431 4034 3768 4090 eruditione

2115 4123 2424 4195 gentilium
2457 4125 2788 4196 profectum
2815 4143 2827 4192 ;
2854 4126 3054 4182 omnia
3077 4127 3406 4182 doctrinam
3433 4143 3578 4198 pure
3601 4143 3771 4181 evan-

2115 4213 2380 4285 gelicam,
2415 4221 2471 4270 et
2502 4216 2943 4287 simplicitatem
2974 4218 3084 4272 viri
3116 4218 3426 4291 apostolici
3471 4217 3764 4272 redolent.

2115 4303 2222 4367 Qui
2254 4310 2460 4375 postea
2479 4306 3102 4377 scripsere,doctorum
3127 4307 3280 4378 apud
3307 4311 3509 4378 gentes
3531 4312 3771 4362 senten-

2115 4392 2225 4446 tias
2273 4410 2579 4465 usurpare,
2629 4395 2683 4449 el
2711 4413 2915 4451 eorum
2965 4413 3395 4466 nonnunquam
3428 4397 3608 4451 etiam
3661 4396 3767 4451 do-

2113 4487 2309 4551 gmata
2337 4483 2683 4538 Christianas
2708 4485 2978 4557 religioni
3003 4485 3340 4541 immiscere
3365 4485 3631 4540 solebant
3665 4504 3678 4540 :
3707 4486 3767 4541 id

2112 4575 2311 4625 autem
2343 4589 2410 4626 ex
2444 4588 2513 4627 ea
2537 4589 2736 4628 rerum
2770 4575 3037 4642 scientia,
3069 4591 3208 4645 qua,
3239 4580 3558 4645 antequam
3591 4575 3757 4630 Chri-

356 4655 516 4709 nude
549 4661 608 4710 et
638 4657 988 4729 simpliciter
1035 4659 1258 4730 ubique
1317 4658 1635 4730 praedicata
1683 4658 1998 4712 maximam
2033 4640 2079 4702 D
2111 4660 2286 4714 stiani
2326 4660 2558 4730 ﬁerent,
2610 4662 2842 4732 praediti
2902 4640 3160 4731 fuerant,
3219 4640 3644 4735 praestiterunt,
3695 4670 3763 4718 ut

355 4745 710 4801 venerandae
739 4746 899 4802 illius
931 4748 1302 4818 antiquitatis
1334 4752 1391 4802 et
1422 4746 1815 4817 simplicitatis
1874 4764 1999 4819 spe-

355 4831 509 4889 ciem
539 4834 797 4891 exhibet.

428 4924 622 4979 Tertio
654 4927 940 4982 Eusebius
967 4927 1177 4997 Ignatii
1206 4925 1486 4996 epistolas
1504 4931 1666 4980 tanta
1696 4942 1831 4980 cum
1864 4925 1996 4980 dili-

356 5015 555 5084 gentia
589 5013 920 5086 descripsit,
955 5014 1112 5085 quod
1143 5014 1253 5085 ipsi
1284 5016 1422 5069 visre
1467 5015 1584 5069 sint
1622 5015 1996 5070 traditionem

354 5103 738 5173 apostolicam
771 5120 1139 5172 conservare,
1172 5103 1528 5177 προύτρεπεν,
1569 5107 1783 5176 inquit,
1840 5101 1999 5176 ἀπρὶξ

355 5184 574 5264 ἔχεσθαι
608 5194 707 5254 τῆς
737 5196 846 5245 τῶν
880 5189 1200 5246 ἀποστόλων
1234 5189 1602 5265 παραδόσεως.
1637 5196 1753 5249 Hoc
1801 5199 1998 5248 autem

354 5274 806 5348 intelligendum
841 5294 1174 5347 monemus,
1199 5284 1263 5332 ut
1285 5279 1393 5350 ipsi
1420 5285 1642 5335 veteres
1665 5281 1996 5347 voluerunt,

351 5379 474 5418 non
501 5367 788 5435 utnuperi
815 5366 1133 5436 scriptores
1154 5369 1494 5440 intelligunt
1517 5387 1530 5435 ;
1547 5370 1714 5440 quasi
1739 5369 1997 5440 Ignatius

353 5453 590 5523 scriptis
621 5455 902 5509 mandare
934 5456 992 5510 in
1027 5457 1225 5512 animo
1256 5458 1530 5512 habuerit
1551 5459 1898 5513 traditiones
1924 5457 1996 5512 ab

354 5541 638 5611 apostolis
670 5549 961 5615 acceptas,
997 5563 1142 5616 quas
1175 5545 1258 5601 illi
1293 5547 1511 5618 scripta
1533 5547 1778 5602 minime
1801 5547 1997 5601 consi-

355 5636 670 5702 gnassent;
695 5633 849 5702 quod
873 5634 1232 5690 cardinalem
1263 5635 1829 5702 Baronium,etalius
1850 5636 1996 5691 adeo

356 5718 586 5778 fefellit.
619 5721 777 5778 Nihil
798 5724 960 5779 aliud
981 5725 1163 5781 voluit
1181 5725 1680 5795 Eusebius,quam
1704 5726 1994 5797 lgnatium

2107 4749 2506 4804 Tertullianus
2536 4750 2828 4806 observat.
2863 4753 3125 4824 Ignatius
3155 4753 3258 4808 diu
3284 4751 3408 4823 jam
3442 4754 3758 4824 episcopus

2104 4837 2319 4903 fuerat,
2352 4842 2412 4892 et
2466 4838 2860 4895 Christianam
2919 4841 3270 4914 religionem
3319 4847 3444 4896 tum
3492 4841 3753 4913 primum

2109 4932 2470 4998 susceperat,
2503 4944 2636 4981 cum
2670 4930 2948 4999 perpauci
2980 4947 3045 4985 ex
3081 4931 3352 5002 gentibus
3399 4930 3555 4986 docti
3586 4931 3762 4985 Chri-

2109 5015 2283 5069 stiani
2315 5015 2452 5070 facti
2486 5022 2656 5085 sunt;
2691 5017 2751 5070 in
2784 5034 2852 5072 eo
2873 5018 3052 5090 igitur
3080 5019 3475 5090 perspicimus
3497 5020 3762 5074 animam

2105 5119 2253 5174 pure
2284 5104 2701 5169 Christianam,
2753 5129 2774 5155 α
2811 5123 2931 5161 non
2981 5108 3203 5162 scholis
3252 5108 3589 5177 formatam,
3640 5125 3766 5163 non

2107 5192 2479 5248 bibliothecis
2494 5195 2873 5251 exercitatam
2893 5213 3011 5251 non
3026 5197 3347 5252 academiis
3363 5197 3764 5268 etporticibus

2106 5282 2313 5336 Atticis
2345 5288 2594 5352 pastam.
2633 5307 2659 5333 »
2693 5285 2750 5339 Si
2781 5291 3015 5355 gentem
3060 5291 3118 5340 et
3160 5286 3474 5341 ecclesiam
3526 5291 3762 5356 spectes

2107 5370 2198 5424 cui
2226 5371 2481 5441 praefuit,
2515 5372 2637 5426 viro
2689 5375 2843 5445 apud
2900 5375 3073 5445 Syros
3126 5379 3214 5430 tot
3260 5391 3449 5429 annos
3507 5381 3766 5439 morato,

2107 5459 2155 5514 si
2187 5476 2305 5514 non
2336 5465 2395 5513 et
2432 5460 2588 5531 apud
2620 5462 2860 5517 eosdem
2893 5468 3032 5518 nato
3066 5463 3458 5534 educatoque,
3501 5463 3764 5518 maxime

2107 5550 2381 5605 convenit
2409 5549 2668 5621 plurium
2699 5552 3096 5623 epithetorum
3125 5553 3447 5625 congestio,
3467 5558 3534 5608 ut
3558 5553 3766 5608 etlon-

2103 5638 2480 5710 gissimarum
2514 5639 2568 5694 S.
2601 5641 2767 5695 Pauli
2797 5643 3215 5712 praefationum
3239 5643 3516 5698 imitatio.
3551 5643 3763 5713 Marty-

2100 5743 2228 5783 rem
2258 5727 2332 5783 ab
2375 5729 2502 5798 ipso
2551 5729 2907 5799 imperatore
2959 5732 3224 5787 Romano
3264 5729 3754 5805 condemnatum,
