3974 6296
201 362 320 422 ΞΊΊ

931 348 990 411 J.
1039 345 1456 408 PEABSONII
1499 338 1873 406 VINDIGIIE
1917 341 2397 402 IGNATIANE.
2444 372 2522 386 -
2563 343 2773 404 PARS
2819 340 2896 401 II.

3504 340 3625 400 2'78

201 513 247 553 δ
272 489 584 563 metropoli
617 487 801 559 Syriae
831 483 1145 540 Antiochia
1165 481 1238 537 ad
1265 481 1424 536 orbis
1455 477 1760 534 dominam
1790 476 1852 530 in
1883 479 1941 544 Α
1973 475 2075 530 xit.
2109 476 2390 549 Origenes
2421 477 2597 549 igitur
2621 476 2837 531 Plotini
2865 474 3308 546 condiscipulus
3329 474 3622 530 Adaman-

198 583 456 640 vinculis
487 576 986 642 circumductum,
1017 573 1238 628 factum
1270 569 1492 641 angelis
1515 573 1573 622 et
1603 566 1858 622 homini-

199 675 312 730 bus
344 668 780 744 spectaculum,
839 665 1094 719 maxime
1150 662 1482 716 decuerunt
1530 658 1708 713 ardor
1738 655 1858 722 ille,

201 772 378 836 atque
402 750 775 818 desiderium
791 773 896 828 pro
914 753 1246 810 Christiana
1263 751 1548 822 religione
1571 747 1856 820 patiendi,

198 869 524 925 morasque
556 864 768 906 omnes
791 851 967 916 atque
991 842 1297 900 obstacula
1321 839 1661 895 removendi
1692 837 1859 892 fortis

205 953 262 1001 et
293 949 580 1000 constans
612 937 828 1010 cupido
855 957 870 1002 ;
902 951 1032 1006 quas
1059 949 1191 988 cum
1225 932 1287 985 in
1319 930 1475 999 aliis,
1507 935 1633 983 tum
1665 927 1725 981 in
1756 925 1861 980 illa

199 1032 539 1108 praesertim
573 1029 648 1084 ad
673 1030 972 1082 Romanos
1002 1021 1251 1094 epistola
1281 1018 1474 1074 verbis
1505 1018 1602 1088 pio
1632 1016 1858 1070 fervore

198 1122 572 1198 plenissimis
603 1117 914 1190 expressit.

269 1211 740 1273 Concedendum
771 1205 1014 1278 quidem
1045 1208 1134 1258 est
1161 1201 1313 1258 nihil
1343 1199 1564 1254 certius
1593 1201 1695 1251 aut
1724 1195 1860 1250 soli-

201 1307 330 1362 dius
362 1303 659 1374 scriptum
689 1295 952 1368 aliquod,
1003 1298 1104 1349 aut
1155 1291 1560 1346 narrationem
1593 1285 1856 1357 spuriam

197 1394 474 1466 probare,
495 1372 689 1462 quam
740 1385 918 1440 ﬁdem
948 1389 1285 1452 temporum
1329 1377 1626 1432 violatam.
1659 1372 1859 1428 Tradit

201 1461 469 1539 Laertius
495 1484 907 1549 Anaxagoram
965 1470 1386 1543 philosophum
1437 1466 1560 1520 viso
1610 1461 1855 1549 Mausoli

199 1573 475 1644 sepulcro
506 1571 664 1624 hanc
695 1547 1054 1620 sententiam
1088 1558 1443 1631 protulisse:
1478 1553 1662 1630 Τάφος
1689 1547 1858 1604 πολυ-

195 1639 358 1728 τελής
393 1652 778 1728 λελιθωμένης
820 1650 962 1705 ἐστὶν
995 1647 1182 1707 οὐσίας
1214 1642 1470 1700 εἶ’δωλον.
1494 1645 1621 1697 Non
1653 1639 1851 1695 credo.

194 1754 579 1820 Anaxagoras
610 1746 771 1800 enim
797 1743 898 1797 ille
921 1739 1142 1811 olymp.
1166 1750 1417 1791 Lxxxvm
1444 1736 1714 1787 mortuus
1737 1733 1851 1792 est;

1971 566 2088 620 tius
2119 573 2322 622 noster
2352 584 2480 622 esse
2515 585 2633 622 non
2659 567 2867 638 potuit.
2895 565 3276 621 Susarionem
3309 571 3365 619 et
3395 566 3620 636 Sanny-

1970 655 2196 710 rionem
2232 658 2505 712 eumdem
2539 662 2776 727 poetam
2797 656 2979 710 fuisse
3001 655 3208 709 volunt
3236 654 3532 723 nonnulli,
3564 657 3623 708 et

1971 745 2264 815 praecipue
2297 745 2582 800 Seldenus
2613 745 2690 799 ad
2719 747 3010 798 Marmora
3040 743 3484 798 Arundelliana.
3503 744 3619 814 Ego

1970 839 2166 887 autem
2203 838 2264 888 ut
2296 834 2534 888 credam
2566 834 2832 888 animum
2881 832 3161 887 inducere
3194 849 3314 886 non
3354 849 3620 902 possum,

1969 938 2102 977 cum
2133 924 2284 978 ratio
2316 930 2650 995 temporum
2685 927 2989 995 repugnet.
3025 921 3170 976 Nam
3227 921 3461 976 Susario
3494 921 3622 976 Ica-

1968 1011 2182 1066 riensis
2212 1011 2442 1082 primus
2473 1011 2774 1067 commdiae
2806 1012 3077 1065 inventor
3119 1009 3275 1080 apud
3307 1009 3624 1064 Athenien-

1969 1116 2062 1154 ses
2091 1099 2222 1165 fuit,
2254 1101 2506 1156 testibus
2537 1100 2839 1155 Clemente
2879 1098 3304 1165 Alexandrino,
3339 1098 3620 1152 Diomede

1968 1189 2343 1255 scholastico,
2377 1196 2436 1244 et
2465 1190 2641 1244 veteri
2695 1195 2933 1244 auctore
2968 1188 3029 1242 in
3061 1187 3366 1259 prommiis
3397 1187 3618 1242 Aristo-

1967 1279 2148 1348 phani
2183 1279 2459 1350 praeﬁxis.
2495 1281 2646 1333 Ante
2679 1285 2878 1333 autem
2915 1277 3204 1331 Pisistrati
3238 1275 3616 1347 tyrannidem

1967 1367 2347 1422 Susarionem
2393 1369 2550 1422 hunc
2607 1367 2956 1423 comoediam
3013 1366 3309 1420 invenisse
3367 1381 3439 1419 ex
3487 1365 3614 1435 ipso

1966 1474 2265 1513 marmore
2295 1459 2719 1513 Arundelliano
2747 1462 2998 1514 constat.
3035 1460 3100 1511 At
3130 1456 3442 1528 Sannyrio,
3468 1461 3617 1512 teste

1967 1547 2147 1602 Suida
2177 1550 2240 1604 V.
2269 1553 2530 1614 Διοκλῆς,
2591 1553 2717 1602 tum
2780 1547 2963 1602 Diocli
3014 1552 3138 1602 tum
3170 1546 3447 1617 Philyllio
3480 1563 3620 1616 syn-

1965 1637 2225 1692 chronus
2254 1637 2402 1692 fuit:
2436 1641 2495 1692 et
2525 1654 2728 1692 revera
2781 1637 2925 1690 vixit
2979 1640 3150 1690 astate
3181 1635 3616 1706 Arist0pbanis.

1965 1729 2131 1783 Certe
2181 1734 2315 1799 post
2371 1729 2590 1782 editam
2647 1728 2944 1798 Euripidis
3006 1726 3348 1798 tragoediam
3381 1727 3617 1782 Orestem

194 1837 445 1894 Mausoli
479 1840 680 1891 autem
733 1830 1072 1903 sepulcrum
1123 1831 1258 1881 ante
1308 1821 1524 1894 olymp.
1575 1835 1684 1874 cvn
1715 1833 1852 1872 con-
1884 1845 1932 1910 B
1966 1818 2240 1888 scripsit:
2276 1822 2510 1872 exstant
2541 1817 2700 1872 enim
2725 1817 2851 1887 ejus
2877 1832 3080 1870 versus
3113 1831 3180 1868 ex
3214 1814 3401 1884 ipsius
3435 1815 3616 1868 Danae

195 1928 386 1984 ditum
419 1941 546 1981 non
587 1929 696 1980 est.
733 1925 847 1977 Aut
876 1920 1055 1992 igitur
1098 1917 1226 1970 haec
1255 1912 1434 1968 verba
1463 1907 1853 1982 philosophus

194 2017 294 2072 ille
325 2031 646 2086 nunquam
675 2012 955 2073 dixit,aut
983 2007 1103 2063 alia
1132 2008 1289 2059 certe
1326 2000 1633 2056 occasione
1667 1996 1851 2078 dixit;

192 2084 565 2162 Mausoleum
596 2102 757 2157 enim
816 2112 1124 2167 nunquam
1181 2091 1361 2146 vidit:
1420 2088 1577 2160 quod
1614 2086 1686 2141 ab
1718 2084 1855 2139 illu-

193 2194 555 2251 stratoribus
585 2189 798 2246 Laertii
849 2185 1138 2252 nondum,
1190 2181 1422 2253 opinor,
1479 2177 1853 2232 observatum

195 2291 302 2340 est.
335 2285 428 2338 Ita
457 2280 702 2353 quidem
733 2275 1184 2334 Stesimbrotum
1234 2268 1474 2341 sugillat
1502 2263 1854 2320 Plutarchus

193 2377 253 2430 in
285 2375 419 2429 Vita
447 2368 884 2434 Themistoclis,
913 2363 1070 2436 quod
1119 2378 1250 2418 eum
1287 2356 1596 2414 tradiderit
1621 2356 1852 2409 Anaxa-

193 2483 348 2538 θοι-ω
381 2461 746 2532 discipulum
776 2458 978 2523 fuisse,
1011 2452 1111 2506 οὐκ
1149 2451 1207 2504 εὗ
1261 2453 1371 2503 τῶν
1428 2445 1644 2524 χρόνων
1675 2443 1852 2496 ἁπτό-

198 2573 380 2626 μενος.
417 2555 507 2608 Ita
553 2550 625 2604 de
684 2552 874 2602 morte
926 2541 1230 2615 Eupolidis
1261 2538 1679 2594 historicorum
1712 2550 1852 2588 con-

196 2625 445 2702 sensum
478 2642 787 2715 diligentia
812 2633 1218 2693 Eratosthenis
1239 2631 1562 2686 refutatum
1586 2644 1715 2682 esse
1747 2625 1853 2680 ob-

197 2742 390 2791 servat
419 2734 625 2789 Cicero
659 2731 733 2786 ad
777 2728 1059 2790 Atticum,
1095 2723 1198 2778 lib.
1233 2737 1306 2790 v1,
1341 2720 1514 2791 epist.
1549 2719 1573 2771 1
1603 2731 1615 2770 :
1652 2737 1680 2766 ‹‹
1713 2715 1852 2779 Quis

194 2826 357 2880 enim
389 2839 518 2878 non
549 2821 702 2875 dixit
729 2812 970 2872 Εὔπολιν
1025 2812 1118 2867 τὸν
1177 2812 1275 2874 τῆς
1321 2806 1560 2880 ἀρχαίας
1592 2805 1665 2860 ab
1698 2803 1852 2857 Alci-

190 2914 368 2970 biade
389 2911 710 2982 navigante
733 2907 795 2960 in
817 2904 1079 2960 Siciliam
1106 2899 1404 2970 dejectum
1428 2911 1556 2951 esse
1578 2894 1639 2948 in
1662 2890 1854 2947 mare?

192 3001 521 3074 Redarguit
550 2996 991 3062 Eratosthenes,
1021 2992 1194 3046 affert
1223 2987 1384 3043 enim
1413 3001 1560 3056 quas
1592 2983 1691 3036 ille
1720 2985 1855 3052 post

191 3094 249 3148 id
279 3071 522 3161 tempus
573 3087 806 3143 fabulas
865 3080 1151 3138 docuerit.
1189 3100 1216 3128 »
1267 3079 1476 3132 Narrat
1515 3071 1851 3127 Holstenius

189 3159 617 3252 Porphvrium,
653 3191 788 3230 eum
836 3173 1029 3244 prima
1083 3169 1419 3224 litterarum
1449 3179 1516 3218 ac
1548 3159 1850 3232 sapientiae

188 3247 588 3325 fundamenta
614 3262 999 3336 percepisset,
1022 3273 1272 3330 puerum
1293 3254 1480 3310 ferme
1501 3250 1695 3306 adhuc
1721 3247 1846 3302 Ori-

188 3360 357 3432 genis
378 3358 543 3412 fama
560 3355 816 3409 excitum
835 3347 1252 3405 Alexandriam
1268 3344 1343 3399 ad
1365 3341 1696 3398 doctrinam
1719 3338 1850 3409 ejus

190 3427 643 3521 percipiendam
694 3441 1024 3513 profectum
1052 3437 1256 3492 fuisse.
1287 3435 1415 3488 Non
1463 3429 1639 3486 credo
1666 3445 1679 3496 ;
1709 3427 1851 3481 licet

189 3516 301 3592 hoc
335 3516 406 3590 ex
439 3531 693 3588 Eusebio
728 3536 786 3585 et
834 3526 1143 3584 Vincentio
1202 3523 1506 3578 Lirinense
1538 3516 1848 3589 Porphyrii

185 3626 546 3682 auctoritate
571 3639 631 3677 se
665 3617 996 3675 ostendisse
1025 3619 1211 3688 putet.
1241 3611 1583 3666 Vincentius
1605 3606 1847 3676 quidem

186 3717 348 3772 idem
383 3712 588 3781 tradit,
620 3711 725 3766 sed
755 3726 828 3763 ex
872 3707 1026 3764 male
1058 3703 1316 3774 acceptis
1348 3697 1657 3770 Porphyrii
1690 3695 1847 3766 apud

180 3805 514 3862 Eusebium
544 3800 760 3867 verbis,
784 3814 916 3868 quae
936 3812 1073 3852 eum
1105 3789 1521 3848 Alexandriam
1545 3787 1618 3842 ad
1644 3785 1849 3839 viden-

183 3896 327 3951 dum
361 3894 683 3963 Origenem
732 3887 1064 3960 profectum
1123 3897 1251 3937 esse
1311 3879 1559 3934 minime
1591 3876 1846 3939 docent;

190 3991 427 4040 tantum
460 3957 622 4036 enim
653 3957 768 4034 ait:
812 3978 878 4052 ’ῼ
921 3972 1074 4048 κάγὼ
1105 3965 1310 4041 κομιδῆ
1342 3963 1458 4027 νέος
1490 3961 1563 4017 ὤν
1596 3957 1673 4017 ἔτι
1704 3961 1846 4016 ἐντε-

188 4073 450 4148 τύχηκα,
476 4095 504 4121 ‹‹
529 4085 705 4142 quem
734 4083 838 4139 ego
863 4064 1098 4136 juvenis
1131 4061 1324 4117 adhuc
1354 4055 1652 4113 conveni.»
1681 4055 1847 4110 Certe

188 4145 574 4218 Alexandria;
630 4154 899 4227 Origenis
954 4151 1142 4208 nostri
1199 4145 1523 4218 discipulus
1570 4160 1698 4199 esse
1726 4159 1848 4197 non

188 4253 390 4325 potuit
418 4247 804 4319 Porphyrius,
837 4244 937 4316 qui
985 4243 1048 4297 in
1098 4239 1316 4296 ﬁnibus
1360 4237 1492 4307 Tyri
1523 4251 1680 4290 anno
1711 4233 1851 4287 Ale-

187 4340 408 4397 xandri
453 4337 646 4392 Severi
693 4334 922 4390 decimo
970 4337 1146 4386 natus
1193 4333 1316 4393 est;
1383 4325 1593 4380 eodem
1651 4327 1849 4377 autem

193 4446 356 4485 anno
417 4425 699 4497 Origenes
756 4419 1114 4477 Alexandria
1168 4416 1374 4488 pulsus
1407 4418 1514 4469 est.
1575 4410 1851 4466 Scribunt

197 4526 493 4590 praeterea
511 4520 738 4570 veteres
758 4512 1069 4582 Origenem
1088 4505 1405 4578 quemdam
1428 4502 1609 4557 fuisse
1631 4497 1851 4555 Plotini

1962 1911 2088 1960 tum
2113 1905 2267 1977 apud
2290 1907 2608 1978 Euripidis,
2631 1911 2754 1960 tum
2778 1904 3190 1975 Aristophanis
3221 1903 3612 1970 Scholiasten,

1960 1995 2176 2065 quibus
2208 1997 2465 2068 exagitat
2504 1995 2924 2066 Hegelochum,
2956 1992 3255 2064 Euripidis
3288 1990 3613 2064 ὑποκριτὴν,

1959 2085 2059 2153 qui
2090 2085 2356 2140 Orestem
2387 2101 2566 2155 agens
2595 2083 2950 2139 versiculum
2982 2082 3176 2138 illum.

2170 2228 2263 2283 Ἐκ
2294 2228 2548 2300 κυμίτιυν
2579 2227 2682 2301 γὰρ
2714 2223 2865 2290 αὖθις
2914 2226 2979 2279 αὗ
3030 2222 3227 2300 γαλήν’
3260 2223 3392 2298 ὁρῶ,

1958 2362 2115 2418 male
2145 2363 2649 2434 pronuntiaverat.
2683 2360 2888 2415 Plures
2919 2358 3096 2432 igitur
3127 2373 3308 2428 quam
3339 2357 3442 2411 140
3468 2355 3613 2410 anni

1957 2453 2115 2506 inter
2145 2451 2546 2516 Susarionem,
2578 2450 2838 2521 primum
2893 2446 3194 2503 comoedias
3226 2445 3381 2516 apud
3437 2444 3612 2498 Athe-

1957 2541 2196 2595 nienses
2223 2541 2614 2607 inventorem,
2666 2543 2725 2593 et
2773 2537 3228 2609 Sannyrionem,
3263 2532 3476 2588 veteris
3509 2549 3610 2587 co-

1957 2630 2187 2685 mmdim
2219 2630 2590 2700 scriptorem,
2624 2627 3112 2681 intercesserunt.
3161 2623 3397 2678 Susario
3431 2621 3611 2691 igitur

1957 2725 2015 2773 et
2045 2718 2336 2789 Sannyrio
2367 2717 2526 2771 idem
2557 2721 2733 2786 poeta
2763 2731 2891 2768 esse
2922 2730 3042 2767 non
3074 2711 3288 2783 potuit.
3321 2713 3391 2764 Et
3420 2709 3607 2764 miror

1955 2810 2222 2863 Isaacum
2254 2806 2668 2861 Casaubonum
2718 2806 2798 2859 ita
2855 2803 3048 2874 decipi
3080 2801 3364 2872 potuisse,
3398 2804 3464 2852 ut
3494 2798 3610 2852 ista

1957 2897 2244 2951 scriberet
2264 2894 2339 2950 ad
2358 2894 2624 2949 Athenaei
2648 2893 2748 2947 lib.
2776 2911 2871 2960 v11,
2897 2909 3023 2962 cap.
3048 2894 3078 2945 9
3106 2908 3117 2944 :
3163 2913 3190 2941 ‹‹
3214 2891 3338 2943 Non
3362 2887 3609 2943 memini

1957 2984 2185 3042 laudari
2217 2983 2358 3039 alibi
2407 2984 2468 3038 in
2524 2983 2616 3037 his
2675 2983 2840 3036 libris
2869 2979 3335 3036 vetustissimum
3369 2983 3606 3048 poetam

1956 3076 2390 3147 Sannyrionem
2449 3074 2562 3128 nisi
2621 3073 2716 3129 hic
2773 3072 2874 3128 ubi
2934 3070 3248 3126 scribitur:
3302 3065 3609 3139 Σαννυρίων

1958 3161 2003 3219 δ’
2035 3164 2085 3218 ἐν
2115 3162 2320 3218 Γέλωτι
2361 3165 2424 3216 ’Θ
2458 3158 2698 3236 βατίδες,
2745 3160 2790 3213 ὦ
2837 3158 3090 3235 γλαύκων
3139 3157 3297 3231 κάρα.
3331 3157 3604 3228 Antiquaa

1954 3255 2255 3311 comoediae
2305 3258 2480 3324 poeta
2535 3252 2630 3306 hic
2687 3251 2800 3305 fuit
2855 3248 3326 3320 antiquissimus,
3360 3246 3430 3300 de
3463 3251 3603 3317 q‘uo,

1948 3350 2007 3400 et
2037 3345 2149 3399 ista
2172 3344 2299 3414 ejus
2323 3340 2630 3407 comoedia,
2656 3340 2869 3411 legitur
2893 3340 2951 3393 in
2983 3337 3394 3408 Aristophanis
3426 3335 3606 3389 Scho-

1949 3434 2086 3488 liis:
2117 3431 2218 3486 Καὶ
2253 3430 2391 3502 αὖτή
2428 3426 2484 3482 δὲ
2515 3430 2549 3496 ἡ
2583 3424 2793 3482 παλαιά
2840 3427 3036 3494 ἑαυτῆς
3086 3421 3349 3499 διαφέρει,
3379 3423 3469 3476 καὶ
3500 3421 3604 3496 γὰρ

1950 3521 2002 3575 οἱ
2034 3519 2086 3574 ἐν
2121 3521 2346 3592 Ἀττικῃ
2408 3522 2627 3591 πρῶτον
2688 3517 3084 3590 συστησάμενοι
3147 3513 3209 3568 τὸ
3267 3510 3606 3583 ἐπιτήδευμα

1947 3617 2050 3679 τῆς
2081 3606 2380 3682 κωμῳδίας
2427 3610 2579 3679 (ἦσαν
2639 3603 2694 3661 δὲ
2747 3607 2798 3659 οἱ
2850 3605 2974 3679 περὶ
3031 3605 3391 3680 Σαννυρίωνα)
3421 3603 3604 3658 καὶτὰ

1949 3698 2217 3774 πρόσωπα
2275 3699 2492 3772 εἷ’σῆγον
2556 3696 2822 3760 ἀτάκτως,
2881 3695 2972 3749 καὶ
3035 3697 3203 3766 μόνος
3233 3695 3298 3764 ἦν
3332 3695 3510 3768 γέλως
3539 3694 3600 3748 τὸ

1950 3786 2498 3856 κατασκευαζόμενον.
2534 3809 2562 3835 ››
2619 3788 2762 3839 Nam
2821 3785 3013 3855 primo
3083 3785 3224 3840 alibi
3281 3787 3598 3839 Athenaeus

1952 3878 2240 3950 Sannyrio
2271 3876 2564 3941 meminit,
2599 3880 2658 3929 et
2713 3873 2981 3942 ejusdem
3040 3875 3218 3928 etiam
3271 3872 3507 3939 fabulas,
3550 3878 3596 3928 l.

1950 3987 2053 4035 In,
2087 3987 2136 4025 c.
2172 3970 2236 4022 13
2263 3984 2275 4021 :
2304 3965 2433 4039 Περὶ
2483 3962 2540 4017 δὲ
2591 3961 2846 4032 Μελήτου
2896 3961 3056 4022 αὐτὸς
3116 3963 3143 4016 ὁ
3213 3963 3514 4036 Σαννυρίων
3549 3960 3600 4015 έν

1951 4055 2159 4111 Γέλωτι
2199 4054 2347 4129 λέγει
2397 4054 2596 4118 οὓτως,
2640 4049 2898 4120 Μέλητον
2945 4050 3034 4104 τὸν
3085 4049 3191 4104 ἀπὸ
3249 4049 3484 4119 Ληναίου
3518 4071 3606 4104 νε-

1951 4141 2101 4217 κρόν.
2140 4142 2282 4197 Dein
2315 4142 2376 4195 in
2406 4140 2601 4195 verbis
2624 4138 2960 4193 Scholiasta:
2993 4142 3159 4209 putat
3189 4153 3391 4192 vocem
3422 4132 3601 4210 γέλως

1953 4231 2341 4304 Sannyrionis
2396 4228 2656 4284 fabulam
2710 4228 3014 4292 denotare,
3047 4243 3181 4282 cum
3231 4226 3382 4281 nihil
3442 4225 3603 4280 aliud

1953 4322 2048 4377 hic
2077 4321 2370 4394 signiticet
2400 4335 2577 4388 quam
2625 4317 2812 4372 risum
2862 4317 3234 4387 simpliciter,
3269 4333 3445 4386 quem
3475 4319 3604 4370 tan-

1955 4410 2261 4466 tummodo
2298 4407 2645 4480 spectabant
2676 4405 2854 4478 primi
2876 4405 3297 4461 comaadiarum
3323 4405 3599 4468 editores,

1955 4517 2102 4570 quos
2141 4504 2310 4554 vocat
2363 4494 2492 4556 τοὺς
2549 4498 2765 4568 πρῶτον
2825 4492 3264 4566 συστησαμένους
3312 4493 3376 4546 τὸ
3418 4492 3610 4560 ἐπιτή-

194 4603 701 4676 condiscipulum,
732 4607 790 4657 et
811 4598 989 4655 simul
1012 4613 1146 4652 cum
1176 4595 1432 4650 maximo
1463 4590 1560 4645 illo
1594 4588 1853 4660 philoso-

1961 4583 2133 4660 δευμα
2162 4593 2259 4655 τῆς
2290 4582 2586 4658 κωμῳδίας
2668 4585 2932 4655 Denique
2987 4601 3108 4639 non
3151 4583 3299 4638 vidit
3325 4581 3609 4638 mendum

196 4697 316 4769 pho
349 4695 648 4751 audivisse
688 4689 1072 4746 Ammonium
1101 4703 1208 4758 per
1237 4681 1516 4738 undecim
1538 4680 1724 4734 ferme
1756 4694 1854 4732 an-

198 4803 309 4840 nos
337 4782 732 4839 Alexandriaa.
777 4781 942 4834 Hunc
999 4776 1309 4848 Origenem
1371 4777 1640 4826 nostrum
1670 4768 1853 4822 fuisse

199 4875 409 4930 volunt
442 4871 679 4937 eruditi,
704 4875 763 4925 et
783 4867 1078 4940 praecipue
1104 4861 1466 4918 Holstenius.
1491 4861 1617 4913 Non
1645 4855 1851 4920 credo;

199 4969 475 5035 tempora
506 4961 665 5015 enim
713 4973 833 5013 non
882 4957 1082 5011 minus
1131 4968 1309 5023 quam
1357 4949 1474 5005 alia
1502 4949 1851 5018 repugnant.

199 5055 476 5110 Plotinus
499 5067 618 5106 non
641 5049 784 5104 vidit
813 5045 1223 5102 Alexandriam
1246 5047 1382 5097 ante
1414 5054 1635 5095 annum
1668 5034 1854 5090 unde-

201 5145 426 5200 cimum
451 5138 773 5196 Alexandri
796 5137 1206 5196 Mammaeae,ut
1226 5135 1474 5185 testatur
1494 5129 1553 5182 in
1577 5126 1705 5198 ejus
1729 5125 1856 5179 Vita

200 5233 592 5305 Porphyrius,
613 5234 671 5283 et
699 5225 876 5299 paulo
899 5231 1031 5296 post
1060 5220 1373 5276 Ammonio
1403 5215 1751 5290 praeceptori
1792 5231 1854 5268 se

200 5304 468 5387 tradidit,
521 5335 656 5375 cum
698 5318 828 5388 jam
879 5313 1161 5385 Origenes
1203 5314 1408 5364 noster
1447 5304 1856 5360 Alexandriam

196 5414 544 5484 relinquere
576 5411 818 5463 coactus
851 5408 1030 5462 esset,
1055 5416 1170 5470 quo
1195 5412 1504 5468 nunquam
1537 5398 1738 5466 postea
1767 5409 1853 5446 re-

196 5521 396 5560 versus
429 5505 540 5558 est.
577 5499 706 5554 Non
755 5494 934 5565 igitur
988 5489 1090 5544 ille
1143 5485 1513 5543 Alexandriae
1554 5484 1684 5546 fuit,
1718 5498 1851 5537 cum

196 5595 466 5650 Plotinus
524 5583 914 5645 Ammonium
972 5578 1212 5642 audivit,
1243 5575 1430 5631 multo
1489 5573 1687 5627 minus
1718 5588 1852 5626 cum

191 5684 462 5745 Plotinus
493 5675 682 5741 simul
715 5678 773 5729 et
802 5668 1113 5727 Ammonio
1144 5671 1204 5722 et
1230 5663 1466 5737 Origeni
1497 5678 1603 5718 suo
1633 5661 1852 5716 valedi-

1965 4676 2145 4732 latere
2178 4678 2238 4731 in
2269 4676 2513 4731 nomine
2540 4693 2553 4740 ;
2593 4690 2732 4729 nam
2774 4690 2881 4744 pro
2930 4672 3271 4746 Σαννυρίωνα
3302 4671 3616 4742 legendum

1967 4782 2096 4822 esse
2129 4763 2479 4838 Σουσαρίωνα
2508 4768 2735 4818 certum
2768 4767 2892 4816 est:
2935 4766 3003 4816 ut
3033 4761 3207 4832 paulo
3239 4765 3374 4833 post
3412 4777 3472 4814 In
3502 4759 3616 4813 alio

1965 4859 2314 4927 argumento
2349 4853 2622 4924 legimus,
2671 4850 2770 4916 τὴν
2825 4844 3124 4920 κωμῳδίαν
3153 4845 3423 4920 ηὑρῆσθαι
3457 4865 3612 4922 φασιν

1969 4942 2071 4996 ὑπὸ
2107 4940 2502 5015 Σουσαρίωνος.
2527 4939 2840 4994 Diomedes
2872 4937 3336 4991 Grammaticus:
3361 4956 3388 4983 «
3417 4935 3612 4988 Poetae

1964 5035 2142 5108 primi
2174 5032 2382 5087 comici
2407 5031 2650 5084 fuerunt
2671 5027 2970 5090 Susarion,
2996 5024 3204 5079 Mullus
3234 5030 3291 5079 et
3317 5025 3609 5096 Magnes.»

1964 5126 2237 5181 Clemens
2271 5119 2706 5176 Alexandrinus
2739 5118 3003 5170 Stromat.
3056 5115 3159 5170 lib.
3194 5133 3248 5170 1:
3305 5109 3613 5186 Κωμῳδίαν

1963 5212 2248 5281 ἐπενόησεν
2323 5207 2590 5280 Σισαρίων
2674 5206 2737 5276 [Ι.
2806 5203 3140 5275 Σουσαρίων]
3228 5203 3255 5254 ὁ
3329 5199 3609 5271 Ἰκαριεύς.

1965 5301 2279 5358 Diomedes
2303 5297 2698 5355 Scholasticus
2717 5295 2777 5347 in
2800 5292 3174 5347 bibliothecas
3197 5291 3388 5361 Regia:
3412 5306 3522 5345 ms.
3549 5291 3612 5343 in

1961 5393 2324 5462 Expositione
2355 5387 2762 5446 Grammaticas.
2789 5380 3055 5451 Dionysii
3082 5379 3319 5434 Thracis
3342 5396 3354 5433 :
3389 5380 3611 5450 Πρῶτον

1963 5478 2053 5534 οὖν
2091 5479 2407 5550 Σουσαρίων
2439 5497 2522 5537 τις
2557 5480 2655 5542 τῆς
2708 5470 2982 5544 ἐμμέτρου
3039 5463 3335 5541 κωμῳδίας
3363 5467 3613 5544 ἀρχηγὸς

1963 5567 2195 5643 ἐγένετο,
2257 5567 2318 5619 οὗ
2374 5565 2441 5619 τὰ
2499 5563 2590 5632 μὲν
2649 5561 2898 5636 δράματα
2957 5556 3102 5631 λήθῃ
3153 5557 3613 5628 κατενεμήθησαν.

1963 5641 2030 5714 In
2062 5656 2459 5712 vetustissimo
2514 5667 2810 5707 marmore
2868 5647 3333 5704 Arundelliano:
3395 5646 3513 5725 Ἀφ’
3553 5641 3616 5702 οὗ
