3974 6296
343 377 462 438 279
1076 400 1080 410 ι
1413 369 1476 426 S.
1525 363 1928 426 lGNATIUS.
1976 392 2053 403 —-
2099 351 2711 419 PROLEGOMENA.
3641 351 3768 412 280

349 509 402 565 ἒν
427 509 694 577 Ἀθήναις
722 494 988 578 κωμῳδία
1043 504 1262 575 πρῶτον
1319 498 1473 569 ἐτέθη
1533 495 1620 552 ἐπὶ
1679 494 1852 551 σανίσι
1894 516 1918 549 τ

2210 509 2257 548 ιο
2286 509 2407 548 non
2438 489 2747 562 fuerit,qui
2779 486 3028 544 Athenis
3081 491 3244 542 recta
3293 486 3353 541 in
3397 485 3596 542 Asiam
3629 491 3779 541 ante

353 575 628 672 'lx'zpleiov
691 575 941 669 εὑρόντος
1003 589 1405 666 Σουσαρίωνος.
1473 592 1540 645 In
1599 587 1784 643 Icario
1845 603 1918 641 en

2219 589 2368 637 rtem
2424 581 2679 636 Socratis
2732 579 3032 652 profectus
3116 582 3226 646 est,
3289 592 3400 631 nec
3458 575 3575 630 nisi
3634 580 3781 647 post

354 690 560 746 Atticae
593 687 810 760 populo
843 688 1142 740 inventam
1174 683 1356 738 fuisse
1381 681 1624 737 tradunt
1647 686 1772 735 tum
1795 695 2008 734 comm-

359 781 517 834 diam
576 783 701 832 tum
757 775 1098 848 tragaadiam
1158 777 1404 828 veteres.
1440 771 1759 826 Athenaeus
1811 768 1914 824 lib.
1950 783 2007 836 η,

360 886 487 940 cap.
522 871 550 921 3
579 885 591 922 :
627 866 764 923 Ἀπὸ
799 865 964 936 μέθης
997 863 1087 916 καὶ
1145 863 1179 930 ἡ
1234 868 1333 930 τῆς
1391 856 1690 932 κωμῳδίας
1721 858 1807 912 καὶ
1845 859 1878 925 ἡ
1907 862 2007 924 τῆς

360 953 666 1033 τραγῳδίας
725 952 929 1029 εὕρεσις
989 952 1039 1006 ἐν
1093 952 1312 1026 Ἰκαρίῳ
1363 957 1463 1018 τῆς
1514 951 1764 1017 Ἀττικῆς
1796 944 2006 1019 εὑρέθη.

364 1046 526 1102 Unde
585 1045 741 1116 apud
820 1043 1106 1098 Suidam:
1187 1042 1404 1109 Θέσπις,
1477 1037 1736 1111 Ἰκαρίου,
1791 1033 2009 1096 πόλεως

362 1137 638 1203 Ἀττικῆς,
695 1134 974 1208 τραγικός.
1034 1133 1197 1204 Apud
1254 1131 1578 1186 Icarienses
1630 1129 1808 1201 igitur
1837 1128 2011 1182 Susa-

361 1228 490 1282 rion
525 1225 872 1281 commdiam
906 1224 1149 1291 invenit,
1189 1221 1350 1277 unde
1395 1238 1532 1276 eum
1581 1219 1854 1274 Clemens
1886 1217 2011 1271 lca.

359 1318 622 1370 riensem
652 1319 855 1378 vocat;
893 1330 1011 1366 non
1044 1311 1199 1381 quod
1231 1311 1293 1364 in
1321 1328 1388 1365 eo
1442 1326 1587 1381 pago
1631 1313 1806 1363 natus
1837 1312 2010 1372 esset,

363 1411 464 1459 aut
495 1422 565 1459 ex
616 1403 807 1457 Attica
864 1401 1182 1464 oriendus;
1244 1407 1417 1454 natus
1465 1400 1624 1453 enim
1665 1402 1753 1452 est
1783 1396 1844 1450 in
1875 1412 2012 1467 agro

363 1494 634 1565 proximo
696 1491 1040 1563 Megarensi,
1099 1495 1165 1544 ut
1223 1489 1347 1560 ipse
1407 1489 1477 1543 de
1531 1504 1593 1542 se
1645 1492 1896 1540 testatur
1952 1485 2014 1538 in

365 1583 580 1638 iambis
615 1582 715 1652 qui
747 1583 1075 1635 etiamnum
1110 1578 1265 1650 apud
1321 1577 1665 1633 Diomedem
1697 1573 2013 1630 Scholasti-

369 1690 504 1728 cum
537 1676 874 1744 supersunt,
911 1675 968 1724 et
1024 1671 1084 1723 in
1145 1669 1300 1724 hunc
1359 1667 1602 1722 modum
1647 1669 1921 1736 corrupte
1952 1663 2013 1717 in

367 1779 478 1817 ms.
513 1762 789 1833 leguntur
814 1777 826 1814 :

516 1917 769 1976 Ἀκούετε
800 1914 1016 1985 λέξεως·
1054 1912 1364 1988 Σουσαρίων
1395 1909 1522 1988 τᾴδε
1563 1910 1734 1988 λέγει,

515 1991 640 2054 Υἱὸς
671 1983 900 2044 Φιλίνου
931 1983 1627 2062 γεγαρόθουτριποδίσκος.

446 2109 558 2165 Scd
588 2126 693 2180 pro
720 2107 1020 2180 γεγαρόθου
1053 2100 1412 2177 Τριποδίσκος
1455 2104 1765 2176 legendum
1814 2103 2021 2175 procul

376 2199 557 2253 dubio
610 2195 923 2269 Μεγαρόθεν
967 2191 1374 2268 Τριποδίσκιος,
1417 2199 1483 2248 ut
1531 2193 1703 2248 metri
1736 2193 1885 2247 ratio
1919 2209 2023 2263 p0-

379 2289 575 2342 stulat.
604 2289 705 2340 Est
735 2292 932 2340 autem
962 2280 1345 2356 Τριποδίσκιος
1376 2300 1484 2336 vox
1514 2282 2025 2353 gentilis.Stepha-

375 2394 512 2442 nus,
544 2375 606 2428 τὸ
637 2373 846 2437 ἐθνικὸν
901 2371 1242 2448 βορμίσκιος,
1301 2370 1375 2431 ὡς
1431 2366 1826 2444 τριποδίσκιος,
1859 2366 2024 2442 δωρί-

376 2485 548 2533 σκιος,
581 2465 708 2536 lege
740 2460 1032 2536 δορίσκιος.
1068 2465 1138 2518 Ut
1166 2464 1292 2534 ipse
1344 2459 1592 2529 alibi,ro
1623 2459 1826 2514 ἐθνικὸν
1859 2456 2026 2532 δωρί-

376 2574 549 2621 σκιος,
584 2553 659 2614 ὡς
684 2550 1030 2626 δορμίσκιος,
1053 2552 1176 2622 lege
1198 2552 1480 2620 vicissim,
1505 2549 2026 2623 βορμίσκιοςᾘηάθ

379 2650 577 2700 autem
613 2639 1008 2715 Τριποδίσκιος
1041 2641 1194 2696 clare
1243 2641 1414 2695 docet
1457 2640 1614 2694 idem
1648 2641 2024 2710 Stephonus:

378 2727 768 2804 Τριποδίσκος,
801 2729 890 2784 καὶ
944 2725 1300 2804 Τριποδίσκοι
1357 2728 1521 2799 κώμη
1571 2730 1671 2791 τῆς
1699 2723 2026 2802 Μεγαρίδος,

382 2822 410 2874 ὀ
441 2821 676 2890 πολίτης
705 2816 1119 2892 Τριποδίσκιος.
1174 2820 1550 2890 Tripodiscus
1589 2819 1767 2890 igitur
1797 2818 1856 2873 in
1889 2835 2028 2890 agro

382 2911 706 2984 Megarensi
736 2927 919 2982 pagus
950 2916 1039 2965 est
1065 2927 1076 2964 :
1110 2911 1170 2964 in
1203 2927 1318 2979 quo
1370 2909 1471 2981 qui
1502 2915 1676 2964 natus
1709 2913 1796 2963 est
1824 2913 2032 2977 Τριπο-

387 2996 591 3059 δίσκιος
641 2999 966 3055 dicebatur.
1028 3000 1118 3054 Sic
1175 2999 1353 3070 igitur
1411 2999 1744 3054 Susarionis
1801 2997 2031 3053 iambos

385 3091 744 3161 interpretor
764 3106 776 3143 :

515 3229 721 3282 Audite
751 3228 957 3281 dictum
983 3241 996 3278 :
1029 3227 1293 3280 Susarion
1321 3225 1433 3279 hac
1462 3228 1564 3290 ait,

515 3301 688 3354 Filius
719 3297 954 3364 Philini,
984 3313 1011 3350 e
1040 3296 1320 3365 Megaride
1353 3295 1724 3367 Tripodiscius

445 3437 518 3490 Ut
548 3440 748 3490 autem
779 3433 1091 3503 Origenem
1123 3431 1341 3485 Plotini
1373 3430 1848 3502 condiscipulum
1869 3430 2026 3486 Ada-

376 3523 671 3579 mantium
704 3526 996 3589 nostrum,
1029 3526 1089 3575 et
1119 3521 1548 3592 Sannyrionem
1581 3520 1873 3575 comicum
1914 3521 2022 3575 Su-

378 3613 675 3669 sarionem
705 3611 1007 3666 comedim
1057 3609 1427 3664 inventorem
1474 3610 1656 3665 fuisse
1689 3616 2023 3681 temporum

380 3702 532 3757 ratio
562 3717 682 3755 non
713 3699 1009 3765 admittit;
1065 3699 1146 3754 ita
1190 3699 1238 3753 si
1272 3699 1414 3770 quid
1446 3699 1506 3754 in
1537 3699 1804 3770 epistolis
1845 3698 2024 3754 ﬁdem

381 3797 715 3862 temporum
746 3806 949 3844 revera
995 3789 1278 3859 pulsaret,
1329 3789 1616 3860 Ignatium
1649 3789 2026 3860 epistolicum

377 3897 500 3936 non
540 3880 722 3936 fuisse
780 3879 1170 3949 apostolicum
1229 3877 1399 3932 illum
1453 3877 1709 3934 libenter
1736 3879 2025 3935 concede-

379 3986 527 4025 rem.

455 4061 666 4115 Verum
717 4063 782 4113 ut
823 4058 976 4112 nihil
1031 4058 1249 4112 certius
1299 4058 1584 4129 scriptum
1625 4058 1867 4129 aliquod
1897 4075 2030 4129 spuo

381 4150 537 4204 rium
569 4165 697 4204 esse
727 4147 956 4219 probat,
991 4164 1170 4218 quam
1211 4148 1358 4202 ﬁdes
1408 4153 1742 4219 temporum
1774 4148 2028 4215 violata;

381 4240 464 4296 ita
487 4255 666 4311 Opera
694 4239 918 4294 auctori
945 4237 1122 4292 alicui
1149 4237 1424 4308 ascripta,
1453 4237 1555 4292 sed
1586 4238 1897 4309 posteriori
1929 4238 2034 4292 ali-

384 4347 500 4401 quo
533 4329 747 4384 saeculo
779 4344 812 4382 a
843 4328 1046 4382 ﬁctore
1095 4328 1446 4398 conscripta,
1497 4327 1621 4382 fere
1659 4345 1894 4399 semper
1923 4329 2034 4384 hac

385 4419 517 4488 ipsa
545 4418 776 4471 vatione
801 4433 862 4470 se
885 4415 1164 4486 produnt,
1190 4420 1247 4470 et
1269 4433 1339 4470 ex
1361 4416 1676 4473 violatione
1700 4423 2032 4487 temporum

387 4505 816 4577 suppositionis
874 4504 1322 4558 convincuntur.
1383 4503 1579 4558 Edidit
1631 4505 1742 4559 Leo
1801 4504 2030 4561 Allatus

2056 1880 2105 1946 Β

2117 672 2469 728 sexennium
2499 671 2562 724 in
2595 687 2726 726 eam
2759 669 2968 724 urbem
3002 667 3176 722 venit.
3211 667 3282 720 Et
3309 665 3450 720 dum
3483 665 3622 720 huic
3657 665 3787 737 epi-

2117 762 2282 818 stola:
2305 761 2633 833 Xenophon
2657 759 2995 830 respondet,
3022 756 3284 811 Platonis
3313 756 3534 825 scripta
3556 755 3785 826 saapius

2117 849 2577 924 suggillat,quod
2606 853 2810 920 poetas
2833 863 2953 902 non
2980 845 3293 900 admiserit
3324 861 3458 899 eum
3490 843 3788 916 perstrin-

2117 945 2220 1016 git,
2253 960 2386 998 cum
2417 943 2543 1014 ipse
2589 957 2650 996 se
2694 940 2871 995 talem
2923 940 2985 993 in
3039 937 3208 992 libris
3239 936 3618 1008 praestiterit;
3653 937 3783 991 imo

2121 1034 2483 1088 sententiam
2513 1048 2582 1086 ex
2613 1030 2865 1102 epistola
2897 1027 3163 1083 Platonis
3190 1027 3264 1082 ad
3308 1025 3654 1097 Dionysium
3686 1025 3784 1079 Si-

2121 1123 2272 1177 ciliaa
2305 1127 2621 1192 tyrannum
2653 1120 2880 1192 carpit;
2937 1134 3070 1188 quas
3119 1117 3323 1171 omnia
3360 1115 3463 1170 diu
3493 1119 3629 1186 post
3659 1115 3781 1170 So-

2121 1212 2299 1268 cratis
2331 1217 2585 1266 mortem
2633 1209 2901 1280 evulgata
2947 1211 3103 1262 sunt.
3140 1207 3223 1261 Ita
3253 1203 3664 1275 Xenophontis
3696 1203 3782 1258 si-

2119 1302 2290 1367 mius,
2323 1317 2456 1356 cum
2488 1299 2732 1354 vidisset
2752 1298 2814 1352 in
2840 1297 3097 1366 genuina
3121 1295 3282 1350 illius
3307 1293 3582 1366 epistola,
3605 1293 3785 1364 cujus

2120 1392 2518 1464 fragmentum
2543 1388 2699 1460 apud
2720 1386 3041 1442 Eusebium
3070 1390 3281 1453 exstat,
3305 1383 3623 1455 perstringi
3644 1382 3787 1437 Pla-

2123 1487 2323 1537 tonem
2357 1480 2430 1535 ob
2463 1477 2786 1530 Σικελιῶτιν
2825 1477 3116 1548 τράπεζαν,
3149 1476 3274 1546 ipse
3322 1475 3501 1529 etiam
3545 1489 3615 1528 ea
3645 1489 3789 1543 sug-

2123 1571 2348 1644 gillavit
2380 1587 2510 1640 quae
2542 1569 2616 1623 ad
2648 1567 2905 1623 Siciliam
2933 1565 3277 1638 spectabant
3304 1583 3317 1632 ;
3353 1565 3456 1620 sed
3491 1565 3633 1619 dum
3667 1564 3791 1634 epi-

2125 1661 2338 1716 stolam
2364 1659 2562 1714 statim
2585 1663 2718 1729 post
2735 1663 2987 1712 mortem
3008 1656 3264 1710 Socratis
3286 1655 3567 1726 scriptam
3589 1653 3784 1724 fingit,

2127 1755 2184 1805 et
2214 1755 2549 1820 temporum
2581 1749 2874 1802 rationem
2931 1746 3126 1806 violat.
3181 1749 3240 1799 et
3270 1744 3530 1814 seipsum
3560 1743 3786 1815 prodit.

2132 1841 2444 1904 Praeterea,
2475 1837 2807 1907 Aristippus
2840 1835 2913 1890 ad
2946 1835 3128 1890 ﬁliam
3171 1849 3339 1889 suam
3371 1832 3684 1903 epistolam
3714 1834 3786 1885 27

2132 1929 2334 1996 mittit,
2367 1943 2501 1982 cum
2519 1926 2645 1997 jam
2669 1925 2884 1980 Siciliaa
2910 1930 3228 1996 tyrannum
3263 1925 3388 1995 ipse
3417 1923 3784 1994 reliquisset,

2128 2024 2183 2072 et
2209 2019 2336 2089 jam
2367 2017 2428 2071 in
2462 2017 2671 2087 Lipara
2693 2015 2886 2070 insula
2912 2016 3085 2069 morti
3111 2014 3336 2069 vicinus
3364 2019 3540 2083 esset,
3573 2014 3787 2069 ﬁliam-

2129 2124 2242 2178 que
2277 2110 2479 2161 monet
2505 2111 2572 2161 ut
2603 2105 2863 2160 Athenas
2892 2105 3326 2176 proficiscatur,
3351 2109 3412 2158 et
3440 2119 3574 2158 cum
3598 2105 3787 2174 Myrto

2129 2203 2186 2251 et
2217 2197 2508 2267 Xantippe
2540 2200 2804 2251 sanctam
2835 2194 3015 2249 vitam
3069 2194 3224 2249 colat
3250 2211 3264 2260 ;
3298 2193 3466 2264 quasi
3496 2198 3586 2248 tot
3609 2194 3792 2249 annis

2128 2291 2264 2358 post
2293 2301 2504 2340 necem
2563 2284 2819 2339 Socratis
2874 2273 3024 2338 illaa'
3055 2283 3184 2337 duae
3231 2299 3450 2338 uxores
3481 2283 3541 2337 in
3577 2282 3791 2337 eadem

2129 2374 2305 2429 domo
2339 2375 2616 2440 viverent,
2651 2378 2710 2427 et
2765 2372 3019 2427 feminas
3079 2371 3487 2444 philosophice
3518 2372 3794 2427 institue-

2131 2469 2296 2529 rent;
2331 2479 2468 2517 cum
2497 2465 2703 2534 Myrto,
2736 2463 2785 2516 si
2817 2477 3085 2531 unquam
3119 2462 3376 2516 Socratis
3405 2478 3554 2516 uxor
3581 2461 3789 2528 fuerit,

2133 2557 2269 2607 ante
2294 2553 2489 2622 ipsum
2514 2557 2745 2606 mortua
2763 2552 2858 2604 sit.
2875 2550 3126 2605 Allatius
3149 2550 3391 2621 quidem
3411 2552 3475 2604 l6
3495 2549 3568 2605 ad
3586 2549 3795 2604 minus

2133 2658 2322 2696 annos
2352 2645 2484 2711 post
2516 2640 2781 2694 Lachetis
2805 2640 3215 2712 magistratum
3239 2639 3452 2694 vixisse
3485 2640 3794 2694 Socratem

2133 2731 2277 2796 vult,
2308 2730 2410 2785 sed
2441 2735 2648 2786 contra
2668 2729 2938 2784 omnium
2961 2735 3224 2785 veterum
3257 2730 3636 2785 sententiam.
3673 2730 3796 2783 De-

2135 2821 2384 2876 metrius
2414 2819 2734 2874 Phalereus
2757 2819 2898 2874 satis
2925 2819 3174 2874 idoneus
3197 2824 3404 2874 auctor
3433 2818 3588 2890 apud
3621 2819 3796 2873 Laer-

2136 2908 2609 2975 tium,Diodorus
2631 2907 2880 2978 Siculus,
2907 2907 3214 2973 Aristides,
3241 2908 3458 2978 quibus
3488 2907 3796 2962 consentit

2137 2999 2415 3068 antiquus
2447 2997 2548 3052 ille
2577 2997 2639 3050 in
2662 2999 2948 3052 Marmore
2970 2997 3395 3052 Arundelliano
3427 2996 3796 3067 chronogra-

2137 3087 2312 3158 phus,
2347 3085 2467 3160 Ἀφ’
2501 3083 2561 3138 οὗ
2593 3083 2959 3156 [μετανῆλθον
2998 3085 3049 3138 οἱ
3100 3086 3221 3157 μετ]
3260 3085 3292 3138 ἆ
3326 3083 3506 3157 Κύρου
3559 3077 3797 3137 ἀναϐάν-

2137 3194 2247 3246 τες,
2278 3175 2365 3228 καὶ
2397 3175 2696 3247 Σωκράτης
2716 3171 2952 3248 φιλόσοφ
2976 3174 3060 3245 [ος
3084 3171 3162 3245 Et]
3184 3170 3340 3226 ελεύτ
3369 3173 3489 3244 [ησε
3523 3173 3605 3244 βι]
3634 3191 3663 3224 o
3688 3170 3800 3244 [ὺς]

2056 3243 2099 3311 C
2137 3243 2661 3334 ἔτηνὲϐδομήκοντα,
2691 3243 2796 3317 ἔτει
2830 3243 2993 3331 ρλζὶξ
3017 3243 3193 3336 ἄρχον
3220 3243 3650 3334 [τος]ί’ΔΘήνῃσι
3686 3243 3804 3314 Ai;

2132 3373 2328 3430 χητος,
2363 3353 2595 3424 Optime
2625 3358 2784 3408 certe
2812 3353 2914 3408 ille
2938 3351 3044 3406 sub
3073 3351 3282 3406 eodem
3315 3351 3598 3406 archonte
3629 3351 3806 3421 ponit

2135 3442 2392 3498 reditum
2427 3459 2632 3498 eorum
2657 3443 2757 3513 qui
2781 3458 2917 3497 cum
2941 3443 3087 3512 Cyro
3111 3441 3529 3508 ascenderunt,
3555 3445 3613 3496 et
3633 3456 3803 3494 mor-

2135 3537 2255 3586 tem
2289 3532 2562 3586 Socratis.
2598 3533 2930 3603 Xenophon
2954 3530 3137 3597 enim,
3162 3547 3278 3600 quo
3309 3529 3458 3584 duce
3490 3529 3574 3584 illi
3608 3529 3804 3584 redie-

2136 3626 2294 3687 runt,
2329 3615 2632 3689 ἀναϐέϐηκε
2663 3618 2755 3673 σὺν
2790 3619 2951 3694 Κύρῳ
3003 3617 3092 3672 ἐπὶ
3152 3616 3421 3694 ἄρχοντος
3449 3618 3799 3688 Ξεναινέτου,

2137 3707 2214 3762 ὲνί
2244 3709 2494 3785 προτέρῳ
2523 3703 2628 3762 ἔτει
2660 3715 2762 3777 τῆς
2797 3708 3126 3782 Σωκράτους
3152 3707 3434 3779 τελευτῆς,
3466 3731 3494 3758 ‹‹
3520 3708 3796 3763 ascendit

2139 3817 2272 3856 cum
2304 3801 2452 3872 Cyro
2485 3799 2593 3856 sub
2623 3801 2904 3856 archonte
2935 3801 3276 3866 Xenaaneto,
3316 3815 3470 3854 anno
3501 3815 3622 3854 uno
3654 3803 3795 3854 ante

2140 3890 2394 3945 Socratis
2447 3895 2722 3958 mortem,
2757 3911 2785 3938 »
2835 3894 2902 3944 ut
2958 3905 3028 3943 ex
3076 3893 3340 3944 veterum
3373 3887 3572 3958 aliquo
3612 3887 3799 3943 refert

2141 3979 2425 4033 Laertius.
2461 3979 2617 4033 Nihil
2649 3978 2826 4050 igitur
2855 3978 2918 4032 in
2967 3977 3214 4032 historia
3242 3977 3475 4032 videtur
3503 3993 3631 4032 esse
3664 3993 3794 4032 cer-

2141 4067 2282 4135 tius,
2313 4083 2491 4137 quam
2521 4066 2619 4122 illa
2649 4067 2916 4121 omnium
2948 4065 3008 4120 in
3039 4082 3102 4120 re
3131 4065 3442 4121 notissima
3476 4065 3797 4131 sententia,

2145 4157 2444 4211 Socratem
2477 4155 2586 4210 sub
2618 4157 2900 4211 archonte
2931 4155 3181 4210 Lachete
3210 4161 3510 4210 mortuum
3545 4171 3696 4209 esse.
3728 4155 3804 4208 Et

2142 4245 2600 4300 fundamentum
2632 4261 2747 4316 quo
2772 4245 2982 4298 nititur
3002 4243 3269 4312 Allatius,
3294 4244 3453 4314 quod
3479 4243 3636 4315 apud
3666 4243 3804 4298 Pla-

2146 4341 2345 4389 tonem
2379 4336 2646 4390 Socrates
2689 4335 2751 4388 in
2797 4333 3041 4403 Dialogis
3070 4333 3384 4405 aliquoties
3415 4333 3486 4388 de
3519 4333 3591 4388 iis
3622 4333 3805 4388 rebus

2145 4423 2440 4494 loquatur,
2474 4441 2604 4494 quae
2636 4423 2737 4478 diu
2766 4428 2898 4494 post
2937 4423 3202 4478 Lachetis
3225 4424 3635 4496 magistratum
3667 4438 3809 4478 con-

2151 4514 2430 4585 tigerunt,
2465 4512 2940 4567 inﬁrmissimum
2972 4517 3078 4567 est.
3105 4513 3331 4568 Veritas
3362 4512 3524 4566 enim
3554 4512 3807 4568 chrono-

391 4595 826 4652 Socraticorum
856 4593 1158 4666 epistolas,
1217 4611 1365 4664 quas
1421 4593 1494 4649 ab
1547 4594 1662 4650 illis
1703 4595 1847 4666 ipsis
1880 4596 2038 4666 viris,
2072 4600 2118 4664 D
2149 4599 2342 4672 logica
2395 4616 2464 4654 ex
2499 4597 2752 4654 Platonis
2784 4598 3036 4668 Dialogis
3066 4599 3357 4655 sumenda
3382 4615 3503 4655 non
3536 4604 3643 4654 est.
3679 4599 3807 4654 Sci-

393 4701 646 4756 quorum
678 4684 922 4738 nomina
953 4683 1298 4754 praeferunt,
1328 4683 1691 4753 conscriptas
1713 4683 1894 4739 fuisse
1925 4685 2044 4740 dia-

389 4778 518 4850 logo
559 4777 702 4832 satis
742 4775 970 4848 prolixo
1003 4777 1386 4830 vehementer
1434 4775 1760 4843 contendit,
1791 4776 1891 4830 sed
1917 4776 2046 4831 fru—

393 4873 549 4935 stra;
585 4871 916 4938 temporum
978 4865 1133 4921 enim
1193 4865 1342 4918 ratio
1403 4864 1650 4920 minime
1683 4866 1922 4936 patitur.
1957 4866 2045 4920 Ad

391 4959 634 5013 unicum
666 4960 1079 5028 argumentum
1109 4954 1246 5009 inde
1269 4953 1515 5008 ductum
1540 4954 1610 5008 de
1634 4955 1898 5010 oratione
1932 4957 2044 5010 Po-

395 5046 635 5116 lycratis
664 5046 726 5099 in
749 5045 978 5116 judicio
1004 5043 1261 5097 Socratis
1283 5041 1682 5112 habita,cujus
1707 5043 1959 5113 epistola
1983 5047 2047 5098 14

396 5135 764 5190 mentionem
820 5133 983 5198 facit,
1044 5133 1124 5186 ita
1163 5130 1484 5200 respondet
1515 5137 1581 5185 ut
1637 5131 1708 5185 de
1739 5149 1896 5187 anno
1931 5150 2046 5203 quo

399 5226 666 5280 Socrates
711 5229 980 5278 mortuus
1043 5225 1152 5287 est,
1214 5219 1509 5275 veteribus
1560 5221 1835 5276 omnibus
1886 5222 2047 5277 litem

396 5320 647 5382 moveat,
672 5329 781 5367 nec
809 5318 1005 5367 tamen
1028 5309 1216 5363 hilum
1240 5309 1532 5380 proﬁciat.
1559 5311 1770 5366 Omnia
1803 5313 1962 5367 enim
1989 5313 2048 5367 in

398 5421 468 5459 ea
499 5402 750 5474 epistola
781 5406 838 5455 et
863 5399 1136 5468 sequenti
1168 5399 1248 5453 ita
1280 5407 1568 5470 concepta
1598 5407 1756 5463 sunt,
1790 5406 1854 5454 ut
1883 5401 2051 5456 nulla

398 5491 683 5562 temporis
706 5490 856 5544 ratio
888 5488 1196 5555 habeatur,
1228 5487 1495 5560 adeoque
1523 5495 1738 5544 cuncta
1759 5489 1895 5544 ficta
1923 5506 2050 5545 esse

402 5579 660 5637 dilucide
693 5584 991 5650 appareat.
1026 5577 1294 5633 Euclides
1325 5584 1381 5633 et
1411 5579 1690 5650 Terpsion
1723 5585 2054 5648 queruntur

400 5669 871 5741 Xenophontem,
895 5685 1030 5724 cum
1055 5668 1321 5725 Socrates
1343 5674 1696 5738 moreretur,
1721 5684 1841 5724 non
1873 5669 2051 5724 Athe-

405 5759 523 5831 nis,
551 5757 653 5814 sed
678 5758 1093 5816 Lacedaemone
1116 5758 1329 5828 fuisse;
1353 5774 1490 5816 cum
1512 5757 1612 5813 ille
1637 5755 2053 5815 Lacedazmone

2153 4694 2277 4743 tum
2337 4694 2426 4742 est
2484 4687 2630 4742 illud
2687 4687 2964 4742 Macrobii
3022 4689 3306 4744 Suturnal.
3351 4687 3454 4742 lib.
3497 4705 3535 4754 ι,
3568 4704 3696 4759 cap.
3735 4692 3804 4744 l:

2157 4797 2184 4831 ι
2206 4782 2408 4833 Annos
2439 4779 2779 4832 coeuntium
2830 4777 2984 4832 mitti
3019 4778 3080 4832 in
3111 4779 3346 4850 digitos,
3379 4777 3646 4850 exemplo
3679 4778 3809 4832 Pla-

2154 4868 2310 4922 tonis
2339 4867 2510 4922 nobis
2539 4867 2918 4938 suffragante,
2964 4884 3083 4922 non
3117 4869 3407 4923 convenit.
3444 4890 3471 4917 »
3504 4869 3618 4922 Eos
3647 4873 3809 4922 certe

2156 4959 2321 5013 Plato
2353 4957 2520 5028 quasi
2545 4957 2842 5027 colloquia
2863 4957 3150 5012 habentes
3182 4957 3633 5028 introducit,qui
3662 4973 3814 5012 nun-

2157 5064 2336 5117 quam
2371 5046 2686 5110 collocuti;
2719 5052 2779 5100 et
2821 5063 2889 5100 ea
2935 5047 3258 5102 nonnullos
3309 5063 3465 5118 saepe
3496 5047 3813 5117 loquentes

2157 5140 2567 5208 repraesentat,
2591 5135 2662 5190 de
2691 5134 2908 5205 quibus
2931 5135 3017 5188 illi
3045 5151 3354 5206 nunquam
3379 5136 3732 5207 cogitarunt,
3755 5139 3816 5189 et

2159 5242 2289 5294 qua:
2333 5225 2484 5280 scire
2518 5224 2764 5278 minime
2819 5229 3160 5294 potuerunt.
3198 5221 3484 5296 Ἀναγνοὺς
3515 5223 3542 5276 ὁ
3578 5221 3814 5296 Γοργίας

2156 5313 2250 5367 τὸν
2285 5312 2577 5372 Πλάτωνος
2631 5308 2887 5384 διάλογον
2946 5311 3081 5384 πρὸς
3140 5310 3269 5372 τοὺς
3330 5312 3603 5386 παρόντας
3642 5311 3813 5378 εἶπεν,

2159 5403 2242 5456 ὃτι
2275 5399 2436 5456 οὖδὶν
2463 5401 2672 5455 τούτων
2706 5397 2829 5454 οὔτε
2861 5400 3028 5469 εἶπεν,
3080 5397 3203 5455 οὕτε
3247 5400 3449 5469 ἢκουσε
3478 5399 3624 5472 παρὰ
3663 5397 3818 5454 Πλά-

2158 5511 2354 5552 τωνος.
2389 5515 2415 5541 α
2449 5492 2687 5564 Gorgias
2721 5507 2855 5544 eum
2909 5490 3171 5546 Platonis
3219 5491 3518 5564 dialogum
3551 5491 3816 5562 legisset,

2158 5582 2235 5636 iis
2265 5581 2368 5652 qui
2417 5579 2664 5636 aderant
2715 5578 2882 5647 dixit,
2917 5579 3075 5649 quod
3122 5580 3272 5635 nihil
3313 5581 3525 5636 horum
3555 5585 3658 5636 aut
3688 5580 3816 5650 ipse

2163 5670 2401 5738 dixerit,
2459 5675 2561 5725 aut
2591 5685 2625 5724 a
2652 5668 2900 5724 Platone
2950 5669 3260 5728 audiverit.
3294 5692 3323 5722 »
3354 5670 3518 5728 Idem
3547 5669 3620 5725 de
3657 5669 3818 5724 Pha-

2163 5760 2302 5817 done
2329 5757 2511 5816 tradit
2539 5757 2859 5818 Athenmus
2884 5773 2899 5829 ;
2925 5757 3106 5816 etiam
3136 5758 3208 5814 de
3241 5759 3478 5817 Socrate
3511 5757 3818 5828 Laertius;
