3974 6296
3469 343 3587 406 282

145 475 314 529 Φασὶ
343 475 398 530 δὲ
426 475 521 528 καὶ
585 475 890 550 Σωκράτην
931 476 1229 533 ἀκούσαντα
1283 477 1375 533 τὸν
1418 476 1582 532 Λύσιν
1633 477 1779 550 ἄναγε

1950 477 2339 533 Vindiciarum
2386 485 2572 550 parte,
2634 480 2958 535 necessitas
3007 479 3318 548 incumbit,
3368 479 3473 535 sed
3531 483 3594 537 et

145 566 490 627 νώσκοντος
551 564 879 634 Πλάτωνος,
933 567 1240 641 Ἡράκλεις,
1299 567 1490 636 εἰπεῖν,
1541 567 1616 629 ὡς
1645 565 1779 620 πολ)

1935 557 2287 636 lectori,qui
2321 567 2431 622 sibi
2456 568 2655 623 fucum
2702 568 2828 622 fieri
2873 568 3040 632 nolit,
3074 569 3321 624 nimiam
3371 569 3593 624 sollici-

147 675 281 726 μου
314 651 668 728 κατεψεύδεθ’
711 657 739 710 ὁ
769 655 1066 728 νεανίσκος,
1124 657 1224 712 οὐκ
1275 655 1438 729 ὀλίγα
1465 656 1564 731 γὰρ
1607 657 1680 710 ὧν
1732 657 1779 709 oi

1937 653 2203 710 tudinem
2236 663 2417 724 creat,
2444 657 2544 728 qui
2575 658 2775 713 minus
2806 663 3031 718 attente
3063 658 3296 730 singula
3315 657 3589 714 conside-

146 740 362 814 εἴρηκε
393 743 700 818 Σωκράτης
758 745 1027 822 γέγραφεν
1087 745 1242 820 ἀνήρ.
1303 768 1330 796 ‹‹
1379 748 1594 801 Ferunt
1652 745 1779 800 etial

1938 749 2046 808 ret,
2081 749 2357 800 etrerum
2413 745 2782 802 differentias
2850 764 3089 819 semper
3145 747 3458 803 observare
3491 755 3594 802 aut

142 832 473 888 Socratem
506 851 642 889 cum
672 834 977 891 Platonem
1018 839 1200 907 Lysim
1251 837 1601 891 recitantem
1639 834 1833 888 audis—
1937 849 2057 887 non
2090 833 2246 903 velit,
2282 841 2385 890 aut
2417 853 2535 892 non
2592 837 2800 907 possit,
2836 837 3210 892 manifestam
3256 837 3590 908 praajudicii

147 923 1829 996 set,prohllercules!exclamavisse,quammultademe
1937 924 2309 978 occasionem
2354 925 2670 980 ministrat.
2704 927 2979 980 Fatemur
3034 943 3144 981 nos
3199 925 3586 982 libentissime

1936 1011 2124 1067 multa
2147 1013 2209 1067 in
2239 1014 2457 1084 spuriis
2489 1015 2776 1085 epistolis,
2835 1015 3020 1070 multa
3054 1017 3115 1071 in
3173 1015 3586 1087 interpolatio-

1935 1099 2113 1155 nibus
2145 1106 2204 1154 et
2224 1107 2559 1174 temporum
2595 1105 2770 1159 fidem
2804 1105 3136 1176 pulsare,et
3164 1106 3351 1161 sancti
3377 1106 3583 1179 lgnatii

1936 1189 2201 1244 moribus
2249 1209 2598 1264 repugnare,
2658 1199 2716 1248 et
2771 1193 3092 1250 dictionem
3152 1195 3280 1266 ejus
3335 1195 3584 1250 minime

1934 1277 2177 1334 referre.
2212 1281 2410 1352 Neque
2442 1282 2616 1338 aliter
2662 1283 2788 1339 fieri
2814 1285 3079 1354 potuisse
3108 1291 3384 1356 putamus
3416 1301 3428 1338 :
3462 1285 3582 1339 imo

1939 1368 2076 1423 inde
2109 1379 2523 1443 argumentum
2555 1374 2829 1429 ducimus
2860 1376 3003 1429 satis
3047 1381 3316 1446 apertum
3349 1381 3406 1430 et
3453 1376 3586 1431 efﬁ-

1939 1460 2260 1529 cax,quod,
2294 1478 2427 1516 cum
2462 1462 2631 1518 fictor
2660 1465 2912 1520 aliarum
2946 1464 3355 1536 epistolarum,
3411 1465 3587 1520 etin-

1938 1548 2261 1619 terpolator
2289 1567 2560 1606 verarum
2597 1558 2848 1624 uterque
2879 1555 2998 1609 veri
3029 1555 3237 1626 lgnatii
3271 1555 3500 1624 simius,
3527 1559 3586 1611 et

138 342 284 401 281
903 343 960 404 J.
1009 343 1434 406 PEARSONII
1477 341 1846 405 VINDICIIE
1887 337 2382 405 IGNATIANE;
2415 377 2478 390 -
2536 345 2735 406 PARS
2780 343 2858 406 Π.

144 1011 661 1068 adolescentulus
693 1015 978 1070 mentitus
1002 1015 1137 1070 est?
1163 1016 1290 1069 Non
1341 1031 1529 1086 pauca
1561 1013 1714 1069 enim
1762 1030 1830 1067 ex

140 1101 252 1155 his
287 1119 421 1172 quae
454 1103 728 1158 Socrates
762 1120 1068 1175 nunquam
1127 1104 1294 1171 dixit,
1353 1105 1442 1158 vir
1487 1103 1586 1158 ille
1618 1103 1831 1157 litteris

139 1191 492 1247 mandavit.
528 1214 556 1240 »
583 1193 730 1248 Cum
764 1193 945 1265 igitur
965 1194 1237 1249 Socrates
1269 1191 1584 1264 aliquando
1614 1192 1676 1246 in
1700 1190 1830 1245 dia-

143 1280 298 1353 logo
327 1282 603 1338 Platonis
636 1283 1034 1340 introducitur
1062 1285 1135 1339 de
1165 1285 1238 1339 iis
1290 1284 1468 1340 rebus
1507 1283 1828 1355 disserens,

144 1390 296 1445 quae
329 1379 470 1446 post
499 1375 914 1445 magistratum
976 1376 1243 1431 Lachetis
1282 1375 1677 1446 contigerunt,
1711 1390 1831 1428 non

141 1463 520 1535 potestinde
549 1464 747 1536 colligi
781 1465 1078 1520 Socratem
1099 1469 1348 1520 eamtate
1385 1465 1442 1518 in
1465 1464 1606 1518 vivis
1624 1464 1829 1532 fuisse,

141 1551 263 1607 sed
296 1552 615 1608 Platonem
648 1559 785 1625 post
815 1559 1069 1609 mortem
1093 1553 1350 1609 Socratis
1371 1553 1670 1624 dialogum
1693 1554 1831 1608 scri-

141 1641 378 1711 psisse,
412 1640 624 1711 illique
660 1658 812 1712 quos
831 1642 955 1713 ipse
973 1642 1160 1697 voluit
1189 1658 1496 1698 sermones
1523 1641 1828 1697 tribuisse~
1937 1653 2044 1707 pro
2073 1654 2178 1692 suo
2200 1641 2442 1695 modulo
2487 1642 2870 1713 archetypum
2903 1649 3071 1698 caute
3119 1650 3579 1716 repraasentans,

147 1730 387 1784 Omnes
447 1730 630 1800 igitur
677 1731 1112 1786 Socraticorum
1170 1731 1451 1804 epistolas
1499 1730 1572 1786 ab
1609 1731 1830 1786 Allatio
1937 1729 2058 1780 tam
2084 1726 2258 1783 facile
2299 1735 2475 1800 atque
2520 1731 2832 1786 manifeste
2888 1733 3229 1804 imposturm
3283 1739 3580 1802 teneatur,

150 1818 380 1887 editas,
418 1835 556 1874 cum
592 1820 859 1886 aliunde,
893 1826 1020 1876 tum
1054 1839 1126 1876 ex
1183 1827 1516 1892 temporum
1571 1821 1822 1890 ratione,
1855 1851 1901 1916 Β
1935 1820 2058 1870 tam
2081 1833 2237 1888 saape
2262 1823 2529 1889 tempora
2551 1820 3020 1888 confundat,tam
3046 1821 3284 1877 alienaa
3301 1824 3579 1893 martyris

149 1924 282 1962 non
307 1909 380 1963 ab
415 1909 491 1963 iis
521 1910 742 1980 quibus
766 1910 1106 1966 tribuuntur
1130 1910 1511 1981 scriptas,sed
1529 1909 1600 1965 ab
1619 1910 1816 1980 aliquo
1855 1903 1900 1916 ”
1931 1903 2199 1959 moribus
2234 1905 2446 1972 tradat,
2478 1913 2686 1963 auctor
2713 1909 3180 1964 Eusebianarum
3229 1907 3320 1964 vel
3349 1927 3417 1964 eo
3450 1911 3577 1981 ipso

143 1997 468 2070 philologo
497 1999 788 2054 conﬁctas
818 1999 1000 2054 fuisse
1032 2004 1282 2055 constat.
1928 2012 2100 2051 verus
2123 1997 2381 2069 lgnatius
2421 2006 2722 2070 appareat,
2757 2001 2915 2071 quod
2973 2007 3241 2074 tempora
3269 2017 3578 2072 nunquam

221 2087 424 2151 Quare
460 2104 595 2143 cum
621 2088 842 2160 scripta
889 2088 996 2143 sub
1027 2089 1242 2144 alienis
1265 2090 1607 2144 nominibus
1639 2089 1817 2160 edita,
1927 2085 2270 2154 confundat,
2303 2087 2459 2159 quod
2491 2089 2641 2144 nihil
2673 2090 2745 2146 ab
2780 2092 3002 2164 Ignatio
3053 2091 3316 2148 alienum
3347 2091 3576 2151 doceat.

2583 2201 2813 2256 CAPUT
2849 2201 2920 2259 II.

1926 2289 2324 2360 Argumentum
2359 2286 2549 2360 Dallavi
2595 2307 2628 2344 a
2688 2297 2932 2360 tempore
2988 2292 3215 2347 ductum
3271 2291 3570 2360 refellitur.

1994 2357 2248 2434 Ignatrius
2276 2359 2507 2434 nullum
2557 2357 2869 2434 hereticum
2916 2364 3246 2418 nominavit.
3306 2357 3571 2434 Cleobius,

1994 2431 2460 2506 sive__(_}leobitlus,_
2491 2432 2664 2501 primi
2721 2435 2911 2490 surculi
2967 2436 3272 2491 haereticus.
3334 2431 3572 2506 Insignis

1993 2500 2050 2577 S.
2087 2502 2411 2577 Hieronymi
2442 2500 2588 2577 locus
2615 2507 2736 2573 fuse
2789 2506 3121 2576 emmhcatur,
3170 2517 3219 2561 et
3271 2509 3340 2561 ab
3371 2500 3574 2577 impor-

1995 2573 2142 2648 tun‘is
2172 2573 2367 2648 pallaei
2395 2575 2727 2648 conjecturis
2777 2573 3117 2644 defenditur.
3184 2573 3571 2648 lgnatiusnon

1991 2643 2213 2719 scripsit
2255 2652 2455 2719 contra
2483 2643 2865 2719 _'Theodotum,
2921 2648 3016 2703 sed
3061 2643 3308 2704 heresim
3345 2652 3462 2719 ejus
3512 2652 3570 2704 in

1997 2713 2202 2768 Ebione
2231 2715 2534 2771 damnavit.

148 2191 218 2229 ac
251 2177 594 2247 praesertim
635 2177 920 2250 epistolas,
954 2178 1064 2232 hoc
1116 2177 1293 2232 modo
1351 2178 1602 2249 prodere
1632 2195 1694 2234 se
1725 2197 1815 2234 so-

146 2264 342 2332 leant,
378 2283 504 2320 non
535 2266 785 2323 minimo
839 2273 1184 2340 argumento
1242 2273 1352 2333 est,
1385 2269 1595 2340 Ignatii
1627 2270 1816 2325 nostri

151 2355 448 2428 epistolas
480 2357 772 2429 genuinas
803 2373 948 2425 esse,
971 2356 1129 2428 quod
1161 2357 1314 2412 nihil
1344 2358 1404 2412 in
1428 2357 1544 2413 illis
1568 2359 1815 2429 reperiri

147 2447 365 2518 possit,
403 2447 565 2518 quod
587 2449 762 2503 aliam
796 2465 900 2502 seu
930 2449 1321 2520 posteriorem
1345 2453 1579 2503 (etatem
1603 2450 1812 2521 sapiat,

148 2539 315 2610 quod
339 2545 480 2612 post
511 2543 577 2594 lO
599 2541 834 2613 Trajani
891 2557 1117 2598 annum
1170 2541 1417 2613 scriptas
1448 2542 1630 2597 fuisse
1661 2541 1814 2597 evin-

146 2638 264 2687 cat.
299 2631 566 2687 Dallaaus
599 2631 882 2703 epistolas
911 2632 1070 2704 ipsas
1093 2655 1120 2682 «
1153 2632 1601 2688 accuratissime
1625 2633 1812 2704 inspi-

144 2720 340 2790 ciens,
377 2726 439 2775 et
470 2720 923 2792 diligentissime
957 2722 1201 2791 rimans,
1236 2743 1265 2771 »
1296 2721 1446 2775 nihil
1478 2721 1672 2777 adhuc
1700 2721 1813 2776 hu-

137 2810 240 2881 jus
271 2810 543 2883 generis,
573 2816 639 2865 ut
668 2827 802 2866 mox
834 2810 1240 2878 ostendemus,
1273 2810 1538 2868 offendit.
1567 2810 1732 2877 Quod
1763 2812 1812 2866 si

143 2901 243 2954 hic.
271 2902 814 2972 circumspectator
835 2916 970 2955 cum
992 2899 1297 2955 emissitiis
1318 2899 1500 2956 oculis
1522 2899 1638 2955 tale
1660 2899 1812 2954 nihil

146 2989 429 3044 invenire
462 2989 676 3060 Ροῑαίῐν
711 2988 1096 3044 metuendum
1128 3005 1248 3043 Ποῐι
1303 2989 1414 3044 erit
1469 3005 1544 3044 ne
1593 2989 1665 3044 ab
1695 2989 1811 3045 alio
1919 2999 2064 3054 nino
2083 3000 2156 3055 ad
2181 3017 2385 3057 earum
2408 3005 2817 3060 auctoritatem
2844 3006 3316 3062 imminuendam
3335 3007 3450 3062 vim
3465 3008 3566 3063 ha-

145 3085 364 3168 postea
396 3077 459 3133 id
489 3077 613 3133 ﬁat.
647 3077 869 3168 Quibus
899 3077 1361 3168 adisenteutialu
1384 3083 1647 3134 nostram
1667 3095 1809 3168 9011-
1919 3087 2060 3144 bere
2083 3091 2415 3160 ostendam,
2449 3094 2658 3150 eodem
2688 3095 2895 3151 ordine
2947 3113 3064 3166 quo
3096 3096 3197 3150 ille
3220 3097 3567 3168 perscripsit

149 3167 517 3223 ﬁrmandam
550 3167 893 3240 praelibatis,
927 3167 1000 3223 ad
1033 3184 1101 3222 ea
1140 3167 1362 3238 aliquid
1397 3167 1809 3240 reponendum
1838 3222 1880 3256 η
1920 3178 2261 3251 singulatim
2293 3183 2492 3236 omnia
2514 3199 2858 3255 persequar.
2888 3185 3101 3256 Incipit
3128 3167 3328 3240 autem
3374 3167 3566 3241 abiar-

393 3222 396 3223 ν
449 3222 452 3223 ν
550 3222 570 3240 ι
655 3222 662 3223 ,
771 3222 792 3223 η
882 3222 893 3234 ,
935 3222 940 3223 κ
1239 3222 1280 3238 ιν
1443 3222 1481 3240 -,
1520 3222 1526 3223 κ
1921 3222 2261 3251 “nomen...
2293 3222 2492 3236 νωμη.
2514 3222 2858 3255 remur“...
2889 3222 3328 3256 ...νιμυαυυυω
3374 3222 3446 3240 (ιν
3468 3222 3566 3241 ιιι-

147 3257 497 3328 est,quibus
524 3257 775 3328 probare
807 3256 1016 3312 nititur
1045 3258 1134 3311 vir
1164 3257 1563 3323 doctissimus,
1586 3259 1807 3330 episto-
1838 3222 1880 3289 θ
1917 3274 2199 3339 gumento
2232 3286 2265 3324 ει
2286 3275 2553 3342 tempore
2617 3273 2815 3343 ducto,
2877 3279 2937 3328 et
2967 3275 3160 3346 capite
3210 3276 3276 3328 10
3305 3274 3568 3330 affirmat

146 3345 227 3400 las
249 3347 476 3419 Ignatii
537 3347 789 3401 Eusebio
847 3349 1200 3418 cognitas,et
1227 3352 1312 3401 tot
1337 3347 1572 3402 saeculis
1601 3365 1807 3419 appro.
1920 3378 1947 3406 «ι
1980 3374 2100 3410 non
2123 3375 2309 3428 pauca
2339 3361 2558 3430 passim
2610 3379 2920 3417 occurrere
2949 3345 3080 3434 quas
3138 3369 3349 3419 statam
3381 3370 3560 3435 atque

146 3435 338 3504 batas,
373 3455 482 3492 nec
517 3438 674 3492 aetati
708 3454 824 3507 qua
853 3437 1109 3508 scriptm,
1141 3453 1252 3491 nec
1282 3438 1388 3491 viri
1422 3455 1455 3492 a
1485 3455 1601 3508 quo
1635 3439 1807 3493 editas

148 3541 277 3582 esse
313 3526 619 3586 dicuntur.
651 3527 889 3597 ingenio
917 3532 976 3580 et
1004 3525 1271 3581 moribus
1315 3542 1660 3598 congruere.

213 3616 333 3671 Sed
393 3616 745 3686 priusquam
795 3615 868 3671 ad
934 3622 1282 3687 argumenta
1331 3616 1804 3672 adversariorum

146 3705 501 3760 ventilanda
533 3721 626 3760 me
659 3705 985 3777 accingam,
1017 3721 1137 3759 non
1169 3721 1410 3777 possum
1436 3723 1557 3760 non
1607 3706 1804 3761 obser-

148 3809 280 3850 rare
328 3793 644 3860 Dallaaum,
695 3794 798 3865 qui
842 3794 1134 3867 lgnatium
1178 3794 1550 3866 epistolicnm
1584 3795 1643 3849 in
1674 3796 1802 3867 ipso

146 3884 345 3954 operis
369 3883 464 3938 sui
493 3883 701 3938 limine
736 3883 904 3954 quasi
937 3884 1263 3954 Geryonem
1285 3883 1570 3955 depinxit,
1606 3885 1667 3940 in
1687 3885 1800 3940 dis-

1994 2821 2066 2874 Ut
2095 2837 2164 2876 ea
2222 2838 2353 2892 quas
2412 2824 2499 2878 vir
2528 2824 2907 2882 doctissimus
2965 2827 3244 2882 adversus
3282 2827 3564 2898 epistolas

1921 2909 2173 2965 Eusebio
2204 2912 2468 2984 cognitas
2518 2930 2586 2969 ex
2617 2915 2762 2986 ipsis
2793 2915 3138 2984 observavit,
3171 2916 3396 2972 nullam
3441 2933 3566 2973 om-

1914 3445 2222 3501 immotam
2254 3453 2587 3520 temporum
2622 3451 2820 3518 fidem,
2853 3454 3248 3508 certissimum
3298 3453 3562 3508 veritatis

1911 3536 2214 3608 κριτήριον,
2273 3539 2524 3607 graviter
2569 3539 2811 3610 pulsant
2864 3559 2933 3597 ac
2989 3543 3345 3598 convellunt.
3383 3565 3410 3593 »
3445 3549 3558 3615 Ego

1912 3640 2100 3679 veroe
2131 3627 2428 3680 contrario
2487 3644 2709 3698 assero,
2760 3630 2821 3683 in
2871 3631 3023 3686 fictis
3081 3638 3138 3686 et
3185 3631 3558 3703 interpolatis

1911 3714 2370 3784 quamplurima,
2405 3717 2507 3770 sed
2530 3733 2722 3787 neque
2753 3720 2974 3789 passim
3007 3737 3199 3789 neque
3224 3737 3341 3775 non
3372 3737 3560 3791 pauca

1909 3801 2263 3867 istiusmodi,
2304 3804 2419 3858 imo
2452 3804 2623 3875 plane
2645 3822 2712 3860 ac
2734 3823 2976 3876 prorsus
2997 3809 3162 3862 nulla
3193 3809 3252 3862 in
3286 3809 3554 3879 epistolis

1909 3905 2056 3959 quas
2078 3892 2265 3946 nostri
2297 3892 3043 3965 defendunt,reperiri.Sed
3066 3918 3094 3945 «
3115 3912 3318 3950 earum
3341 3903 3552 3951 auctor

146 3971 414 4042 putando
445 3972 854 4044 bicorporeum
889 3972 1087 4044 plane,
1111 3972 1200 4027 vel
1235 3973 1661 4043 tricorporeum
1693 3991 1795 4045 ap-

146 4077 378 4130 parere,
409 4067 469 4116 et
488 4067 840 4133 argumenta
888 4078 993 4117 sua
1043 4066 1167 4115 tum
1200 4068 1408 4117 contra
1438 4063 1798 4120 Eusebianas

146 4155 373 4204 veteres
397 4149 700 4220 epistolas,
725 4154 850 4203 tum
874 4151 1618 4217 contracommentitias,et
1637 4152 1798 4222 ipsas

146 4238 324 4293 etiam
357 4237 852 4309 interpolationes
874 4237 1146 4295 fabricari
1173 4244 1351 4310 atque
1380 4239 1634 4312 dirigere
1657 4256 1670 4306 ;
1694 4239 1796 4295 ad-

146 4343 332 4399 eoque
365 4343 488 4382 non
520 4333 747 4382 tantum
778 4327 1059 4384 adversus
1083 4330 1382 4384 Usserium
1406 4335 1464 4384 et
1484 4331 1798 4385 Hammon-

143 4414 304 4484 dum,
343 4417 451 4472 sed
483 4423 540 4471 et
571 4423 777 4473 contra
809 4418 1504 4487 Baronium,Halloixium
1527 4419 1796 4490 aliosque

145 4522 207 4560 ex
252 4507 483 4562 Latinis
541 4508 820 4577 militare,
870 4525 1029 4564 nunc
1069 4509 1182 4578 his,
1225 4526 1384 4564 nunc
1415 4510 1535 4564 illis
1559 4509 1792 4582 alapam

144 4594 492 4668 impingere.
528 4597 645 4651 lloc
693 4603 889 4653 autem
939 4603 1059 4654 tam
1110 4599 1382 4670 perplexe
1432 4599 1591 4665 facit,
1623 4605 1690 4654 ut
1737 4593 1870 4657 etD
1902 4603 2336 4658 contendimus.
2399 4607 2672 4670 Rursum,
2707 4628 2733 4656 «

145 4682 432 4741 lectorum
475 4686 664 4740 oculis
705 4687 986 4743 nebulam
1035 4687 1337 4757 obtendat,
1380 4695 1439 4744 et
1481 4690 1791 4744 sententia)

146 4782 361 4829 nostras
394 4791 551 4845 smpe
611 4776 859 4831 insidias
919 4782 1154 4842 struat;
1205 4777 1346 4832 dum
1406 4779 1791 4848 Eusebianas,

146 4881 281 4935 quas
311 4865 504 4921 nostri
539 4867 828 4938 genuinas
874 4883 1004 4922 esse
1063 4868 1452 4939 contendunt,
1487 4885 1607 4924 non
1657 4869 1791 4925 aliis

145 4957 318 5010 armis
353 4955 614 5026 dejicere
645 4961 915 5022 conatur,
941 4973 1122 5027 quam
1155 4955 1226 5011 iis
1256 4959 1477 5029 quibus
1527 4959 1792 5030 interpo-

144 5039 391 5099 lationes
421 5043 724 5114 rejiciunt,
758 5050 816 5099 et
845 5061 1028 5101 novas
1057 5052 1116 5100 et
1165 5047 1606 5102 commentitias
1665 5048 1788 5119 epi-

145 5134 313 5188 stolas
346 5139 660 5204 respuunt.
694 5135 1015 5189 Proﬂtetur
1060 5136 1186 5206 ipse
1219 5153 1281 5191 se
1310 5159 1337 5185 ‹‹
1395 5137 1506 5191 hoc
1538 5138 1786 5209 lgnatia-

144 5234 341 5277 narum
363 5222 749 5293 epistolarum
760 5223 1061 5295 negotium
1091 5224 1269 5279 simul
1293 5225 1594 5296 semelque
1614 5232 1791 5286 totum

145 5313 386 5367 tractare
436 5333 466 5362 ιο
525 5311 698 5377 velle,
734 5311 894 5382 quod
950 5329 1060 5369 nos
1113 5319 1171 5369 et
1228 5331 1378 5387 aegre
1419 5316 1686 5387 ferimus,
1729 5324 1786 5374 et

145 5400 378 5454 minime
411 5399 540 5455 fieri
569 5399 847 5456 debuisse
880 5401 1312 5458 contendimus.
1348 5405 1480 5460 Haec
1509 5407 1670 5462 enim
1692 5425 1782 5463 re-

1907 3979 1978 4035 de
2011 3981 2213 4035 multis
2237 3982 2531 4037 haereticis
2561 3988 2738 4052 atque
2768 3983 3095 4039 hmresibus
3117 3985 3546 4055 postmartyris

1906 4069 2146 4124 demum
2165 4077 2417 4126 mortem
2438 4073 2678 4140 exortis,
2714 4073 2931 4142 passim
2956 4073 3274 4143 loquitur.»
3305 4075 3392 4128 Ita
3419 4073 3545 4129 ille.

1905 4159 2019 4212 Nos
2049 4165 2246 4214 autem
2279 4176 2414 4214 cum
2446 4160 2696 4216 Eusebio
2725 4161 3142 4231 antiquitatum
3192 4161 3548 4218 ecclesiasti-

1906 4265 2109 4303 carum
2142 4249 2504 4320 peritissimo
2535 4251 2810 4318 fatemur,
2845 4252 3136 4322 lgnatium
3166 4252 3397 4322 aliquas
3426 4252 3553 4308 hai—

1905 4352 2067 4391 reses
2097 4336 2651 4406 perstrinxisse,sed
2682 4354 2782 4393 eas
2811 4338 3242 4406 tantummodo,
3263 4356 3393 4410 quae
3415 4344 3554 4395 tunc

1905 4426 2352 4496 temporis,cum
2385 4426 2484 4481 ille
2511 4427 2832 4498 scripsit.et
2851 4434 3170 4498 antequam
3201 4431 3553 4501 martyrium

1905 4531 2116 4584 passus
2137 4520 2243 4578 est,
2266 4521 2482 4570 exortae
2503 4517 2741 4571 fuerant
2765 4533 2778 4581 ;
2814 4517 2992 4587 idque
3020 4519 3393 4574 verissimum
3419 4535 3546 4574 esse

2799 4607 3110 4676 quosdam,
3157 4609 3371 4679 inquit,
3421 4609 3550 4679 ejus

1899 4693 2211 4748 commatis
2238 4694 2510 4749 nominat
2539 4695 2779 4764 diserte,
2814 4701 2871 4750 et
2923 4714 3070 4767 quos
3102 4715 3222 4753 non
3257 4698 3547 4764 nominat,

1902 4797 2106 4836 eorum
2130 4787 2330 4836 tamen
2353 4781 2628 4853 dogmata
2651 4784 2734 4838 ita
2753 4784 2930 4854 plane
2951 4802 3018 4840 ac
3041 4788 3350 4857 perspicue
3369 4787 3549 4841 inter-

1901 4870 2040 4926 dum
2075 4872 2334 4942 exponit,
2358 4876 2424 4925 ut
2469 4888 2618 4941 quos
2651 4873 2941 4944 intelligat
2961 4873 3218 4928 dubitari
3243 4891 3361 4928 non
3410 4890 3549 4944 pos-

1899 4962 1993 5014 sit.
2027 4980 2050 5010 ι
2084 4962 2200 5015 Nos
2227 4965 2546 5030 utrumque
2567 4960 2752 5016 libere
2805 4967 2862 5016 et
2903 4967 3104 5033 aperte
3153 4962 3368 5019 falsum
3418 4979 3545 5018 esse

1898 5047 2151 5103 dicimus
2177 5064 2190 5102 :
2215 5054 2272 5102 et
2294 5047 2599 5117 hucusque
2621 5049 3018 5104 assertionum
3051 5051 3212 5107 nuda
3241 5051 3542 5108 contentio

1898 5144 1988 5192 est
2019 5153 2033 5202 ;
2057 5137 2140 5192 ait
2162 5135 2282 5204 ille,
2309 5152 2418 5190 nos
2450 5153 2754 5207 negamus.

1967 5226 2231 5280 Priorem
2263 5224 2531 5278 ordinem
2562 5226 2739 5280 unico
2768 5227 2879 5281 hoc
2909 5232 3258 5299 argumento
3289 5228 3538 5300 probare

1894 5317 2140 5371 nititur:
2168 5315 2565 5387 Epistolarum
2623 5323 2830 5372 auctor
2859 5341 2887 5368 ‹‹
2922 5319 3213 5387 Basilidis,
3254 5319 3539 5376 Theodoti

1894 5411 1952 5460 et
1980 5405 2243 5462 Cleobuli
2265 5404 2388 5460 edit
2408 5405 2653 5460 nomina
2683 5407 2745 5460 in
2776 5407 3026 5476 epistola
3072 5409 3144 5464 ad
3190 5410 3539 5466 Trallianos.

146 5501 261 5542 rum
295 5489 542 5545 confusa
573 5489 848 5544 tractatio
891 5506 1011 5544 nou
1043 5497 1271 5546 tantum
1306 5493 1448 5548 mihi
1481 5496 1782 5566 negotium
1889 5498 1962 5550 At
1988 5496 2096 5550 hos
2128 5501 2248 5549 tres
2278 5501 2411 5566 post
2440 5495 2647 5562 lgnatii
2682 5497 3029 5567 martyrium
3061 5499 3328 5570 erupisse
3375 5505 3537 5557 certo

145 5572 367 5633 facessit
395 5580 487 5634 cui
543 5583 838 5651 perpetua
890 5578 1294 5653 distinguendi
1343 5587 1400 5638 et
1445 5585 1703 5656 genuina
1749 5602 1784 5642 a

145 5666 344 5734 spuriis
373 5666 854 5732 discriminandi,
913 5666 1023 5723 hac
1069 5670 1402 5740 praesertim
1466 5673 1780 5742 posteriori

1890 5589 2142 5640 constat.
2175 5606 2203 5635 »
2248 5585 2326 5638 De
2359 5584 2774 5640 haereticorum
2805 5585 3018 5642 horum
3038 5592 3209 5644 {etate
3240 5605 3398 5646 nunc
3412 5607 3536 5650 non

1891 5673 2150 5744 disputo,
2173 5672 2244 5730 de
2294 5673 2548 5732 Basilide
2570 5680 2778 5748 postea
2805 5680 3047 5736 acturus
3083 5695 3098 5748 ;
3127 5677 3274 5737 illud
3303 5683 3538 5748 tantum
