3974 6296
411 356 530 418 283
1467 363 1536 422 Β.
1581 351 1972 420 IGNATIUS.
2018 383 2097 397 --
2139 344 2758 411 PROLEGOMENA.
3703 349 3828 410 284

413 491 932 564 inpraesentiarum
961 512 1196 563 moneo,
1231 495 1389 568 quod
1419 495 1557 551 huic
1585 497 1935 567 argumento
1959 507 2052 546 re-
2084 492 2129 553 Α
2165 483 2408 550 mentio,
2440 480 2612 548 nihil,
2644 483 2709 535 ut
2746 478 2980 550 opinor,
3030 477 3204 552 cogit.
3231 500 3258 530 n
3311 480 3434 535 Imo
3469 496 3600 536 vero
3680 482 3838 554 cogit

414 581 670 638 fellendo
719 584 952 640 abunde
1014 586 1292 651 sufﬁciat,
1327 591 1631 641 auctorem
1674 582 2062 654 epistolarum
2171 573 2418 628 illustris
2450 570 2613 626 100118
2635 569 2945 654 Epiphanii
2980 568 3190 623 hEBPeSi
3241 572 3302 622 51
3343 586 3355 623 ε
3388 569 3571 632 Ἔνθεν
3637 570 3733 624 καὶ
3766 571 3817 623 οἳ

412 671 829 728 haareticorum
847 676 1142 730 neminem
1171 677 1476 731 nominare
1499 672 1853 741 voluisse,ab
1872 687 2054 726 eorum

2168 662 2292 736 περὶ
2326 660 2594 729 Κήρινθον
2624 658 2713 712 καὶ
2739 651 2971 714 Ἐϐίωνα
2995 655 3158 729 ψιλὸν
3178 658 3270 712 τὸν
3302 656 3589 731 ἃνθρωπον
3622 661 3820 714 κατὲσ-

414 762 682 816 omnium
743 764 1196 819 nomenclatura
1226 766 1297 819 de
1352 764 1645 818 industria
1665 761 2054 818 abstinuisse.

2168 750 2392 819 χον,οιαὶ
2420 750 2721 822 Μήρινθον,
2739 745 2829 800 καὶ
2854 741 3119 802 Κλεόϐιον
3146 744 3322 801 ε’ἰτουν
3349 743 3734 818 Κλεόϐουλον,
3770 750 3830 805 id

410 849 498 903 Ita
528 851 689 905 enim
714 851 840 922 ipse
861 852 1124 923 loquitur
1167 853 1238 908 de
1291 853 1586 908 haereticis
1623 852 1696 906 ad
1729 852 2062 921 Smyrnam
2173 848 2279 910 est,
2315 863 2342 893 α
2369 846 2426 896 et
2444 840 2745 895 Cleobium
2766 840 2882 892 sive
2904 838 3273 895 Cleobulum.
3305 863 3323 886 ι
3362 841 3493 894 Haec
3510 840 3666 895 enim
3684 842 3832 896 satis

412 939 826 994 scribens:Ta‘z
884 938 944 994 δὲ
992 940 1236 1013 ὀνόματα
1293 941 1468 996 αὐτῶν
1528 939 1658 994 ὄντα
1711 941 1912 994 ἄπιστα
1964 937 2054 992 οὐκ

2170 938 2371 1003 aperte
2389 929 2855 985 ostendunteum
2867 927 2999 982 dem
3016 929 3354 983 haereticum
3371 929 3443 983 ab
3463 928 3592 984 aliis
3606 930 3832 985 Cleobi-

410 1021 558 1096 ἕδοξὲ
583 1049 678 1099 μοι
699 1027 978 1103 ἐγγράψαι·
1014 1029 1160 1085 ἀλλὰ
1194 1029 1337 1104 μηδὲ
1364 1031 1576 1104 γένοιτό
1613 1029 1900 1102 μοιαύτῶν
1925 1047 2054 1100 μνη-

2171 1019 2371 1087 um,ab
2391 1018 2520 1073 aliis
2533 1016 2876 1072 Cleobulum
2891 1017 3185 1071 nominari
3206 1018 3540 1081 solitum,ut
3560 1020 3830 1074 eumdem

416 1115 655 1186 μονεύειν
693 1117 889 1192 μέχρις
924 1120 985 1172 οὗ
1019 1123 1449 1192 μετανοήσωσιν.
1506 1123 1681 1175 Vetus
1717 1120 2014 1189 interpres
2046 1135 2054 1171 :

2171 1109 2506 1163 hmreticum
2519 1107 2618 1162 alii
2639 1105 3112 1173 Saturnilum,alii
3128 1107 3826 1163 Saturninun‘ivocabant.

411 1225 441 1256 α
482 1206 733 1262 Nomina
763 1213 960 1263 autem
983 1210 1247 1280 ipsorum
1281 1210 1626 1265 exsistentia
1648 1209 1914 1263 inﬁdelia
1942 1225 2062 1262 non
2172 1201 2547 1255 Huncautem
2563 1196 3368 1263 Cleobium,siveCleobulum
3383 1215 3515 1253 cum
3537 1199 3761 1254 Ebione
3775 1206 3831 1253 et

414 1296 601 1350 visum
661 1304 750 1352 est
797 1299 943 1352 mihi
1005 1300 1366 1355 inscribere:
1402 1300 1503 1354 sed
1537 1315 1730 1369 neque
1788 1298 1889 1352 ﬁat
1919 1296 2062 1351 mihi
2172 1292 2452 1347 Cerintho
2495 1291 2792 1346 Christum
2844 1289 3071 1344 nudum
3125 1291 3428 1346 hominem
3475 1292 3828 1363 praedicasse

410 1383 677 1455 ipsorum
708 1388 1005 1443 recordari
1037 1406 1225 1459 usque
1286 1407 1401 1459 quo
1462 1389 1803 1459 paeniteant.
1839 1408 1867 1435 »
1898 1385 2064 1449 Quod
2171 1380 2759 1452 docetEpiphanius:
2791 1384 2851 1434 et
2871 1379 3138 1434 eamdem
3163 1379 3437 1435 haeresim
3461 1381 3826 1436 Theodotum

412 1474 594 1528 animi
638 1477 1008 1547 propositum
1060 1478 1332 1550 religiose
1364 1479 1423 1532 in
1450 1477 1696 1547 reliquis
1727 1477 1903 1530 etiam
1937 1475 2062 1544 epi-
2172 1468 2444 1524 docuisse
2461 1469 2748 1533 noscitur,
2772 1468 2866 1523 cui
2905 1467 3246 1523 Cleobulum
3268 1468 3538 1541 adjungit
3560 1470 3825 1542 interpo-

413 1563 580 1618 stolis
613 1567 998 1634 conservavit,
1027 1568 1172 1622 adeo
1216 1573 1280 1622 ut
1309 1568 1533 1623 nullius
1567 1582 1825 1637 unquam
1872 1565 2062 1619 haere-
2172 1559 2344 1614 lator.
2382 1559 2496 1614 Sua
2546 1560 2724 1630 igitur
2755 1558 3102 1613 Cleobulum
3136 1558 3467 1614 obscuritas
3501 1577 3619 1614 non
3654 1561 3823 1632 tegit.

412 1651 510 1705 tici
545 1652 806 1709 hominis
839 1673 1057 1710 nomen
1106 1657 1378 1712 ediderit.
1429 1659 1653 1711 Auctor
1708 1660 1866 1710 certe
1927 1653 2060 1723 epi-
2249 1650 2324 1703 De
2356 1647 2654 1704 Theodoto
2705 1653 2904 1703 autem
2937 1647 3206 1717 miniato,
3242 1649 3342 1718 qui
3376 1649 3451 1704 ad
3483 1665 3593 1704 nos
3643 1650 3818 1718 nihil,

415 1745 581 1799 stolae
608 1745 682 1800 ad
733 1746 1078 1812 Trallianos,
1133 1747 1160 1799 ὁ
1215 1743 1554 1819 δημιουργὸς
1620 1747 1719 1807 τῆς
1779 1741 2054 1806 θεσπεσίας

2170 1739 2353 1793 miras
2380 1738 2554 1793 nobis
2580 1737 2963 1792 difﬁcultates
2997 1744 3158 1792 creat
3215 1745 3273 1792 et
3303 1739 3507 1794 turbas
3538 1740 3817 1796 concitat.

409 1830 731 1902 ὶπιστολῆς,
763 1839 828 1889 ut
875 1835 1137 1906 loquitur
1176 1837 1478 1905 Synesius,
1511 1834 1847 1898 Basilidem,
1881 1834 2063 1888 Theo-
2092 1853 2140 1918 Β
2171 1828 2313 1918 Nam
2341 1826 2498 1896 quod
2536 1843 2671 1918 eum
2703 1825 2776 1880 ad
2827 1842 2885 1918 a.
2939 1827 3002 1881 D.
3040 1829 3141 1880 194
3171 1825 3390 1918 refert,
3405 1826 3550 1918 quid
3581 1827 3655 1882 ad
3688 1844 3816 1882 nos.

413 1922 616 1978 dotum
648 1928 748 1979 aut
805 1925 1152 1981 Cleobulum
1217 1941 1524 1995 nunquam
1557 1923 1904 1989 nominavit,
1952 1921 2056 1976 sed
2094 1915 2130 1918 “
2169 1916 2270 1985 qui
2301 1915 2788 1986 interpolatorem
2813 1915 3040 1985 aliquot
3061 1920 3194 1987 post
3217 1915 3449 1971 saeculis
3473 1921 3678 1971 natum
3710 1934 3818 1988 pu-

409 2013 835 2084 interpolator;
876 2037 903 2065 ‹‹
933 2014 1735 2086 omnisauteminterpolatio
1767 2013 2059 2084 posterior
2164 2005 2587 2070 tamus?Quod
2619 2005 2835 2060 clamat
2885 2004 3184 2060 Usserium
3244 2028 3271 2054 ‹‹
3334 2021 3401 2060 eo
3462 2005 3701 2072 ducere,
3752 2013 3813 2060 ut

409 2102 708 2158 credenda
739 2109 845 2171 est,
881 2127 908 2153 ››
958 2111 1022 2159 ut
1079 2105 1344 2174 loquitur
1372 2104 1789 2160 Tertullianus.
1841 2104 2057 2164 Eorum
2161 2093 2535 2150 Theodadem
2558 2112 2664 2164 pro
2681 2093 3225 2164 Theodot0,prmter
3255 2094 3525 2148 omnium
3549 2095 3815 2150 codicum

411 2193 655 2247 nomina
696 2193 756 2247 in
807 2193 1041 2248 laciniis
1073 2193 1228 2248 illius
1289 2193 1555 2265 epistolae
1607 2194 1762 2247 inter
1810 2191 2054 2245 miniata

2164 2184 2500 2238 Grazcorum
2528 2184 2986 2253 Latinorumque
3010 2182 3600 2254 ﬁdem,reponamus,
3630 2206 3656 2233 ›ι
3692 2202 3819 2239 ma-

410 2281 790 2350 reperiuntnr
823 2298 836 2346 ;
871 2283 931 2336 in
963 2283 1165 2337 codice
1197 2283 1625 2348 Florentinoﬁt
1655 2281 1857 2336 Latino
1881 2281 2058 2334 inter—
2161 2288 2332 2344 gnam
2358 2273 2478 2326 viro
2513 2272 3189 2343 integerrimoinjuriam
3208 2272 3817 2328 facit.Usseriuscerte

410 2376 575 2439 prete
599 2369 830 2426 sincero
862 2389 982 2427 non
1005 2376 1292 2443 apparent
1316 2389 1329 2437 ;
1363 2371 1436 2426 ad
1469 2370 1786 2427 Baronium
1807 2369 2056 2424 fortasse
2161 2361 2601 2432 interpolatoris
2623 2361 3034 2416 defensionem
3058 2378 3178 2415 non
3203 2361 3666 2433 suscepit,quem
3689 2363 3813 2433 ipse

412 2463 469 2513 et
499 2459 876 2529 Halloixium,
910 2461 984 2516 ad
1017 2478 1125 2515 nos
1156 2477 1276 2515 non
1309 2461 1551 2515 omnino
1591 2461 1910 2529 pertinent,
2161 2451 2390 2523 primus
2413 2451 2634 2504 detexit
2656 2456 2712 2506 et
2735 2450 3012 2517 conﬁxit;
3039 2467 3232 2520 neque
3269 2451 3592 2521 quidquam
3610 2458 3813 2507 contra

2162 2540 2432 2595 codicum
2458 2540 2635 2594 ﬁdem
2657 2539 2927 2603 fecit,sed
2950 2557 3055 2610 pro
3080 2539 3359 2612 singulari
3393 2557 3510 2610 qua
3541 2541 3627 2594 uti
3659 2541 3810 2594 sole-

2159 2628 2261 2683 bat
2291 2628 2618 2695 diligentia,
2652 2629 2917 2684 codicem
2950 2628 3368 2696 Baliolensem,
3402 2646 3521 2683 non
3543 2630 3811 2683 Theodo-

2162 2725 2308 2784 tum,
2343 2718 2446 2772 sed
2470 2718 2850 2772 Theododum
2882 2717 3101 2772 habere
3135 2718 3435 2781 indicavit,
3464 2718 3621 2787 quod
3645 2736 3811 2773 com—

2159 2823 2340 2861 mune
2399 2806 2628 2877 aliquid
2687 2824 2820 2861 cum
2879 2802 3070 2860 Θεὸαιδι
3117 2807 3334 2862 habere
3397 2808 3808 2863 tantummodo

2159 2897 2408 2950 monuit.
2440 2896 2832 2965 Iniquissima:
2865 2897 3042 2968 igitur
3072 2903 3209 2952 sunt
3251 2897 3699 2951 vociferationes
3751 2902 3810 2951 et

2160 2986 2494 3052 calumniae,
2529 2986 2742 3056 quibus
2774 2986 2962 3040 virum
3021 2987 3534 3042 accuratissimum
3580 2992 3807 3041 onerat.

483 2570 670 2637 Atque
692 2569 817 2622 haac
839 2568 913 2622 ad
939 2571 998 2622 IO
1019 2573 1195 2639 caput
1212 2567 1516 2639 responsio
1541 2567 1812 2622 sufﬁcere
1835 2571 2054 2638 posset,

410 2656 524 2709 nisi
545 2672 680 2711 cum
702 2656 807 2711 illa
831 2657 1011 2712 verba
1034 2674 1103 2712 ex
1134 2682 1153 2706 α
1192 2675 1296 2713 suo
1320 2657 1530 2729 lgnatii
1564 2657 1736 2712 simio
1764 2677 1790 2704 n
1815 2655 1889 2710 ad
1905 2655 2060 2710 Tral-

411 2745 603 2801 lianos
621 2746 894 2800 adducit:
922 2747 1167 2816 «Fugite
1185 2748 1362 2802 etiam
1387 2746 1573 2818 ipsius
1595 2745 1946 2814 nequissimi
1961 2760 2060 2798 ne-

411 2838 601 2905 potes,
633 2835 998 2891 Theodotum
1033 2841 1091 2891 et
1118 2836 1488 2904 Cleobulum,
1523 2857 1549 2885 »
1570 2835 1942 2889 occasionem
1967 2850 2055 2888 ar-

411 2925 461 2978 ri
469 2931 634 2995 peret
647 2926 950 2981 Usserium
966 2927 1143 2981 etiam
1159 2933 1217 2982 et
1233 2925 1664 2982 llammondum
1685 2923 2054 2996 suggillandi.

418 3031 442 3061 ι
475 3013 820 3081 Ceobulum,
848 3015 1258 3085 inquit.iistum
1282 3031 1388 3070 sua
1421 3014 1751 3070 obscuritas
1780 3015 1860 3068 ita
1892 3014 2054 3084 tegit,

401 3104 648 3173 utargui
673 3120 793 3158 non
819 3104 1024 3174 possit.
1047 3127 1074 3154 ››
1099 3106 1222 3160 lmo
1246 3121 1380 3158 vero
1402 3105 1550 3158 adeo
1569 3103 1950 3174 perspicuum
1971 3109 2059 3157 est
2232 3093 2609 3148 Sedcmovet»
2621 3094 2810 3148 virum
2827 3093 3236 3149 doctissimum
3258 3094 3810 3164 «Hieronymilocus

404 3191 752 3247 Cleobulum
786 3192 953 3247 illum
1003 3193 1160 3247 inter
1184 3193 1616 3248 vetustissimos
1674 3192 1981 3246 haereticos
2013 3208 2046 3246 a
2077 3231 2119 3299 Ο
2159 3185 2368 3236 contra
2417 3180 2748 3234 Helvidium
2794 3180 3172 3251 disputantis,
3233 3181 3452 3235 diserte
3513 3181 3806 3252 ignatium

404 3280 472 3299 an
529 3284 594 3299 πί
614 3286 626 3299 ι
673 3282 744 3299 ἰη
1041 3298 1048 3299 ,
1211 3283 1245 3299 ἰ
1315 3298 1345 3299 η
1410 3286 1470 3299 ur
1507 3281 1542 3299 νο
1586 3297 1701 3299 ξμᾼ-
1741 3298 1766 3299 ,,
1794 3281 1932 3299 _,__',,
1956 3297 1966 3299 _
2156 3270 2683 3299 ξηιΑν-ηπλειιηιζηλη
2707 3271 3020 3299 ηιι-ηζηιηνη...
3046 3271 3302 3299 πηξηαι-ιιννι
3327 3271 3804 3299 κΑΑΑ“ηΛ“⁴-ἒηη..ζ

401 3280 496 3336 ss,
529 3282 801 3336 patribus
839 3299 968 3336 esse
995 3283 1379 3346 recensitum,
1409 3286 1477 3335 ut
1497 3281 1543 3336 si
1576 3297 1712 3336 eum
1740 3281 2043 3336 nominas-
2078 3270 2119 3299 υ
2155 3271 2313 3325 inter
2328 3270 2686 3341 apostolicos
2707 3271 3022 3341 scriptores
3046 3271 3306 3342 primum
3327 3271 3806 3342 recensentisqui

403 3370 636 3440 setipse
659 3371 1139 3440 auctorepistolas
1165 3370 1239 3425 ad
1268 3370 1618 3437 Trallianos,
1643 3370 1965 3425 nullainde
1990 3371 2043 3424 ei
2153 3359 2431 3415 adversus
2471 3359 2778 3424 Ebionem.
2817 3366 2876 3414 ει
2923 3360 3288 3414 Τιιοοάοιιιῐι]
3348 3361 3711 3432 Byzantium.
3748 3370 3806 3417 ei

401 3457 474 3513 de
506 3459 859 3528 antiquitate
905 3459 977 3512 lis
1009 3459 1226 3513 moveri
1260 3464 1478 3530 posset.
1513 3458 1829 3514 Cleobulus
1862 3460 2043 3527 enim,
2154 3449 2532 3504 Valentinum
2563 3449 2946 3520 SCl‘iPSGI‘UDL
2979 3472 3008 3498 υ
3043 3450 3221 3504 Caute
3253 3450 3378 3504 11830
3431 3451 3710 3521 Primum,
3746 3458 3803 3506 et

399 3547 523 3602 sive
554 3547 847 3616 Cleobius,
883 3549 1137 3603 Simonis
1169 3548 1494 3619 discipulus
1525 3548 1672 3615 fuit;
1709 3549 1864 3604 unde
1887 3548 2048 3603 Cleo-
2153 3537 2702 3594 ίῐιάθίίῐιίίθεῐῐιονθῐ
2724 3538 3047 3607 hominem:
3082 3538 3187 3594 θεά
3208 3555 3469 3610 (Ιυονῐιοῐι
3491 3539 3750 3594 οδῖθηάίῑ
3785 3559 3797 3608 ;

402 3636 564 3691 biani
598 3653 732 3692 cum
773 3637 1150 3692 Dositheanis
1173 3642 1232 3693 et
1262 3638 1574 3693 Gorthenis
1604 3637 1852 3708 aliisque
1882 3639 2043 3692 anti-
2153 3628 2371 3699 uthid
2385 3634 2679 3699 Ρυῐθῑηοη
2697 3628 2888 3695 addit;
2910 3628 3209 3698 quidinde
3229 3629 3601 3701 colligatum
3617 3629 3802 3686 latere

404 3725 709 3797 quissimis
741 3727 1343 3782 haereticisnumerati
1366 3732 1523 3782 sunt.
1561 3729 1620 3782 Β.
1644 3727 2046 3782 Theodoretus
2152 3717 2355 3773 VOluit-
2381 3721 2468 3772 An
2489 3723 2766 3774 movetut
2782 3718 3073 3788 Ignotium
3097 3719 3253 3772 inter
3281 3718 3636 3789 apostolicos
3653 3720 3803 3774 scri-

401 3816 600 3869 Haaret.
627 3816 744 3884 fab.
782 3816 884 3871 lib.
918 3834 957 3884 ι,
981 3833 1109 3888 cap.
1145 3821 1196 3885 1,
1228 3815 1302 3871 de
1332 3816 1691 3872 Simonianis
1723 3833 1736 3870 :
1773 3813 2047 3883 Ἐκτῆσδε
2153 3812 2351 3878 ptores
2375 3825 2497 3863 non
2528 3824 2968 3874 numeres,cum
2989 3808 3382 3879 Hieronymus
3406 3808 3528 3879 ipse
3552 3825 3688 3863 eum
3721 3808 3803 3863 di-

397 3909 501 3971 τῆς
559 3902 896 3977 πικροτάτης
949 3903 1254 3982 ἀνεφύησαν
1320 3903 1478 3980 ῥίζης
1537 3898 1835 3960 Κλεοδανοί
1897 3905 2045 3978 [lege

2161 3902 2308 3951 serte
2332 3897 2489 3951 inter
2511 3896 2749 3951 eosdem
2772 3896 3092 3951 numeret?
3112 3898 3200 3950 An
3220 3897 3802 3952 movetutexistimes

398 3988 752 4067 Κλεοϐιανοί]
783 3995 1115 4064 Δοσιθεανοὶ,
1149 3994 1438 4068 Γορθηνοὲ,
1471 3989 1801 4062 Μασϐὀθεοι,
1837 3993 2048 4068 Ἁδρια-

2161 3986 2641 4057 interpolatorem
2660 4003 2880 4041 nomen
2910 3985 3245 4057 prodidisse
3268 3986 3552 4041 Theodoti
3574 3988 3803 4058 Ignatio

399 4083 598 4150 νισταὶ,
635 4083 970 4158 Εὐτυχηταὶ,
1006 4085 1279 4140 Κανισταί.
1308 4091 1379 4141 Et
1409 4085 1510 4139 lib.
1538 4103 1598 4151 ιι,
1621 4102 1676 4142 c.
1715 4090 1764 4152 1,
1796 4086 1898 4140 ubi
1928 4091 2044 4140 tes-

2161 4076 2428 4145 iunioris,
2477 4075 2636 4146 quod
2692 4093 2868 4131 nemo
2918 4081 3187 4131 nostrum
3221 4081 3396 4148 negat
3424 4075 3451 4130 Ἰ
3479 4078 3567 4130 An
3609 4082 3808 4131 movet

400 4178 561 4228 tatur
590 4175 774 4229 Deum
825 4175 1176 4230 zizaniorum
1225 4191 1501 4246 magnam
1534 4180 1759 4245 partem
1793 4175 1854 4229 in
1892 4175 2048 4228 triti-
2153 4174 2547 4243 Hieronymus
2604 4179 2672 4228 ut
2722 4174 2834 4228 hoc
2888 4179 3084 4244 putes,
3146 4173 3244 4243 qui
3292 4172 3804 4244 interpolatorem,

403 4278 538 4316 cum
565 4264 944 4333 convertisse,
996 4264 1122 4319 haec
1152 4264 1329 4319 habet
1363 4280 1376 4318 :
1409 4264 1514 4317 Καὶ
1570 4266 1902 4336 μαρτυροῦσι
1955 4262 2046 4317 καὶ
2151 4268 2356 4333 utpote
2379 4261 2954 4332 semultojuniorem
2973 4278 3279 4332 nunquam
3296 4262 3802 4334 vidit?Utcunque

402 4347 598 4412 πόλεις
628 4349 719 4403 καὶ
741 4354 925 4421 κῶμαι
983 4352 1074 4405 καὶ
1129 4356 1236 4406 τῶν
1301 4350 1550 4421 Σίμωνος
1577 4349 1664 4404 καὶ
1696 4354 1803 4404 τῶν
1835 4351 2044 4406 Μενάν-

2161 4351 2651 4422 sit,undecunque
2682 4357 2786 4406 aut
2807 4367 3165 4422 quocunque
3197 4357 3497 4406 moveatur
3524 4351 3800 4421 Dallaaus,

404 4434 557 4511 δρου,
589 4437 681 4492 καὶ
740 4434 1027 4509 Κλεοϐίου,
1084 4441 1174 4495 καὶ
1232 4437 1511 4506 Δοσιθέου,
1550 4440 1642 4494 καὶ
1673 4438 1924 4513 Γορθέου,
1955 4441 2045 4494 καὶ

2161 4447 2212 4495 et
2242 4442 2512 4496 Usserius
2535 4447 2594 4496 et
2633 4441 3038 4496 Hammondus
3086 4440 3341 4512 vapulat.
3401 4442 3589 4506 Prior,
3645 4442 3806 4512 quod

406 4524 720 4598 Ἀδριανοῦ,
753 4528 843 4582 καὶ
877 4528 1233 4604 Σατορνίλου,
1292 4531 1382 4584 καὶ
1438 4524 1758 4592 Βασιλίδου,
1792 4528 1882 4583 καὶ
1915 4529 2047 4586 Ἰσι-

2161 4552 2182 4579 [‹
2207 4529 2473 4585 videatur
2495 4530 2916 4601 Hieronymum
2935 4547 3146 4602 capere
3171 4547 3291 4585 non
3315 4529 3386 4585 de
3404 4529 3806 4601 epistolis,sed

410 4613 610 4693 δώρου,
644 4617 733 4672 καὶ
767 4622 1206 4693 Καρποκρίτους,
1250 4619 1340 4673 καὶ
1402 4618 1751 4692 Ἐπιφάνους,
1800 4619 1888 4673 καὶ
1937 4622 2048 4674 τῶν

2161 4618 2230 4673 de
2261 4618 2374 4673 alio
2391 4619 2591 4690 aliquo
2609 4600 2818 4690 lgnatii
2842 4600 3370 4690 operequodillius
3401 4600 3524 4674 aevo
3559 4621 3803 4674 exstite-

412 4704 599 4762 ἄλλων
651 4707 980 4778 ἁπαξαπλῶς
1011 4714 1118 4763 τῶν
1171 4709 1436 4764 τοιούτων
1467 4707 1718 4776 ζιζανίων
1751 4706 2045 4782 ἀπηλλαγ-

2161 4707 2251 4771 rit,
2284 4711 2486 4761 nostro
2509 4705 2901 4761 desideretur.
2939 4729 2966 4754 ››
3000 4709 3074 4760 At
3099 4706 3366 4760 Usserius
3389 4705 3460 4760 de
3493 4706 3593 4760 tali
3623 4723 3805 4777 opere

409 4794 811 4869 piévatAuctor
831 4802 1146 4870 Imperfecti
1175 4801 1351 4868 operis
1382 4797 1441 4851 in
1472 4797 1815 4867 Matthzum,
1840 4799 2043 4855 homil.
2154 4793 2305 4848 nihil
2335 4793 2745 4849 tantummodo
2787 4794 2892 4862 ait,
2949 4793 3008 4847 id
3059 4794 3215 4863 quod
3267 4795 3638 4849 verissimum
3673 4812 3803 4850 esse

400 4888 468 4941 48
494 4903 507 4941 :
541 4910 569 4938 α
597 4889 895 4945 Venerunt
914 4889 1072 4944 enim
1094 4887 1405 4942 Dositheus
1427 4892 1484 4940 et
1506 4887 1710 4942 Simon
1732 4893 1791 4943 et
1809 4888 2046 4944 Cleonis
2155 4899 2361 4938 omnes
2393 4881 2723 4938 concedent
2747 4899 2759 4936 :
2789 4904 2815 4933 ‹‹
2849 4882 2906 4936 Si
2937 4881 3217 4936 Theodoti
3245 4882 3566 4937 Coriariiin
3597 4882 3802 4954 aliquo

404 4976 542 5046 [lege
572 4977 889 5048 Cleobius].
923 4980 1056 5032 Haec
1088 4977 1174 5031 illi
1205 4993 1273 5030 ex
1296 4975 1712 5046 antiquissimo
1735 4993 1933 5032 rerum
1958 4994 2047 5033 ec-
2155 4989 2332 5044 opere
2347 4990 2566 5029 nomen
2583 4972 3156 5045 lgnatiipraaferente
3179 4972 3333 5028 facta
3354 4973 3532 5028 fuerit
3553 4976 3801 5034 mentio.

405 5065 870 5122 clesiasticarum
921 5067 1207 5136 scriptore
1260 5065 1606 5136 Hegesippo,
1667 5067 1820 5137 apud
1861 5069 2047 5122 Euse-
2154 5064 2471 5118 manifesta
2496 5058 2898 5137 ψευδογραῳίας
2931 5077 3003 5116 ex
3035 5062 3162 5132 ipsa
3196 5067 3528 5132 temporum
3555 5065 3804 5118 convin-

399 5155 564 5211 bium
598 5157 701 5215 lib.
748 5175 818 5226 ιν,
853 5174 902 5212 c.
937 5159 1022 5219 22,
1059 5155 1159 5224 qui
1217 5154 1517 5211 Cleobium
1568 5157 1723 5211 hunc
1757 5157 1816 5211 in
1855 5158 2047 5228 prima,
2154 5159 2322 5207 catur
2353 5154 2603 5209 ratione.
2641 5176 2668 5202 υ
2698 5155 2821 5208 Non
2853 5152 3109 5208 asseruit
3135 5152 3251 5207 tale
3283 5169 3429 5224 opus
3462 5154 3808 5226 Hieronymi

407 5245 821 5301 haereticorum
850 5245 1038 5300 classe
1070 5243 1320 5299 collocat
1353 5263 1366 5299 :
1401 5244 1518 5322 Ἀφ’
1575 5245 1648 5298 ὦν
1684 5243 2045 5319 Σίμων,·ὅθεν
2154 5246 2324 5297 astate
2356 5243 2672 5308 exstitisse,
2732 5259 2852 5296 non
2911 5242 3059 5297 alios
3090 5242 3314 5313 lgnatio
3349 5241 3533 5296 libros
3572 5244 3810 5300 afﬁnxit

403 5335 765 5406 Σιμωνιανοὶ,
797 5332 886 5386 καὶ
921 5328 1204 5399 Κλεόϐιος,
1237 5333 1358 5396 ὃθεν
1392 5329 1735 5401 Κλεοϐιανοὶ,
1765 5334 1857 5389 καὶ
1889 5336 2043 5389 Δοσί-

2161 5333 2446 5400 Usserius,
2479 5338 2542 5387 ut
2561 5333 2896 5387 frustranea
2917 5331 3093 5402 plane
3121 5332 3199 5385 sit
3240 5337 3365 5387 tota
3381 5332 3507 5386 haec
3525 5333 3808 5391 adversus

402 5434 544 5487 θεος,
575 5423 696 5485 ὅθεν
753 5422 1088 5479 Δοτιθεαγοί.
1120 5423 1392 5479 Cleobius
1423 5425 1600 5497 igitur
1643 5425 1869 5480 Simoni
1901 5442 2046 5496 syn-

2161 5436 2291 5475 eum
2325 5421 2593 5477 instituta
2621 5420 2963 5491 disputatio.
2993 5421 3062 5473 Et
3092 5436 3226 5474 cum
3265 5436 3496 5475 errores
3517 5422 3806 5479 Theodoti

401 5518 660 5573 chronus
687 5514 1050 5586 ipsolgnatio
1067 5519 1323 5585 martyre
1337 5514 1641 5584 antiquior
1666 5513 1917 5569 fuit.Sed
1939 5534 1966 5562 ‹‹
1982 5519 2047 5569 ut
2154 5510 2217 5564 in
2244 5510 2337 5564 his
2359 5510 2623 5582 epistolis
2639 5510 3009 5582 apertissime
3039 5508 3286 5564 refutari
3308 5510 3411 5576 ait,
3445 5526 3519 5564 ne
3552 5511 3611 5566 id
3671 5515 3806 5584 qui-

400 5608 559 5663 hunc
591 5605 931 5661 Cleobulum
963 5603 1259 5671 eumdem,
1285 5603 1498 5673 inquit,
1531 5620 1665 5657 cum
1688 5601 1923 5658 Cleobio
1943 5603 2044 5657 illo
2155 5598 2620 5671 demquisquam
2642 5604 2836 5672 negat.
2859 5597 3232 5653 Nulliautem
3253 5599 3600 5655 aliierrores
3614 5601 3801 5658 Theo-

399 5700 586 5765 fuisse
610 5703 908 5777 putemus,
932 5696 1103 5768 cujus
1125 5694 1192 5750 ﬁt
1215 5691 1533 5761 aliquoties
1555 5691 1712 5764 apud
1727 5695 2046 5765 scriptores
2155 5687 2278 5742 doti
2310 5689 2370 5743 in
2400 5688 2516 5744 illis
2537 5689 2888 5757 refutantur,
2912 5687 3028 5743 nisi
3061 5687 3159 5757 qui
3192 5686 3267 5742 ad
3291 5688 3601 5746 Ebionaaos
3619 5693 3808 5762 perti-
