3974 6296
178 402 295 463 ιω

920 402 978 465 J.
1026 402 1442 465 PEARSONII
1485 401 1857 508 VlNDICIIE
1899 402 2378 465 IGNATIANAE.
2428 437 2504 448 —-
2547 403 2752 465 PARS
2797 403 2871 464 ll.

3489 400 3607 460 286

183 533 424 602 nabant,
458 539 521 590 ct
549 532 845 590 Ebionem
876 534 1050 592 simul
1081 552 1216 592 cum
1237 513 1538 593 Theodoto
1580 536 1850 592 nominat
1877 537 1932 605 Α
1964 537 2062 608 qui
2081 535 2181 590 diu
2195 541 2328 607 post
2347 552 2552 592 eorum
2574 541 2827 593 mortem
2848 537 3086 592 exortus
3107 535 3215 599 est,
3245 531 3352 588 sub
3374 532 3608 586 Victore

183 626 588 697 Hieronymus
615 642 627 680 :
664 642 773 682 nec
795 627 855 681 in
878 627 987 682 hoc
1009 628 1199 699 capite
1219 628 1292 682 de
1310 629 1520 684 haeresi
1535 629 1842 699 quaeritur,

185 715 295 769 sed
325 715 397 771 de
429 715 741 783 heretico,
777 733 951 788 quem
983 717 1056 773 ab
1088 717 1311 785 Ignatio
1343 718 1712 773 nominatum
1744 721 1848 772 aut

183 804 512 859 refutatum
543 820 854 876 negamus.
889 806 1140 860 Haeresis
1183 807 1465 861 Theodoti
1516 807 1577 860 in
1624 806 1846 861 Ebione

186 897 247 944 et
277 891 564 946 Cerintho
594 893 850 947 refutata
882 899 989 961 est,
1022 893 1357 948 Theodotus
1383 895 1510 965 ipse
1540 894 1601 948 in
1632 894 1844 963 genui-

183 981 284 1036 nis
317 981 592 1052 epistolis
622 982 880 1038 intactus
913 989 1018 1038 est.

261 1093 288 1121 ‹‹
324 1071 740 1127 Hammondus
761 1090 896 1128 vero
929 1073 1244 1129 confitetur
1274 1090 1392 1128 non
1423 1089 1666 1129 necesse
1717 1090 1847 1129 esse

181 1164 254 1214 ut
291 1161 558 1232 lgnatius
597 1161 879 1217 adversus
921 1162 1296 1217 Valentinum
1328 1169 1430 1218 aut
1475 1163 1846 1219 Theodotum

183 1248 500 1304 volumina
529 1265 681 1304 nova
711 1251 1016 1322 scripsisse
1048 1251 1298 1306 dicatur.
1335 1271 1359 1303 ι
1395 1254 1570 1307 Recte
1602 1252 1727 1307 haec
1751 1251 1849 1306 ille

185 1338 460 1408 quidem,
494 1355 615 1394 non
644 1345 712 1394 ut
763 1340 998 1396 Usserio
1066 1340 1522 1409 contradiceret,
1555 1341 1656 1412 qui
1698 1340 1848 1395 illud

185 1444 438 1483 necesse
455 1444 586 1483 esse
609 1445 916 1499 nunquam
939 1429 1216 1498 dixit,sed
1230 1431 1728 1502 utHieronymum
1754 1431 1848 1486 in—

187 1523 645 1590 terpretaretur,
680 1522 850 1593 cujus
881 1521 1059 1576 verba
1089 1538 1209 1577 non
1248 1522 1587 1592 conjuncte,
1621 1522 1724 1576 sed
1756 1521 1847 1575 di-

183 1608 361 1662 visim
392 1608 789 1680 intelligenda
818 1625 944 1664 esse
985 1611 1215 1665 censuit
1248 1627 1261 1664 :
1297 1609 1475 1680 idque
1520 1610 1848 1667 rectissime

183 1697 573 1753 observatum
607 1714 736 1753 esse
767 1699 974 1769 liquet,
1011 1701 1058 1753 si
1090 1699 1163 1754 de
1194 1699 1429 1769 scriptis
1467 1715 1590 1754 non
1620 1704 1850 1755 tantum

185 1785 472 1841 adversus
487 1787 878 1855 haereses,sed
891 1793 949 1842 et
960 1787 1120 1859 ipsos
1136 1789 1444 1843 hareticos
1460 1787 1847 1860 intelligatur.

1960 623 2235 694 episcopo
2266 625 2552 692 Romano,
2584 623 2643 677 id
2675 629 2763 678 est
2792 624 2950 679 circa
2979 639 3031 678 a.
3063 623 3125 676 D.
3159 622 3283 689 200,
3317 636 3432 691 quo
3463 625 3607 674 tem-

1957 730 2101 784 pore
2125 714 2473 769 incredibile
2501 718 2590 768 est
2620 730 2982 784 quemquam
3013 728 3219 768 eorum
3248 712 3482 777 vixisse,
3506 713 3606 780 qui

1962 804 2262 872 apostolos
2285 805 2787 872 viderant,omnes
2805 809 2942 859 ante
2974 821 3027 859 a.
3059 805 3120 858 D.
3153 804 3253 857 100
3274 806 3606 856 mortuos.»

1964 892 2072 947 Ubi
2103 893 2295 963 primo
2318 893 2673 964 apostolicos
2705 894 2859 947 viros
2892 892 3070 947 habet
3116 908 3221 962 pro
3254 890 3326 945 iis
3372 895 3603 944 tantum

1963 981 2063 1051 qui
2095 983 2394 1052 apostolos
2424 981 2715 1050 viderant,
2767 981 2924 1052 quod
2974 985 3063 1036 est
3091 997 3126 1035 a
3154 984 3353 1036 mente
3412 979 3609 1033 Hiero-

1960 1071 2124 1142 nymi
2164 1088 2407 1142 prorsus
2459 1072 2743 1127 alienum.
2790 1071 2933 1126 Cum
2992 1072 3151 1126 enim
3206 1070 3503 1125 Justinum
3552 1074 3608 1122 et

1961 1162 2252 1217 Irenzuum
2271 1162 2537 1233 aliosque
2553 1162 2910 1233 apostolicos
2923 1161 3295 1228 advocat,eos
3307 1161 3468 1232 ipsos
3481 1159 3609 1214 sine

1962 1250 2141 1306 dubio
2155 1269 2260 1322 pro
2283 1252 2623 1323 apostolicis
2643 1252 2875 1308 habuit:
2901 1258 2959 1307 at
2981 1251 3467 1322 nequelrenaeus,
3502 1265 3610 1304 ne—

1964 1357 2079 1411 que
2109 1342 2375 1398 Justinus
2417 1342 2749 1414 apostolum
2780 1343 2971 1398 ullum
3000 1341 3160 1396 vidit.
3194 1342 3281 1395 Ita
3328 1340 3506 1395 etiam
3551 1346 3609 1394 et

1963 1428 2061 1483 alii
2094 1429 2443 1500 loquuntur,
2472 1436 2540 1486 ut
2567 1431 2970 1486 Theodoretus
3012 1431 3209 1485 Haeret.
3258 1419 3374 1497 fab.
3431 1428 3533 1481 lib.
3571 1445 3608 1495 ι,

1962 1534 2013 1573 c.
2047 1522 2119 1573 2:
2153 1518 2256 1574 Καὶ
2308 1517 2626 1593 Εἲρηναῖος,
2688 1516 2749 1572 οὗ
2805 1518 2895 1573 καὶ
2951 1518 3181 1592 πρόσθεν
3239 1515 3608 1589 ἐμνήσθημεν,

1961 1605 2326 1671 ἆποστολικὸς
2351 1605 2409 1662 δὲ
2436 1609 2524 1662 καὶ
2559 1609 2714 1670 οὗτος
2746 1608 2902 1680 ἀνήρ,
2947 1631 2976 1660 ‹‹
3008 1614 3066 1664 et
3113 1611 3392 1673 Irenaeus,
3440 1609 3609 1678 cujus

1963 1714 2141 1769 supra
2173 1699 2576 1766 meminimus,
2610 1700 2697 1752 vir
2717 1699 2871 1754 idem
2896 1715 3132 1769 quoque
3162 1696 3548 1768 apostolicus:
3583 1719 3604 1746 ι

1963 1791 2022 1840 et
2051 1803 2257 1841 rursus
2289 1802 2412 1856 cap.
2445 1789 2474 1840 5
2504 1803 2517 1840 :
2553 1783 2848 1859 Εἰρηναίου
2876 1788 2973 1838 τοῦ
3027 1785 3127 1850 τὴν
3177 1783 3438 1854 Ἑσπέραν
3488 1803 3605 1854 φω-

182 1876 388 1947 Neque
422 1879 585 1932 enim
608 1879 968 1950 Polycarpus
991 1885 1199 1934 contra
1221 1879 1620 1948 Valentinum,
1652 1895 1846 1949 neque

1962 1871 2206 1934 τίσαντος
2263 1871 2456 1947 ἀνδρὸς
2535 1871 2902 1928 ἀποστολικοῦ
2986 1873 3370 1946 παραθήσομαι
3467 1889 3604 1942 μαρ-

2069 1961 2081 1980 ,
2281 1965 2304 1980 τ
2475 1966 2485 1975 .
2574 1965 2639 1974 ..
2835 1964 2988 1980 ,...
3222 1959 3591 1980 “numne-

185 1966 478 2033 Justinus,
512 1967 601 2021 vel
653 1967 930 2037 lreuaeus,
992 1974 1279 2039 quantum
1339 1969 1579 2038 scimus,
1641 1973 1848 2024 contra

194 2053 590 2122 Theodotum,
651 2072 926 2126 expresse
987 2057 1225 2128 scripsit
1277 2073 1290 2122 ;
1361 2062 1518 2111 certe
1599 2062 1853 2126 quatuor

187 2141 325 2198 illos
357 2160 570 2199 omnes
601 2145 958 2215 apostolicos
1003 2147 1162 2200 viros
1221 2146 1502 2200 adversus
1549 2151 1668 2200 tres
1716 2146 1850 2200 illos

189 2231 509 2288 haereticos
541 2233 758 2289 diserte
792 2251 911 2290 non
945 2235 1249 2305 scripsisse
1273 2241 1504 2290 constat
1535 2253 1548 2301 ;
1601 2239 1660 2290 et
1711 2234 1850 2290 inde

185 2329 353 2379 recte
379 2324 687 2396 colligitur
709 2323 782 2380 ad
813 2325 1152 2396 Hieronymi
1176 2329 1440 2380 mentem
1466 2325 1608 2380 satis
1635 2341 1763 2380 esse
1782 2342 1850 2380 ea

188 2428 322 2482 quae
354 2413 622 2486 Ignatius
655 2414 716 2467 in
749 2413 1018 2485 epistolis
1049 2419 1256 2468 contra
1284 2414 1567 2469 Ebionem
1607 2419 1665 2469 et
1694 2415 1850 2469 Gno-

185 2502 372 2557 sticos
392 2503 838 2574 scripsit,etiam
848 2504 892 2558 si
919 2503 1070 2558 nihil
1101 2503 1381 2559 adversus
1399 2503 1777 2560 Valentinum
1795 2508 1853 2558 et

182 2591 561 2648 Theodotum
581 2593 1048 2664 scripserint.1ta
1070 2592 1309 2663 quidem
1333 2593 1519 2650 sensit
1534 2593 1851 2648 Hammon-

188 2679 300 2734 dus
325 2698 339 2746 ;
365 2703 392 2730 «
419 2681 522 2736 ille
544 2698 680 2737 vero
708 2683 956 2751 fallitur,
980 2683 1176 2752 inquit
1201 2682 1541 2750 Dallaaus,et
1555 2684 1848 2738 rationem

189 2771 396 2825 statim
424 2770 642 2840 reddit,
667 2788 806 2827 nam
828 2772 943 2826 nisi
969 2772 1229 2842 lgnatius
1252 2778 1460 2827 contra
1483 2773 1849 2828 Theodotum

194 2857 510 2926 scripsisse
541 2858 926 2930 intelligatur,
959 2858 1189 2929 liquido
1209 2859 1428 2914 falsum
1452 2859 1564 2914 erit
1589 2859 1746 2931 quod
1769 2859 1853 2914 ait

192 2945 617 3017 Hieronymus.
653 2970 680 2997 ››
713 2949 855 3003 Mira
885 2949 1010 3003 hmo
1041 2949 1290 3004 assertio
1316 2967 1329 3017 ;
1366 2949 1468 3004 sed
1513 2953 1571 3004 et
1619 2949 1848 3004 ratione

190 3051 305 3090 sua
333 3035 494 3105 quali
517 3035 676 3106 quali
700 3053 816 3091 non
841 3042 1020 3092 caret.
1042 3038 1268 3095 «Nemo
1301 3039 1458 3093 enim
1489 3039 1850 3110 apostolicus

190 3130 401 3179 contra
419 3140 555 3180 eum
579 3126 837 3197 scripsit,
861 3143 981 3182 non
1004 3127 1384 3198 Polycarpus,
1400 3144 1467 3183 ac
1489 3144 1564 3182 ne
1592 3131 1848 3183 lrenaaus

189 3213 438 3284 quidem
454 3219 556 3270 aut
579 3215 971 3284 Justinus,aut
993 3216 1309 3286 quisquam
1341 3217 1610 3288 ejusdem
1628 3234 1842 3273 census

187 3303 436 3367 alius,ut
455 3304 633 3375 plane
651 3321 890 3360 necesse
914 3306 989 3360 sit
1002 3305 1076 3360 ad
1097 3305 1383 3376 lgnatium
1397 3306 1604 3361 referri
1623 3323 1754 3376 qua)
1769 3307 1840 3361 de

191 3392 498 3448 Theodoto
530 3393 676 3448 dicit
715 3396 1128 3465 Hieronymus.
1163 3416 1192 3444 »
1226 3395 1337 3449 Sed
1372 3400 1429 3450 et
1450 3396 1594 3450 mihi
1628 3397 1854 3467 pariter

196 3481 506 3552 disputare
537 3482 695 3537 licet.
731 3484 911 3537 Nemo
939 3483 1300 3554 apostolicus
1332 3489 1539 3540 contra
1582 3485 1853 3540 Theodo-

190 3575 322 3626 tum
344 3571 608 3642 scripsit,
641 3588 761 3626 non
782 3573 1043 3644 Ignatius
1075 3573 1856 3644 martyr,nonJustinus,aut

185 3659 474 3728 Irenasus,
510 3666 576 3715 ut
597 3676 841 3716 necesse
875 3661 952 3716 sit
971 3661 1044 3716 ad
1071 3661 1464 3733 Polycarpum
1488 3663 1696 3718 referri
1722 3681 1852 3735 qua)

191 3749 339 3804 dicit
379 3749 796 3819 Hieronymus.
833 3748 914 3804 lta
945 3749 1016 3804 de
1045 3750 1298 3819 Justino,
1323 3750 1405 3805 ita
1425 3750 1497 3805 de
1527 3753 1855 3807 lrenaao.Ut

191 3838 320 3892 haec
349 3838 556 3893 omnia
585 3843 743 3892 recte
767 3837 1192 3909 intelligantur,
1223 3838 1853 3911 etdisputationisDal-

191 3926 398 3983 laeanaa
428 3926 812 3983 imbecillitas
843 3933 1147 3998 appareat,
1181 3927 1342 3983 locus
1368 3929 1707 4000 Hieronymi
1733 3946 1852 3984 om-

191 4019 337 4073 nino
369 4015 718 4072 recitandus
751 4022 857 4082 est,
894 4032 1072 4086 quem
1103 4016 1204 4072 ille
1247 4023 1416 4073 caute
1447 4018 1850 4090 praetermisit.

190 4108 384 4163 Verba
405 4107 538 4178 ejus
567 4107 847 4162 adversus
885 4107 1216 4162 Helvidium
1251 4108 1372 4163 huic
1424 4115 1597 4164 sunt:
1633 4130 1660 4158 «
1694 4111 1855 4163 Nun-

189 4197 336 4268 quid
368 4213 492 4251 non
519 4212 763 4267 possum
795 4194 902 4249 tibi
942 4201 1125 4250 totam
1174 4202 1437 4251 veterum
1496 4198 1854 4269 scriptorum

186 4285 407 4339 seriem
421 4300 554 4338 com
565 4282 1124 4354 movere,lgnatium,
1140 4283 1853 4357 Polycarpuerenaeum,

185 4374 492 4428 Justinum
525 4377 870 4442 martyrem,
903 4372 1242 4443 multosque
1266 4373 1411 4429 alios
1428 4375 1785 4446 apostolicos
1800 4380 1858 4430 et

190 4464 551 4533 eloquentes
578 4461 733 4514 viros
762 4461 860 4530 qui
878 4461 1172 4517 adversus
1200 4461 1486 4518 Ebionem
1508 4468 1568 4518 et
1597 4463 1857 4520 Theodo-

191 4559 317 4608 tum
331 4550 1218 4622 Byzantinum[etValentinum]
1235 4553 1360 4606 haec
1377 4552 1582 4608 eadem
1600 4555 1856 4608 sentien-

1959 1961 2167 2033 τυρίαν,
2203 1986 2230 2014 ‹‹
2280 1965 2489 2018 Irenzei
2538 1965 2643 2018 viri
2686 1964 3013 2035 apostolici,
3060 1963 3162 2033 qui
3219 1959 3599 2016 Occidentem

1961 2053 2296 2121 illustravit,
2328 2055 2625 2125 proferam
2679 2054 3172 2108 testimonium.»
3221 2055 3296 2108 At
3342 2053 3602 2106 Irenasus

1961 2143 2189 2214 aliquot
2219 2145 2390 2200 annis
2420 2151 2554 2216 post
2584 2162 2633 2201 a.
2668 2146 2733 2201 D.
2766 2146 2891 2213 200,
2925 2150 3193 2201 mortuus
3225 2150 3333 2214 est,
3384 2149 3451 2199 ut
3491 2159 3602 2198 nec

1963 2234 2020 2290 S.
2053 2234 2342 2291 Joannem
2374 2235 2586 2291 viderit
2612 2241 2818 2293 antea.
2852 2237 2918 2290 D.
2955 2237 3056 2290 100
3085 2234 3449 2290 defunctum.
3483 2235 3607 2288 Non

1961 2324 2142 2396 igitur
2173 2326 2307 2382 ideo
2338 2325 2736 2383 Thcodoretus
2776 2331 3069 2382 lrenaaum
3093 2325 3280 2382 virum
3329 2323 3608 2396 apostoli-

1962 2430 2096 2470 cum
2128 2415 2464 2487 appellavit,
2498 2417 2657 2488 quod
2689 2417 3025 2488 apostolum
3047 2417 3304 2486 aliquem
3334 2415 3397 2469 in
3441 2413 3612 2468 terris

1961 2504 2194 2574 viderit,
2229 2506 2332 2561 sed
2355 2506 2514 2576 quod
2535 2512 2782 2575 esset,ut
2803 2507 2928 2578 ipse
2950 2506 3092 2561 alibi
3116 2522 3251 2561 cum
3281 2503 3609 2576 Epiphanio

1960 2592 2246 2662 loquitur,
2276 2596 2383 2646 τῶν
2415 2591 2736 2648 ἀποστόλων
2767 2589 3052 2666 διαδοχος,
3082 2599 3148 2648 ut
3175 2594 3227 2648 S.
3255 2593 3507 2647 Basilius
3538 2592 3609 2646 de

1963 2683 2185 2753 Spiritu
2216 2688 2420 2738 sancto
2454 2701 2580 2753 cap.
2615 2683 2702 2751 29,
2734 2679 2892 2756 ἐγγὺς
2925 2681 3245 2736 ἀποστόλων
3299 2678 3607 2753 γενόμενος,

1963 2775 2027 2825 ut
2057 2771 2112 2826 S.
2135 2773 2516 2843 Augustinus,
2550 2789 2670 2826 non
2694 2772 2869 2843 longe
2891 2788 2924 2826 a
2948 2771 3310 2842 temporibus
3325 2768 3612 2840 apostolo-

1961 2879 2113 2917 rum.
2150 2864 2328 2917 Vocat
2350 2879 2486 2918 eum
2513 2862 2751 2932 quidem
2770 2863 3181 2933 Hieronymus,
3202 2861 3393 2928 uthic,
3419 2861 3608 2913 virum

1960 2951 2374 3024 apostolicum,
2407 2952 2490 3007 ita
2518 2951 2682 3019 alibi,
2704 2951 2892 3008 virum
2916 2950 3375 3023 apostolicorum
3387 2955 3613 3020 tempo-

1961 3057 2114 3108 rum,
2145 3057 2266 3096 non
2294 3040 2453 3111 quod
2477 3057 2632 3112 ipsos
2654 3041 2951 3113 apostolos
2971 3040 3202 3106 viderit,
3236 3037 3340 3094 sed
3371 3043 3612 3110 aposto-

1958 3131 2155 3186 lorum
2186 3130 2529 3202 discipulos.
2571 3131 2654 3185 lta
2705 3131 2866 3186 enim
2915 3129 3178 3201 loquitur
3207 3128 3454 3199 epistola
3504 3129 3605 3182 l9:

1961 3240 1992 3274 ‹‹
2023 3222 2283 3276 Irenaaus
2314 3222 2399 3275 vir
2428 3221 2889 3292 apostolicorum
2921 3226 3277 3292 temporum,
3303 3224 3362 3273 et
3389 3218 3608 3288 Papias,

1962 3311 2250 3365 auditoris
2304 3311 2674 3382 evangelista
2729 3311 2996 3378 Joannis,
3055 3308 3403 3379 discipulus.
3439 3329 3466 3356 ››
3522 3307 3609 3363 lta

1962 3403 2322 3474 Hegesippus
2353 3403 2562 3458 Photio
2591 3403 2809 3457 dicitur
2836 3401 3068 3475 ἀρχαῖος
3099 3399 3236 3473 ἀνὴρ
3257 3399 3344 3454 καὶ
3377 3399 3608 3452 ἀποστο-

1962 3487 2141 3559 λικός,
2174 3492 2303 3546 cod.
2347 3494 2469 3558 232,
2509 3493 2609 3563 qui
2659 3491 2914 3547 Eusebio
2968 3490 3313 3562 perhibetur
3367 3485 3454 3542 ἐπὶ
3508 3492 3609 3555 τῆς

1961 3580 2188 3652 πρώτης
2216 3583 2324 3634 τῶν
2348 3577 2669 3635 ἀποστόλων
2711 3580 3004 3654 γενόμενος
3055 3575 3344 3652 διαδοχῆς,
3396 3584 3453 3632 et.
3499 3576 3607 3632 sub

1961 3669 2302 3725 Eleutherio
2328 3671 2638 3740 scripsisse
2654 3670 3167 3725 nosciturltevera
3179 3669 3444 3739 antiquis
3465 3683 3610 3738 apo-

1962 3759 2152 3814 stolici
2177 3758 2531 3814 dicebantur
2552 3759 2771 3829 duplici
2796 3759 3176 3825 ratione,tum
3199 3758 3388 3812 aetatis
3416 3772 3609 3827 respe-

1962 3853 2080 3916 ctu,
2113 3852 2238 3902 tum
2269 3847 2590 3913 doctrinas;
2624 3853 2897 3917 respectu
2928 3847 3116 3900 aetatis
3149 3847 3326 3900 etiam
3374 3845 3416 3898 ii
3445 3844 3606 3898 dice-

1960 3939 2179 3995 bantur
2206 3938 2536 4010 apostolici,
2571 3938 2672 4007 qui
2712 3955 2846 3993 cum
2879 3937 3161 4007 apostolis
3183 3935 3609 4001 vixerint,licet

1963 4027 2035 4083 ab
2066 4043 2271 4082 eorum
2295 4026 2566 4082 doctrina
2595 4025 2999 4090 dissentirent,
3023 4030 3087 4079 ut
3107 4023 3499 4079 Tertullianus
3526 4023 3608 4077 lo-

1964 4117 2168 4188 quitur
2184 4116 2462 4172 adversus
2495 4117 2924 4186 Hermogenem
2955 4131 3006 4168 c.
3046 4118 3068 4168 1
3101 4129 3114 4167 :
3143 4135 3169 4166 α
3191 4115 3305 4167 Nec
3330 4112 3456 4183 ipse
3477 4128 3610 4181 apo-

1965 4207 2208 4263 stolicus
2239 4207 2637 4277 Hermogenes
2667 4205 2728 4259 in
2759 4205 2964 4275 regula
2993 4203 3424 4275 perseveravit;
3460 4224 3486 4250 ι)
3519 4201 3608 4255 illi

1963 4301 2161 4353 autem
2190 4295 2508 4366 praecipue,
2545 4294 2645 4365 qui
2677 4293 3008 4348 doctrinam
3031 4294 3102 4348 ab
3130 4292 3413 4364 apostolis
3443 4307 3603 4347 rece-

1961 4388 2198 4456 perunt,
2232 4389 2290 4438 et
2317 4384 2380 4438 in
2415 4399 2486 4438 ea
2515 4383 2920 4453 perstiterunt,
2945 4389 3011 4437 ut
3035 4383 3190 4437 idem
3207 4383 3274 4437 De
3288 4382 3602 4452 pw'wscript.

1963 4475 2148 4529 haeret.
2179 4489 2305 4544 cap.
2340 4473 2444 4527 32:
2482 4473 2602 4526 «Ut
2630 4473 2858 4544 primus
2881 4471 2981 4527 ille
3004 4473 3315 4543 episcopus
3342 4471 3604 4541 aliquem

1967 4580 2037 4618 ex
2067 4561 2372 4635 apostolis,
2404 4560 2498 4616 vel
2528 4561 2868 4633 apostolicis
2901 4562 3059 4631 viris,
3093 4561 3192 4632 qui
3238 4566 3438 4616 tamen
3469 4576 3603 4615 cum

191 4647 283 4697 tes
300 4641 484 4713 plena
501 4639 808 4709 sapientia:
823 4639 1127 4696 volumina
1145 4641 1654 4714 conscripserunt?
1666 4660 1796 4715 quas
1812 4643 1860 4698 si
1889 4639 1937 4702 D
1969 4651 2249 4723 apostolis
2279 4649 2764 4721 perseveraverit,
2796 4649 3075 4706 habuerit
3102 4657 3398 4706 auctorem
3432 4655 3490 4705 et
3512 4665 3611 4706 an-

192 4731 442 4804 legisses
470 4727 950 4799 aliquando,plus
972 4746 1231 4802 saperes.
1259 4753 1287 4780 ››
1308 4733 1437 4787 Non
1460 4737 1691 4787 tantum
1710 4749 1850 4803 qua-

192 4825 330 4874 tuor
356 4823 675 4873 enumerat
706 4818 1119 4889 Hieronymus,
1154 4819 1256 4874 sed
1288 4825 1346 4875 et
1376 4843 1402 4871 «
1431 4821 1652 4876 multos
1701 4821 1849 4877 alios

193 4908 559 4980 apostolicos
582 4911 640 4961 et
660 4905 1008 4977 eloquentes
1029 4909 1227 4963 viros»
1247 4908 1599 4981 adjicit,imo
1624 4916 1849 4966 «totam

193 5004 460 5055 veterum
496 4995 852 5066 scriptorum
894 4997 1111 5051 seriem
1146 5020 1172 5046 ››
1205 4997 1470 5068 advocat,
1513 5017 1767 5070 quorum
1799 5000 1850 5054 si

191 5104 348 5143 unus
379 5086 599 5156 aliquis
629 5083 910 5140 adversus
951 5085 1316 5143 Theodotum
1376 5105 1651 5160 expresse
1705 5090 1846 5144 scri-

190 5178 396 5249 pserit,
431 5191 556 5230 non
587 5191 830 5230 necesse
863 5181 972 5242 est,
1005 5181 1072 5230 ut
1101 5175 1162 5230 id
1185 5177 1479 5248 Ignatium
1505 5179 1717 5234 fecisse
1743 5195 1851 5250 pu-

189 5266 404 5321 taverit
435 5264 854 5333 Hieronymus,
885 5265 1072 5336 magis
1105 5280 1283 5335 quam
1309 5265 1718 5338 Polycarpum,
1751 5271 1854 5322 aut.

189 5357 512 5424 Justinum,
546 5359 649 5410 aut
679 5356 998 5421 lrenzeum,
1033 5371 1286 5424 quorum
1331 5357 1632 5412 neminem
1682 5358 1743 5413 id
1772 5358 1852 5413 fe-

193 5448 343 5502 cisse
376 5445 597 5501 fatetur
630 5443 716 5497 vir
759 5442 1161 5499 doctissimus.
1215 5444 1327 5500 Sed
1382 5450 1441 5500 et
1485 5445 1624 5501 huic
1674 5448 1852 5502 etiam

196 5534 515 5609 objectioni
561 5533 943 5603 aliquatenus
1000 5533 1279 5588 occurrit.
1330 5555 1358 5584 ‹‹
1391 5535 1717 5604 Quomodo,
1769 5536 1854 5591 in-

197 5628 341 5699 quit,
372 5625 461 5682 vel
493 5624 884 5697 Polycarpus,
916 5621 1006 5678 vel
1058 5623 1343 5690 Justinus,
1373 5624 1463 5678 vel
1498 5626 1854 5696 apostolico-

195 5733 326 5780 ι-ωιι
348 5717 673 5790 quisquam
695 5711 1279 5768 contraTheodotum
1299 5712 1557 5769 scribere
1577 5721 1856 5786 poterant

1958 4747 2317 4796 tecessorem
2343 4756 2356 4805 ;
2386 4760 2410 4790 ν
2435 4745 2492 4793 et
2513 4739 2690 4810 paulo
2713 4746 2847 4810 post
2873 4756 2885 4794 :
2918 4763 2943 4789 α
2967 4741 3098 4811 Ipsa
3119 4740 3606 4795 doctrinaeorum

1959 4846 2093 4884 cum
2119 4829 2444 4899 apostolica
2463 4834 2826 4899 comparata,
2860 4844 2930 4881 ex
2944 4827 3280 4883 diversitate
3297 4834 3355 4882 et
3375 4833 3608 4882 contra-

1958 4918 2168 4973 rietate
2198 4933 2305 4971 sua
2335 4932 2530 4986 neque
2563 4916 2814 4985 apostoli
2845 4915 3100 4986 alicujus
3149 4917 3406 4971 auctoris
3455 4931 3606 4982 esse,

1960 5005 2477 5078 nequeapostolici
2505 5021 2517 5057 :
2551 5005 2693 5074 quia
2722 5004 2877 5059 sicut
2906 5004 3215 5074 apostolici
3241 5021 3360 5058 non
3379 5003 3608 5058 diversa

1960 5099 2116 5153 inter
2145 5113 2206 5151 se
2237 5095 2598 5160 docuissent,
2631 5094 2712 5148 ita
2742 5100 2800 5148 et
2820 5095 3126 5164 apostolici
3158 5112 3279 5149 non
3310 5095 3608 5150 contraria

1962 5184 2244 5257 apostolis
2264 5183 2624 5238 docuissent.
2648 5203 2675 5231 υ
2691 5184 2982 5253 Respectu
2995 5183 3300 5252 doctrinas,
3318 5185 3407 5238 illi
3428 5185 3602 5238 etiam

1962 5271 2267 5346 apostolici
2285 5269 2653 5336 dicebantur,
2678 5269 2780 5340 qui
2803 5269 3202 5340 apostolorum
3223 5271 3336 5326 ﬁde
3355 5272 3610 5325 maxime

1964 5364 2314 5429 ﬂeruerunt,
2348 5360 2486 5416 licet
2522 5359 2821 5431 apostolos
2869 5360 3031 5431 ipsos
3084 5377 3205 5415 non
3255 5361 3610 5426 audiverint,

1966 5453 2172 5524 quales
2204 5455 2392 5516 erant,
2454 5449 2604 5504 forte
2652 5450 2885 5519 Papias,
2939 5449 3300 5520 Hegesippus
3349 5453 3507 5505 certe
3556 5455 3614 5504 et

1965 5542 2226 5596 lrenaaus
2257 5556 2269 5594 :
2299 5539 2458 5595 unde
2486 5538 2641 5610 apud
2671 5539 2725 5593 S.
2756 5537 3141 5593 Athanasium
3162 5539 3437 5594 haaretico
3465 5540 3612 5594 sim-

1963 5630 2199 5702 pliciter
2229 5629 2550 5702 opponitur
2580 5627 2607 5680 ὁ
2637 5625 2826 5689 πιστὸς
2882 5625 2972 5680 καὶ
3025 5623 3394 5689 ἄποστολικὸς
3444 5629 3602 5702 ανήρ,

1966 5734 2321 5793 quacunque
2343 5723 2514 5775 astate
2536 5717 2763 5788 vixerit,
2773 5721 2913 5774 tom.
2941 5715 2984 5786 Ι,
3010 5732 3142 5789 pag.
3165 5719 3290 5787 275,
3312 5721 3379 5774 ut
3397 5717 3606 5774 eadem
