3974 6296
369 383 488 448 287

1437 384 1500 444 S.
1547 382 1950 446 IGNATIUS.
1998 416 2072 432 --
2117 383 2728 448 PHOLEGOMENA.

3662 388 3783 448 288

368 519 551 575 fuerit
579 517 737 574 inter
765 517 918 574 viros
974 517 1330 590 apostolicos
1375 518 1676 574 distinctio
1699 535 1829 590 quae
1860 517 2017 574 inter
2044 525 2102 588 Α
2132 522 2309 589 atque
2341 478 2473 576 ide‘o
2503 519 2719 576 falsum
2749 519 2931 577 fuisse
2961 519 3388 592 Hieronymum
3419 520 3738 576 confitetur
3767 541 3783 588 ;

374 609 655 664 ecclesias
687 608 1042 681 apostolicae
1066 607 1193 662 fuit.
1229 608 1376 663 Aliaa
1410 609 1568 663 enim
1595 609 1861 663 ecclesiae
1887 624 2028 679 apo-

2132 613 2200 662 ut
2219 609 2379 664 enim
2403 609 2726 666 habeamus
2749 609 2964 666 falsum
2986 610 3300 682 Ignatium,
3331 625 3576 666 necesse
3598 615 3689 665 est
3719 615 3788 665 ut

371 703 594 757 stolicaa
637 701 1005 765 dicebantur,
1041 699 1200 771 quod
1249 699 1320 754 ab
1370 699 1656 771 apostolis
1706 700 1871 770 ipsis,
1928 703 2030 754 aut
2131 699 2348 754 falsum
2367 699 2690 756 habeamus
2716 702 3154 773 Hieronymum.
3181 701 3262 755 Ne
3305 717 3477 756 verus
3506 700 3582 754 sit
3610 702 3781 771 Igna-

370 791 710 862 apostolicis
733 792 870 845 viris
898 791 1152 845 fundatae
1177 790 1454 856 sint,alia}
1479 791 1636 860 quod
1659 806 1793 844 eum
1819 794 2027 860 postea
2132 789 2272 856 tius,
2305 790 2488 846 falsus
2509 789 3219 861 estDallaaoPolycarpus,
3251 789 3436 845 falsus
3469 791 3777 862 Origenes,

364 886 589 964 .exortae
608 881 746 944 sint,
772 897 903 935 cum
954 880 1074 934 illis
1121 879 1462 950 apostolicis
1493 879 1553 933 in
1585 879 1855 934 doctrina
1885 895 2024 933 con-

371 971 1064 1026 venirent.Tertullianus
1080 972 1154 1024 De
1176 971 1491 1040 prmscript.
1527 969 1720 1025 haeret.
1755 985 1881 1039 cap.
1915 969 2022 1022 20:

377 1081 397 1108 ι
433 1060 694 1131 Apostoli
721 1059 1001 1114 ecclesias
1033 1059 1187 1130 apud
1218 1075 1704 1128 unamquamque
1728 1058 2024 1112 civitatem

369 1149 786 1214 condiderunt,
803 1167 836 1203 a
859 1148 1075 1219 quibus
1097 1148 1401 1203 traducem
1434 1147 1571 1202 fidei
1588 1154 1646 1202 et
1664 1146 1893 1202 semina
1918 1146 2022 1201 do-

368 1237 574 1294 ctrinas
607 1246 836 1293 caetera}
868 1238 1081 1293 exinde
1115 1238 1379 1292 ecclesia:
1421 1243 1704 1291 mutuatm
1753 1240 1912 1302 sunt,
1964 1241 2023 1290 et

365 1329 628 1398 quotidie
651 1333 999 1384 mutuantur
1018 1333 1082 1382 ut
1113 1327 1378 1382 ecclesia)
1402 1327 1577 1394 fiant;
1603 1343 1669 1382 ac
1697 1342 1802 1398 per
1822 1326 1931 1380 hoc
1963 1331 2020 1380 et

364 1417 508 1488 ipsa:
541 1418 874 1490 apostolica:
907 1418 1287 1488 deputantur,
1313 1421 1378 1471 ut
1406 1416 1641 1472 soboles
1661 1415 2020 1487 apostolica-

360 1523 496 1562 rum
522 1507 927 1562 ecclesiarum.
956 1529 983 1557 ››
1020 1507 1178 1561 Idem
1211 1523 1336 1578 cap.
1364 1509 1432 1560 32
1463 1522 1477 1560 :
1515 1529 1540 1556 ‹‹
1567 1507 1687 1561 Hoc
1712 1505 1886 1560 modo
1919 1521 2014 1558 ec-

368 1597 564 1652 clesiae
584 1596 923 1668 apostolicae
947 1613 1157 1652 census
1180 1613 1317 1651 suos
1340 1595 1632 1662 deferunt,
1649 1595 2014 1666 sicutSmyr-

365 1701 629 1740 meorum
649 1685 1310 1757 EcclesiaPolycarpum
1340 1702 1374 1741 a
1402 1687 1626 1740 Joanne
1656 1685 2011 1741 collocatum

363 1774 563 1842 refert,
593 1774 744 1829 sicut
773 1776 1171 1829 Romanorum
1205 1775 1570 1829 Clementem
1593 1790 1626 1829 a
1648 1776 1818 1828 Petro
1851 1774 2008 1828 ordi-

2127 877 2314 934 falsus
2345 879 2844 944 Eusebius,falsus
2865 879 3120 950 denique
3139 885 3198 933 et
3218 879 3631 949 Hieronymus.
3668 877 3782 934 Sed

2132 986 2315 1040 quare
2346 971 2560 1025 falsum
2593 988 2721 1026 esse
2749 971 3066 1025 confitetur
3088 969 3116 1024 ?
3153 993 3180 1019 ‹‹
3215 969 3382 1034 Quod
3416 971 3574 1024 hunc
3605 986 3782 1026 suum

2132 1061 2448 1128 Ignatium,
2484 1061 2585 1114 diu
2616 1066 2748 1131 post
2777 1059 3074 1130 apostolos
3106 1064 3165 1113 et
3217 1059 3578 1130 apostolicos
3626 1058 3783 1113 viros

2130 1149 2709 1220 natum,apostolicis
2729 1147 3074 1204 hominibus
3087 1148 3554 1203 connumeravit.
3577 1172 3598 1200 ι
3622 1147 3783 1204 unde

2131 1241 2248 1293 tam
2283 1253 2516 1292 crassus
2543 1253 2710 1292 error
2733 1235 3075 1291 doctissimo
3102 1241 3158 1290 et
3179 1237 3241 1290 in
3263 1234 3537 1290 Ecclesiae
3562 1251 3778 1290 monu-

2129 1327 2347 1382 mentis
2379 1326 2779 1383 versatissimo
2811 1325 2967 1380 Patri
3001 1325 3219 1380 insedit
3245 1324 3256 1378 l
3290 1341 3358 1380 ea:
3378 1331 3661 1395 pi'zrcepto
3713 1324 3780 1379 de

2125 1417 2435 1485 Ignatianis
2467 1431 2651 1470 errore
2682 1415 2749 1470 ab
2781 1413 3010 1469 [Eusebii
3033 1413 3262 1468 lectione
3290 1414 3507 1468 hausto.
3540 1417 3616 1468 At
3659 1430 3776 1468 ne-

2125 1522 2240 1576 que
2271 1505 2588 1561 Eusebium
2611 1521 2841 1560 errasse
2872 1508 3121 1571 constat,
3154 1519 3347 1573 neque
3381 1502 3776 1574 Hieronymus

2125 1594 2313 1650 solum
2346 1595 2666 1650 Eusebium
2719 1599 2955 1649 secutus
3005 1598 3111 1648 est.
3168 1593 3329 1664 Legit
3383 1591 3775 1662 Polycarpum

2123 1690 2300 1755 atque
2325 1685 2635 1749 Irenaeum,
2665 1700 2812 1754 quos
2845 1683 3130 1738 Eusebius
3173 1681 3553 1752 sequebatur,
3585 1697 3777 1751 quos-

2125 1791 2240 1844 que
2272 1775 2399 1846 ipse
2429 1774 2787 1846 apostolicos
2818 1773 3079 1844 appellat
3105 1790 3118 1839 ;
3171 1772 3312 1844 legit
3357 1770 3772 1842 Theophilum,

363 1868 569 1918 natum
602 1863 842 1929 itidem;
877 1863 1122 1935 perinde
1153 1864 1358 1935 utique
1387 1869 1445 1918 et
1475 1868 1700 1918 cmteraa
1733 1863 2014 1918 exhibent
2040 1898 2086 1963 Β
2119 1866 2290 1934 cujus
2313 1863 2670 1919 sententiam
2688 1880 2761 1919 ex
2785 1863 3008 1935 lgnatio
3036 1862 3375 1934 decerptam
3408 1861 3636 1917 auctori
3662 1877 3770 1916 suo

363 1969 511 2024 quos
543 1953 613 2006 ab
645 1953 925 2023 apostolis
956 1953 1016 2007 in
1047 1953 1449 2025 episcopatum
1483 1953 1836 2008 constitutos
1865 1969 2007 2024 apo-

362 2045 551 2100 stolici
583 2044 827 2100 seminis
857 2045 1132 2100 traduces
1161 2046 1401 2101 habent.
1438 2067 1466 2095 »
1515 2047 1584 2100 Et
1623 2045 1795 2116 paulo
1835 2050 2005 2116 post:

365 2157 394 2185 «
427 2135 512 2189 Ad
545 2135 698 2190 hanc
728 2135 928 2206 itaque
958 2135 1209 2190 formam
1241 2135 1652 2207 probabuntur
1673 2135 1744 2190 ab
1768 2134 1883 2190 illis
1908 2137 2005 2192 Ec-

363 2224 580 2289 clesiis,
606 2241 737 2295 qua)
758 2225 898 2279 licet
918 2224 1149 2279 nullum
1174 2242 1242 2279 ex
1260 2224 1544 2295 apostolis
1564 2223 2008 2295 velapostolicis

364 2321 665 2370 auctorem
699 2331 871 2369 suum
905 2314 1225 2385 proferant,
1276 2319 1340 2368 ut
1386 2313 1572 2368 multo
1625 2315 2005 2384 posteriores,

363 2407 564 2458 tamen
596 2404 655 2457 in
689 2403 893 2458 eadem
919 2402 1034 2457 fide
1065 2403 1469 2474 conspirantes
1491 2419 1610 2457 non
1638 2403 1836 2458 minus
1867 2420 2006 2475 apo-

362 2491 584 2546 stolicae
608 2492 968 2564 deputantur
990 2509 1096 2564 pro
1115 2493 1631 2564 consanguinitate
1664 2491 2006 2549 doctrinae.»

367 2583 432 2636 Ut
465 2582 643 2654 igitur
674 2581 958 2638 ecclesias
988 2583 1364 2654 apostolicae,
1400 2599 1530 2653 quaa
1553 2588 1687 2654 post
1708 2584 2010 2653 apostolo-

360 2687 494 2725 rum
528 2678 792 2743 tempora
823 2678 1040 2727 exortae
1073 2678 1229 2737 sunt,
1265 2673 1347 2728 ita
1379 2677 1437 2727 et
1465 2672 1616 2727 viros
1649 2673 2007 2743 apostolicos

363 2761 774 2822 nominabant,
811 2761 911 2831 qui
943 2762 1242 2832 apostolos
1273 2777 1578 2830 nunquam
1609 2760 1920 2816 viderunt:
1951 2767 2008 2816 et

362 2849 519 2920 quod
567 2851 641 2905 ad
691 2850 1115 2923 Hieronymum
1163 2856 1408 2922 spectat,
1456 2850 1670 2905 mirum
1731 2866 1851 2905 non
1896 2856 2004 2930 est,

361 2955 495 2995 eum
528 2940 608 2994 ita
637 2939 901 2995 locutum
935 2957 1083 3008 esse,
1118 2941 1166 2994 si
1204 2939 1380 2994 verba
1408 2940 1624 2994 Rufﬁni
1657 2939 1718 2993 in
1745 2939 2008 2994 secunda

352 3030 630 3084 Invectiva
662 3029 1137 3101 perpendamus:
1174 3052 1200 3080 «
1233 3030 1291 3084 Si
1328 3035 1388 3083 tu
1436 3029 1768 3100 Origenem,
1827 3045 2002 3098 quem

353 3117 608 3172 alterum
641 3124 774 3189 post
803 3117 1100 3190 apostolos
1133 3117 1301 3183 dicis,
1354 3123 1512 3172 recte
1565 3116 1710 3171 facis
1760 3116 2001 3184 imitari,

349 3205 496 3278 quid
518 3208 781 3263 concidis
795 3207 1062 3277 eum,qui
1078 3211 1314 3261 secutus
1336 3204 1797 3276 est,Didymum;
1823 3221 1998 3275 quem

349 3268 744 3353 nihilominus
777 3304 832 3351 et
853 3268 1196 3368 prophetam
1226 3268 1520 3363 nominas,
1539 3268 1996 3367 ettapostolicum
2039 3268 2082 3335 θ

347 3387 541 3442 virum
574 3387 892 3458 designas?
921 3409 949 3437 ››
983 3392 1040 3440 et
1069 3387 1244 3457 paulo
1275 3393 1408 3457 post
1439 3402 1453 3440 :
1484 3408 1510 3435 ‹‹
1539 3386 1722 3450 Quem
1757 3391 1995 3457 aposto-

346 3475 533 3530 licum
564 3477 752 3530 virum
785 3493 1067 3531 sensuum
1099 3476 1338 3530 nomine
1369 3475 1662 3548 designas.
1685 3499 1703 3523 ι
1723 3476 1998 3540 Quamvis

346 3565 529 3636 igitur
557 3581 752 3636 neque
784 3566 1044 3636 Ignatius
1067 3571 1168 3622 aut
1192 3565 1679 3638 Polycarpus,qui
1697 3565 1996 3637 apostolos

344 3662 636 3728 viderant,
669 3679 864 3734 neque
891 3663 1154 3718 lustinus
1186 3669 1288 3718 aut
1316 3665 1594 3728 Irenaeus,
1621 3664 1722 3735 qui
1755 3665 1872 3719 alia
1901 3681 1998 3720 ra-

344 3751 509 3805 tione
536 3751 678 3806 dicti
713 3759 850 3807 sunt
879 3752 1208 3824 apostolici,
1244 3753 1302 3807 id
1326 3769 1446 3806 non
1477 3753 1762 3818 fecerint;
1797 3758 1995 3808 tamen

346 3838 506 3892 inter
535 3838 684 3894 alios
718 3840 932 3894 multos
963 3841 1319 3911 apostolicos
1351 3846 1410 3895 et
1448 3841 1797 3911 eloquentes
1841 3842 1994 3896 viros

345 3933 580 3998 poterat
599 3928 812 3998 aliquis
833 3929 1197 3985 Theodotum
1229 3947 1505 4002 expresse
1523 3931 1803 3997 refutare,
1837 3932 1995 4002 quod

349 4018 422 4073 ad
444 4023 705 4074 mentem
733 4020 1074 4093 Hieronymi
1101 4022 1242 4076 satis
1260 4025 1369 4090 est,
1399 4021 1446 4076 si
1469 4021 1540 4076 de
1571 4021 1992 4093 hmreticoipso

344 4109 597 4167 refutato
614 4111 916 4182 loquatur;
939 4112 1096 4167 unde
1120 4112 1274 4183 quod
1295 4112 1366 4166 de
1388 4112 1687 4167 Theodoto
1717 4112 1994 4181 dicit,nec

350 4201 463 4254 erit
491 4201 863 4271 apertissime
893 4200 1244 4265 falsum,nec
1273 4201 1346 4256 de
1371 4203 1594 4274 lgnatio
1613 4201 1992 4256 sumendum-

415 4291 540 4343 Jam
573 4305 708 4344 vero
741 4289 852 4344 sibi
885 4290 996 4361 ipsi
1029 4291 1452 4362 Hieronymum
1475 4296 1595 4345 tam
1625 4291 1773 4345 mire
1806 4291 1990 4345 inter-

346 4377 618 4448 pretandi
653 4377 877 4449 objicit,
901 4379 1013 4433 hoc
1043 4381 1264 4451 Ignatio
1287 4397 1407 4434 non
1430 4385 1765 4450 competere
1788 4381 1874 4450 (ut
1886 4381 1994 4434 sci-

347 4465 490 4520 licet
528 4472 734 4521 contra
762 4468 1127 4523 Theodotum
1168 4470 1473 4539 scriberet)
1512 4469 1686 4523 annis
1733 4467 1855 4522 fere
1890 4472 1992 4523 100

347 4560 483 4610 ante
511 4562 742 4612 mortuo
761 4573 938 4627 quam
956 4559 1238 4614 Theodoti
1261 4559 1502 4613 haeresis
1517 4557 1680 4612 nosci
1695 4558 1987 4628 cmpisset,

2117 1953 2402 2021 reddidit;
2437 1953 2579 2024 legit
2604 1953 2937 2025 Origenem,
2970 1952 3069 2022 qui
3103 1968 3222 2006 non
3253 1951 3441 2006 semel
3466 1951 3763 2022 Ignatium

2118 2041 2489 2113 epistolicum
2511 2048 2578 2098 ut
2598 2041 2988 2112 apostolicum
3012 2039 3359 2106 laudat,imo
3383 2056 3528 2111 opus
3560 2039 3766 2111 Orige-

2115 2131 2210 2186 nis
2241 2131 2366 2203 ipse
2389 2133 2809 2202 interpretatus
2833 2136 2939 2197 est,
2960 2130 3020 2184 in
3043 2146 3158 2200 quo
3178 2129 3335 2184 idem
3357 2129 3576 2184 diserte
3596 2129 3771 2200 Igna-

2117 2222 2232 2277 tius
2264 2224 2507 2290 citatur;
2543 2223 2682 2294 legit
2712 2222 3123 2290 Athanasium,
3158 2220 3464 2289 Basilium,
3496 2219 3645 2275 alios
3668 2219 3772 2290 qui

2117 2313 2350 2367 Eusebii
2387 2329 2617 2368 errores
2644 2312 2807 2382 sequi
2831 2327 2950 2366 non
2973 2309 3278 2373 solebant;
3305 2309 3607 2365 neminem
3627 2309 3772 2380 legit

2117 2407 2219 2456 aut
2247 2404 2426 2464 novit,
2469 2403 2561 2457 cui
2595 2400 2860 2473 epistolae
2893 2400 3098 2472 Ignatii
3133 2405 3331 2455 essent
3358 2399 3445 2454 vel
3466 2399 3765 2454 levissime

2117 2497 2423 2562 suspectae.
2461 2491 2516 2545 Si
2546 2490 2728 2546 falsus
2759 2490 2936 2545 fuerit
2967 2489 3377 2559 Hieronymus,
3412 2505 3577 2544 error
3631 2488 3763 2558 ejus

2117 2581 2223 2636 toti
2257 2581 2383 2635 orbi
2412 2580 2746 2636 communis
2779 2579 3152 2649 iniquissime
3174 2578 3426 2633 Eusebio
3451 2578 3763 2644 tribuitur;

2117 2671 2446 2742 praesertim
2480 2686 2615 2724 cum
2647 2674 2879 2724 constet
2905 2667 3329 2738 Hieronymum
3347 2667 3767 2722 hacadversus

2117 2757 2445 2814 Helvidium
2474 2759 2804 2829 scripsisse,
2836 2757 2936 2812 diu
2968 2761 3288 2827 antequam
3312 2774 3420 2812 sua
3447 2757 3518 2812 de
3541 2757 3768 2827 lgnatio

2116 2851 2178 2904 in
2210 2849 2481 2921 Catalogo
2513 2865 2580 2903 ex
2613 2846 2864 2902 Eusebio
2906 2847 3297 2916 transcripsit.

2188 2957 2300 3012 Sed
2333 2957 2451 3012 sive
2480 2972 2635 3014 vere.
2671 2955 2789 3010 sive
2819 2953 2965 3008 falso
2998 2954 3108 3010 hoc
3159 2954 3285 3009 loco
3337 2954 3763 3025 Hieronymum

2116 3047 2396 3119 epistolas
2413 3047 2636 3116 Ignatio
2650 3045 2992 3115 ascripsisse
3015 3043 3250 3105 velit,an
3276 3044 3336 3098 in
3359 3043 3491 3099 aliis
3505 3043 3768 3098 Theodo-

2114 3142 2237 3191 tum
2271 3137 2351 3190 ita
2380 3134 2624 3190 refutari
2657 3134 2892 3200 vidit,ut
2913 3132 3051 3187 inde
3082 3133 3555 3188 commentitium
3576 3133 3762 3188 fuisse

2111 3226 2401 3298 Ignatium
2421 3224 2592 3279 facile
2613 3223 2888 3295 colligere
2910 3222 3236 3292 potuisset?
3261 3223 3346 3276 Ita
3365 3221 3604 3292 quidem
3619 3239 3760 3276 sen-

2109 3314 2181 3368 tit
2208 3313 2296 3367 vir
2325 3313 2726 3379 doctissimus,
2759 3311 2862 3366 sed
2885 3311 3186 3366 levissima
3216 3313 3559 3384 conjectura
3575 3317 3760 3385 perci-

2102 3409 2216 3473 tus,
2247 3404 2476 3459 ratione
2507 3402 2674 3457 nulla
2705 3402 2935 3457 ductus.
2971 3403 3096 3455 Non
3130 3401 3288 3455 enim
3321 3402 3608 3458 Theodoti
3642 3421 3753 3460 no-

2100 3509 2238 3548 men
2253 3493 2332 3547 ita
2352 3489 2691 3563 legisse,ubi
2715 3507 2823 3545 nos
2839 3490 3282 3562 legimus,putat
3297 3491 3745 3564 Hieronymum;

2100 3583 2388 3637 insertum
2423 3579 2568 3635 illud
2601 3579 2867 3651 epistolaa
2897 3579 2971 3634 ad
2988 3579 3314 3635 Trallianos
3334 3580 3746 3652 abinterpola-

2099 3676 2247 3736 tore,
2264 3669 2364 3723 diu
2385 3675 2518 3741 post
2535 3673 2768 3723 aetatem
2792 3668 3155 3740 Hieronymi,
3183 3685 3302 3723 non
3328 3669 3750 3734 difﬁtetur,aut

2099 3759 2306 3814 saltem
2329 3759 2430 3813 diu
2453 3763 2582 3830 post
2597 3758 2813 3812 librum
2832 3757 3004 3813 illum
3023 3759 3278 3812 adversus
3301 3758 3624 3823 Helvidium,
3645 3760 3748 3830 qui

2099 3848 2207 3903 sub
2240 3849 2490 3903 Damaso
2524 3847 2779 3918 scriptus
2809 3852 2934 3901 est:
2969 3846 3122 3900 nihil
3147 3847 3207 3901 in
3240 3847 3342 3902 illa
3371 3848 3747 3919 epistola,cui

2097 3953 2316 3992 nomen
2339 3942 2546 4005 postea
2563 3935 2845 3990 Theodoti
2867 3935 3157 3990 insertum
3176 3935 3454 4005 est,illius
3480 3939 3744 3993 hmretici

2099 4043 2330 4083 errores
2378 4025 2741 4098 perstringit.
2801 4024 2913 4080 Sed
2963 4030 3022 4079 et
3067 4025 3201 4094 alia,
3237 4031 3294 4080 et
3321 4025 3426 4081 illa
3463 4026 3743 4082 adversus

2095 4117 2459 4173 Theodotum
2493 4116 2887 4171 disertissima
2916 4115 3158 4186 legerat,
3193 4132 3323 4185 quae
3372 4131 3442 4171 ex
3473 4117 3744 4188 epistolis

2096 4206 2168 4261 ad
2199 4206 2485 4278 Ephesios
2517 4211 2573 4259 et
2603 4205 2929 4277 Magnesios
2961 4203 3274 4274 descripsit
3306 4205 3576 4268 Dallaeus,
3601 4205 3742 4260 inde

2095 4295 2560 4368 igiturcolligere
2579 4294 2784 4349 debuit
2814 4294 3206 4364 Hieronymus
3228 4310 3428 4348 verum
3446 4295 3741 4366 lgnatium

2095 4403 2212 4441 non
2241 4386 2444 4452 fuisse,
2468 4385 2568 4455 qui
2593 4389 2727 4455 post
2746 4384 3110 4438 Theodotum
3131 4383 3586 4455 scripserit.lmo
3605 4401 3743 4440 vero

2094 4476 2205 4530 hoc
2223 4480 2568 4548 argumento
2593 4478 2709 4528 tam
2730 4474 2989 4542 infirmo,
3023 4481 3142 4528 tam
3161 4473 3348 4542 nullo,
3365 4473 3744 4543 iniquissime

2096 4571 2332 4621 sanctus
2351 4568 2524 4620 Pater
2548 4564 2820 4620 falsitatis
2842 4564 3334 4636 postulatur,cum
3358 4579 3426 4618 ea
3448 4580 3577 4634 qua:
3600 4569 3743 4620 ante

348 4643 578 4714 sibique
610 4645 736 4701 haec
767 4646 1072 4718 objicienti
1105 4647 1445 4719 respondet,
1465 4646 1576 4701 hoc
1598 4646 1841 4717 martyri
1861 4647 1987 4716 qui-
2015 4634 2060 4700 Π
2093 4671 2161 4709 ex
2195 4654 2459 4726 epistolis
2489 4653 2562 4708 ad
2592 4634 2877 4725 Ephesios
2909 4658 2968 4707 et
2996 4652 3402 4725 Magnesianos
3423 4651 3743 4724 descripsit

347 4731 481 4788 dem
515 4737 738 4807 Ignatio
769 4753 890 4791 non
921 4736 1255 4802 convenire,
1302 4735 1374 4790 de
1424 4740 1627 4790 nostro
1676 4735 1982 4806 epistolico

340 4839 542 4878 verum
570 4841 982 4896 esse,eumque
1003 4826 1112 4880 hoc
1134 4825 1262 4880 loco
1286 4824 1357 4879 ab
1376 4825 1730 4895 Hieronymo
1749 4824 1982 4880 intelle-

342 4919 499 4970 ctum
515 4920 742 4971 esse.At
758 4917 804 4972 si
822 4917 1212 4986 Hieronymus
1231 4913 1340 4968 hoc
1354 4914 1482 4968 loco
1498 4913 1791 4969 intellexit
1809 4915 1984 4986 Igna-

336 5004 481 5059 tium
499 5005 807 5077 epistolicu
817 5011 1046 5072 m,certe
1061 5003 1355 5058 intellexit
1369 5008 1677 5074 martyrem
1695 5005 1979 5062 neminem

336 5096 820 5150 enimaliumnovit
836 5096 937 5151 ille
950 5093 1525 5166 epistolicum,quam
1535 5095 1979 5164 apostolicumet

329 5190 625 5255 martyre'n
637 5229 650 5241 .
667 5187 785 5239 Hoc
804 5187 931 5255 ipso
944 5184 1074 5238 loco
1087 5198 1205 5236 non
1222 5187 1441 5237 tantum
1453 5183 1610 5238 inter
1621 5186 1978 5256 apostolicos

336 5281 631 5334 numerat,
659 5273 764 5328 sed
782 5279 839 5326 et
859 5272 999 5327 dum
1020 5277 1283 5326 veterum
1307 5272 1519 5326 seriem
1539 5274 1766 5342 recitat,
1784 5276 1975 5346 primo

331 5362 461 5418 loco
492 5363 807 5434 Ignatium,
839 5378 959 5416 non
990 5366 1220 5416 tantum
1251 5365 1387 5416 ante
1407 5361 1697 5418 Irenaeum
1721 5369 1779 5418 et
1796 5365 1976 5419 Justi-

337 5468 504 5519 num,
532 5451 635 5505 sed
662 5457 718 5506 et
748 5457 884 5506 ante
916 5451 1305 5524 Polycarpum
1354 5452 1538 5522 ponit.
1591 5453 1751 5507 Idem
1799 5454 1978 5525 igitur

331 5541 779 5611 Hieronymo,ut
796 5547 854 5595 et
866 5541 1055 5611 nobis,
1075 5546 1132 5597 et
1144 5541 1573 5613 epistolicus,et
1591 5542 1971 5613 apostolicus,

332 5634 392 5685 et
423 5634 644 5701 martyr
671 5631 949 5703 Ignatius.
982 5632 1181 5702 Neque
1224 5631 1351 5685 haec
1381 5647 1596 5702 negare
1645 5631 1836 5702 potuit
1888 5633 1977 5685 vir

332 5717 711 5776 doctissimus
735 5720 835 5792 qui
860 5720 1015 5778 hanc
1037 5717 1582 5776 distinctiunculam
1603 5720 1971 5792 excogitavit,

2090 4744 2339 4799 Dallaeus
2359 4745 2549 4814 capite
2570 4743 2968 4810 9,Artemonis
2980 4741 3412 4814 blasphemiam
3427 4742 3739 4813 splendide

2090 4834 2394 4888 confutare
2425 4832 2550 4904 ipse
2578 4832 2810 4886 dixerit.
2843 4833 2912 4886 Et
2941 4849 3145 4887 revera
3177 4838 3295 4886 tam
3325 4837 3530 4886 contra
3566 4834 3746 4887 Arte-

2088 4939 2324 4977 monem
2357 4937 2534 4992 quam
2567 4926 2772 4976 contra
2801 4920 3169 4975 Theodotum
3202 4921 3438 4992 scripsit
3477 4922 3744 4991 lgnatius

2086 5010 2375 5079 noster,id
2400 5010 2563 5075 est,si
2587 5026 2874 5082 personas
2896 5010 3311 5065 haereticorum
3330 5015 3579 5080 spectes.
3596 5027 3746 5066 con-

2088 5104 2177 5154 tra
2195 5104 2470 5154 neutrum
2492 5116 2504 5165 ;
2525 5098 2572 5153 si
2601 5097 2870 5152 haeresim
2893 5098 3080 5168 ipsam
3097 5098 3334 5168 utrique
3356 5114 3739 5154 communem

2086 5197 2292 5244 contra
2322 5187 2679 5242 sententiam
2712 5187 3042 5257 utriusque,
3079 5192 3136 5241 et
3164 5186 3296 5241 ideo
3346 5185 3543 5257 aliquo
3596 5204 3735 5244 vero

2087 5295 2265 5334 sensu
2296 5282 2501 5332 contra
2531 5282 2870 5346 utrumque.
2904 5276 3156 5330 Haeresis
3179 5276 3339 5330 enim
3354 5276 3560 5331 eadem
3578 5277 3745 5350 Igna-

2084 5368 2151 5421 tii
2184 5383 2302 5421 aevo
2328 5366 2551 5420 exstitit
2571 5365 2642 5420 ab
2674 5364 2897 5419 Ebione
2928 5363 3213 5434 profecta,
3248 5370 3304 5418 et
3334 5363 3407 5418 ab
3439 5364 3628 5435 ipsius
3661 5365 3748 5420 di-

2087 5456 2351 5527 scipulis,
2385 5462 2442 5509 et
2490 5454 2797 5522 Nazaraeis,
2850 5459 3025 5524 atque
3071 5453 3350 5508 Cerintho
3403 5453 3670 5514 defensa.
3711 5471 3748 5510 a

2083 5545 2380 5599 Theodoto
2403 5549 2462 5598 et
2486 5545 2806 5598 Artemone
2828 5549 3034 5614 postea
3054 5541 3645 5613 resuscitataﬁl‘aeznc
3681 5539 3742 5598 δὲ

2080 5637 2181 5699 τῆς
2212 5629 2498 5708 φάλαγγος
2528 5632 2687 5704 ἦρξεν
2721 5625 2940 5698 Ἐϐίωθ,
2975 5654 3004 5683 ‹‹
3038 5632 3223 5705 Hujus
3256 5637 3455 5687 autem
3489 5637 3741 5690 caterva

2081 5721 2358 5793 princeps
2403 5721 2516 5777 fuit
2561 5720 2772 5791 Ebion,
2813 5744 2835 5773 ο
2891 5726 2957 5776 ιιι
3003 5719 3268 5791 loquitur
3311 5719 3742 5780 Theodoretus.
