3974 6296
903 389 963 451 Ι.
1006 387 1434 453 PEARSONII
1480 388 1854 453 VINDICI/E
1898 385 2388 449 lGNATIANJE.
2434 420 2512 433 —
2554 387 2756 449 PARS
2797 388 2884 451 II.

3475 388 3600 455 290

170 524 238 581 Si
269 522 443 596 igitur
471 521 878 595 Hieronymus
902 521 966 578 in
997 523 1220 596 lgnatio
1250 528 1454 580 nostro
1485 539 1606 579 non
1644 538 1834 594 pauca
1863 525 1916 593 Α
1945 520 2674 593 Theodotus,compertum
2703 537 2824 578 non
2847 525 2969 580 est:
2999 527 3312 596 postquam
3341 530 3542 583 autem
3562 541 3599 582 α

169 619 381 669 contra
400 612 695 668 Theodoti
717 613 990 668 haeresim
1009 613 1398 668 disertissima
1419 617 1833 681 notasset,non

169 703 469 777 potuisset
498 701 617 757 nisi
641 702 1012 772 ineptissime
1044 702 1182 758 inde
1211 703 1508 774 colligere,
1532 707 1832 758 auctorem

173 794 568 866 epistolarum
624 798 759 864 post
807 793 1171 849 Theodotum
1228 795 1478 860 vixisse;
1519 795 1659 866 quia
1706 795 1833 865 ipse

172 885 396 956 optime
429 883 596 938 novit
621 899 994 953 quaecunque
1019 888 1224 938 contra
1241 883 1528 939 Theodoti
1558 883 1834 938 haeresim

171 991 240 1029 ex
272 973 396 1027 illis
431 970 700 1043 epistolis
732 971 1040 1027 observare
1063 972 1274 1044 potuit,
1299 989 1368 1027 ea
1399 973 1599 1027 omnia
1629 972 1836 1027 adver-

167 1080 272 1118 sus
301 1061 601 1116 Ebiouem
633 1060 748 1114 dici
780 1061 1071 1132 potuisse:
1097 1067 1156 1116 at
1187 1062 1446 1117 scribere
1477 1061 1694 1132 aliquis
1727 1078 1831 1132 po-

167 1134 283 1208 tuit
314 1149 602 1206 adversus
633 1149 939 1220 Ebionem,
972 1149 1108 1206 licet
1156 1155 1288 1222 post
1316 1150 1682 1206 Theodotum
1711 1167 1832 1205 non

163 1242 492 1297 vixerit.Ut
523 1239 666 1296 alibi
717 1240 897 1312 igitur
935 1239 1221 1296 Ebionem
1254 1247 1310 1295 et
1340 1241 1659 1297 Photinum
1691 1257 1834 1294 con-

155 1333 682 1406 jungit,tanquam
710 1331 917 1387 eadem
941 1332 1238 1388 sententia
1257 1331 1582 1403 apostolica
1602 1332 1834 1402 percul—

169 1439 285 1490 sos,
318 1423 406 1477 ita
436 1422 535 1476 hic
565 1420 853 1476 Ebionem
907 1427 967 1475 et
1011 1422 1398 1489 Theodotum,
1441 1426 1728 1492 tanquam
1759 1422 1830 1476 ab

165 1511 387 1566 iisdem
419 1509 699 1564 Patribus
724 1510 1028 1565 refutatos.

239 1602 490 1655 Frustra
523 1599 702 1671 igitur
732 1599 794 1653 in
817 1599 928 1654 hoc
950 1605 1297 1671 argumento
1317 1616 1426 1655 nec
1448 1600 1575 1654 sine
1599 1615 1832 1655 summa

165 1689 395 1761 injuria
425 1693 597 1744 notat
627 1687 1049 1744 acerbissimus
1071 1691 1310 1744 Patrum
1345 1705 1578 1756 censor,
1602 1712 1622 1739 ι
1651 1689 1829 1744 inter-

166 1777 308 1833 dum
344 1779 779 1849 Hieronymum
811 1777 1068 1832 naturali
1095 1779 1350 1849 quadam
1399 1778 1622 1851 ingenii
1657 1778 1829 1833 vehe-

1947 611 2179 666 Victore
2201 612 2746 668 excommunicatus
2767 617 2876 680 est,
2897 613 3036 668 viris
3053 615 3394 685 apostolicis
3415 623 3592 674 notus

1948 717 2078 756 esse
2109 702 2339 772 potuit;
2372 702 2677 772 apostolici
2711 702 2869 758 enim
2918 691 3423 778 dicebantur,iqui
3449 724 3594 780 apo-

1947 789 2156 846 stolica
2185 790 2456 847 doctrina
2495 791 2710 847 imbuti
2767 798 2926 860 sunt,
2986 794 3164 850 etiam
3197 796 3297 866 qui
3329 798 3597 868 proxima

1945 885 2081 951 post
2111 881 2408 951 apostolos
2437 887 2610 937 astate
2641 882 2762 937 nati
2796 884 3130 939 sunt.Certe
3162 885 3386 941 Irenaao
3417 893 3594 944 notus

1946 985 2075 1024 esse
2108 969 2317 1040 potuit,
2340 971 2460 1026 imo
2483 971 2714 1043 ignotus
2745 971 2798 1026 ei
2831 988 2956 1028 esse
2993 988 3112 1028 non
3142 975 3462 1046 potuit,qui
3484 979 3593 1032 sub

1949 1059 2180 1114 Victore
2213 1061 2468 1116 maxime
2501 1061 2723 1130 ﬂoruit,
2750 1066 2807 1115 et
2832 1067 2967 1134 post
2999 1063 3292 1120 Victorem
3322 1072 3593 1122 mortuus

1945 1154 2054 1216 est,
2089 1155 2149 1205 et
2175 1157 2376 1205 tamen
2405 1168 2440 1206 a
2471 1151 2564 1206 SS.
2596 1151 2866 1207 Patribus
2896 1152 2982 1206 vir
3009 1154 3372 1223 apostolicus
3401 1156 3594 1211 dictus

1946 1246 2054 1309 est,
2083 1246 2142 1296 et
2170 1241 2411 1311 quidem
2443 1241 2515 1296 ab
2561 1243 2689 1312 ipso
2748 1242 3126 1315 Hieronymo.
3160 1246 3245 1299 Ita
3277 1247 3438 1300 enim
3468 1247 3592 1314 ille,

1945 1330 2018 1386 ad
2048 1331 2215 1386 lsaiaa
2254 1347 2382 1401 cap.
2427 1333 2532 1386 64:
2593 1352 2620 1380 ‹‹
2655 1332 2736 1385 De
2779 1332 2995 1402 quibus
3024 1333 3478 1406 diligentissime
3508 1336 3600 1390 vir

1945 1419 2306 1493 apostolicus
2328 1420 2535 1476 scribit
2549 1422 3146 1494 Irenaaus,episcopus
3167 1424 3595 1496 Lugdunensis,

1945 1515 2005 1564 et
2038 1514 2283 1580 martyr.
2320 1528 2345 1560 ι
2873 1565 2876 1567 .

2015 1599 2214 1669 Capite
2270 1602 2328 1652 11
2383 1598 2457 1653 ad
2514 1599 2843 1655 secundum
2875 1599 3144 1655 ordinem
3176 1603 3594 1660 haereticorum

1942 1687 2338 1760 progreditur,
2398 1688 2726 1758 asseritque
2782 1689 3076 1760 lgnatium
3135 1697 3404 1748 nostrum
3446 1693 3598 1749 alios

1944 1776 2123 1832 etiam
2155 1781 2289 1847 post
2315 1777 2437 1831 veri
2494 1777 2700 1848 Ignatii
2736 1783 2986 1832 mortem
3019 1785 3252 1836 exortos
3283 1781 3596 1837 haereticos

162 1867 398 1922 mentia
430 1867 644 1938 abripi,
681 1871 738 1921 et
769 1866 1043 1937 quaedam
1082 1884 1202 1922 non
1249 1869 1393 1923 satis
1425 1873 1696 1923 accurate
1727 1884 1830 1923 ex-
1867 1896 1913 1962 Β
1942 1866 2227 1938 tetigisse,
2263 1866 2404 1921 licet
2439 1883 2558 1921 non
2598 1867 2957 1922 nominatos.
3004 1870 3350 1940 Respondeo
3401 1872 3592 1942 primo

164 1973 357 2030 pensa
381 1956 714 2025 effundere,
737 1972 871 2012 cum
897 1956 1049 2010 nihil
1070 1955 1131 2011 in
1155 1958 1263 2013 hac
1285 1973 1349 2012 re
1375 1961 1657 2028 appareat
1677 1955 1836 2026 quod

168 2063 306 2101 cum
338 2045 616 2101 videatur
636 2045 929 2117 abripere,
963 2051 1065 2100 aut
1093 2062 1330 2117 quoquo
1361 2045 1537 2100 modo
1570 2061 1830 2100 commo-

164 2151 339 2199 vere;
373 2135 526 2189 nihil
557 2134 630 2190 ab
674 2151 743 2190 eo
776 2134 1000 2190 dictum
1031 2135 1126 2205 sit,
1159 2134 1318 2206 quod
1350 2151 1468 2190 non
1500 2135 1577 2189 sit
1606 2135 1834 2189 veritati

168 2228 648 2279 consentaneum
675 2240 689 2290 ;
715 2223 866 2278 nihil
894 2223 1052 2294 quod
1080 2224 1348 2295 ejusdem
1372 2224 1678 2278 sententiaa
1701 2223 1834 2278 aliis

167 2312 322 2368 locis
353 2313 660 2385 patefacta;
689 2314 1056 2368 contrarium
1085 2313 1178 2370 sit.
1205 2313 1369 2378 Quod
1402 2313 1450 2368 si
1483 2314 1609 2368 haec
1639 2314 1837 2369 obser-

171 2404 334 2458 vatio
365 2404 438 2459 de
467 2403 844 2459 vehementia
873 2403 1095 2476 ingenii
1128 2404 1572 2476 Hieronymiani
1603 2404 1834 2460 admitti

173 2493 502 2564 aliquando
523 2493 904 2561 debeat,tunc
922 2494 1151 2564 potiore
1165 2495 1302 2564 jure
1324 2493 1595 2564 usurpari
1621 2497 1832 2564 potest,

171 2598 315 2638 cum
345 2582 628 2638 adversus
659 2582 944 2637 diaconos
976 2582 1254 2638 Ecclesia:
1285 2584 1566 2637 Romanas
1591 2583 1837 2637 lacessi-

173 2676 275 2726 tus
300 2671 672 2737 scribit,cum
695 2676 762 2726 ut
780 2687 986 2726 eorum
1009 2670 1355 2743 dignitatem
1377 2671 1694 2728 imminuat
1714 2677 1836 2726 tam

169 2760 367 2815 multa
389 2760 459 2815 de
477 2760 923 2832 presbyteratus
945 2760 1296 2816 auctoritate
1319 2762 1838 2833 congerit,cum,ut

163 2866 306 2905 eam
333 2849 620 2917 stabiliat,
656 2849 948 2921 aequalem
977 2867 1128 2922 pene
1158 2850 1271 2922 ipsi
1315 2850 1635 2922 episcopali
1666 2855 1803 2922 pote
1829 2884 1833 2888 -

168 2940 315 2995 stati
349 2945 610 2994 statuere
644 2945 962 2994 censetur:
995 2957 1124 3010 quae
1155 2939 1566 3011 interpretatio
1600 2945 1834 2995 senten-

167 3030 270 3084 tia:
306 3028 782 3099 Hieronymiauze
829 3045 962 3083 eum
997 3029 1253 3084 maxime
1284 3029 1746 3094 inconstantem,
1781 3033 1839 3082 et

171 3117 300 3171 suis
332 3117 572 3189 scriptis
594 3118 892 3173 contraria
914 3117 1320 3173 effundentem
1343 3121 1750 3188 reprznsentat.
1778 3117 1834 3172 Si

1946 1954 2273 2025 generatim
2307 1953 2614 2024 scripsisse
2660 1954 2951 2025 lgnatium
2983 1955 3166 2026 (quod
3197 1957 3469 2012 observat
3498 1974 3598 2012 ve—

1947 2041 2181 2096 rissime
2210 2040 2516 2107 Eusebius)
2575 2040 2856 2096 adversus
2904 2043 3162 2098 haereses
3189 2061 3296 2099 suo
3329 2050 3598 2116 tempore

1945 2137 2303 2204 grassantes,
2335 2136 2393 2186 et
2422 2136 2488 2186 ut
2516 2131 2590 2187 ab
2622 2131 2696 2185 iis
2728 2139 3021 2194 caverent.
3054 2134 3331 2190 ecclesias
3362 2153 3593 2207 omnes,

1946 2220 2018 2276 ad
2051 2237 2198 2291 quas
2238 2220 2522 2291 martyrio
2553 2220 2859 2292 proximus
2891 2222 3170 2292 epistolas
3200 2226 3595 2296 exaravit,op-

1945 2315 2197 2381 portune
2213 2309 2528 2365 admodum
2545 2308 2926 2366 admonuisse
2940 2317 3114 2382 atque
3129 2329 3303 2384 prmm
3314 2314 3594 2372 univisse.

1946 2401 2181 2456 Eaadem
2212 2405 2412 2456 autem
2442 2401 2719 2469 haareses,
2753 2417 2884 2471 qum
2941 2402 3104 2458 illius
3135 2409 3306 2461 astate
3338 2406 3400 2460 in
3431 2407 3600 2478 Syria

1947 2490 2038 2545 vel
2061 2489 2328 2546 ecclesiis
2353 2489 2624 2545 finitimis
2662 2495 2881 2546 exorta)
2905 2497 3064 2556 sunt,
3091 2493 3198 2548 sub
3227 2494 3475 2550 aliorum
3498 2513 3601 2551 no-

1946 2579 2210 2633 minibus
2242 2577 2303 2632 in
2335 2578 2545 2634 iisdem
2577 2577 2666 2633 vel
2696 2578 2826 2633 aliis
2861 2585 3152 2636 terrarum
3192 2583 3330 2653 oris,
3364 2585 3598 2641 saeculis

1947 2669 2357 2741 sequentibus,
2382 2669 2840 2740 repullularunt.
2866 2673 2946 2725 Ea
2966 2672 3145 2743 igitur
3164 2690 3294 2743 quae
3325 2675 3397 2730 ab
3431 2675 3597 2747 Igna-

1947 2759 2028 2814 tio
2061 2763 2267 2814 contra
2310 2758 2401 2812 sui
2458 2758 2741 2829 temporis
2803 2759 3348 2818 Heterodidascalos
3378 2765 3600 2835 scripta

1949 2853 2108 2912 sunt,
2142 2847 2215 2901 ad
2247 2846 2607 2902 sententiam
2627 2846 2880 2918 alicujus
2908 2848 3172 2904 haeretici
3207 2852 3306 2921 qui
3338 2852 3441 2908 diu
3469 2858 3601 2924 post

1946 2937 2224 3006 martyris
2246 2935 2588 3006 passionem
2610 2940 2784 2990 natus
2810 2935 2904 3004 sit,
2923 2936 3299 2994 refutandam
3321 2946 3602 3012 opportu-

1946 3025 2193 3080 nissima
2223 3041 2351 3079 esse
2373 3030 2693 3096 potuerunt
2717 3042 2731 3091 ;
2764 3041 2882 3079 non
2904 3026 3064 3096 quod
3086 3033 3292 3082 auctor
3320 3030 3602 3100 epistola-

1945 3131 2079 3169 rum
2129 3115 2323 3185 ipsum
2382 3113 2727 3169 hmreticum
2783 3115 3175 3185 posteriorem
3214 3119 3462 3186 noverit,
3497 3120 3600 3175 sed

172 3224 444 3278 unquam
477 3207 676 3279 igitur,
709 3208 770 3262 in
797 3208 908 3263 hac
938 3208 1065 3278 ipsa
1095 3209 1497 3263 controversia
1528 3207 1600 3262 de
1629 3207 1837 3263 distin-
1873 3241 1916 3307 Ο
1949 3204 2106 3274 quod
2126 3203 2402 3258 eumdem
2425 3220 2892 3274 errorem,quem
2915 3206 3209 3275 posterior
3231 3213 3467 3263 secutus
3491 3215 3598 3276 est,

175 3298 375 3351 ctione
408 3313 714 3351 sacrorum
759 3297 1058 3364 ordinum,
1087 3296 1292 3351 liceret
1321 3297 1515 3352 dicere
1549 3297 1836 3367 Hierony—

174 3402 341 3441 mum
375 3385 635 3440 naturali
671 3386 924 3454 quadain
958 3385 1180 3457 ingenii
1218 3385 1594 3442 vehementia
1623 3385 1838 3456 abripi,

175 3481 234 3530 et
269 3474 548 3546 quaedam
581 3490 701 3528 non
732 3475 874 3529 satis
909 3480 1183 3530 accurate
1207 3491 1463 3546 expensa
1493 3473 1834 3529 etl‘undere:

177 3582 311 3635 qua:
342 3563 656 3635 responsio
689 3564 737 3619 si
770 3568 830 3617 et
860 3564 1001 3618 satis
1024 3580 1285 3636 congrua
1307 3570 1365 3619 et
1386 3565 1581 3621 valida
1603 3569 1838 3635 repute-

177 3661 276 3709 tur
301 3671 315 3719 ;
350 3669 472 3708 non
497 3653 611 3708 erit
634 3669 783 3723 opus
806 3651 1137 3723 quidquam
1160 3653 1378 3708 addere
1405 3654 1480 3709 ad
1508 3652 1842 3708 convellen-

168 3743 313 3797 dum
327 3741 644 3796 sententiae
665 3741 1085 3797 Blondellianaa
1101 3741 1728 3799 fundamentum.Cum
1747 3759 1845 3798 au-

172 3837 298 3886 tem
331 3833 486 3885 hanc
514 3830 966 3887 acerbissimam
999 3847 1313 3887 censuram
1364 3831 1435 3887 de
1489 3832 1840 3904 abreptione

170 3919 525 3990 Hieronymi
558 3935 754 3974 veram
785 3936 915 3974 esse
943 3921 1440 3992 contendit,quod
1472 3921 1568 3976 hic
1601 3921 1842 3989 scribat,

171 4009 397 4065 multos
429 4009 794 4081 apostolicos
825 4010 980 4066 viros
1026 4010 1308 4066 adversus
1339 4011 1705 4066 Theodotum
1735 4013 1845 4082 By-

173 4101 485 4155 zantinum
513 4098 846 4170 scripsisse,
876 4116 1013 4155 cum
1066 4106 1400 4173 temporum
1434 4101 1583 4156 ratio
1615 4101 1846 4156 evincat

175 4189 328 4244 nulli
361 4187 689 4259 apostolico
718 4193 929 4244 notum
976 4206 1103 4245 esse
1160 4190 1424 4262 potuisse
1455 4191 1844 4274 Theodotum,

173 4279 328 4351 fugit
361 4294 500 4332 eum
535 4278 780 4332 omnino
813 4278 984 4333 ratio.
1014 4279 1141 4333 Non
1175 4279 1336 4334 enim
1365 4279 1585 4335 multos
1614 4284 1845 4335 tantum

175 4366 536 4440 apostolicos
569 4367 742 4431 viros,
779 4366 882 4422 sed
915 4372 972 4422 et
999 4367 1349 4438 eloquentes
1383 4367 1530 4423 dixit
1559 4368 1845 4441 Hierony-

174 4463 407 4522 mus,ut
434 4456 540 4512 lib.
567 4473 584 4510 ι
614 4457 873 4511 adversus
901 4457 1264 4512 Iovinianum
1283 4473 1302 4511 :
1325 4479 1353 4506 ‹‹
1385 4457 1472 4512 Ad
1501 4458 1610 4513 hos
1643 4463 1700 4513 et
1722 4459 1845 4514 Cle-

173 4565 350 4604 mens
385 4561 698 4601 successor
727 4547 1002 4617 apostoli,
1061 4548 1234 4618 cujus
1284 4547 1505 4602 Paulus
1537 4549 1847 4619 apostolus

173 4635 479 4698 meminit,
503 4633 709 4688 scribit
732 4634 1035 4703 epistolas,
1056 4650 1413 4704 omnemque
1441 4651 1590 4706 pene
1616 4651 1844 4690 sermo-

177 4742 317 4780 nem
377 4739 555 4779 suum
609 4722 680 4778 de
736 4723 1089 4795 virginitatis
1121 4724 1379 4796 puritate
1410 4725 1754 4792 contexuit;
1787 4730 1846 4780 et

181 4814 466 4884 deinceps
499 4811 672 4868 multi
705 4812 1013 4884 apostolici
1068 4818 1127 4868 et
1173 4816 1464 4883 martyres
1494 4817 1554 4868 et
1582 4812 1843 4869 illustres

185 4909 307 4959 tam
343 4903 659 4958 sanctitate
693 4917 869 4972 quam
902 4902 1248 4974 eloquentia
1276 4902 1408 4967 viri,
1435 4918 1583 4972 quos
1615 4918 1686 4956 ex
1715 4919 1846 4972 pro-

186 4992 333 5064 priis
362 4990 602 5061 scriptis
635 5006 810 5045 nosse
843 4990 1123 5060 perfacile
1157 4995 1285 5055 est;
1339 5011 1367 5039 »
1417 5006 1609 5060 neque
1641 4997 1847 5046 contra

187 5078 560 5135 Theodotum
593 5077 967 5133 solummodo
1015 5077 1322 5149 scripsisse
1371 5077 1472 5144 ait,
1507 5077 1610 5133 sed
1641 5085 1848 5134 contra

188 5169 470 5225 Ebionem
485 5169 646 5239 (nam
661 5168 732 5223 de
751 5167 1055 5223 Valentino
1070 5167 1249 5222 silent
1273 5168 1846 5240 mss.quamplurimi

189 5264 363 5331 atque
406 5260 566 5314 inter
610 5275 712 5314 eos
767 5257 1280 5329 Cantabrigienses
1328 5257 1465 5328 duo)
1499 5275 1619 5313 non
1651 5259 1846 5314 minus

187 5365 362 5419 quam
379 5349 751 5404 Theodotum
769 5365 780 5414 ;
797 5363 992 5418 neque
1011 5351 1132 5402 tam
1152 5362 1356 5402 eorum
1375 5363 1659 5418 personas
1677 5365 1844 5418 quam

186 5439 541 5494 sententiam
571 5436 907 5509 respexisse
935 5435 1268 5491 censendus
1291 5440 1400 5499 est,
1422 5435 1524 5506 qui
1544 5436 1604 5490 in
1637 5437 1844 5492 eadem

181 5527 681 5592 consentiebant;
745 5539 939 5594 neque
998 5522 1255 5594 denique
1313 5538 1514 5578 verum
1547 5529 1656 5591 est,
1693 5525 1843 5581 nulli

179 5617 505 5686 apostolico
538 5619 756 5672 notum
784 5627 914 5667 esse
945 5612 1208 5684 potuisse
1239 5611 1622 5667 Theodotum.
1657 5614 1843 5679 Quam

181 5703 279 5760 diu
311 5707 471 5764 enim
532 5709 680 5763 ante
745 5701 1040 5758 Victorem
1095 5701 1353 5758 haaresin
1383 5717 1549 5756 suam
1582 5701 1844 5774 prodidit

1949 3294 2009 3348 in
2053 3294 2238 3365 priori
2283 3293 2787 3348 condemnaverit.
2820 3295 2946 3359 Qua
2982 3295 3162 3350 unica
3191 3296 3601 3354 observatione

1945 3383 2272 3454 prmmissa,
2296 3381 2466 3436 facile
2489 3382 2871 3452 particularia
2897 3383 3130 3454 objecta
3150 3385 3529 3443 refelluntur.

2018 3473 2140 3526 Duo
2174 3471 2474 3526 Saturnini
2505 3471 2780 3543 dogmata
2802 3473 3132 3543 respexisse
3154 3475 3445 3545 lgnatium
3479 3476 3599 3547 epi-

1948 3561 2226 3616 stolicum
2240 3560 2378 3627 vult,
2402 3576 2588 3616 unum
2604 3561 2674 3616 de
2688 3562 3090 3628 matrimonio,
3111 3564 3366 3619 alterum
3381 3564 3451 3620 de
3464 3567 3489 3620 J
3498 3582 3604 3622 esu

1948 3650 2229 3721 putativo,
2261 3650 2513 3719 ideoque
2544 3655 2676 3720 post
2734 3667 2802 3704 ea
2853 3668 2889 3705 a
2947 3653 3261 3709 Saturnino
3303 3654 3604 3726 publicata

1947 3739 2181 3806 viaisse,
2215 3745 2271 3792 et
2303 3739 2594 3808 lgnatium
2625 3745 2945 3809 martyrem
2977 3757 3104 3795 esse
3137 3757 3255 3796 non
3287 3744 3602 3812 posse.Sed

1951 3829 2251 3885 Saturnini
2279 3829 2490 3900 dogma
2511 3830 2582 3884 de
2607 3830 2984 3885 matrimonio
3007 3832 3067 3885 in
3090 3834 3364 3903 genuinis
3391 3837 3606 3906 episto-

1952 3921 2025 3975 lis
2058 3937 2176 3974 non
2203 3918 2494 3986 habetur;
2529 3935 2596 3973 ex
2641 3921 3160 3992 assumentis,quaa
3192 3923 3599 3993 repudiamus,

1953 4008 2342 4080 depromitur.
2377 4007 2646 4062 Alterum
2697 4010 2834 4062 Jesu
2892 4009 3182 4079 putavivo,
3216 4028 3251 4066 a
3285 4012 3602 4068 Saturnino

1952 4098 2144 4169 primo
2175 4095 2474 4167 proditum
2499 4112 2619 4150 non
2643 4100 2752 4150 est.
2777 4097 3018 4151 Etiamsi
3042 4097 3220 4169 igitur
3250 4105 3459 4154 auctor
3481 4103 3607 4172 epi-

1953 4189 2240 4245 stolarum
2273 4194 2478 4242 contra
2503 4188 2653 4242 hanc
2687 4187 3167 4258 haeresim,quam
3203 4189 3479 4244 tuebatur
3509 4192 3610 4246 Sa-

1954 4279 2249 4346 turninus,
2279 4276 2602 4347 scripserit,
2626 4293 2747 4331 non
2768 4276 2906 4332 inde
2938 4281 3139 4331 tamen
3173 4277 3441 4348 sequitur
3468 4295 3604 4334 eum

1953 4367 2043 4422 vel
2074 4367 2458 4422 Saturninum
2492 4365 2746 4433 novisse,
2788 4365 2879 4420 vel
2926 4371 3151 4433 contra,
3185 4366 3276 4423 vel
3305 4373 3438 4438 post
3468 4385 3604 4424 eum

1956 4456 2261 4528 scripsisse
2289 4472 2301 4522 ;
2334 4455 2474 4526 quia
2503 4455 2708 4509 eadem
2731 4454 2846 4510 fuit
2874 4455 3118 4511 haeresis
3150 4457 3606 4514 Menandriano-

1955 4561 2111 4609 rum,
2168 4560 2423 4615 quorum
2483 4542 2907 4614 quamplurimi
2956 4544 3276 4600 Saturnino
3339 4547 3606 4603 seniores

1956 4640 2143 4689 erant.
2163 4635 2288 4688 Imo
2321 4633 2447 4704 ipse
2470 4633 2820 4688 Saturninus
2840 4650 2871 4688 a
2895 4634 3214 4689 Menandro
3238 4635 3456 4691 hausit.
3480 4639 3603 4692 Ire-

1956 4739 2121 4778 naeus
2153 4722 2256 4777 lib.
2291 4739 2327 4785 ῐ,
2365 4739 2415 4777 c.
2467 4725 2572 4776 22:
2607 4743 2636 4770 «
2670 4722 3022 4778 Saturninus
3055 4723 3298 4793 quidem
3330 4725 3608 4780 similiter

1955 4816 2020 4866 ut
2049 4809 2385 4880 Menander,
2419 4816 2530 4866 etc.
2565 4835 2585 4862 ι
2614 4811 2981 4881 Epiphanius
3007 4811 3263 4867 diserte:
3298 4811 3450 4867 Μετὰ
3476 4817 3606 4866 τοῦ·
3703 4866 3705 4868 .

1953 4919 2046 4952 τον
2082 4897 2416 4972 Σατορνῖλός
2469 4919 2553 4962 τις
2613 4896 2830 4967 ἀνέστη,
2884 4899 2975 4952 καὶ
3035 4897 3197 4959 αὐτὸς
3256 4898 3455 4955 ἐκεῖθεν
3505 4902 3602 4963 τὰς

1955 4988 2226 5064 ἀφορμὰς,
2259 4987 2365 5042 ἀπὸ
2406 4984 2719 5060 Μενάνδρου
2778 4986 2944 5063 φημὶ,
3004 4986 3096 5041 καὶ
3145 4991 3252 5041 τῶν
3291 4989 3482 5061 πρώην
3512 4987 3609 5044 λα-

1956 5072 2087 5132 ϐών.
2122 5077 2528 5132 Menandriani
2549 5084 2746 5132 autem
2774 5083 2834 5133 et
2859 5077 3186 5132 Simoniani
3214 5094 3421 5134 omnes
3437 5079 3607 5134 Chri-

1956 5172 2113 5223 stum
2147 5166 2404 5238 putative
2437 5165 2742 5221 hominem
2775 5167 2979 5235 fuisse,
3003 5171 3061 5222 et
3081 5167 3338 5238 putative
3373 5173 3604 5226 tantum

1955 5272 2196 5328 passum
2250 5253 2588 5320 docebant;
2644 5271 2678 5310 a
2743 5256 3004 5325 Simone,
3083 5255 3326 5323 scilicet,
3387 5257 3602 5323 edocti,

1957 5345 2056 5416 qui
2089 5344 2327 5407 Iudaeis,
2368 5343 2630 5413 seipsum
2677 5344 2888 5398 Filium
2921 5361 3049 5400 esse
3076 5345 3244 5413 dixit,
3275 5344 3514 5408 παθόντα
3545 5342 3604 5401 δὲ

1959 5434 2036 5506 μὴ
2069 5431 2408 5499 πεπονθέναι,
2440 5428 2586 5484 ἀλλὰ
2618 5427 2838 5499 δοκήσει
2881 5433 3066 5503 μόνον,
3119 5439 3185 5488 ut
3234 5435 3392 5491 idem
3423 5436 3606 5493 refert

1954 5521 2338 5594 Epiphanius.
2364 5520 2682 5576 Menander
2703 5525 2903 5576 autem
2925 5523 3166 5587 multos,
3193 5529 3342 5580 teste
3372 5527 3603 5582 Justino

1954 5618 2236 5684 martyre,
2267 5611 2593 5667 Antiochia)
2627 5611 2880 5678 seduxit,
2934 5628 3083 5682 quos
3131 5613 3404 5683 ignorare
3445 5618 3606 5689 lgna.

1955 5703 2071 5758 tius
2101 5705 2305 5758 noster
2334 5718 2454 5757 non
2486 5701 2698 5772 potuit.
2735 5704 2856 5758 lmo
2887 5717 2959 5756 ex
2997 5700 3308 5760 Antiochia
3343 5703 3454 5759 fuit
3479 5706 3607 5778 ipse
