3974 6296
384 326 496 391 I91

1547 323 1611 384 S.
1657 319 2054 382 IGNATIUS.
2101 353 2180 366 —
2223 321 2846 390 PROLEGOMENA.

3669 328 3790 387 292

378 463 751 532 Saturninus,
783 467 932 518 teste
960 462 1202 528 Irenaao,
1227 460 1298 516 de
1321 460 1490 531 cujus
1523 463 1715 526 astate,
1737 457 1839 512 ubi
1870 473 2018 528 opus
2047 464 2099 530 Α
2128 457 2566 532 vindicandam,
2598 463 2761 534 quod
2792 479 2923 535 quas
2955 461 3148 534 primo
3185 461 3525 533 scripserat,
3562 461 3795 536 directe

376 555 576 618 fuerit,
610 554 787 608 latius
819 553 1200 607 disseremus.

451 647 579 699 Mox
610 644 759 699 duos
790 661 862 698 ex
894 643 1144 714 epistola
1174 641 1246 697 ad
1277 641 1688 713 Philippenses
1719 639 1881 694 locos
1912 638 2016 693 ad-

2123 557 2402 616 hmresim
2432 553 2680 608 ferirent
2727 553 2968 607 Ebionis
2999 558 3058 608 et
3086 552 3374 616 Cerinthi,
3407 552 3794 624 aliorumque

2123 650 2318 720 seipso
2350 643 2777 715 antiquiorum,
2813 649 2916 697 aut
2946 658 3053 697 sua
3089 646 3282 710 aatate,
3332 648 3467 712 post
3505 643 3789 698 omnium

378 735 560 802 ducit,
592 733 922 796 manifeste,
955 738 1018 786 ut
1045 732 1457 802 ait,pulsantes
1479 733 1784 794 Praxeam,
1807 732 2024 800 printer
2124 736 2528 811 apostolorum
2562 738 2834 797 mortem,
2883 731 3158 786 eamdem
3206 731 3456 786 liberius
3506 731 3796 787 dissemi.

377 842 478 880 eos
509 841 658 894 quos
681 828 852 878 antea
874 823 1200 878 adduxerat
1223 839 1235 874 :
1259 825 1429 876 erant
1449 826 1647 876 autem
1677 819 1857 873 etiam
1889 818 1929 871 ii
1951 833 2024 872 ex

376 914 581 970 eadem
615 913 882 984 epistola,
916 918 1017 967 aut
1047 912 1148 966 illa
1178 912 1251 965 ad
1300 913 1639 965 Tarsenses.
1676 910 1791 963 Nos
1821 912 2020 962 autem

374 1011 647 1059 neutram
698 1002 1097 1065 defendimus,
1155 1007 1471 1070 utramque
1537 996 2020 1053 manifestissime

373 1092 843 1149 commentitiam
877 1091 1241 1161 profitemur.

448 1182 710 1251 Denique
741 1180 1103 1234 Theodotum
1156 1179 1482 1233 Coriarium
1514 1177 1729 1232 iterum
1762 1175 2024 1238 adducit,

376 1289 445 1327 ac
474 1272 522 1325 si
558 1271 942 1342 epistolarum
975 1274 1180 1323 auctor
1202 1284 1338 1322 eum
1371 1269 1550 1322 etiam
1582 1265 2027 1335 novisset,quod

379 1361 556 1415 etiam
588 1360 649 1413 in
682 1358 1013 1414 Usserianis
1042 1358 1200 1412 illius
1240 1357 1611 1428 blasphemia
1643 1356 1897 1412 refutata
1927 1355 2023 1410 sit.

377 1453 445 1504 Et
469 1449 710 1520 quidem
737 1447 1192 1518 blasphemiam,
1217 1463 1391 1516 quam
1411 1446 1742 1501 Theodotus
1764 1444 2030 1500 defendit

373 1539 669 1611 Ignatium
701 1537 1082 1592 Usserianum
1109 1535 1398 1590 refutasse
1431 1536 1691 1590 concedo
1722 1553 1735 1601 ;
1772 1534 2031 1590 Theodo.

378 1634 505 1683 tum
537 1627 768 1682 novisse
786 1643 990 1680 rursus
1010 1641 1287 1695 pernego.
1314 1623 1568 1679 Dallaaus
1592 1625 1716 1696 ipse
1740 1623 2028 1678 dubitan-

381 1725 471 1772 ter
510 1719 636 1772 haac
694 1717 1009 1788 proponit:
1074 1738 1101 1764 ‹‹
1161 1716 1218 1768 Si
1279 1732 1414 1769 vera
1462 1721 1618 1778 sunt,
1652 1714 1865 1785 inquit,
1899 1730 2030 1784 quae

379 1807 571 1872 Caius,
595 1807 713 1860 sive
734 1806 886 1860 alius
909 1804 1063 1875 apud
1086 1805 1402 1859 Eusebium
1426 1804 1678 1876 scriptor
1698 1803 2030 1858 vetustissi-

379 1915 512 1952 mus
561 1897 724 1965 dicit,
760 1919 786 1944 ››
833 1895 1220 1961 Theodotum,
1269 1894 1518 1960 scilicet,
1564 1893 1822 1965 primum
1867 1909 2026 1948 asse-

376 1988 567 2043 ruisse
591 1987 888 2040 Christum
911 1985 1092 2040 fuisse
1116 1984 1340 2038 nudum
1363 1984 1696 2049 hominem;
1716 1983 1843 2053 ipse
1867 1983 2028 2037 enim

373 2078 598 2148 optime
626 2075 788 2130 novit
839 2074 984 2137 haec,
1043 2073 1091 2127 si
1143 2073 1344 2128 stricte
1381 2078 1712 2140 sumantur,
1742 2088 1881 2128 vera
1906 2088 2026 2126 non

373 2183 540 2232 esse;
576 2165 738 2219 novit
762 2163 912 2217 alios
944 2161 1414 2232 quamplurimas
1464 2161 1564 2215 diu
1597 2167 1733 2216 ante
1764 2161 2030 2217 Theodo-

373 2261 524 2322 tum,
556 2270 676 2308 non
699 2268 918 2323 paucos
942 2253 1121 2306 etiam
1143 2255 1280 2305 ante
1308 2250 1894 2321 lgnatium,eamdem
1914 2251 2031 2305 hee-

372 2344 556 2400 resim
585 2341 1011 2413 promulgasse,
1070 2356 1324 2410 quorum
1375 2339 1676 2410 catalogus
1705 2339 1862 2410 apud
1893 2339 2030 2410 Epi-

373 2432 659 2506 phanium
694 2429 927 2502 legitur.
946 2429 1056 2484 Sed
1089 2429 1444 2500 scriptorem
1482 2427 1652 2483 illum
1684 2429 2026 2500 antiquissi-

373 2537 540 2577 mum
574 2525 778 2584 vocat;
814 2519 1089 2574 dabimus
1121 2519 1300 2588 igitur
1342 2518 1430 2572 illi
1464 2515 1770 2593 σύγχρονον
1799 2518 2028 2574 Tertul-

372 2612 623 2674 lianum,
644 2633 671 2659 ‹‹
691 2609 1010 2663 Cerinthus
1032 2607 1329 2662 Christum
1349 2607 1653 2662 hominem
1673 2611 2029 2663 tantummo-

368 2701 442 2756 do
477 2701 605 2754 sine
651 2699 876 2752 deitate
933 2697 1311 2754 contendit.»
1361 2699 1430 2753 Et
1473 2713 1707 2751 rursus:
1755 2697 2030 2752 «Poterit

375 2791 501 2844 hinc
529 2788 730 2860 opinio
762 2787 970 2842 Ebioni
1003 2787 1445 2856 convenire,qui
1471 2786 1698 2841 nudum
1721 2787 2028 2841 hominem

372 2876 682 2934 constituit
710 2877 969 2932 Iesum.»
1005 2878 1138 2931 Haec
1171 2876 1270 2931 ille
1328 2876 1477 2930 libro
1507 2877 1578 2930 De
1605 2892 1768 2931 carne
1799 2876 2023 2931 Christi.

373 2967 657 3022 Dabimus
689 2966 826 3020 Caio
861 2965 1261 3036 antiquiorem
1291 2967 1605 3032 Irenaeum,
1635 2965 1736 3035 qui
1768 2965 1871 3019 lib.
1909 2983 1947 3031 ι,
1970 2980 2024 3020 e.

373 3056 461 3125 23,
496 3055 567 3110 de
599 3054 875 3110 Cerintho
908 3054 1031 3108 haec
1064 3054 1272 3109 habet:
1309 3077 1335 3103 ‹‹
1370 3056 1570 3109 Iesum
1602 3059 1799 3109 autem
1828 3053 2025 3126 subje-

372 3145 452 3200 cit
481 3161 600 3199 non
631 3161 701 3198 ex
735 3144 961 3214 Virgine
995 3149 1202 3197 natum
1223 3142 1615 3213 (impossibile
1637 3143 1796 3198 enim
1827 3143 1939 3197 hoc
1970 3143 2022 3196 ei

371 3234 562 3289 visum
591 3236 724 3300 est),
755 3211 938 3288 fuisse
971 3238 1173 3288 autem
1201 3211 1584 3302 eum‘Joseph
1619 3238 1678 3286 et
1708 3233 1902 3288 Mariae
1935 3233 2024 3287 ﬁ--
2054 3211 2096 3278 (ἶ

373 3323 543 3390 lium,
578 3321 854 3376 similiter
881 3328 946 3376 ut
992 3321 1207 3391 reliqui
1239 3337 1447 3375 omnes
1479 3321 1770 3376 homines.
1808 3345 1834 3371 ››
1863 3323 2026 3378 Idem

373 3413 563 3482 capite
595 3411 907 3480 sequenti:
961 3431 989 3459 «
1035 3411 1141 3475 Qui
1199 3416 1398 3464 autem
1434 3411 1712 3465 dicuntur
1740 3411 2021 3479 Ebionaai,

377 3501 762 3556 consentiunt
786 3499 1024 3570 quidem
1047 3499 1337 3554 mundum
1359 3516 1392 3554 a
1418 3501 1534 3554 Deo
1557 3500 1776 3555 factum
1799 3517 1812 3565 ;
1841 3517 1908 3555 ea
1927 3517 2027 3556 au-

379 3596 499 3644 tem
527 3605 658 3658 quae
689 3595 825 3643 sunt
854 3603 990 3660 erga
1017 3589 1351 3653 Dominum,
1394 3605 1514 3643 non
1563 3589 1839 3644 similiter
1880 3591 2024 3660 [lego

380 3679 794 3750 consimiliter]
826 3684 890 3734 ut
933 3679 1245 3733 Cerinthus
1277 3684 1335 3734 et
1365 3681 1745 3750 Carpocrates
1774 3682 2025 3752 opinan-

372 3775 487 3824 tur.
516 3791 542 3818 ››
568 3769 644 3823 Ne
677 3772 874 3824 autem
898 3767 1300 3823 emendationi
1321 3773 1534 3823 nostra)
1565 3769 1738 3824 inniti
1769 3770 2023 3825 nimium

370 3858 696 3924 videamur,
749 3857 906 3912 idem
960 3856 1061 3913 lib.
1119 3875 1194 3925 ιν,
1254 3875 1305 3912 c.
1365 3860 1468 3912 58:
1516 3857 1818 3932 ’Δνακρινεῖ
1849 3854 1904 3912 δὲ
1934 3857 2022 3912 καὶ

368 3945 496 4008 τοὺς
558 3941 934 4010 Ἐϐιωναίους,
994 3948 1118 4005 Πῶς
1181 3942 1433 4000 δύνανται
1491 3949 1752 4015 σωθῆναι,
1796 3946 1841 4001 εἷ
1877 3948 1953 4019 μὴ
1993 3945 2020 4000 ὁ

369 4036 499 4097 Θεὸς
533 4037 598 4104 ἦν
635 4035 662 4090 ὁ
692 4037 790 4104 τήν
829 4033 1098 4104 σωτηρίαν
1150 4032 1324 4089 αὺτῶν
1376 4033 1465 4089 ἐπὶ
1497 4042 1601 4108 γῆς
1631 4033 2018 4111 ἐργασάμενος·

369 4126 403 4194 ἢ
430 4129 547 4186 πῶς
581 4123 867 4198 ἄνθρωπος
901 4125 1150 4202 χωρήσει
1180 4123 1254 4184 εἷς
1287 4125 1438 4192 Θεὸν,
1464 4123 1509 4178 εἰ
1545 4125 1621 4197 μή
1654 4125 1682 4178 6
1714 4125 1841 4186 Θεὸς
1873 4122 2020 4200 ἔχω-

373 4215 516 4286 ριζοη
552 4213 627 4273 εἰς
663 4211 966 4287 ἄνθρωπον.
993 4215 1168 4268 Vetus
1190 4214 1521 4286 interpres:
1553 4235 1575 4264 α
1600 4214 2020 4271 Judicabitau-

372 4309 493 4358 tem
528 4309 585 4357 et
615 4303 936 4370 Ebionitas,
970 4303 1266 4374 quomodo
1325 4311 1571 4374 possunt
1628 4304 1859 4370 salvari,
1904 4305 2019 4360 nisi

374 4394 530 4448 Deus
553 4393 769 4463 est,qui
793 4393 1047 4448 salutem
1070 4409 1274 4448 eorum
1297 4410 1477 4464 super
1501 4398 1716 4448 terram
1743 4401 2020 4466 cperatus

373 4482 511 4538 est?
538 4483 606 4536 Et
638 4482 1139 4552 quemadmodum
1170 4483 1346 4536 homo
1371 4481 1621 4536 transiet
1649 4483 1711 4536 in
1743 4483 1949 4552 Deum,
1969 4485 2018 4540 si

2131 827 2432 884 nantium.

2769 941 2998 996 CAPUT
3044 941 3144 994 III.

2127 1065 2529 1132 Argumentum
2559 1077 2591 1114 a
2629 1057 2912 1132 Valentini
2972 1059 3100 1132 Sige
3157 1057 3382 1112 ductum
3420 1060 3798 1132 proponitur

2199 1129 2629 1190 Introductoriz
2678 1131 2875 1186 Daltmi
2931 1131 3268 1198 conjectura?
3327 1129 3683 1198 refelluntur.
3717 1131 3797 1184 De

2201 1205 2361 1260 varia
2385 1205 2612 1258 lectione
2628 1205 2842 1270 frustra
2864 1202 3185 1270 ambigitur.
3213 1201 3639 1270 Interpolatoris
3656 1219 3798 1272 pru-

2201 1278 2388 1332 dentia
2412 1290 2706 1345 perperam
2737 1273 3061 1345 advocatur.
3094 1274 3252 1345 Mala;
3271 1274 3404 1340 ﬁdes
3438 1273 3798 1345 Petavioiim-

2201 1343 2746 1403 merito—ascribitur.
2810 1343 3005 1399 Irenazi
3060 1343 3347 1399 silentium
3377 1345 3596 1399 Eusebii
3617 1344 3794 1400 silen-

2206 1424 2281 1475 tio
2311 1435 2417 1488 exp
2427 1420 2677 1488 ungitur.

2208 1564 2444 1618 Leviora
2472 1562 2598 1616 haec
2629 1559 2869 1631 quidem
2901 1563 3058 1625 sunt,
3101 1564 3158 1614 et
3210 1560 3507 1629 omnibus,
3547 1561 3790 1632 opinor,

2136 1654 2441 1716 videntur;
2475 1650 2578 1706 sed
2611 1650 2802 1721 major
2822 1649 2994 1703 nobis
3016 1649 3206 1719 capite
3241 1652 3306 1702 l2
3337 1648 3659 1704 difﬁcultas
3684 1651 3797 1705 ori-

2138 1749 2235 1799 tur
2282 1761 2354 1799 ex
2402 1743 2551 1809 loco,
2587 1757 2764 1812 quem
2797 1741 2870 1795 ad
2902 1738 3276 1794 Valentinum
3307 1745 3599 1812 spectare,
3633 1747 3690 1795 et
3723 1740 3796 1794 fi—

2060 1846 2106 1912 Β
2137 1834 2270 1889 dem
2303 1840 2639 1903 temporum
2680 1829 2897 1884 violare
2947 1828 3260 1884 manifeste
3305 1829 3544 1898 volunt;
3581 1829 3641 1884 in
3674 1845 3791 1900 quo

2137 1922 2460 1978 Salmasius
2484 1925 2542 1975 et
2561 1918 3063 1986 Bloudellus,ante
3089 1917 3790 1984 Dallasum,desudarunt.

2134 2013 2334 2068 Exstat
2373 2011 2472 2066 ille
2505 2009 2746 2081 quidem
2780 2009 2840 2062 in
2873 2007 3124 2080 epistola
3166 2007 3239 2062 ad
3271 2009 3702 2081 Magnesianos,
3735 2013 3794 2064 et

2133 2103 2197 2159 in
2231 2101 2432 2157 codice
2466 2099 2725 2154 Mediceo
2752 2099 2813 2152 in
2837 2098 2998 2153 hunc
3022 2097 3266 2152 modum
3298 2099 3631 2170 concipitur
3656 2115 3670 2154 :
3693 2099 3792 2161 Εἲς

2133 2193 2262 2252 Θεός
2294 2189 2436 2244 ἐστιν
2496 2189 2522 2242 6
2584 2186 2896 2261 φανερώσας
2951 2186 3138 2241 ἑαυτὸν
3189 2183 3279 2240 διὰ
3326 2186 3509 2256 Ἰησοῦ
3548 2191 3790 2261 Χριστοῦ

2134 2281 2261 2334 Υἱοῦ
2287 2278 2472 2346 αὐτοῦ,
2507 2278 2565 2338 δς
2613 2275 2754 2331 ἐστιν
2803 2274 2967 2329 αὐτοῦ
3007 2275 3184 2350 Λόγος
3215 2272 3412 2346 ἀΐδιος,
3447 2275 3546 2330 οὐκ
3575 2275 3679 2330 ἀπὸ
3709 2296 3790 2330 σις

2133 2371 2236 2446 γῆς
2266 2364 2571 2442 προελθών.
2615 2368 2914 2437 Interpres
2965 2365 3346 2420 Usserianus:
3383 2388 3410 2415 ‹‹
3446 2368 3602 2422 Unus
3634 2368 3789 2422 Deus

2136 2463 2245 2522 est,
2279 2458 2380 2528 qui
2411 2455 2813 2511 manifestavit
2836 2454 3096 2525 seipsum
3127 2470 3233 2524 per
3260 2455 3460 2510 Jesum
3491 2455 3789 2514 Christum

2133 2547 2350 2603 Filium
2383 2545 2591 2617 ipsius,
2617 2545 2717 2615 qui
2741 2548 2830 2598 est
2851 2543 3038 2615 ipsius
3064 2543 3316 2598 Verbum
3349 2548 3792 2614 mternum,non

2133 2654 2168 2692 a
2194 2635 2432 2691 silentio
2456 2633 2860 2706 progrediens.
2883 2654 2910 2682 ››
2936 2632 3382 2704 Interpolatoris
3404 2639 3600 2688 autem
3624 2653 3792 2706 para-

2135 2725 2368 2797 phrasis
2401 2725 2483 2778 ita
2511 2741 2571 2777 se
2600 2723 2812 2777 habet:
2847 2721 2946 2781 Εἷς
2977 2716 3106 2782 Θεός
3136 2718 3279 2775 ἐστιν
3311 2721 3339 2774 6
3371 2723 3787 2797 παντοκράτωρ,

2135 2814 2162 2867 6
2195 2813 2505 2889 φανερώσας
2531 2811 2717 2865 ἑαυτὸν
2771 2806 2860 2863 διὰ
2917 2811 3096 2880 Ἰησοῦ
3147 2807 3382 2884 Χριστοῦ
3407 2814 3503 2865 τοῦ
3529 2812 3658 2865 1⁸ἱοῦ
3689 2813 3786 2866 αὖα

2132 2905 2249 2968 τοῦ,
2285 2899 2343 2961 ὅς
2377 2898 2517 2954 ἐστιν
2551 2898 2714 2952 αὖτοῦ
2749 2899 2924 2971 Λόγος
2949 2897 3010 2953 οὐ
3034 2899 3222 2970 ῥητὸς,
3248 2897 3374 2953 ἀλλ’
3398 2897 3693 2970 οὐσιώδης·
3722 2901 3785 2955 οὐ

2133 2989 2234 3064 γάρ
2289 2987 2398 3042 ἐστι
2452 2985 2652 3048 λαλιᾶς
2708 2985 2964 3060 ἐνάρθρου
3025 2987 3284 3064 φώνημα,
3351 2987 3479 3043 ἀλλ’
3525 2988 3789 3064 ἐνεργείας

2135 3083 2321 3147 θεῖκῆς
2349 3076 2502 3131 οὐσία
2533 3077 2787 3153 γεννητή.
2814 3079 3110 3148 Interpres
3133 3077 3400 3150 vulgatus
3427 3096 3438 3132 :
3473 3101 3498 3132 α
3519 3081 3678 3135 Unus
3700 3087 3794 3136 est

2138 3171 2289 3223 Deus
2313 3166 2819 3238 omnipotens.qui
2852 3166 3254 3222 manifestavit
3277 3168 3536 3239 seipsum
3569 3185 3675 3240 per
3703 3170 3793 3224 Je-

2137 3274 2268 3312 sum
2291 3257 2588 3312 Christum
2612 3255 2827 3310 Filium
2851 3272 3047 3322 suum,
3065 3257 3162 3325 qui
3191 3262 3280 3311 est
3307 3256 3556 3312 Verbum
3578 3259 3790 3329 ipsius,

2133 3362 2254 3400 non
2288 3344 2665 3417 prolativum,
2700 3344 2942 3409 scilicet,
2971 3344 3072 3399 sed
3093 3343 3483 3400 substantiale
3511 3363 3522 3412 ;
3556 3363 3677 3402 non
3709 3347 3794 3402 lo-

2133 3435 2291 3490 cutio
2325 3433 2653 3490 articulatm
2686 3435 2864 3499 vocis,
2899 3433 3003 3488 sed
3053 3435 3318 3505 operatio
3362 3435 3625 3503 Deitatis,
3659 3437 3793 3491 sub-

2132 3523 2371 3584 stantia,
2405 3521 2656 3586 scilicet,
2693 3522 2910 3593 genita.
2948 3544 2976 3571 »

2205 3613 2283 3666 De
2314 3611 2406 3665 his
2437 3609 2631 3664 verbis
2663 3611 2804 3680 quid
2853 3611 3084 3681 judicet
3134 3611 3329 3667 dicere
3355 3612 3536 3667 voluit
3563 3613 3652 3667 vir
3682 3613 3788 3669 do-

2133 3701 2433 3757 ctissimus
2464 3705 2784 3770 antequam
2817 3707 3231 3772 argumentum
3265 3702 3459 3773 ipsum
3492 3703 3786 3774 explicare

2133 3807 2200 3845 ac
2223 3790 2375 3844 tueri
2398 3789 2815 3860 aggrederetur
2839 3806 2851 3854 ;
2875 3789 2979 3843 sed
3004 3807 3107 3860 pro
3127 3789 3354 3860 judicio
3383 3809 3487 3846 suo
3512 3792 3790 3848 inanissi-

2133 3894 2291 3933 mam
2315 3878 2722 3948 conjecturam
2747 3878 3011 3948 protulit.
3037 3901 3064 3927 «
3091 3881 3290 3945 Nemo,
3319 3881 3532 3951 inquit,
3557 3887 3784 3937 tantam

2131 3967 2290 4021 inter
2308 3967 2646 4038 Ignatianos
2661 3967 2896 4022 codices
2920 3967 3321 4024 diversitatem
3347 3987 3484 4024 casu
3507 3971 3793 4026 accidisse

2131 4058 2435 4114 censebit:
2467 4080 2494 4107 »
2527 4059 2654 4113 sine
2678 4057 2857 4115 dubio
2880 4061 3495 4132 nemo.Quisquamne
3519 4069 3640 4117 tam
3662 4064 3794 4119 fun-

2130 4166 2236 4221 gus
2264 4155 2372 4216 est,
2405 4153 2472 4204 ut
2528 4154 2715 4220 putet,
2777 4149 2849 4204 ab
2911 4174 2938 4200 «
2973 4151 3467 4221 antiquariorum,
3501 4153 3649 4208 alias
3682 4171 3790 4225 pro

2132 4238 2265 4294 aliis
2298 4239 2524 4293 litteras
2556 4243 2657 4293 aut
2687 4256 2857 4294 voces
2891 4239 3670 4314 scribentium,negligentia
3698 4244 3791 4299 vel

2131 4344 2330 4382 errore
2359 4327 2637 4399 simplici,
2666 4350 2692 4376 ››
2721 4344 2791 4382 ex
2815 4329 3004 4383 tribus
3031 4328 3328 4385 vocabulis
3355 4331 3502 4386 duas
3531 4333 3792 4404 integras

2131 4415 2319 4470 lineas
2366 4421 2424 4470 et
2469 4415 2664 4471 verbis
2696 4421 2754 4470 et
2785 4417 3030 4488 syllabis
3063 4423 3120 4471 et
3150 4417 3386 4486 litteris,
3421 4422 3675 4475 maxime
3709 4422 3795 4476 di-

2130 4521 2330 4560 versas
2361 4511 2529 4560 natas
2561 4521 2690 4560 esse
2714 4505 2742 4559 ?
2786 4506 3191 4576 Quisquamne
3227 4511 3346 4562 tam
3377 4508 3596 4576 fatuus,
3631 4515 3698 4564 ut
3729 4510 3791 4564 in

373 4588 495 4669 If?“
531 4572 772 4669 De“s_in
806 4572 1158 4669 ἣρωίοθτηῗ
1199 4570 1762 4669 Νοίξδξξίθῐηββίίζη
1793 4577 2024 4669 lanium
2055 4568 2100 4634 D
2132 4595 2223 4649 his
2255 4595 2585 4665 praesertim
2617 4568 2904 4666 epistolis,
2948 4568 3168 4666 quibus
3220 4568 3632 4669 interpolator,
3668 4617 3791 4655 non

373 4664 474 4720 diu
499 4668 639 4718 ante
670 4664 876 4735 Ignatii
913 4662 1266 4733 martyrium
1288 4661 1452 4726 vixit,
1478 4660 1578 4715 sed
1612 4665 1668 4714 et
1689 4661 2018 4730 Cerinthus,

373 4755 476 4826 qui
508 4755 562 4810 S.
590 4755 797 4809 Joanni
832 4760 1008 4809 notus
1035 4751 1336 4816 fuit.Quod
1390 4751 1436 4805 si
1479 4752 1867 4823 interpolator
1892 4755 2024 4810 illu-

372 4849 560 4900 strare
611 4851 670 4898 et
713 4844 1082 4914 ampliﬁcare
1141 4841 1386 4895 studens
1444 4857 1512 4895 ea
1570 4857 1700 4912 quae
1744 4843 2022 4901 adversus

371 4935 672 4991 Ebionitas
723 4939 780 4988 et
828 4933 1091 4989 Cerinthi
1152 4931 1477 5002 discipulos
1508 4933 1726 5003 scripta
1758 4941 1914 5004 sunt,
1947 4937 2022 4992 ad

367 5023 1001 5080 Theodotumeamdem
1014 5021 1287 5077 haaresim
1304 5022 1750 5078 resuscitantem
1765 5023 2022 5081 referen-

373 5115 449 5170 da
479 5117 743 5180 censuit;
768 5132 843 5170 an
865 5116 1043 5188 igitur
1059 5115 1662 5185 putavitTheodotum
1685 5118 1874 5188 primo
1902 5119 2022 5190 epi-

375 5205 661 5260 stolarum
685 5204 956 5274 scriptori
980 5209 1185 5258 notum
1212 5204 1436 5259 fuisse?
1458 5205 1611 5259 lllud
1632 5207 1876 5263 omnino
1901 5225 2020 5264 non

372 5295 679 5365 sequitur:
716 5292 900 5347 multa
920 5293 1080 5348 enim
1103 5295 1226 5364 ipse
1250 5293 1660 5366 inseruit,quse
1681 5297 1754 5351 ad
1786 5303 2020 5354 (etatem

372 5383 548 5453 primi
585 5381 887 5452 scriptoris
917 5381 1136 5436 referre
1166 5382 1332 5439 nullo
1392 5384 1564 5440 modo
1613 5387 1823 5456 potuit.
1858 5389 2021 5453 Quod

373 5471 420 5526 si
455 5471 538 5524 ita
569 5470 966 5526 existimasset
995 5471 1208 5543 planus
1252 5473 1376 5534 ille.
1409 5473 1482 5529 ad
1514 5491 1622 5529 nos
1655 5475 1845 5542 nihil;
1879 5479 2019 5534 satis

375 5559 533 5614 enim
566 5565 654 5612 est
672 5559 745 5613 ad
765 5560 1046 5618 tuendam
1068 5563 1244 5634 primi
1268 5563 1572 5635 scriptoris
1603 5564 2018 5636 antiquitatem

375 5652 433 5703 et
465 5647 535 5704 ab
568 5647 906 5720 impostoris
937 5652 1099 5708 illius
1121 5651 1248 5725 jam
1304 5653 1543 5709 tandem
1576 5652 1709 5710 ficta
1740 5656 2018 5728 opinione

2132 4689 2363 4740 tantum
2387 4685 2716 4740 sententias
2738 4684 3097 4756 aliquot,sed
3112 4691 3171 4740 et
3187 4687 3445 4759 integras
3468 4688 3790 4759 aliquando

2129 4774 2374 4846 paginas
2407 4774 2677 4842 inseruit,
2694 4791 2831 4829 eum
2861 4774 3154 4846 insignem
3187 4774 3447 4847 aliquam
3480 4777 3793 4834 diversita—

2132 4866 2251 4916 tem
2283 4861 2787 4925 animadverterit,
2821 4861 2891 4917 de
2921 4863 3398 4933 antiquariorum
3429 4865 3794 4938 negligentia

2131 4955 2234 5006 aut
2263 4967 2459 5006 errore
2481 4951 2745 5022 cogitet?
2773 4953 3086 5021 Quorsum,
3134 4970 3355 5022 quaeso,
3387 4955 3513 5010 huic
3544 4957 3740 5011 cautio
3763 4956 3791 5010 ?

2129 5041 2371 5111 Nempe,
2407 5041 2454 5094 si
2506 5040 2617 5095 hoc
2666 5057 2805 5096 casu
2851 5058 2973 5096 non
3007 5042 3247 5108 accidit,
3281 5065 3308 5092 «
3343 5060 3517 5098 nemo
3549 5043 3792 5116 negabit

2131 5128 2424 5194 consulto,
2448 5134 2506 5183 et
2535 5129 2608 5183 ob
2637 5127 2896 5199 aliquam
2928 5131 3220 5185 rationem
3255 5132 3325 5186 ab
3359 5132 3788 5202 interpolatore

2134 5223 2426 5272 mutatum
2453 5218 2634 5273 fuisse
2667 5219 2822 5273 hunc
2855 5221 3160 5290 scriptoris
3202 5237 3562 5276 sermonem.
3599 5243 3626 5271 »
3663 5222 3789 5277 lmo

2127 5324 2266 5362 vero
2298 5307 2438 5361 licet
2469 5324 2609 5362 casu
2659 5324 2779 5363 non
2832 5309 3136 5373 acciderit,
3170 5311 3252 5366 ita
3283 5316 3482 5366 tamen
3515 5311 3789 5367 consulto

2128 5395 2350 5451 factum
2383 5413 2534 5464 esse,
2568 5402 2634 5452 ut
2664 5398 2813 5453 ratio
2838 5397 3037 5469 aliqua
3061 5399 3380 5472 peculiaris
3408 5400 3793 5473 interpolato-

2129 5502 2256 5540 rem
2286 5486 2359 5541 ad
2391 5503 2460 5541 ea
2491 5487 2865 5557 potissimum
2914 5489 3090 5544 verba
3137 5491 3424 5547 mutanda
3453 5491 3780 5563 impulerit,

2127 5590 2248 5630 non
2271 5575 2566 5646 sequitur:
2588 5576 2717 5648 ipsa
2738 5577 3030 5649 generalis
3049 5579 3446 5651 interpolandi
3470 5582 3791 5652 paraphra‘

2128 5663 2392 5734 sticeque
2417 5665 2618 5720 omnia
2642 5681 2794 5736 pene
2818 5667 3154 5737 exponendi
3180 5669 3424 5740 ratio,ut
3443 5667 3792 5743 alibi,etiam
