3974 6296
172 374 276 436 293

891 372 950 434 Ι.
998 370 1424 436 PEARSONII
1465 372 1758 434 VINDIIJ]

1922 378 2392 440 GNATIANE.
2437 410 2513 426 --
2555 380 2765 441 PARS
2809 380 2894 440 II.

3459 381 3590 444 εθι

169 515 220 567 et
246 509 334 565 hic
364 506 610 564 sufﬁcit.
647 507 738 563 Ex
767 506 1042 562 omnibus
1063 507 1622 578 interpolationibus
1653 506 1822 562 nulla
1849 507 1902 575 Α
1934 509 2252 567 Christiani
2281 512 2420 568 facti
2451 515 2607 580 sunt,
2625 512 2900 569 viderunt
2922 512 3242 571 Turrianus
3265 518 3319 570 et
3341 515 3580 574 Leibius

170 616 303 655 casu
335 600 492 654 facta
523 604 616 652 est
650 614 664 652 :
703 597 808 653 sed
839 597 937 668 qui
971 597 1337 670 singularum
1381 597 1672 652 rationem
1713 598 1828 652 ali-

171 706 339 760 quam
367 688 742 759 peculiarem
772 687 1100 742 reddiderit
1145 703 1394 758 magnus
1424 693 1582 742 certe
1614 686 1824 758 Apollo

169 779 294 833 erit.
331 779 516 833 Mutat
547 779 841 848 impostor
871 776 970 831 ille
1001 794 1109 848 pro
1157 776 1328 831 libitu
1381 777 1619 831 omnia:
1665 793 1824 832 nunc

161 869 403 939 phrases
428 867 815 922 obscuriores
835 865 1008 938 plane
1021 866 1430 926 omittit.nunc
1447 867 1578 920 aliis
1594 866 1827 936 planio-

164 957 321 1011 ribus
347 956 658 1028 exprimit,
687 971 847 1011 nunc
869 955 1246 1026 planissimas
1267 955 1439 1010 aliter
1459 956 1825 1019 refert,nunc

163 1046 480 1117 Scriptura;
515 1045 645 1100 loca
675 1044 1000 1110 interserit,
1035 1061 1193 1099 nunc
1225 1045 1315 1100 sui
1349 1044 1634 1116 temporis
1677 1061 1820 1099 con-

165 1136 511 1190 suetudines
535 1135 958 1198 infercit,nunc
983 1151 1118 1190 suas
1145 1135 1473 1189 sententias
1499 1135 1821 1204 aliquando

163 1225 465 1297 longiores
493 1222 680 1298 ῥήσεις
731 1224 956 1296 Ignatio
1003 1225 1330 1295 supponit;
1384 1223 1468 1277 ita
1518 1223 1822 1295 Ignatiana

163 1316 360 1370 omnia
391 1313 693 1369 illustrare
727 1318 784 1368 et
815 1313 1176 1384 ampliﬁcare
1209 1313 1454 1368 studens
1500 1329 1607 1367 sua
1657 1312 1816 1367 fecit.

157 1406 221 1458 In
252 1405 361 1459 hac
395 1405 531 1475 ipsa
561 1402 814 1474 epistola
843 1403 916 1457 ad
947 1403 1355 1474 Magnesianos
1403 1402 1637 1457 libidini
1697 1419 1817 1457 suas

156 1501 470 1565 tantopere
507 1493 776 1558 indulsit,
808 1497 875 1546 ut
911 1493 1006 1546 vix
1037 1498 1157 1548 tres
1187 1497 1289 1547 aut
1319 1497 1574 1563 quatuor
1611 1509 1815 1547 versus

157 1586 448 1650 invenias,
475 1584 538 1637 in
563 1583 777 1654 quibus
811 1581 956 1637 nihil
974 1583 1307 1638 immutavit
1332 1599 1344 1636 :
1370 1588 1435 1637 ut
1457 1583 1671 1637 mirum
1696 1598 1816 1636 non

156 1675 247 1742 sit,
275 1675 321 1729 si
343 1673 598 1728 omnino
626 1672 841 1727 frustra
861 1688 1051 1727 causae
1069 1672 1281 1742 aliquas
1313 1672 1643 1742 praisertim
1675 1671 1815 1726 sub-

160 1765 288 1819 tiles
322 1765 545 1820 barum
597 1762 1082 1816 immutationum
1123 1764 1486 1832 qumrantur.
1539 1763 1650 1816 Pro
1697 1760 1817 1813 θεο-

1939 601 2235 667 Vedelius,
2273 604 2541 659 Usserius
2572 608 2630 659 et
2665 603 2913 658 Dallaeus
2933 603 2960 658 ‘I
2991 607 3080 658 An
3114 605 3213 660 ille
3242 607 3464 662 veritus
3495 612 3586 665 est

1935 707 2009 744 ne
2040 691 2282 763 obliqua
2313 693 2514 764 aliqua
2542 693 2739 757 verba,
2771 693 2845 748 ad
2891 693 3268 750 Valentinum
3316 697 3468 752 forte
3515 713 3588 752 ex

1936 781 2064 851 ejus
2095 783 2393 838 sententia
2426 784 2774 854 spectantia,
2807 784 3018 855 Ignatii
3054 800 3262 840 omnes
3304 787 3586 856 epistolas

1935 875 2240 940 suspectas
2269 871 2628 937 redderent;
2662 872 2761 942 qui
2790 871 3074 927 Theodoti
3106 889 3325 928 nomen
3369 875 3431 928 in
3463 877 3584 947 epi-

1933 960 2085 1015 stola
2102 961 2175 1015 ad
2195 961 2521 1016 Trallianos
2540 961 2990 1034 exprimendum
3010 964 3436 1034 putavit,quem
3458 969 3578 1020 tam

1931 1049 2033 1104 diu
2062 1054 2194 1121 post
2227 1050 2603 1105 Valentinum
2635 1051 2846 1105 vixisse
2874 1068 3080 1106 omnes
3102 1053 3362 1107 norunt?
3392 1056 3579 1109 Reco-

1929 1138 2128 1193 lantur
2157 1139 2334 1194 verba
2364 1156 2494 1210 qum
2518 1140 2772 1195 Dallseus
2794 1141 2918 1212 ipse
2941 1141 3113 1212 paulo
3137 1143 3378 1208 ante,ad
3396 1144 3578 1199 tinem

1929 1243 2080 1298 pene
2091 1227 2307 1298 prioris
2330 1229 2638 1300 capitis,ex
2656 1245 2764 1283 sua
2779 1230 3075 1286 sententia
3091 1230 3347 1301 scripsit.
3385 1253 3413 1282 ››
3443 1234 3577 1287 Haec

1931 1323 1987 1372 et
2018 1317 2135 1372 alia
2165 1319 2325 1372 velut
2363 1318 2424 1374 in
2455 1318 2812 1374 Theodotvm
2847 1319 3004 1375 dicta
3035 1320 3160 1391 ipse
3187 1321 3576 1392 epistolarum

1927 1407 2318 1478 interpolator
2351 1409 2651 1478 accepisse
2681 1425 2750 1463 eo
2783 1409 3064 1473 noscitur,
3099 1410 3469 1481 quodlocum
3501 1411 3576 1467 ad

1927 1493 2238 1549 Trallesios
2271 1495 2430 1550 hunc
2458 1511 2470 1549 :
2513 1515 2537 1546 σι
2567 1496 2768 1568 Fugite
2799 1496 2984 1551 malas
3015 1499 3368 1570 propagines
3397 1515 3572 1571 gene-

1924 1588 2124 1638 rantes
2155 1584 2412 1639 frustum
2441 1585 2836 1654 mortiferum,
2872 1608 2900 1634 »
2932 1586 3228 1643 illustrare
3250 1592 3310 1643 et
3329 1589 3576 1660 amplifi-

1925 1688 2058 1727 care
2093 1672 2165 1726 de
2196 1689 2361 1727 more
2401 1673 2667 1742 studens,
2695 1691 2882 1744 eoque
2915 1675 3012 1730 hic
3052 1676 3277 1732 addens
3307 1679 3573 1748 ipsorum

1925 1760 2341 1816 haereticorum
2374 1762 2621 1817 nomina
2649 1779 2798 1833 quos
2828 1763 2889 1817 in
2921 1764 3188 1834 epistolis
3209 1782 3357 1836 quas
3381 1767 3573 1822 inter-

155 1853 530 1926 πρεπεστάτου
565 1853 772 1907 scribit
801 1849 946 1913 Θείου
976 1849 1067 1903 καὶ
1107 1854 1384 1915 ποθεινοῦ,
1433 1868 1566 1906 cum
1613 1856 1758 1905 tame

1925 1849 2162 1920 polabat
2191 1855 2427 1905 notatos
2459 1855 2516 1904 et
2545 1852 2828 1906 refutatos
2859 1868 2985 1907 esse
3019 1853 3278 1924 putabat.
3313 1856 3574 1910 Theodo-

162 1961 284 1999 eam
317 1959 530 1997 vocem
571 1941 712 1996 alibi
752 1941 1104 2007 retinuerit;
1141 1956 1246 2011 pro
1277 1935 1621 2016 διαφυγόντες
1681 1941 1813 1992 Θεοῦ

162 2032 484 2102 τευξόμεθα,
525 2030 702 2086 habet
733 2035 961 2085 tantum
1016 2025 1392 2104 διαφεύξεσθε;
1426 2046 1534 2100 pro
1581 2030 1816 2102 συγχρᾶ-

163 2124 298 2191 σθπι,
330 2124 690 2197 καταφρονεῖν
718 2137 861 2191 ;pr0
891 2119 1029 2172 κατὰ
1059 2115 1306 2189 δύναμιν,
1361 2117 1494 2190 μετὰ
1540 2117 1767 2191 γνώμην
1794 2136 1810 2184 ς

157 2229 258 2283 pro
292 2209 355 2264 οὗ
388 2228 530 2283 προς
562 2207 733 2281 σάρκα
765 2208 793 2262 ὁ
825 2208 1017 2282 Λόγος,
1057 2205 1206 2261 ἀλλὰ
1234 2206 1370 2277 πρὸς
1401 2207 1553 2274 Θεόν,
1608 2207 1814 2262 scribit

154 2301 214 2354 οὔ
253 2300 396 2373 πρὸς
430 2297 740 2372 ἂνθρωπον,
771 2295 916 2351 ἀλλά
947 2297 1082 2370 πρὸς
1133 2295 1261 2351 Θεὸν
1296 2294 1412 2371 ἔνχει
1459 2297 1562 2365 τὴν
1609 2295 1812 2373 ἀναφου

153 2387 294 2462 ράνς
358 2406 469 2461 pro
530 2386 666 2440 κατὰ
725 2383 998 2459 μηδεμίαν
1061 2385 1366 2459 ὑπόκρισιν,
1459 2385 1596 2439 κατὰ
1639 2381 1807 2457 μηδὲν

151 2477 297 2548 αὖτῷ
344 2475 694 2552 ἀντιλέγειν;
742 2495 848 2549 pro
896 2471 1120 2537 ἕκαστος
1162 2473 1237 2532 εἷς
1282 2476 1376 2529 τὸν
1422 2471 1561 2528 ἴδιον
1612 2473 1804 2540 τόπον,

147 2565 376 2628 ἕκαστος
408 2570 522 2620 τῶν
578 2565 877 2640 ᾑρημένων
927 2563 1004 2625 εἷς
1051 2564 1142 2618 τὸν
1195 2563 1362 2618 τόπον
1420 2566 1516 2618 τοῦ
1573 2562 1810 2638 εὑρεθέν-

152 2675 243 2717 τος
271 2673 286 2722 ;
323 2662 519 2712 totum
550 2655 807 2726 denique
839 2655 1035 2710 locum
1069 2654 1142 2710 de
1173 2654 1405 2710 duobus
1436 2655 1695 2709 nummis
1725 2655 1809 2709 ita

149 2746 556 2818 interpolavit,
591 2749 657 2800 ut
686 2761 759 2799 ne
800 2745 916 2799 duo
974 2743 1216 2814 quidem
1266 2743 1474 2815 Ignatii
1522 2743 1810 2799 vocabula

147 2837 302 2907 apud
322 2853 465 2890 eum
483 2834 662 2889 simul
677 2834 1070 2905 reperiantur.
1087 2833 1367 2896 Quasnam
1381 2839 1578 2888 autem
1595 2833 1806 2888 horum

148 2925 535 2994 aliorumque
557 2923 824 2996 ejusdem
846 2923 1052 2977 farinae
1067 2921 1642 2994 quamplurimorum
1657 2922 1806 2977 ratio

148 3014 324 3071 reddi
357 3019 575 3085 potest,
610 3013 725 3067 nisi
757 3012 915 3083 quod
938 3011 1152 3067 melius
1174 3028 1236 3066 se
1258 3012 1518 3066 scribere
1544 3011 1807 3082 potuisse

148 3105 389 3176 putavit
419 3103 638 3175 planus
670 3102 795 3170 ille,
828 3118 1004 3173 quam
1035 3102 1352 3173 scripserat
1375 3102 1656 3173 Ignatius.

218 3193 337 3250 Sed
371 3209 480 3248 cur
511 3193 637 3246 haec
667 3191 1043 3262 potissimum
1070 3189 1356 3245 mutanda
1386 3189 1810 3246 existimaverit

1923 1944 2049 1993 tum
2081 1939 2237 1993 inter
2267 1939 2374 1994 hos
2404 1939 2623 1994 diserte
2657 1940 2929 1995 ediderit.
2953 1942 3348 2014 Interpolator
3370 1943 3570 2015 igitur,

1924 2027 1973 2081 si
2005 2027 2130 2082 haec
2160 2028 2234 2083 ad
2265 2028 2646 2084 Valentinum
2678 2035 2975 2101 spectasse
3005 2032 3337 2104 cogitasset,
3362 2050 3482 2089 non
3501 2051 3572 2089 ea

1923 2116 2224 2172 delivisset
2251 2134 2326 2172 ne
2359 2124 2661 2173 auctorem
2707 2119 3048 2190 proderent,
3101 2121 3204 2176 sed
3249 2138 3354 2193 pro
3403 2139 3568 2180 more

1923 2222 2051 2275 suo,
2081 2206 2174 2260 vel
2201 2207 2328 2278 ipso
2352 2207 2557 2278 judice
2592 2208 2830 2275 Dallaeo,
2867 2211 3165 2265 Valentini
3196 2227 3414 2267 nomen
3445 2213 3572 2268 edi-

1924 2296 2109 2351 disset
2163 2297 2268 2361 Qui
2321 2297 2480 2351 enim
2529 2298 2944 2353 haereticorum
2994 2301 3258 2368 nomine,
3311 2318 3458 2372 quos
3505 2302 3567 2359 in

1921 2387 2190 2458 epistolis
2219 2403 2366 2458 quas
2395 2388 2792 2460 interpolabat
2818 2393 3052 2444 notatos
3081 2389 3266 2446 fuisse
3296 2391 3562 2462 putabat,

1918 2476 2136 2532 addere
2157 2476 2463 2544 voluerat;
2497 2494 2680 2550 quare
2711 2479 3077 2534 Theodotum
3109 2480 3418 2548 insereret,
3457 2483 3564 2538 Va-

1917 2564 2210 2621 lentinum
2225 2567 2686 2636 omitteret,cum
2699 2569 3034 2624 Theodotus
3053 2569 3359 2625 Valentino
3376 2571 3567 2626 multo

1910 2653 2117 2724 junior
2138 2661 2311 2720 esset,
2350 2656 2654 2726 multoque
2676 2656 3047 2712 manifestius
3071 2661 3305 2712 aatatem
3325 2659 3567 2729 scripto-

1918 2744 1999 2798 ris
2019 2744 2336 2814 proderet?
2357 2744 2469 2799 Sed
2489 2745 2636 2799 nihil
2663 2744 2894 2800 illetale
2921 2746 3210 2817 cogitasse
3230 2747 3563 2803 censendus

1919 2837 2045 2898 est;
2079 2849 2274 2904 neque
2307 2835 2570 2889 rationes
2601 2834 3022 2905 excogitandis,
3058 2841 3159 2889 aut
3201 2835 3572 2906 providentia

1917 2921 2043 2988 Dei,
2074 2922 2276 2976 nescio
2309 2929 2688 2994 quapropter,
2723 2923 2837 2978 huc
2868 2923 3244 2989 advocanda;
3277 2942 3383 2996 pro
3407 2942 3572 2982 more

1918 3025 2024 3064 suo
2055 3009 2467 3081 interpolator,
2501 3012 2704 3066 omnia
2751 3011 3050 3067 illustrare
3098 3017 3156 3066 et
3203 3012 3567 3084 ampliﬁcare

1917 3099 2182 3167 studens,
2219 3100 2343 3154 haec
2374 3099 2743 3166 immutavit;
2779 3100 2950 3170 plane
2982 3107 3048 3154 ut
3077 3101 3138 3156 in
3171 3101 3280 3156 hac
3301 3102 3430 3173 ipsa
3453 3103 3570 3172 epi-

1916 3188 2069 3242 stola
2098 3189 2276 3260 paulo
2303 3196 2441 3244 ante
2473 3206 2580 3259 pro
2629 3189 2721 3243 his
2775 3189 3006 3244 verbis:
3056 3190 3151 3251 ’Ός
3201 3189 3306 3264 πρὸ
3357 3189 3567 3243 αἰώνων

146 3282 569 3354 interpolator,
604 3254 975 3352 in-promptu
1006 3284 1095 3335 est
1123 3281 1244 3334 viro
1285 3279 1626 3335 doctissimo
1657 3282 1758 3334 rati

1922 3275 2064 3348 παρὰ
2096 3279 2265 3347 Πατρὶ
2295 3279 2384 3347 ἧν,
2425 3277 2514 3330 καὶ
2546 3273 2597 3330 ἒν
2628 3272 2774 3330 τέλει
2824 3274 3015 3355 ἐφάνη,
3068 3301 3094 3329 ‹‹
3130 3254 3255 3350 (μή.
3280 3285 3415 3335 ante
3465 3297 3568 3335 sw-

148 3389 274 3428 non
309 3372 588 3426 obscura.
625 3392 652 3419 «
685 3372 738 3424 Is
770 3370 930 3424 enim
958 3369 1176 3424 veritus
1208 3375 1298 3424 est
1327 3385 1400 3423 ne
1426 3370 1539 3423 ista
1569 3370 1616 3423 si
1664 3369 1814 3441 lege-

147 3469 388 3529 rentur,
423 3460 708 3532 epistolas
731 3477 851 3514 non
874 3459 1105 3531 Ignatii,
1129 3459 1233 3513 sed
1261 3458 1507 3514 alterius
1525 3460 1814 3514 recentio-

144 3553 228 3606 ris
264 3567 400 3606 esse
432 3548 776 3622 proderent.
813 3571 840 3597 ››
874 3550 918 3604 Ο
975 3547 1327 3619 praeclarum
1368 3547 1813 3618 interpolatoris

150 3641 468 3713 ingenium
495 3639 506 3692 Ι
543 3657 576 3693 o
608 3643 949 3693 emunctam
979 3653 1185 3692 narem
1214 3637 1224 3690 !
1259 3654 1291 3692 o
1325 3637 1810 3709 subactumjudi-

146 3739 307 3786 cium
343 3729 355 3782 !
392 3727 562 3793 Quod
593 3727 896 3798 Origenes,
929 3725 1087 3797 quod
1118 3726 1426 3792 Eusebius,
1477 3726 1634 3796 quod
1683 3727 1810 3781 Dio-

151 3820 364 3891 nysius
383 3822 442 3872 et
458 3819 586 3888 ipse
598 3815 996 3887 planus,quod
1010 3815 1808 3886 Athanasius,Hieronymus,

150 3905 883 3973 Theodoretus,lGelasius
910 3903 1104 3958 videre
1151 3921 1270 3959 non
1319 3909 1657 3976 potuerunt,
1713 3904 1809 3958 ille

140 3999 344 4052 statim
392 3995 679 4050 odoratus
711 4000 819 4062 est,
852 3995 957 4048 has
1011 3994 1234 4048 scilicet
1265 3992 1548 4064 epistolas
1597 3993 1806 4065 lgnatii

141 4085 430 4158 martyris
465 4101 594 4139 esse
627 4100 749 4138 non
780 4100 972 4154 posse,
994 4099 1027 4138 a
1047 4083 1374 4137 recentiore
1394 4083 1595 4152 aliquo
1617 4083 1804 4152 impo-

137 4184 302 4231 store
335 4175 510 4229 ﬁctas
543 4189 694 4240 esse,
755 4189 862 4228 sua
911 4188 1020 4244 ope
1071 4171 1358 4240 indigere,
1399 4176 1466 4226 ut
1518 4188 1624 4242 pro
1672 4187 1805 4226 vere

137 4264 473 4337 Ignatianis
503 4262 858 4317 habeantur.
891 4261 1195 4326 Quomodo
1227 4265 1424 4316 autem
1449 4261 1575 4315 haec
1593 4260 1803 4332 depreo

141 4357 430 4413 hendisse
467 4355 756 4425 putatur?
783 4376 811 4402 «
847 4353 1004 4408 Vidit
1033 4354 1206 4407 istam
1240 4353 1433 4415 Verbi,
1492 4352 1738 4416 scilicet,
1772 4369 1806 4408 a

142 4446 274 4518 Sige
294 4443 746 4500 emanationem
772 4442 1148 4497 Valentinum
1170 4442 1394 4513 Ignatio
1410 4442 1803 4496 recentiorem

147 4536 311 4590 olere
339 4555 355 4599 ;
391 4549 463 4587 eo
497 4531 811 4586 delendam
843 4531 1087 4602 putavit,
1119 4546 1195 4584 ne
1242 4530 1546 4600 personati
1595 4531 1801 4600 Ignatii

1923 3367 2057 3422 cula
2087 3368 2244 3438 apud
2272 3370 2507 3422 Patrem
2541 3374 2684 3438 erat,
2721 3374 2778 3423 et
2810 3369 2872 3423 in
2908 3370 3024 3424 fine
3057 3370 3348 3440 apparuit,
3385 3392 3411 3419 ››
3441 3370 3568 3426 haec

1921 3457 2363 3527 paraphrastice
2391 3457 2732 3513 substituit:
2765 3458 2863 3516 Ὃς
2894 3457 3000 3528 πρὸ
3033 3456 3244 3511 αἶ’ώνων
3303 3459 3449 3530 παρὰ
3489 3463 3570 3529 τῷ

1922 3543 2093 3618 lla-cpt
2149 3543 2443 3619 γεννηθεὶς,
2502 3547 2569 3613 ἦν
2629 3544 2807 3619 Λόγος
2863 3545 3016 3614 Θεὸς,
3077 3547 3369 3621 μονογενὴς
3418 3547 3564 3608 Υἱός·

1919 3630 2008 3685 καὶ
2041 3630 2128 3688 ἐπὶ
2161 3632 2439 3704 συντελείᾳ
2469 3640 2574 3688 τῶν
2623 3633 2830 3688 αἶ’ώνων
2867 3635 2894 3688 ὁ
2925 3634 3086 3696 αὐτὸς
3140 3632 3402 3708 διαμένει.
3455 3639 3567 3701 Τῆς

1919 3721 2023 3797 γὰρ
2057 3721 2336 3795 βασιλείας
2373 3721 2537 3776 αὖτοῦ
2594 3722 2694 3777 οὐκ
2747 3720 2860 3777 ἔστι
2917 3722 3101 3790 τέλος,
3162 3726 3293 3796 φησὶ
3357 3724 3562 3794 ΔανιὴΧ

1918 3813 1946 3864 δ
1977 3812 2290 3886 προφήτης.
2324 3833 2352 3862 ‹‹
2387 3813 2494 3876 Qui
2525 3819 2663 3867 ante
2696 3813 2910 3867 saecula
2929 3813 3161 3884 genitus
3189 3819 3277 3867 est
3307 3830 3341 3868 a
3369 3817 3561 3887 Patre,

1919 3901 2073 3956 Deus
2108 3901 2380 3968 Verbum,
2413 3901 2752 3972 unigenitus
2781 3901 2996 3956 Filius:
3024 3902 3160 3955 etin
3193 3919 3564 3959 consumma-

1919 3989 2080 4044 tione
2111 3989 2462 4045 seeculorum
2494 3990 2619 4059 ipse
2668 3995 3016 4060 permanet:
3054 3993 3210 4059 regni
3259 3992 3417 4045 enim
3449 3995 3567 4062 ejus

1914 4095 2026 4132 non
2048 4081 2152 4133 erit
2179 4080 2325 4148 ﬁnis,
2359 4079 2555 4148 inquit
2586 4077 2791 4133 Daniel
2824 4078 3162 4148 prophetas.
3196 4100 3225 4127 »
3268 4080 3338 4133 Ut
3391 4080 3571 4151 igitur

1915 4169 1977 4223 in
2009 4168 2124 4235 his,
2155 4169 2238 4222 ita
2267 4168 2328 4222 in
2366 4167 2480 4222 illis
2511 4167 2678 4222 nulla
2708 4167 2980 4222 lectionis
3012 4167 3341 4230 diversitas,
3374 4185 3568 4239 neque

1915 4263 2114 4312 tamen
2129 4257 2249 4311 ulla
2262 4257 2695 4312 immutationis
2711 4257 3020 4312 manifesta
3038 4273 3234 4312 causa:
3251 4257 3355 4313 sed
3369 4258 3568 4330 priora

1915 4346 2170 4402 auctoris
2201 4346 2376 4401 verba
2405 4352 2563 4413 sunt,
2614 4347 2942 4417 posteriora
2989 4347 3415 4418 paraphrastae,
3463 4348 3564 4418 qui

1913 4450 2016 4506 pro
2063 4450 2226 4488 more
2278 4451 2384 4489 suo
2429 4434 2687 4490 breviter
2733 4451 2768 4489 a
2814 4440 3072 4506 martyre
3122 4435 3261 4490 dicti
3312 4435 3563 4509 longiori

1914 4523 2069 4596 ῥήσει
2101 4524 2456 4595 explicatius
2487 4529 2545 4578 et
2593 4525 2860 4579 ornatius
2909 4524 3141 4579 tradere
3188 4541 3249 4580 se
3299 4526 3563 4596 potuisse

144 4626 356 4680 drama
377 4621 681 4695 proderet.
704 4642 731 4670 »
755 4620 1046 4676 Callidum
1066 4636 1207 4675 sane
1235 4626 1292 4675 et
1315 4620 1650 4689 importune
1666 4637 1807 4691 pru-
1833 4619 1878 4683 D
1903 4613 2509 4686 judicavit.lgnatium
2524 4630 2643 4668 non
2657 4614 3045 4678 admittimus,
3063 4613 3565 4686 interpolatorem:

140 4714 386 4770 dentem
412 4712 603 4766 virum
622 4710 746 4765 haac
778 4715 1031 4783 arguunt
1055 4730 1070 4776 ;
1095 4709 1198 4764 sed
1219 4708 1536 4764 videndum
1560 4710 1802 4764 omnino

140 4819 213 4858 an
248 4819 317 4857 eo
352 4799 766 4872 interpolatori
800 4802 1162 4870 competant.
1196 4798 1346 4863 Quid
1375 4798 1536 4853 enim
1561 4799 1588 4852 ἲ
1614 4814 1686 4853 an
1704 4797 1800 4854 ille

143 4893 292 4948 cavit
326 4907 402 4946 ne
437 4888 664 4960 aliquid
697 4889 758 4943 in
789 4887 888 4943 illa
918 4888 1166 4960 epistola
1215 4887 1595 4959 reperiretur,
1643 4878 1802 4959 quod

142 4986 381 5036 aetatem
418 4977 714 5034 Valentini
749 4993 954 5048 sapere
986 4977 1303 5044 videretur,
1329 4976 1429 5047 qui
1452 4992 1657 5032 omnes
1679 4977 1800 5031 fere

145 5069 431 5142 epistolas
465 5068 548 5122 ita
577 5065 1013 5134 transmutavit,
1045 5070 1110 5119 ut
1159 5065 1250 5119 sui
1302 5065 1588 5135 temporis
1637 5081 1799 5119 more

142 5159 440 5228 modoque
468 5157 878 5226 loquerentur,
911 5160 972 5209 et
1001 5154 1113 5209 tria
1143 5159 1276 5224 post
1298 5153 1669 5209 Valentinum
1700 5171 1802 5208 saa-

141 5247 267 5303 cula
298 5245 624 5318 saperent?
653 5248 742 5300 An
785 5244 887 5299 ille
935 5243 1146 5299 metuit
1192 5259 1266 5298 ne
1314 5247 1548 5297 aetatem
1591 5243 1799 5315 Ignatii

139 5335 429 5408 epistolici
452 5335 753 5406 proderet,
780 5333 878 5404 qui
903 5333 1018 5387 ista
1040 5347 1175 5386 eum
1201 5331 1275 5386 ad
1296 5331 1798 5404 Philadelphenos

142 5425 500 5481 scribentem
534 5427 962 5494 repraesentat:
993 5443 1020 5471 «
1053 5421 1412 5492 Presbyteri,
1463 5421 1694 5478 diaconi
1741 5425 1801 5477 et

140 5515 400 5586 reliquus
424 5513 773 5576 clerus,una
787 5527 920 5565 cum
935 5509 1152 5582 populo
1170 5509 1466 5576 universo,
1484 5510 1608 5565 mili
1620 5511 1795 5578 tibus,

141 5603 583 5676 magistratibus
618 5607 677 5656 et
707 5601 957 5664 Caesare,
990 5599 1102 5672 ipsi
1124 5599 1402 5670 episcopo
1436 5599 1736 5667 obediant,
1768 5624 1796 5651 »

140 5709 265 5764 quae
297 5693 525 5765 scripta
555 5707 683 5748 non
715 5688 895 5745 fuisse
919 5693 1239 5761 antequam
1270 5690 1519 5745 Romani
1538 5691 1796 5747 Caesares

1913 4703 2030 4756 sive
2062 4702 2315 4758 Arianus
2344 4701 2542 4770 fuerit,
2577 4704 2695 4758 sive
2721 4719 2862 4770 non,
2887 4703 3132 4758 omnino
3154 4704 3560 4775 repudiamus,

1909 4791 2250 4863 pariterque
2291 4792 2703 4848 inanissimam
2765 4808 2893 4847 esse
2945 4792 3098 4847 hanc
3156 4793 3562 4864 conjecturam

1911 4882 2385 4952 pronuntiamus.

1981 4983 2127 5038 Aliis
2158 4984 2334 5039 etiam
2372 4984 2558 5039 utitur
2586 4982 2948 5056 conjecturis
2978 4982 3052 5038 ad
3101 4983 3209 5037 hoc
3238 4998 3558 5054 argumen-

1913 5075 2037 5126 tum
2069 5071 2538 5137 introductoriis,
2572 5072 2764 5143 iisque
2793 5071 2980 5126 nihilo
3013 5070 3380 5128 melioribus.
3427 5071 3560 5127 Vult

1911 5160 2069 5216 enim
2100 5161 2403 5216 Petavium
2441 5180 2468 5211 ι
2499 5161 2636 5215 novi
2665 5160 2891 5231 aliquid
2950 5177 3076 5214 esse
3130 5161 3192 5216 in
3242 5161 3560 5217 Usseriana

1911 5249 2170 5304 editione
2204 5265 2405 5303 secum
2440 5249 2722 5316 sensisse,
2773 5249 2932 5318 quod
2981 5255 3284 5304 auctorem
3333 5250 3556 5321 Ignatio

1908 5339 2306 5394 recentiorem
2338 5340 2582 5406 arguat;
2622 5337 2799 5408 idque
2828 5342 3028 5408 patere
3061 5354 3133 5392 ex
3167 5339 3293 5409 ejus
3344 5337 3556 5410 eﬂ‘ugio

1910 5445 2026 5501 quo
2059 5427 2161 5482 illa
2191 5427 2262 5481 de
2295 5428 2423 5497 Sige
2452 5425 2627 5480 verba
2659 5441 2693 5480 a
2726 5425 3018 5480 Valentini
3050 5443 3232 5482 sensu
3263 5426 3555 5482 abducere

1909 5521 2156 5572 conatus
2187 5520 2298 5570 est.
2330 5537 2357 5565 »
2387 5514 2634 5570 Talesne
2661 5529 2795 5567 vero
2819 5513 2930 5567 sibi
2952 5519 3135 5570 testes
3152 5515 3246 5587 adj
3258 5516 3463 5588 ungit?
3486 5533 3558 5572 ex

1907 5605 2011 5661 tali
2047 5611 2394 5676 argumento
2426 5619 2628 5660 secum
2660 5601 3120 5668 consentientes,
3156 5608 3213 5656 et
3235 5619 3304 5656 ex
3336 5605 3555 5659 nostris

1906 5711 2044 5752 suos
2064 5693 2207 5750 facit
2231 5694 2242 5748 !
2267 5695 2325 5749 Si
2350 5695 2507 5750 idem
2530 5709 2664 5750 cum
2688 5691 2905 5748 Dallaso
2936 5705 3140 5746 revera
3171 5690 3357 5748 sensit
3378 5693 3554 5748 Peta-
