3974 6296
389 369 510 429 295

1458 367 1523 426 S.
1570 361 1976 425 IGNATIUS.
2024 393 2100 406 ——
2143 359 2757 422 PROLEGOMENA.

3681 317 3812 432 es

397 503 541 569 vius,
575 503 641 556 ut
682 500 782 555 ille
833 485 1184 569 suspicatur,
1237 500 1294 552 et
1343 496 1515 569 Sigen
1564 494 2040 551 Valentinianam
2072 498 2120 565 Α
2151 496 2218 549 ut
2244 491 2456 564 probet
2483 497 2690 549 contra
2719 492 3028 551 immotam
3049 498 3386 566 temporum
3416 499 3808 560 ﬁdemaucto-

392 593 591 649 animo
614 589 900 662 probavit,
934 586 1125 642 verbis
1159 586 1390 658 negavit
1424 587 1510 653 ;is
1533 590 1692 641 certe
1725 600 1899 656 quem
1924 583 2037 638 sibi

389 681 859 753 adjungit,quem
877 676 1017 732 alibi
1041 692 1220 731 «vere
1247 681 1304 730 et
1324 691 1607 747 generose
1628 673 1698 729 de
1723 671 2040 743 Ignatiam's

390 771 629 827 locutum
661 772 874 832 asserit,
908 783 1071 837 quem
1110 770 1425 836 postquam
1458 765 1803 819 Vossianam
1843 769 1902 818 et
1931 763 2038 818 Us-

389 862 682 918 serianam
712 857 917 931 Ignatii
941 855 1262 911 editionem
1292 855 1455 923 vidit,
1491 871 1596 926 pro
1629 870 1734 909 sua
1755 852 2037 924 singulari

388 951 657 1006 doctrina
686 963 913 1020 proque
946 945 1198 1001 solemni
1233 944 1490 1015 quadam
1515 960 1622 999 sua
1641 942 2038 1015 generositate

386 1055 582 1095 veram
615 1039 813 1092 statim
846 1042 903 1090 et
934 1034 1421 1089 animadvertisse
1456 1038 1514 1087 et
1543 1033 1874 1103 professum
1909 1046 2037 1085 esse

387 1132 550 1197 dicit,
573 1149 596 1180 ι
626 1134 684 1184 et
710 1127 962 1182 mendax
979 1131 1039 1181 et
1061 1124 1435 1192 subdolus,et
1456 1124 1704 1178 minime
1718 1137 2039 1193 generosus

385 1227 486 1277 aut
515 1236 688 1274 verax
715 1225 781 1273 ut
809 1215 987 1272 fuerit
1013 1231 1254 1270 necesse
1274 1219 1382 1268 est.
1409 1214 1466 1268 Si
1491 1213 1614 1267 ulla
1644 1211 1871 1266 homini
1894 1210 2038 1264 ﬁdes

387 1315 495 1377 est,
527 1309 587 1363 in
619 1309 728 1362 hac
759 1322 939 1361 causa
970 1309 1175 1359 noster
1207 1309 1297 1357 est
1325 1303 1599 1357 Petavius
1635 1317 1648 1366 ;
1683 1302 1731 1355 si
1762 1300 1948 1366 nulla,
1976 1299 2042 1354 il-

385 1400 581 1454 lorum
605 1402 710 1452 est.
739 1395 852 1451 Sed
876 1411 977 1467 ego
1001 1394 1071 1448 de
1106 1393 1222 1448 ﬁde
1245 1392 1463 1448 Petavii
1491 1390 1880 1446 dubitandum
1910 1405 2039 1445 esse

387 1487 635 1543 minime
655 1501 888 1540 censeo.
911 1483 966 1539 Si
991 1483 1092 1537 ille
1119 1482 1358 1536 Medicei
1383 1481 1603 1536 codicis
1623 1478 1903 1550 epistolas
1919 1495 2040 1533 non

389 1577 586 1632 minus
618 1575 783 1630 fictas
808 1572 1029 1645 putavit
1051 1587 1228 1642 quam
1249 1570 1445 1642 vulgar
1457 1586 1538 1635 es,
1566 1586 1672 1624 cur
1695 1569 1802 1623 has
1835 1573 2042 1639 postea

390 1683 624 1738 semper
644 1662 995 1735 repudiavit,
1018 1661 1150 1715 illas
1172 1660 1763 1728 admisit,earnmque
1786 1657 2043 1727 auctori_

387 1762 506 1813 tate
523 1769 677 1826 saepe
690 1769 831 1808 usus
847 1752 964 1806 est?
976 1767 1080 1806 cur
1092 1766 1153 1804 se
1167 1749 1227 1803 in
1242 1749 1331 1804 his
1345 1747 1684 1820 rejiciendis
1699 1747 2039 1829 ingenuum,

2146 600 2274 638 rem
2305 583 2521 656 dogma
2549 584 2896 641 hmreticum
2927 591 3061 657 post
3086 593 3343 643 mortem
3365 591 3575 662 Ignatii
3606 601 3802 652 ortum

2147 674 2496 744 exposuisse
2523 689 2536 727 :
2569 673 2772 736 utille,
2799 675 3062 746 inquam,
3082 677 3331 748 perinde
3354 696 3482 736 esse
3512 683 3801 741 scriberet

2148 764 2266 819 sive
2298 769 2504 819 auctor
2536 765 2907 820 Valentinum
2941 769 3287 838 respexerit,
3320 771 3440 826 sive
3472 789 3613 841 non,
3650 777 3798 832 mihi

2147 853 2391 923 quidem
2412 870 2632 909 mirum
2652 855 3088 911 videtur.Nemo
3113 874 3374 929 unquam
3393 861 3504 916 hoc
3526 863 3799 930 dixisset,

2148 943 2248 1012 qui
2281 943 2572 1013 putaverit
2602 959 2664 998 se
2694 944 2884 999 valide
2915 945 3165 1016 probare
3195 949 3460 1018 potuisse
3509 956 3568 1006 et
3596 969 3800 1024 respe-

2147 1033 2303 1088 xisse
2335 1030 2637 1088 auctorem
2670 1033 2744 1088 ad
2778 1034 3153 1089 Valentinum
3180 1042 3237 1091 et
3263 1038 3553 1110 lgnatium
3589 1049 3810 1114 marty-

2147 1137 2273 1176 rem
2298 1139 2417 1193 praa
2441 1127 2611 1178 aetate
2635 1140 2756 1178 non
2783 1125 3045 1195 potuisse
3077 1125 3337 1182 scribere
3358 1134 3564 1185 contra
3588 1130 3805 1186 Valen-

2147 1211 2358 1266 tinum.
2396 1211 2561 1267 Unde
2591 1229 2697 1283 ego
2727 1213 2940 1286 colligo
2970 1215 3160 1270 virum
3191 1215 3602 1274 doctissimum
3660 1221 3801 1276 huic

2149 1307 2497 1373 argumento
2529 1303 2650 1356 sive
2680 1303 3071 1369 Salmasiano,
3096 1305 3215 1360 sive
3239 1305 3646 1364 Blondelliano
3669 1327 3797 1366 ma-

2150 1389 2304 1444 xime
2335 1389 2628 1455 dil‘fidere,
2663 1408 2888 1462 suoque
2920 1394 3187 1464 negativo
3236 1396 3616 1465 potissimum
3660 1399 3798 1455 niti.

2150 1479 2283 1533 Haac
2305 1485 2502 1533 autem
2526 1479 2832 1536 ﬂuctuatio
2846 1486 3166 1553 utrumque
3181 1483 3358 1539 simul
3374 1485 3799 1544 destruit.Nam

2149 1567 2196 1622 si
2226 1572 2431 1623 auctor
2455 1568 2827 1624 Valentinum
2859 1587 2977 1626 non
3008 1574 3285 1643 respexit,
3309 1575 3412 1630 sed
3434 1575 3598 1632 aliud
3619 1578 3799 1648 plane

2151 1657 2212 1710 in
2243 1658 2443 1712 animo
2471 1657 2762 1727 habuit,et
2785 1660 2935 1714 nihil
2957 1660 3117 1716 aliud
3139 1679 3316 1732 quam
3339 1665 3591 1736 simplex
3612 1666 3800 1722 silen—

2150 1746 2299 1800 tium
2334 1746 2534 1815 voluit,
2567 1748 2722 1818 perit
2750 1755 3166 1820 argumentum
3197 1752 3521 1818 internum,
3553 1772 3622 1810 ex
3666 1755 3800 1827 ipsa

383 1847 444 1902 in
464 1845 584 1900 illis
603 1841 960 1914 recipiendis
979 1839 1323 1894 mendacem
1347 1834 2033 1928 prmstitit‘?Certeillud,
2066 1862 2111 1928 Β
2151 1835 2400 1906 epistola
2430 1835 2672 1928 ductum
2699 1853 2711 1891 :
2747 1844 2803 1892 et
2832 1838 2878 1892 si
2911 1845 3116 1894 auctor
3144 1840 3256 1896 hoc
3311 1847 3544 1898 tantum
3587 1844 3793 1913 voluit,

380 1935 536 2009 quod
573 1933 891 1989 miriﬁcum
923 1931 1202 2000 ell‘ugium
1236 1928 1495 2001 appellat
1526 1927 1795 1992 Dallaens,
1843 1927 2033 1981 virum

375 2020 930 2098 praestantissimum
947 2026 1058 2074 tam
1072 2019 1239 2074 fcedaa
1253 2016 1750 2091 tergiversationis
1763 2032 1883 2071 non
1899 2031 2036 2071 con-

378 2113 576 2169 vincit.
608 2113 752 2167 Nam
785 2116 843 2164 et
872 2125 976 2181 ego
1008 2108 1225 2162 Petavii
1258 2123 1500 2161 sensum
1533 2105 1605 2160 de
1639 2105 1896 2175 simplici
1947 2104 2032 2158 si-

378 2203 560 2258 lentio
592 2217 795 2256 verum
830 2215 958 2253 esse
993 2203 1134 2268 puto
1161 2213 1174 2261 ;
1209 2201 1267 2250 et
1297 2193 1528 2250 tametsi
1551 2194 1625 2249 ad
1646 2194 1820 2265 Sigen
1843 2194 2030 2248 haere-

380 2293 637 2349 ticorum
668 2289 846 2343 verba
874 2287 1130 2342 auctoris
1161 2285 1512 2352 referantur,
1546 2290 1613 2338 ut
1661 2283 1763 2338 alii
1805 2282 2028 2351 volunt,

379 2381 534 2438 nihil
564 2378 701 2434 inde
730 2378 861 2432 novi
889 2378 949 2430 in
983 2375 1249 2446 epistolis
1281 2391 1432 2440 esse,
1466 2373 1618 2426 nihil
1641 2373 1796 2442 quod
1827 2377 2031 2427 aucto-

372 2488 500 2528 rem
536 2468 759 2540 Ignatio
799 2466 1103 2538 juniorem
1136 2469 1360 2536 arguat,
1393 2479 1535 2529 cum
1558 2463 1779 2516 nostris
1811 2462 2026 2529 sentio,

376 2561 554 2632 idque
586 2575 680 2614 me
721 2555 1062 2611 firmissime
1093 2553 1637 2608 demonstraturum
1670 2550 1928 2606 conﬁdo.

441 2651 558 2705 Nec
589 2652 787 2702 tamen
817 2643 1009 2700 adhuc
1041 2642 1114 2697 ad
1143 2645 1555 2713 argumentum
1577 2639 1774 2709 ipsum
1798 2637 2028 2693 accedit

375 2740 722 2812 priusquam
755 2733 903 2788 illud
926 2736 1188 2798 annotet,
1217 2729 1375 2800 quod
1393 2729 1580 2800 ipsius
1607 2732 2024 2799 argumentum

377 2841 876 2900 supervacaneum
912 2837 1038 2876 esse
1072 2825 1129 2875 et
1167 2819 1387 2874 nullius
1419 2834 1562 2872 usus
1593 2815 1876 2873 ostendit.
1907 2815 2021 2871 0b-

377 2922 568 2974 servat
597 2915 754 2970 enim
807 2935 834 2963 ‹‹
877 2912 1004 2966 haec
1049 2909 1314 2980 epistolaa
1367 2907 1544 2961 verba
1595 2906 1668 2962 ad
1726 2904 2022 2961 Valentini

375 3008 586 3080 dogma
615 3005 759 3060 adeo
788 3007 924 3074 apta
953 3005 1127 3070 atque
1160 2998 1428 3069 apposita
1459 3013 1608 3064 esse,
1651 3001 1736 3062 ut,
1787 2995 2020 3049 etiamsi

371 3114 542 3154 mens
568 3095 825 3151 auctoris
856 3091 993 3150 alio.
1027 3090 1168 3144 dum
1199 3105 1268 3142 ea
1303 3087 1606 3152 scriberet,
1641 3086 2016 3158 respexisset,

369 3189 494 3244 ﬁeri
520 3193 720 3242 tamen
741 3200 861 3238 non
883 3180 1142 3252 poluerit
1170 3178 1313 3249 quin
1336 3193 1406 3231 ea
1427 3178 1705 3239 Irenaaus,
1723 3176 1769 3230 si
1793 3181 2016 3246 nosset,

371 3277 682 3348 arriperet,
730 3277 789 3327 et
819 3275 1026 3326 contra
1057 3267 1352 3322 Valentini
1404 3265 1740 3336 expositum
1772 3281 1807 3319 a
1836 3282 1898 3320 se
1927 3282 2020 3319 so-

376 3367 606 3423 mnium
638 3360 854 3418 alicubi
886 3359 1298 3428 nsurparet.At
1329 3359 1560 3409 constat
1597 3355 1886 3409 Irenaeum
1919 3370 2024 3409 eo-

375 3473 508 3510 rum
541 3466 844 3521 nunquam
869 3445 1230 3502 meminisse.
1258 3465 1288 3493 »
1309 3444 1435 3498 Non
1467 3442 1549 3497 ita
1565 3442 1885 3514 disputavit
1907 3442 2022 3497 Sal-

377 3545 623 3607 masius,
653 3557 776 3595 non
805 3536 1170 3601 Albertinus,
1222 3534 1320 3605 qui
1381 3533 1630 3604 scriptas
1679 3533 1862 3588 fuisse
1914 3534 2021 3588 has

373 3633 652 3708 epistolas
683 3635 819 3685 ante
849 3625 1052 3682 Irenmi
1078 3624 1260 3680 libros
1282 3623 1439 3678 ultro
1461 3621 2018 3693 fatebantur,neque

373 3739 471 3779 eas
503 3724 724 3776 lrenmo
755 3714 1084 3786 incognitas
1113 3713 1295 3767 fuisse
1322 3709 1412 3765 vel
1433 3709 1830 3764 somniabant.
1865 3710 2020 3764 Satis

370 3810 460 3866 illi
494 3811 735 3872 norunt,
769 3811 826 3859 et
853 3820 960 3858 nos
990 3800 1222 3856 abunde
1244 3797 1816 3870 probavimus,nullo
1841 3796 2017 3852 modo

367 3899 746 3958 sentiendum
778 3911 907 3951 esse
939 3894 1232 3947 lrenaaum
1278 3889 1403 3943 haac
1442 3887 1638 3952 verba,
1696 3887 1743 3940 si
1794 3887 2016 3957 Optime

367 3992 646 4054 novisset,
681 3988 725 4042 si
760 3985 832 4040 ad
865 3998 1130 4048 manum,
1164 3996 1297 4034 cum
1331 3977 1637 4040 scriberet,
1687 3975 2011 4044 habuisset,

368 4086 576 4137 contra
604 4075 978 4132 Valentinum
1011 4085 1296 4140 usurpare
1325 4067 1602 4122 voluisse.
1644 4067 1788 4121 Cum
1837 4066 2016 4139 igitur

365 4173 452 4226 vir
472 4166 853 4225 doctissimus
875 4161 1012 4216 inde
1034 4159 1363 4216 concludit:
1396 4182 1413 4206 ι
1436 4159 1584 4229 Ergo
1613 4155 2012 4227 undecunque

367 4260 492 4313 hch
522 4255 698 4310 verba
727 4256 965 4323 sumpta
995 4250 1136 4313 sint,
1171 4252 1227 4301 et
1249 4246 1589 4316 quicunque
1614 4243 1691 4298 sit
1711 4259 1914 4298 eorum
1939 4243 2012 4298 de

366 4353 578 4403 caetero
610 4359 840 4409 sensus,
873 4340 972 4395 illa
1001 4344 1200 4393 tamen
1235 4334 1471 4389 evidens
1500 4331 1671 4386 nobis
1703 4347 2012 4403 argumen-

363 4443 488 4493 tum
520 4434 853 4490 ministrant
882 4429 954 4484 ad
987 4422 1511 4483 demonstrandam
1544 4421 1752 4475 barum
1787 4420 2010 4490 episto-

363 4527 554 4582 larum
588 4523 907 4578 novi'atem
938 4535 1005 4572 ac
1036 4512 1507 4586 suppositionem
1533 4526 1545 4563 :
1583 4531 1610 4558 η
1641 4507 1700 4562 id
1733 4508 1890 4578 quod
1919 4513 2010 4563 est

2141 1930 2300 1979 certe
2333 1942 2467 1979 cum
2491 1927 2749 1982 [renuens
2769 1934 2929 1982 recte
2950 1928 3284 2002 intelligere
3309 1932 3526 2003 potuit;
3559 1935 3717 2004 quod
3741 1937 3793 1991 si

2138 2013 2221 2067 ita
2251 2013 2561 2083 intellexit,
2591 2032 2894 2086 nunquam
2924 2017 3100 2073 verba
3129 2019 3336 2091 Ignatii
3373 2025 3579 2077 contra
3602 2023 3793 2094 ipsius

2137 2109 2400 2158 mentem
2457 2104 2736 2160 adversus
2780 2106 3154 2162 Valentinum
3211 2125 3421 2182 urgere
3480 2111 3791 2182 voluisset,

2135 2191 2403 2264 adeoque
2431 2193 3023 2268 caditargumentum
3051 2205 3362 2257 externum
3394 2220 3429 2259 a
3458 2203 3694 2260 defectu
3717 2211 3800 2262 te-

2134 2281 2398 2336 stimonii
2430 2283 3086 2359 depromptum.l\'eque
3117 2307 3254 2346 vero
3287 2294 3471 2365 magis
3504 2294 3795 2365 probatur

2133 2371 2442 2441 epistolam
2477 2373 2628 2429 hanc
2662 2376 2870 2431 lrenmi
2902 2383 3072 2435 aetate
3103 2397 3223 2436 non
3257 2383 3586 2450 exstitisse,
3617 2401 3686 2439 ex
3719 2402 3791 2440 eo

2131 2461 2295 2530 quod
2323 2462 2588 2518 Irenaeus
2634 2465 2812 2520 verba
2837 2466 2963 2522 haec
2998 2468 3241 2525 minime
3273 2471 3474 2527 citavit
3502 2473 3790 2530 adversus

2131 2549 2532 2619 Valentinum,
2568 2570 2741 2622 quam
2771 2572 2883 2611 nec
2916 2563 3126 2628 quarto
3158 2560 3375 2616 saeculo
3421 2560 3690 2617 eamdem
3723 2563 3790 2618 in

2128 2639 2438 2697 hominum
2472 2644 2742 2700 manibus
2773 2646 2978 2714 fuisse,
3012 2649 3171 2719 quod
3194 2667 3263 2705 ea
3293 2651 3472 2707 verba
3501 2669 3623 2707 non
3654 2653 3788 2710 lau-

2127 2729 2395 2784 daverint
2424 2731 2730 2796 Eusebius,
2775 2735 3150 2803 Athanasius,
3212 2738 3466 2795 Basilius
3496 2741 3787 2797 adversus

2127 2818 2569 2887 Marcellum,ad
2592 2821 2760 2892 cujus
2783 2823 3056 2880 haeresim
3079 2825 3454 2884 refutandam
3486 2829 3664 2884 verba
3679 2829 3791 2885 illa

2126 2905 2184 2966 δς
2207 2904 2346 2960 ἐστιν
2370 2905 2532 2962 αὐτοῦ
2565 2907 2738 2983 Λόγος
2763 2907 2962 2981 ἁϊδιος,
3020 2921 3188 2970 erant
3245 2917 3777 2988 opportunissima.

2124 2997 2432 3052 Marcellus
2455 3000 2613 3056 enim
2638 3001 2838 3057 docuit
2861 3003 3159 3059 Christum
3181 3004 3364 3061 fuisse
3386 3004 3545 3078 ψιλὸν
3570 3006 3780 3084 Λόγον,

2124 3086 2491 3158 minimeque
2512 3094 2822 3153 aeternum,
2843 3098 2906 3146 ut
2929 3093 3247 3149 orientales
3265 3096 3524 3167 episcopi
3551 3114 3784 3153 assere-

2123 3174 2306 3230 bant:
2337 3176 2682 3248 aliquando,
2716 3180 2960 3249 scilicet,
3000 3183 3256 3238 Verbum
3305 3201 3426 3239 non
3471 3185 3676 3252 fuisse,
3721 3193 3784 3242 et

2132 3281 2207 3320 ne
2237 3283 2396 3321 nunc
2428 3267 2668 3337 quidem
2700 3285 2829 3324 esse
2860 3272 3134 3328 asseruit.
3159 3274 3246 3329 Ita
3268 3275 3622 3330 sententiam
3647 3277 3784 3347 ejus

2134 3356 2375 3424 exponit
2404 3356 2459 3410 S.
2493 3357 2742 3413 Basilius
2765 3360 3016 3431 epistola
3044 3365 3112 3415 52
3138 3379 3150 3417 :
3183 3362 3283 3422 Ὃς
3315 3360 3488 3436 Λόγον
3515 3363 3610 3435 μὶν
3635 3363 3788 3436 εΐρῆ-

2133 3442 2252 3494 σθαι
2306 3441 2401 3496 τὸν
2472 3453 2736 3520 μονογενῆ
2797 3443 3009 3517 δίδωσι,
3075 3450 3211 3503 κατά
3296 3453 3489 3525 χρείαν
3541 3452 3629 3506 καὶ
3692 3450 3784 3506 ἐπὶ

2129 3535 2322 3604 καιροῦ
2352 3531 2707 3606 προελθόντα,
2758 3534 2924 3591 πάλιν
2981 3535 3037 3592 δὲ
3090 3538 3164 3600 εἷς
3222 3539 3315 3593 τὸν
3373 3541 3491 3594 ὃθεν
3552 3538 3782 3611 ἐξῆλθεν

2128 3620 2618 3695 ἐπαναστρὲψαντα,
2677 3625 2802 3680 οὕτε
2856 3627 2961 3700 πρὸ
3021 3634 3119 3697 τῆς
3184 3625 3370 3700 ἰξόδου
3443 3630 3596 3700 εἶναι,
3656 3631 3784 3686 οὔτε

2132 3711 2265 3782 μετὰ
2292 3712 2392 3780 τήν
2423 3709 2680 3766 ἐπάνοδον
2716 3713 3025 3791 ὑφεστάναι.
3063 3739 3088 3770 ι
3121 3719 3227 3783 Qui
3250 3719 3620 3791 unigenitum
3645 3722 3781 3791 qui-

2127 3800 2258 3856 dem
2293 3802 2544 3857 Verbum
2573 3803 2690 3858 dici
2722 3806 3014 3875 concedit,
3046 3808 3376 3863 secundum
3417 3826 3592 3864 usum
3623 3815 3685 3865 et
3714 3810 3779 3866 in

2124 3896 2391 3961 tempore
2423 3893 3072 3964 progrediens,rursum
3104 3904 3301 3952 autem
3330 3897 3403 3953 ad
3424 3898 3574 3953 illud
3593 3915 3628 3954 a
3655 3916 3775 3970 quo

2125 3979 2302 4034 exivit
2331 3986 2650 4049 revertens,
2684 3999 2880 4053 neque
2909 3990 3046 4039 ante
3093 3987 3318 4040 exitum
3374 4004 3526 4051 esse,
3577 4003 3776 4058 neque

2122 4074 2257 4140 post
2285 4069 2543 4125 reditum
2572 4071 2918 4129 subsistere.
2953 4096 2982 4122 »
3015 4075 3136 4130 Imo
3161 4092 3296 4130 vero
3318 4076 3774 4149 Marcellnsipse

2122 4158 2202 4213 ita
2230 4174 2295 4212 se
2325 4159 2604 4231 exprimit
2623 4161 2779 4232 apud
2809 4163 3152 4235 Eusebium,
3184 4166 3354 4236 quasi
3402 4165 3582 4220 fuerit
3629 4172 3773 4223 ante

2119 4263 2361 4302 omnem
2400 4264 2598 4303 rerum
2649 4250 3125 4321 productionem,
3175 4251 3382 4326 ἡσυχία
3430 4273 3534 4322 τις,
3587 4251 3639 4307 ἐν
3689 4259 3773 4327 τῷ

2121 4338 2237 4404 Θεῷ
2264 4337 2360 4388 τοῦ
2393 4334 2569 4408 Λόγου
2601 4331 2775 4407 ὄντος,
2810 4362 2837 4389 ‹‹
2871 4340 3176 4397 silentium
3208 4342 3530 4414 quoddam.
3577 4345 3773 4401 Verbo

2119 4422 2181 4477 in
2214 4424 2329 4478 Deo
2353 4424 2696 4494 exsistente,
2733 4448 2758 4474 ι)
2792 4444 2926 4483 cum
2959 4435 3156 4484 autem
3186 4430 3446 4486 mundus
3477 4432 3775 4488 creandus

2119 4517 2294 4578 esset,
2333 4512 2456 4566 τότε
2497 4513 2524 4567 ὁ
2575 4515 2753 4588 Λόγος
2803 4513 3090 4590 προελθὼν
3147 4517 3352 4593 ἐγίνετο
3399 4523 3497 4573 τοῦ
3556 4520 3773 4594 κόσμου

364 4614 809 4686 iniquissimum
840 4582 1126 4682 postulat:
1153 4582 1315 4658 itane
1346 4616 1502 4666 vero,
1561 4598 1900 4669 quicunque
1932 4600 2009 4653 sit
2039 4582 2082 4648 Ι)
2115 4603 2375 4671 ποιητής,
2410 4626 2438 4653 ‹‹
2470 4609 2611 4660 tunc
2637 4582 2895 4662 Verbum
2921 4582 3310 4681 progrediens
3345 4609 3527 4666 ﬁebat
3557 4582 3774 4668 mundi

364 4706 576 4761 horum
608 4702 918 4757 verborum
959 4709 1190 4756 sensus,
1248 4690 1366 4744 sive
1418 4692 1624 4742 auctor
1679 4687 2006 4758 respexerit

364 4793 736 4850 Valentinum
772 4790 890 4844 sive
922 4802 1064 4851 non,
1098 4797 1264 4851 aeque
1296 4778 1534 4833 evidens
1555 4775 1669 4830 erit
1697 4791 2002 4846 argumen-

361 4890 486 4940 tum
514 4900 620 4955 pro
651 4880 905 4936 novitate
931 4867 1517 4955 epistolarum,idque
1550 4881 1728 4919 sensu
1761 4865 2002 4921 Dallma-

362 4991 436 5029 no
452 4973 478 5028 '?
497 4954 708 5027 Nostro
726 4969 975 5023 fortasse
998 4975 1174 5016 sensu
1199 4974 1364 5028 aeque
1384 4954 1627 5011 evidens
1644 4970 1774 5009 esse
1785 4960 1997 5025 potest,

360 5063 418 5117 id
453 5067 541 5116 est
571 5058 729 5114 nullo
763 5055 939 5112 modo
974 5049 1234 5106 evidens.
1259 5048 1372 5101 Nos
1386 5044 1536 5099 forte
1556 5048 1717 5099 recte
1737 5059 2002 5100 asserere

361 5147 826 5224 possumus,sive
840 5138 1169 5213 respexerit
1182 5140 1386 5192 auctor
1397 5133 1687 5189 Valentini
1703 5132 2001 5224 haeresim,

361 5221 482 5296 sive
515 5255 658 5301 non,
693 5233 937 5308 perinde
970 5244 1098 5285 esse
1125 5245 1138 5294 ;
1169 5231 1446 5281 neutrum
1477 5223 1636 5277 enim
1667 5221 1741 5320 ad
1774 5223 2004 5320 convel-

357 5329 593 5385 lendam
630 5321 1016 5396 epistolarum
1063 5315 1498 5386 antiquitatem,
1550 5309 1710 5380 quod
1759 5310 2000 5380 scimus,

358 5417 684 5490 quidquam
714 5411 884 5466 valet.
916 5411 988 5463 At
1016 5412 1082 5461 ut
1110 5405 1223 5474 ille,
1249 5403 1346 5473 qui
1375 5401 1557 5455 verba
1576 5399 1703 5490 haec
1723 5399 2002 5490 adversus

355 5487 734 5561 Valentinum
769 5500 988 5570 scripta
1015 5496 1199 5553 fuisse
1231 5490 1557 5557 contendit,
1591 5488 1690 5559 qui
1742 5487 1874 5544 ideo
1928 5489 2000 5546 ab

355 5593 580 5667 Ignatio
602 5590 780 5647 scribi
803 5605 922 5645 non
952 5586 1216 5659 potuisse
1239 5581 1471 5645 asserit,
1495 5578 1634 5648 quia
1656 5577 2002 5667 Valentinus

358 5666 806 5754 Ignatiojunior
822 5674 1490 5748 fuit,quiargumentum
1512 5667 1708 5737 ipsum
1729 5666 2004 5737 producit

2112 4692 2405 4747 conditor.
2443 4715 2470 4742 ››
2504 4694 2610 4750 Ubi
2643 4695 2836 4751 obiter
2865 4714 3080 4753 moneo
3113 4699 3289 4755 verba
3314 4716 3444 4771 quae
3473 4700 3632 4772 apud
3664 4701 3773 4758 Eu-

2111 4781 2341 4836 sebium
2374 4788 2726 4852 sequuntur,
2760 4783 2790 4836 ὅ
2814 4783 2903 4838 καὶ
2935 4786 3199 4861 πρότερον
3234 4783 3381 4841 ἕνὸον
3409 4793 3620 4857 νοητῶς
3645 4788 3771 4842 ὀνο-

2113 4869 2294 4942 μάζων
2325 4868 2486 4924 αὐτόν
2514 4889 2526 4938 ;
2560 4877 2616 4927 et
2647 4872 2728 4927 ita
2759 4874 3108 4945 redduntur,
3137 4898 3165 4927 ‹‹
3190 4876 3346 4949 quod
3398 4878 3562 4950 prius
3602 4878 3766 4935 intus

2110 4959 2590 5016 intellectualiter
2621 4962 2913 5018 residens‘
2937 4965 3061 5036 ipse
3098 4966 3227 5036 fuit,
3260 4989 3280 5016 ι
3320 4966 3540 5038 duplici
3565 4983 3770 5023 emen-

2112 5048 2527 5134 dationeopus
2554 5050 2795 5116 habere,
2829 5058 2888 5108 et
2917 5055 3001 5109 sic
3031 5056 3224 5126 primo
3252 5056 3388 5129 legi,
3421 5055 3448 5108 ὁ
3480 5054 3570 5108 καὶ
3629 5056 3769 5128 πρό-
3837 5124 3852 5134 _

2110 5156 2264 5211 τερον
2293 5129 2441 5191 ἔνδον
2472 5142 2685 5208 νοητῶς
2727 5139 3032 5212 ὲτοιμάζων
3088 5143 3251 5197 αὐτόν
3303 5145 3390 5216 (ut
3443 5144 3505 5200 in
3556 5145 3658 5200 lib.
3724 5163 3768 5202 ιι

2110 5226 2182 5282 De
2211 5227 2339 5282 eccl.
2375 5227 2608 5297 theolog.
2643 5245 2692 5282 c.
2727 5231 2780 5297 8,
2817 5235 2874 5285 et
2904 5230 3008 5285 lib.
3047 5249 3132 5302 ιιι,
3165 5250 3216 5288 c.
3251 5235 3304 5298 3,
3337 5233 3660 5305 leguntur),
3703 5240 3767 5289 et

2110 5317 2172 5370 in
2208 5316 2367 5370 hunc
2396 5316 2640 5372 modum
2670 5319 2813 5373 verti
2845 5319 3085 5386 debere,
3122 5323 3475 5392 «quietiam
3509 5327 3643 5378 ante
3674 5323 3775 5377 in-

2110 5411 2205 5460 tus
2237 5404 2724 5462 intellectualiter
2748 5410 3100 5479 praeparavit
3127 5426 3282 5466 eum.
3309 5430 3334 5463 ι
3365 5411 3516 5477 Quid
3537 5411 3612 5467 ad
3637 5411 3770 5469 hac

2111 5491 2366 5547 Marcelli
2397 5492 2726 5550 refellenda
2757 5497 2974 5567 aptius,
3009 5515 3188 5570 quam
3222 5500 3431 5568 Ignatii
3454 5499 3623 5568 illud,
3667 5498 3773 5554 οὐκ

2110 5580 2217 5636 ἀπὸ
2256 5583 2416 5655 σιγῆς
2448 5581 2730 5656 προελθὼν
2767 5605 2780 5654 ;
2811 5589 2970 5657 quod
3020 5593 3221 5645 tamen
3254 5596 3479 5646 veteres
3529 5589 3620 5646 illi
3652 5592 3774 5646 En-

2113 5671 2335 5740 sebius,
2352 5672 2730 5743 Athanasius,
2752 5677 3019 5746 Basilius,
3047 5679 3262 5749 quibus
3283 5679 3547 5752 Ignatius
3569 5684 3777 5738 noster
