3974 6296
166 355 277 416 297

886 359 940 422 J.
987 359 1400 423 PEARSONII
1442 353 1811 420 YINDICL/E
1850 352 2339 414 IGNATIANE.
2386 385 2464 399 -—
2507 354 2710 418 PARS
2753 353 2833 419 ΙΙ.

3456 361 3577 424 298

165 496 279 546 tam
327 491 514 563 probe
555 493 828 565 cognitus
887 499 994 563 est,
1027 496 1274 550 minime
1332 497 1714 566 usurparunt.
1742 493 1812 545 Et
1842 488 1892 556 Α
1923 505 1994 542 ex
2023 487 2497 545 adversariorum
2530 492 2827 547 sententia
2857 492 3127 550 confecta
3158 494 3307 551 erit:
3360 513 3566 555 assero

164 583 397 652 quidem
417 583 714 638 Eusebius
737 585 885 639 hanc
908 585 1165 639 Marcelli
1184 585 1537 639 sententiam
1561 599 1694 638 cum
1717 580 1822 636 illa

1925 578 2086 632 enim
2117 580 2520 649 quarto,nullo
2551 587 2899 653 argumento
2933 583 3076 638 satis
3109 585 3280 640 firmo
3331 587 3572 658 probari

162 671 340 725 veteri
366 672 787 726 Gnesticorum
814 679 1479 744 comparat,nectamen
1516 672 1822 744 Ignatiana
1923 684 2095 739 posse
2140 668 2299 738 ipsos
2359 668 2650 724 Valentini
2709 671 3039 741 peculiares
3099 690 3331 730 errores
3383 676 3571 733 fuisse

160 759 419 831 illa,quze
459 762 587 832 ipse
626 762 849 833 optime
880 770 1149 830 noverat,
1184 763 1458 818 Marcello
1482 762 1703 832 objicit.
1737 763 1824 815 Ita
1922 757 2147 827 Ignatio
2175 758 2416 827 martyri
2447 775 2689 829 prorsus
2719 760 3072 832 incognitos.

162 850 316 904 enim
351 850 628 920 loquitur
658 850 886 918 lib.u,c.
915 855 979 908 19
1013 870 1026 906 :
1053 854 1121 908 "A
1165 849 1221 926 δε
1253 848 1580 926 Μάρκελλος
1610 847 1821 921 ἐτόλμα

160 936 536 1004 ὑποτίθεσθαι,
607 937 779 993 πᾶλαι
840 938 936 1010 μὶν
1006 938 1178 1015 λέγων
1234 939 1365 993 εἶναι
1417 939 1512 993 τὸν
1557 937 1702 1005 Θεὸν,
1727 931 1818 991 καὶ

157 1027 269 1079 τινὰ
299 1027 545 1100 ἡσυχίαν
596 1023 709 1098 ἅμα
769 1029 848 1099 τῷ
902 1029 1018 1100 Θεῷ
1075 1030 1404 1105 ὑπογράφων
1449 1029 1642 1098 ἐαυτῷ,
1700 1019 1816 1080 κατ’

156 1114 310 1168 αὐτὸν
369 1113 580 1168 ἐκεῖνον
642 1115 733 1168 σὸν
786 1121 897 1169 τῶν
954 1116 1125 1170 ἀθέων
1158 1116 1490 1189 αἷρεσιωτῶν
1541 1112 1814 1189 ἀρχηγὸν,

157 1201 206 1263 ὅς
236 1203 308 1256 τὰ
340 1199 475 1264 ἄθεα
506 1199 852 1277 δογματίζων
882 1204 1205 1281 ἀπεφαίνετο
1255 1203 1457 1280 λέγων,
1489 1228 1516 1254 ‹‹
1552 1207 1648 1258 ἹΙν
1683 1204 1815 1263 Θεὸς

155 1291 236 1345 καὶ
270 1294 430 1364 σιγή⁶
458 1313 484 1344 ι
523 1291 657 1363 μετά
684 1289 742 1346 δὲ
789 1293 890 1361 τὴν
961 1295 1124 1369 σιγὴν
1176 1294 1265 1348 καὶ
1324 1293 1558 1368 ἡσυχίαν
1609 1292 1816 1366 προελ-

156 1382 257 1434 θεῖν
277 1382 377 1434 τὸν
440 1380 613 1455 Λόγον
668 1386 767 1435 τοῦ
819 1386 952 1436 Θενῦ
1012 1380 1065 1436 ἒν
1125 1386 1273 1461 ἀρχῇ
1319 1386 1418 1446 τῆς
1449 1381 1812 1456 κοσμοποιΐας

154 1467 418 1543 δραστικῇ
452 1469 711 1544 ἐνεργείᾳ.
753 1491 775 1521 ι
809 1475 946 1538 Qum
989 1479 1187 1529 autem
1245 1491 1577 1546 supponere
1633 1489 1813 1530 ausus

154 1566 239 1615 est
269 1560 612 1628 Marcellus,
648 1561 853 1617 dicens
885 1562 1027 1616 olim
1053 1561 1295 1633 quidem
1327 1563 1512 1617 fuisse
1531 1565 1735 1630 Deum,
1755 1567 1814 1618 et

154 1651 419 1720 quietem
452 1651 772 1720 quamdam
805 1651 982 1707 simul
1005 1669 1140 1708 cum
1172 1654 1289 1707 Deo
1329 1653 1670 1708 describens
1693 1653 1812 1724 (se-

154 1740 416 1795 cundum
435 1740 630 1810 ipsum
643 1740 810 1795 illum
824 1742 1141 1812 impiorum
1161 1742 1572 1796 hzereticorum
1587 1742 1809 1809 ducem,

2564 849 2792 904 CAPUT
2840 850 2928 904 1V.

1924 938 2112 1014 Prima
2141 938 2385 1014 assertio,
2417 939 2580 1014 verba
2612 939 2711 1014 illa
2759 937 2857 1014 οὐκ
2903 938 3216 1014 ἀπὸνσιγῆς
3271 941 3556 1014 προελθών

1995 1009 2225 1064 heresin
2254 1009 2635 1064 Ebionitarum
2664 1013 2853 1078 ferire,
2911 1009 3183 1080 probatur
3210 1031 3280 1068 ea:
3313 1009 3556 1070 'antece-

1992 1081 2241 1151 dentibus
2269 1087 2321 1151 et
2351 1083 2818 1150 consequentibus.
2845 1085 3158 1151 Explicatio
3191 1092 3409 1141 tantum
3430 1094 3562 1142 sunt

1991 1150 2180 1230 Αόγοο
2203 1149 2718 1230 d'taioo._0ppo_sitio
2747 1156 2892 1230 inter
2925 1149 3088 1230 λογον
3116 1163 3169 1230 et
3229 1157 3384 1230 σιγὴν
3443 1162 3558 1227 fre-

1989 1225 2364 1298 quentissima.
2403 1223 2616 1298 Petavii
2645 1228 2914 1298 erpositio
2946 1223 3560 1298 defenditur.'0bjectio

1989 1295 2054 1348 de
2081 1295 2301 1362 frigida
2333 1296 2607 1350 locutione
2636 1295 2906 1364 rejicitur.
2940 1298 3157 1353 Similes
3188 1295 3429 1354 veterum
3460 1304 3560 1356 Pa-

1989 1371 2134 1440 trum
2158 1367 2549 1440 explicationes
2581 1368 2913 1436 afferuntur.
2940 1368 3190 1424 Geminus
3249 1373 3306 1426 S.
3367 1373 3558 1440 Augu-

1985 1439 2121 1491 stini
2159 1437 2668 1511 locusgvindicatur,
2700 1445 2751 1493 et
2804 1440 2976 1493 altero
3035 1441 3314 1509 Fulgentii
3369 1437 3556 1511 ﬁrma-

1989 1514 2096 1564 tur.
2131 1509 2496 1585 ΙιρσυιίοηεγηΔ
2515 1510 2732 1564 inanem
2775 1527 2885 1564 non
2943 1528 3068 1585 esse.
3131 1515 3250 1568 νοω
3302 1509 3561 1585 προελθῖν

1989 1581 2287 1658 Ρθῑᾳυίαηο
2317 1582 2496 1658 sensui
2523 1589 2953 1658 nonrepugngt,
2985 1583 3079 1658 Ἐκ
3111 1589 3266 1658 σιγῆς
3316 1581 3400 1640 vel
3454 1584 3562 1640 ἀπὸ

1989 1655 2148 1721 σιγῆς
2181 1668 2292 1706 non
2322 1651 2465 1706 male
2487 1653 2652 1706 reddi
2683 1659 2815 1722 post
2847 1652 3170 1709 silentium.

1986 1739 2132 1794 Illud
2165 1746 2362 1795 autem
2386 1741 2538 1810 quod
2581 1741 2771 1810 primo
2791 1741 2915 1796 loco
2935 1744 3321 1800 asserendum
3343 1747 3564 1817 putavi,

155 1830 251 1900 qui
314 1830 502 1900 impia
553 1830 953 1902 dogmatizans
1010 1831 1276 1886 deﬁnivit
1323 1831 1621 1903 inquiens.
1656 1833 1809 1902 (Erat
1839 1867 1883 1931 Β
1914 1838 2214 1886 auctorem
2246 1832 2508 1903 epistolae
2542 1832 2613 1887 ad
2637 1833 2960 1904 Magnesios
2990 1835 3183 1891 verbis
3214 1853 3286 1891 ex
3320 1854 3388 1892 ea
3418 1855 3563 1909 pro-

157 1922 294 1974 Deus
312 1926 363 1973 et
382 1921 712 1988 silentium),
747 1925 882 1991 post
911 1921 1214 1976 silentium
1233 1927 1430 1977 autem
1456 1926 1512 1976 et
1543 1926 1802 1991 quietem

156 2009 518 2080 processisse
576 2009 834 2064 Verbum
891 2010 994 2065 Dei
1049 2011 1108 2066 in
1149 2011 1443 2082 principio
1486 2011 1804 2066 creationis

157 2099 365 2154 mundi
399 2099 627 2154 efﬁcaci
661 2100 1025 2170 operatione.
1064 2123 1091 2150 »
1115 2102 1256 2156 Cum
1288 2101 1466 2173 igitur
1516 2101 1804 2158 Eusebius

157 2190 500 2245 Marcellum
521 2191 960 2261 perstrinxerit,
993 2192 1150 2262 quod
1175 2191 1433 2246 Verbum
1464 2197 1597 2263 post
1627 2192 1804 2246 silen-

145 2282 295 2334 tium
319 2278 615 2350 prodiisse
648 2280 952 2347 dixerit,et
984 2282 1163 2336 simul
1197 2282 1375 2336 etiam
1407 2282 1803 2336 observaverit

150 2369 273 2424 haec
304 2386 338 2423 a
360 2370 656 2424 Gnosticis
682 2370 894 2424 hausta
913 2370 1222 2442 esse,apud
1246 2387 1393 2441 quos
1415 2371 1606 2442 primo
1631 2375 1804 2426 erant

149 2460 304 2513 Deus
341 2463 402 2513 et
433 2458 739 2513 silentium
765 2475 778 2523 ;
811 2475 945 2514 cum
964 2460 1122 2514 idem
1148 2459 1478 2514 certissime
1505 2460 1682 2514 etiam
1701 2477 1802 2514 no-

151 2550 300 2604 verit
340 2550 464 2604 haec
495 2565 628 2619 quae
657 2565 817 2604 nunc
848 2550 1003 2620 apud
1037 2551 1329 2623 Ignatium
1361 2550 1630 2621 legimus,
1691 2566 1802 2604 nec

148 2647 349 2696 tamen
389 2639 961 2707 adversusiMarcelli
1007 2643 1280 2697 haeresim
1310 2643 1613 2712 usurparit
1669 2642 1798 2697 loco

148 2731 290 2784 satis
353 2736 712 2801 opportuno,
745 2731 877 2800 quis
906 2748 1027 2785 non
1077 2730 1239 2784 videt
1279 2731 1406 2786 sine
1437 2731 1557 2786 ullo
1587 2731 1799 2787 funda-

148 2823 350 2875 mento
383 2820 567 2873 asseri
600 2819 906 2890 Ignatiana
963 2820 1166 2873 lrenzei
1208 2819 1426 2874 saeculo
1467 2837 1587 2874 non
1619 2821 1798 2875 exsti-

147 2910 310 2973 tisse,
347 2907 507 2977 quod
541 2923 608 2962 ea
639 2907 742 2962 illa
772 2907 1050 2962 adversus
1093 2908 1385 2962 Valentini
1417 2909 1648 2963 somnia
1678 2927 1798 2965 non

149 2997 462 3069 usurparit
484 2997 512 3052 ?

215 3088 509 3152 Quocirca
529 3087 636 3142 levi
657 3088 1134 3143 antecedentium
1158 3089 1633 3160 conjecturarum
1655 3091 1797 3145 veli-

145 3178 370 3230 tatione
396 3175 643 3242 difflata,
679 3176 752 3231 ad
775 3183 1187 3249 argumentum
1214 3178 1409 3248 ipsum
1427 3194 1462 3232 a
1484 3178 1795 3235 Valentino

147 3265 393 3320 ductum
419 3231 672 3331 accedo';
697 3231 879 3336 utque
900 3231 1049 3320 illud
1067 3231 1295 3321 nullam
1317 3231 1532 3322 vimad
1563 3268 1799 3324 elevan-
1839 3231 1882 3297 Ο

143 3354 281 3408 dam
317 3354 532 3425 Ignatii
563 3355 996 3423 auctoritatem,
1021 3354 1141 3410 imo
1175 3372 1249 3410 ne
1273 3357 1529 3426 speciem
1558 3357 1800 3427 quidem

148 3443 334 3497 ullam
369 3448 474 3497 aut
523 3443 1102 3498 verisimilitudinem
1134 3445 1437 3499 continere
1469 3446 1799 3514 ostendam,

147 3537 409 3602 quatuor
435 3533 941 3604 propositionibus
971 3550 1097 3588 rem
1129 3550 1366 3588 omnem
1417 3534 1798 3606 complectar,

144 3622 359 3692 quibus
374 3622 756 3677 etveritatem
771 3621 1102 3678 luculenter
1123 3629 1501 3694 exponam,et
1523 3625 1800 3680 omnibus

144 3709 626 3764 adversariorum
640 3710 1073 3782 objectionibus
1089 3713 1572 3768 manitestissime
1595 3731 1799 3768 occur-

146 3801 522 3853 ram.Assero
559 3798 736 3869 igitur
764 3799 957 3870 primo
992 3799 1322 3856 clarissime
1343 3805 1544 3871 patere
1597 3807 1796 3856 aucto-

145 3903 268 3941 rem
300 3886 575 3958 epistolae
608 3886 681 3941 ad
703 3888 1029 3959 Magnesios
1055 3888 1282 3944 nullam
1314 3889 1492 3944 aliam
1522 3889 1797 3945 haeresim

146 3976 334 4030 verbis
357 3992 429 4030 ex
449 3992 522 4031 ea
550 3976 797 4047 prolatis
815 3977 1352 4048 respexisse,quam
1377 3996 1507 4034 eam
1531 3997 1660 4050 qua;
1687 3981 1799 4037 fuit

149 4065 352 4136 Ignatii
383 4081 508 4120 aevo
540 4066 967 4137 cognitissima,
1015 4067 1421 4123 Ebionitarum
1454 4070 1681 4125 scilicet
1739 4076 1797 4126 et

148 4154 578 4210 Nazaraaorum.
607 4155 752 4209 Cum
784 4159 982 4210 autem
1032 4156 1351 4212 adversarii
1382 4158 1529 4214 adeo
1572 4177 1796 4216 asseve-

145 4250 343 4298 ranter
363 4243 890 4310 contendant,haac
914 4245 1178 4315 epistolae
1205 4246 1385 4301 verba
1405 4247 1478 4302 ad
1502 4249 1795 4304 Valentini

145 4337 552 4388 commentum
575 4332 895 4404 respicere,
920 4335 1169 4405 ejusque
1194 4336 1493 4406 peculiare
1518 4337 1795 4393 delirium

142 4439 346 4495 reapse
380 4421 566 4476 ferire
592 4438 604 4476 :
635 4439 834 4478 assero
860 4423 1120 4478 secundo
1151 4424 1327 4480 verba
1357 4425 1505 4498 ipsa,
1563 4432 1629 4481 ut
1661 4433 1797 4482 sunt

143 4511 209 4566 ab
229 4516 480 4567 auctore
499 4510 767 4581 epistolae
788 4511 1118 4582 prolata,ad
1141 4511 1529 4569 Valentinum
1551 4515 1794 4571 omnino

1916 1921 2050 1975 latis
2080 1921 2332 1976 haaresin
2363 1921 2791 1990 Ebionitarum,
2821 1939 3015 1992 neque
3049 1925 3236 1980 ullam
3270 1927 3446 1982 aliam
3475 1945 3562 1982 re-

1916 2009 2674 2082 spexisse,luculentissime
2706 2012 3010 2081 probatur.
3058 2015 3195 2069 Duas
3225 2015 3382 2070 enim
3415 2034 3557 2072 con-

1906 2099 2188 2169 junctiva)
2219 2099 2542 2169 particulae,
2579 2116 2697 2154 una
2727 2100 2895 2154 initio
2928 2101 3175 2172 hujusce
3225 2106 3558 2177 sententias,

1913 2187 2100 2243 altera
2127 2189 2421 2260 principio
2443 2189 2748 2259 sequentis
2777 2190 3023 2258 inserta,
3057 2193 3199 2246 satis
3248 2195 3562 2251 manifeste

1912 2280 2235 2334 ostendunt
2266 2295 2382 2349 quo
2414 2284 2538 2333 tota
2569 2279 2866 2333 sententia
2895 2280 3210 2336 referenda
3243 2284 3342 2351 sit,
3379 2289 3435 2338 et
3486 2285 3562 2340 ad

1911 2369 2052 2439 quid
2084 2374 2290 2424 auctor
2319 2369 2603 2440 epistolas,
2629 2385 2764 2424 cum
2793 2385 2862 2424 ea
2885 2370 3560 2440 scriberet,collinearit.

1911 2458 2206 2514 Particula
2235 2457 2336 2529 γάρ
2367 2458 2625 2512 ostendit
2647 2459 2798 2512 hanc
2820 2459 3010 2530 ipsam
3029 2462 3384 2518 sententiam
3407 2465 3564 2534 prio-

1909 2550 1992 2604 ris
2022 2549 2314 2604 rationem
2345 2548 2649 2603 continere
2682 2568 2696 2615 ;
2735 2554 2792 2602 et
2818 2552 3122 2619 sequentis
3144 2553 3437 2622 particula
3467 2551 3559 2607 οὖν

1912 2638 2171 2694 ostendit
2194 2654 2323 2692 eam
2347 2654 2416 2692 ex
2447 2637 2556 2691 hac
2580 2638 2746 2707 sequi
2777 2637 3093 2693 debere.At
3121 2645 3176 2694 et
3197 2643 3556 2697 antecedens

1910 2727 2206 2782 sententia
2235 2732 2293 2781 et
2324 2731 2639 2796 sequentes
2668 2726 2952 2781 Ebionem
3006 2728 3228 2784 diserte
3285 2731 3504 2785 feriunt
3535 2751 3552 2801 ;

1910 2817 2052 2872 erho
2086 2820 2144 2871 et
2173 2816 2299 2870 haac
2330 2831 2460 2885 quae
2482 2815 2695 2885 prioris
2725 2816 3016 2870 rationem
3040 2817 3311 2888 explicat,
3336 2825 3392 2874 et
3413 2837 3550 2890 pos-

1907 2905 2224 2962 terioribus
2245 2906 2616 2960 occasionem
2637 2904 3258 2976 prmbet.Antecedens
3279 2910 3404 2964 haec
3435 2916 3546 2966 est:

1911 3019 1940 3048 ‹‹
1967 2998 2024 3053 Si
2058 2996 2216 3051 enim
2247 3011 2432 3066 usque
2455 3011 2615 3049 nunc
2648 2994 2974 3050 secundum
3007 2997 3375 3054 Judaismum
3406 3001 3548 3055 vivi-

1907 3085 2424 3156 mus,conﬁtemur
2452 3083 2698 3156 gratiam
2732 3101 2852 3138 non
2886 3085 3237 3156 recepisse.»
3271 3089 3350 3143 De
3375 3090 3547 3144 Ebio-

1909 3175 2054 3230 nasis
2083 3177 2342 3230 Irenaeus
2373 3173 2578 3242 lib.|,c.
2611 3175 2714 3228 26:
2749 3196 2776 3223 «
2809 3175 3396 3234 Circumcidunturet
3418 3197 3554 3251 per-

1912 3270 2182 3321 severant
2211 3266 2272 3320 in
2302 3265 2394 3319 his
2417 3264 2969 3332 consuetudinibus,
3006 3283 3137 3338 quas
3172 3273 3312 3324 sunt
3341 3286 3553 3326 secun-

1913 3353 2053 3410 dum
2079 3354 2290 3427 legem,
2326 3359 2382 3409 et
2410 3353 2650 3409 Judaico
2683 3354 3022 3410 charactere
3082 3357 3188 3411 uti.
3225 3379 3252 3408 »
3277 3358 3438 3415 Idem
3465 3365 3558 3416 te-

1913 3447 2146 3498 stantur
2173 3447 2308 3514 post
2344 3443 2633 3498 Irenaeum
2663 3459 2906 3497 omnes:
2960 3447 3319 3503 antecedens
3374 3449 3554 3522 igitur

1911 3533 2205 3587 sententia
2226 3531 2510 3587 Ebionem
2533 3531 2750 3586 diserte
2763 3532 3062 3599 ferit.Quaa
3081 3540 3281 3592 autem
3300 3555 3556 3610 sequun-

1909 3617 2130 3677 turzE?
2194 3618 2286 3674 οὖν
2342 3619 2394 3672 οἳ
2449 3618 2502 3673 ὲν
2571 3618 2832 3706 παλαιοῖς
2861 3622 3172 3696 πράγμασιν
3201 3624 3556 3706 ἀναστραφὲν-

1905 3729 2012 3779 τες,
2037 3707 2113 3770 εἷς
2144 3708 2439 3777 καινότητα
2463 3705 2690 3768 ὶλπίδος
2723 3706 2952 3777 ἤλυθον.
2987 3733 3015 3762 ‹‹
3051 3713 3107 3766 Si
3139 3714 3317 3786 igitur
3347 3717 3410 3772 in
3453 3705 3552 3773 ve-

1908 3799 2133 3854 teribus
2162 3798 2340 3853 rebus
2371 3799 2698 3853 conversati
2731 3799 2791 3852 in
2822 3799 3142 3856 novitatem
3191 3805 3315 3874 spei
3374 3822 3550 3862 vene-

1905 3892 2064 3956 runt,
2100 3909 2127 3936 »
2161 3892 2220 3942 et
2239 3891 2453 3941 caetera
2482 3885 2692 3940 eodem
2723 3887 2895 3958 plane
2963 3889 3236 3957 tendunt,
3267 3897 3332 3947 ut
3385 3910 3420 3948 a
3447 3895 3550 3950 Ju-

1907 3977 2155 4044 daismo,
2190 3973 2716 4047 nempe,recedant
2736 3976 2833 4045 qui
2861 3977 3379 4036 Christianismum
3428 3999 3550 4038 am-

1906 4067 2243 4138 plectuntur
2275 4081 2287 4119 :
2318 4081 2448 4135 quae
2479 4065 2682 4119 omnia
2710 4064 2932 4121 directe
2963 4066 3244 4123 adversus
3265 4070 3549 4130 Ebionem

1907 4160 1966 4212 et
1995 4170 2277 4225 sequaces
2317 4153 2596 4208 militant.
2624 4154 2758 4208 Haec
2778 4153 2907 4224 ipsa
2928 4158 3222 4212 sententia
3270 4158 3342 4213 ab
3387 4175 3552 4232 argu-

1906 4249 2108 4300 mento
2140 4243 2366 4314 incipit,
2391 4258 2506 4313 quo
2538 4243 2625 4297 uti
2656 4247 2882 4298 veteres
2921 4245 3200 4301 adversus
3249 4247 3552 4305 Ebionitas

1907 4333 2248 4405 similesque
2273 4331 2582 4387 haereticos
2616 4331 2935 4387 solebant:
2993 4333 3062 4390 Οἱ
3120 4333 3224 4409 γὰρ
3283 4337 3552 4392 θειότάτοι

1904 4428 2181 4499 προφῆται
2214 4419 2350 4474 κατά
2381 4420 2611 4492 Χριστὸν
2672 4421 2885 4490 Ἰησοῦν
2931 4421 3149 4492 ἒζησαν.
3214 4448 3242 4476 ‹‹
3309 4427 3552 4484 Divinis-

1904 4513 2038 4567 simi
2071 4511 2234 4566 enim
2265 4509 2566 4582 prophetae
2618 4511 2948 4567 secundum
2985 4513 3296 4580 Christum
3353 4518 3555 4574 Jesum

142 4617 251 4655 non
284 4606 703 4672 spectare,nec
734 4600 861 4656 sine
892 4601 1154 4656 violenta
1186 4602 1523 4659 detorsioue
1554 4603 1628 4658 ad
1660 4605 1788 4676 ejus
1821 4591 1864 4656 Ι)
1897 4603 2170 4657 vixerunt
2203 4618 2217 4667 ;
2253 4621 2280 4649 »
2303 4605 2362 4655 et
2389 4604 2456 4655 ut
2485 4599 2856 4655 demonstret
2886 4619 2987 4657 eos
3013 4604 3203 4676 gratia
3225 4605 3440 4661 Christi
3464 4607 3554 4663 in-

142 4688 418 4745 haeresim
434 4688 849 4759 exponendam
863 4689 1356 4762 refutandamque
1370 4692 1650 4763 applicari
1668 4711 1796 4765 pos-

139 4781 278 4834 se.Si
303 4779 445 4851 quis
459 4783 666 4833 tamen
681 4778 750 4833 ad
761 4779 875 4834 huc
893 4781 1024 4835 sine
1036 4780 1266 4835 ratione
1278 4781 1571 4836 Valentini
1585 4782 1796 4856 dogma

139 4871 438 4940 respicere
500 4867 630 4922 haec
685 4868 861 4923 verba
891 4868 1154 4940 potuisse
1185 4869 1344 4938 velit,
1375 4887 1450 4926 ne
1470 4872 1794 4944 quidquam

133 4965 340 5013 contra
363 4957 788 5027 antiquitatem
811 4957 1071 5029 epistolaa
1092 4958 1435 5030 haeciniqua
1456 4961 1795 5032 conjectura

131 5048 324 5102 valere
344 5046 623 5100 videatur
647 5063 660 5101 :
686 5063 885 5101 assero
905 5047 1080 5102 tertio
1097 5047 1264 5103 illam
1286 5049 1477 5120 ipsam
1495 5050 1791 5118 haeresim,

135 5142 440 5206 quatenus
477 5134 571 5189 his
603 5135 797 5190 verbis
820 5136 983 5190 feriri
1006 5137 1587 5208 putatur,Nalentino
1610 5139 1792 5195 fuisse

134 5225 636 5296 antiquiorem,et
665 5241 700 5279 a
729 5225 1152 5281 vetustioribus
1174 5227 1456 5297 gnosticis
1491 5228 1601 5299 ipsi
1624 5229 1796 5300 Igna-

134 5315 211 5368 tio
241 5313 462 5369 coaevis
487 5313 822 5368 certissime
853 5314 1367 5380 derivatam.Quod
1387 5315 1434 5369 si
1460 5317 1591 5387 quis
1615 5317 1794 5372 etiam

130 5403 323 5458 adhuc
357 5403 741 5474 prmfractius
762 5404 913 5458 tueri
930 5404 1400 5472 velit,auctorem
1424 5405 1688 5477 epistolas
1702 5407 1794 5462 his

131 5492 323 5547 verbis
387 5491 774 5546 Valentinum
833 5493 1024 5563 ipsum
1075 5493 1429 5564 respexisse,
1463 5510 1573 5549 nec
1617 5495 1794 5567 Sigen

129 5581 434 5650 prioribus
461 5581 768 5636 haereticis
799 5581 1094 5652 cognitam
1143 5582 1326 5637 fuisse
1352 5587 1484 5652 post
1514 5588 1599 5637 tot
1627 5590 1792 5638 vete-

127 5686 258 5725 rum
281 5676 497 5743 aperla
521 5669 875 5725 testimonia
893 5670 1198 5726 concedat:
1215 5687 1326 5726 nec
1339 5670 1422 5726 sic
1445 5672 1682 5741 quidem
1700 5689 1794 5728 res

461 5792 734 5849 Pax-non.
769 5785 878 5848 Gn.
925 5789 999 5849 V.

1907 4691 2161 4764 spiratos
2183 4691 2295 4744 hoc
2324 4688 2556 4755 fecisse,
2585 4690 2862 4745 eumdem
2893 4693 3101 4761 Deum,
3135 4710 3313 4764 quem
3333 4695 3418 4752 illi
3449 4713 3552 4754 co-

1906 4780 2130 4846 lebant,
2163 4778 2576 4833 manifestasse
2608 4794 2670 4834 se
2692 4795 2798 4849 per
2820 4779 3031 4834 Filium
3053 4797 3225 4836 suum
3245 4783 3550 4856 dicit,«qui

1905 4874 1994 4924 est
2023 4874 2310 4924 internum
2342 4867 2472 4939 ejus
2496 4867 2773 4935 Verbum,
2797 4890 2824 4917 »
2845 4873 3053 4924 contra
3080 4870 3354 4927 eumdem
3377 4873 3549 4929 Ebio-

1904 4975 2066 5024 nem,
2099 4956 2198 5027 qui
2235 4971 2369 5010 eum
2412 4953 2638 5009 nudum
2690 4955 2994 5010 hominem
3043 4971 3172 5012 esse
3226 4959 3546 5024 asserebat,

1905 5050 2192 5100 teternum
2220 5041 2493 5113 negabat.
2529 5042 2655 5095 Non
2686 5045 2916 5098 tantum
2945 5043 3104 5099 enim
3137 5043 3224 5098 illi
3256 5045 3356 5117 qui
3381 5062 3451 5101 ex
3474 5047 3551 5102 vi-

1904 5151 1968 5189 ro
2003 5138 2061 5188 et
2088 5133 2310 5187 femina
2346 5129 2646 5184 Christum
2678 5131 3213 5200 praedicabantﬁed
3236 5135 3345 5190 etii
3373 5135 3551 5192 etiam

1906 5223 2006 5295 qui
2038 5238 2174 5277 eum
2207 5237 2275 5274 ex
2298 5218 2543 5290 Virgine
2592 5224 2800 5273 natum
2860 5223 3279 5294 agnoscebant,
3321 5223 3384 5277 οὐ
3441 5225 3552 5296 μὴν

1905 5308 2019 5365 οόδ’
2049 5307 2260 5382 ὁμοίως
2315 5306 2405 5359 καὶ
2465 5305 2614 5359 οὗτοι
2671 5307 3048 5384 προϋπάρχειν
3075 5311 3238 5367 αὑτὸν
3282 5311 3409 5367 Θεὸν
3444 5312 3554 5366 Λό-

1905 5421 2000 5478 γον
2035 5394 2163 5452 ὅντα
2192 5395 2282 5450 καὶ
2303 5393 2492 5470 σοφίαν
2518 5395 2907 5469 ὁμολογοῦσιν,
2945 5420 2969 5450 α
3005 5403 3393 5472 ρτωθχιίῐίδεθ
3415 5419 3551 5460 eum

1905 5497 1969 5547 ut
1985 5493 2169 5546 Deum
2194 5487 2452 5543 Verbum
2468 5492 2524 5542 et
2546 5487 2907 5559 Sapientiam
2928 5489 3174 5546 minime
3197 5493 3559 5550 conﬁteban-

1905 5587 2022 5649 tur,
2060 5602 2086 5627 »
2119 5583 2183 5633 ut
2205 5581 2456 5632 testatur
2476 5576 2764 5632 Eusebius
2786 5576 2887 5646 lib,
2911 5594 2992 5644 ιιι,
3027 5595 3076 5632 c.
3111 5582 3199 5635 27.
3248 5583 3334 5634 Ita
3357 5584 3562 5638 omnia

1907 5666 2307 5726 convellendas
2331 5666 2574 5722 Ebionis
2607 5667 2816 5723 haeresi
2847 5665 3114 5739 apprime
3175 5670 3558 5738 conveniunt,

3164 5790 3236 5848 10
