3974 6296
394 316 509 379 299

1460 309 1524 369 S.
1573 308 1980 369 IGNATIUS.
2028 341 2106 353 -
2154 308 2767 376 PROLEGHMENA.

3703 312 3830 371 300

409 465 607 520 neque
638 447 755 503 alio
786 452 1037 519 possunt
1073 452 1360 518 spectare,
1393 444 1508 499 nisi
1541 445 1658 498 vim
1692 443 1885 498 verbis
1934 458 2051 497 ma-
2088 444 2139 511 Α
2172 452 2261 500 est
2284 461 2353 501 ea
2384 464 2512 504 esse
2543 465 2614 505 ex
2646 454 2770 505 tota
2807 449 3107 519 lgnatiana
3137 448 3414 520 perioche
3456 448 3815 504 certissima:

406 538 683 595 nifestam
719 537 1062 592 inferamus.

486 628 630 683 Cum
656 634 852 681 autem
881 626 1179 680 Christum
1211 624 1441 678 dixerat
1462 623 1715 678 Verbum
1742 629 2055 687 internum,

409 716 467 778 ὅς
498 716 638 770 ἐστιν
667 716 836 769 αὐτοῦ
870 714 1046 787 ¹λόγος
1077 710 1274 773 ὰῖδιος,
1308 713 1365 767 id
1399 713 1658 768 breviter
1690 712 1948 784 explicat
1984 710 2058 765 iis

407 807 621 873 verbis,
656 806 758 859 οὐκ
785 804 890 858 ἀπὸ
923 801 1083 870 σιλῆς
1118 801 1426 876 προελθών,
1453 826 1481 852 ‹‹
1510 803 2057 875 Verbum/inquam,

406 902 716 959 aeternum,
746 911 865 949 non
899 911 933 947 a
962 893 1199 948 silentio
1230 894 1605 965 proveniens,
1640 916 1664 940 »
1699 897 1766 947 ut
1815 890 2057 945 verbum

408 1002 513 1041 seu
547 1001 741 1041 sermo
776 983 973 1038 omnis
1004 984 1104 1054 qui
1133 990 1391 1038 mternus
1422 1000 1539 1037 non
1571 989 1678 1038 est.
1715 983 1848 1038 Haec
1896 980 2057 1035 enim

406 1076 665 1146 adiectio
692 1074 844 1128 nihil
876 1072 1037 1129 aliud
1063 1079 1153 1128 est
1176 1089 1353 1143 quam
1377 1072 1640 1145 exegesis
1668 1072 1786 1127 sive
1810 1070 2059 1142 explica-

407 1166 492 1221 tio
516 1163 866 1220 aeternitatis
899 1161 1093 1223 Verbi.
1120 1178 1307 1232 eaque
1333 1162 1505 1233 plane
1556 1161 1843 1217 naturalis
1868 1166 1926 1214 et
1955 1158 2061 1213 ob-

404 1256 585 1313 via.et
611 1254 737 1308 sine
767 1252 893 1307 ullo
926 1258 1197 1323 respectu
1230 1252 1303 1307 ad
1330 1252 1506 1306 aliam
1552 1251 1813 1322 aliquam
1881 1264 2056 1322 pecu-

404 1343 618 1399 liarem
651 1343 909 1397 hmresin
941 1341 1193 1396 maxime
1212 1340 1735 1413 propria,reddens
1753 1355 1949 1394 veram
1962 1353 2061 1392 no-

410 1434 638 1489 tionem
672 1430 882 1486 aaterni
916 1430 1176 1495 Verbi,et
1206 1430 1278 1484 ab
1310 1430 1426 1485 alio
1456 1430 1634 1486 verbo
1669 1445 1792 1485 non
1837 1434 2059 1483 aeterno

413 1529 575 1579 recte
617 1522 1009 1593 distinguens.
1044 1521 1145 1576 Hic
1176 1525 1268 1575 est
1288 1521 1552 1575 omnium
1586 1520 1897 1575 hominum
1936 1517 2060 1573 vul-

407 1613 565 1687 garis
604 1611 677 1667 de
708 1610 884 1665 verbo
916 1615 1257 1682 conceptus,
1292 1615 1357 1665 ut
1390 1610 1548 1681 quod
1600 1609 1905 1665 silentium
1961 1624 2058 1664 re-

411 1702 639 1774 spiciat.
674 1702 761 1755 Ita
792 1699 946 1773 apud
978 1699 1284 1772 Virgilium
1314 1700 1464 1754 Juno
1484 1699 1529 1742 ¹ι
1561 1715 1573 1753 :

847 1833 859 1845 .
906 1830 919 1845 .
958 1790 1124 1855 .Quid
1151 1805 1237 1843 me
1267 1788 1385 1843 alta
1412 1789 1634 1844 silentia
1663 1786 1811 1859 coyis

489 1864 781 1933 Rumpere,
815 1867 869 1916 et
897 1861 1192 1916 obductum
1222 1860 1398 1915 verbis
1426 1859 1654 1930 vulgare
1683 1858 1925 1915 dolorem
1948 1858 1976 1914 ?

418 1950 527 2007 Ubi
549 1949 1058 2018 Servius,Silentia
1078 1955 1275 2005 autem
1288 1965 1622 2021 rumpere,«
1654 1948 1816 2020 loqui
1831 1948 2069 2021 proprie

427 2040 718 2096 dictum.»
751 2041 834 2094 Ex
858 2039 1090 2094 silentio
1123 2055 1259 2111 ergo
1290 2039 1433 2106 exit,
1465 2055 1570 2095 seu
1589 2039 1922 2112 prorumpit
1941 2053 2066 2092 ver-

421 2129 738 2185 bum.ﬂuic
767 2134 967 2184 autem
988 2130 1069 2198 τῷ
1088 2143 1365 2199 rumpere
1384 2128 1688 2183 silentium
1703 2127 2070 2183 contrarium

425 2218 582 2290 apud
604 2218 837 2273 Grmcos
860 2221 949 2271 est
966 2215 1029 2269 τὸ
1053 2213 1363 2289 ἐχεμυθεῖν.
1396 2216 1721 2287 Hesychius
1749 2232 1761 2269 :
1819 2213 2067 2292 Ἐχὲμυ-

426 2317 541 2377 θος,
572 2300 717 2381 ἔχων
750 2306 802 2359 ἐν
830 2306 1005 2376 ἑαυτῷ
1034 2306 1126 2359 τὸν
1153 2303 1345 2379 λόγον,
1381 2303 1507 2374 ἤτοι
1562 2308 1771 2380 κρατῷν
1825 2305 1916 2360 τὸν
1978 2302 2071 2359 λό-

422 2416 518 2468 γον
550 2398 757 2467 σιωπῇ.
795 2397 867 2451 Ει
911 2411 1156 2451 rursus:
1198 2394 1540 2468 Ἐχεμυθεῖν,
1591 2397 1823 2465 σιωπᾷν,
1867 2391 2068 2468 λόγους

430 2486 662 2561 στέγειν.
698 2486 862 2543 Unde
888 2486 1203 2541 Ammonio
1235 2486 1452 2542 dicitur
1480 2485 1603 2559 σιγὴ
1635 2484 1840 2559 στέρξις
1871 2482 2067 2558 λόγου,

420 2576 521 2632 ubi
545 2576 736 2631 sentio
779 2575 978 2647 potius
1028 2573 1345 2647 legendum
1403 2572 1597 2642 στὲξις,
1654 2573 1858 2647 στέγειν
1910 2575 2069 2630 enim

420 2664 589 2739 λόγον
623 2682 691 2721 eo
725 2682 905 2721 sensu
933 2663 1141 2720 dicunt
1168 2665 1372 2733 Graeci,
1405 2681 1527 2721 non
1558 2664 1823 2740 στέργειν,
1855 2670 1921 2722 ut
1942 2665 2069 2737 opi-

417 2771 548 2811 nor.
583 2753 724 2810 lnde
746 2758 908 2830 σιγῆς
952 2759 1007 2808 et
1032 2750 1206 2826 λόγου
1239 2754 1549 2809 antithesis
1580 2754 1858 2810 omnibus
1894 2755 2069 2809 fami-

416 2843 605 2911 liaris,
638 2850 704 2899 ut
729 2843 1129 2899 Nazienzenus
1160 2842 1425 2898 carmine
1469 2845 1534 2897 l2
1580 2842 1654 2898 ad
1712 2844 2018 2916 episcopos
2054 2861 2066 2898 :

668 2931 825 2987 Θύσιυ
854 2931 944 2986 καὶ
977 2931 1157 3007 σιγὴν,
1191 2931 1265 2993 ὡς
1309 2931 1606 3005 τοπάροιθε
1634 2930 1819 3008 γόγον.

420 3021 491 3079 Et
520 3039 624 3078 ora
657 3024 760 3077 M:
796 3021 863 3078 Οἱ
891 3024 991 3075 τοῦ
1023 3019 1190 3095 λόγου
1219 3019 1487 3091 τοσαύτης
1536 3020 1693 3092 ἑσμὶν
1750 3019 1909 3089 σιλῆς
1971 3042 2064 3094 με·

420 3112 561 3169 στοί.
593 3116 737 3171 Cum
770 3115 950 3187 igitur
978 3114 1222 3170 verbum
1273 3115 1391 3169 sive
1440 3130 1775 3170 sermonem
1807 3131 2067 3172 commu-

418 3205 576 3261 niter
605 3209 908 3276 sumptum
940 3204 1021 3258 ita
1051 3204 1361 3275 concipere
1395 3203 1793 3271 soleamus,ut
1822 3220 1957 3258 eum
1990 3204 2064 3258 si-
2104 3180 2151 3250 θ

426 3294 681 3349 lentium
714 3308 952 3365 semper
979 3292 1277 3363 praecedat
1308 3310 1321 3358 ;
1346 3298 1552 3347 auctor
1578 3298 1776 3347 autem
1800 3293 2066 3364 epistolza

414 3383 545 3455 jam
575 3382 825 3437 dixisset
852 3382 1108 3436 Verbum
1130 3381 1289 3452 quod
1310 3381 1572 3437 Christus
1604 3388 1876 3451 est,esset
1894 3390 2064 3439 mter-

421 3487 567 3526 num
594 3488 608 3538 ;
641 3476 930 3526 aeternum
952 3476 1151 3526 autem
1174 3487 1302 3525 esse
1324 3488 1444 3526 non
1462 3477 1655 3543 potest
1676 3472 1834 3543 quod
1864 3472 1936 3529 ab
1958 3473 2068 3529 ali-

422 3576 540 3632 quo
559 3559 673 3615 alio
706 3559 1062 3631 prmceditur
1096 3576 1108 3614 :
1135 3575 1269 3616 vere
1294 3566 1351 3616 et
1381 3567 1709 3633 opportune
1727 3579 1859 3617 cum
1901 3562 2068 3618 Chri-

420 3655 579 3705 stum
602 3649 859 3704 Verbum
881 3649 1290 3722 appellat,non
1311 3649 1425 3705 tale
1451 3651 1703 3725 intelligi
1733 3651 1948 3707 debere
1971 3652 2071 3707 ad-

420 3742 646 3805 monet,
679 3737 854 3810 quale
908 3760 935 3788 ‹‹
971 3754 1042 3793 ex
1076 3737 1309 3793 silentio
1340 3740 1668 3811 proveniat,
1706 3762 1733 3789 »
1758 3740 2068 3797 Silentium

415 3831 615 3884 autem
655 3826 775 3881 sive
805 3827 957 3901 σιγή,
994 3828 1114 3882 sive
1157 3828 1337 3897 σιωπή
1400 3827 1650 3898 dicatur,
1679 3829 1928 3901 perinde
1963 3834 2069 3885 est.

420 3917 492 3972 Ut
522 3915 794 3971 Clemens
824 3915 1288 3985 Alexandrinus,
1320 3917 1705 3974 Admonitione
1735 3919 1809 3973 ad
1838 3918 2068 3975 Gentes:

413 4004 590 4060 Τοῦτο
624 4003 691 4072 ἦν
721 4002 750 4057 ὃ
788 4002 1033 4078 ᾐνίττετο
1082 4005 1118 4073 ἠ
1155 4004 1432 4082 Ζαχαρίου
1489 4005 1669 4074 σιωπὴ
1730 4005 2068 4079 ἀναμένουσα

421 4093 514 4148 τὸν
542 4089 863 4168 πρόδρομον
890 4095 989 4146 τοῦ
1019 4094 1257 4167 Χριστοῦ
1287 4093 1512 4167 καρπὸν,
1544 4093 1626 4148 ἴνα
1655 4095 1752 4161 τῆς
1803 4093 2066 4165 ἀληθείας

421 4181 484 4237 τὸ
512 4185 628 4259 φῶς
659 4182 687 4234 ὁ
711 4179 888 4255 Λόγος
916 4186 1026 4235 τῶν
1066 4185 1427 4259 προφητικῶν
1457 4181 1801 4257 αἴνιγμάτων
1831 4185 1931 4253 τὴν
1964 4206 2066 4257 μυ-

422 4273 612 4337 στικήν
663 4266 1008 4340 ἀπολύσηται
1070 4273 1285 4339 σιωπὴν
1350 4268 1683 4347 Εὗαγγὲλιον
1751 4273 2064 4346 γενόμενος.

426 4383 456 4412 ‹‹
489 4362 609 4416 Ηοο
639 4365 768 4416 erat
795 4362 953 4432 quod
986 4363 1401 4419 subindicabat
1430 4362 1721 4418 Zacharias
1738 4363 2065 4436 silentium,

421 4448 683 4504 fructum
704 4449 919 4505 Christi
935 4467 1364 4523 praacursorem
1388 4450 1825 4521 praestolans,ut
1854 4452 1952 4508 lux
1972 4470 2069 4509 ve-

2169 540 2228 589 et
2260 535 2517 593 Dalla'ue
2552 538 2677 610 ipse
2708 539 2811 594 illa
2842 539 3037 602 verba,
3069 538 3127 595 ὅς
3159 534 3299 590 ἐστιν
3336 535 3498 589 αὐτοῦ
3532 535 3702 609 Λόγος
3744 533 3825 588 ἀί-

2170 621 2307 689 διος,
2340 629 2512 682 aﬂert
2546 635 2824 700 tanquam
2848 628 3126 684 adversus
3147 628 3530 681 Artemonem
3561 633 3618 680 et
3639 627 3827 681 Theo-

2169 712 2371 770 dotum
2403 715 2923 788 disertissima,qui
2951 716 3188 772 Ebionis
3211 714 3465 771 haeresim
3493 715 3827 786 amplecte—

2168 803 2386 859 bantur
2418 823 2431 860 :
2468 806 2540 861 de
2573 806 3059 878 interpretatione
3082 805 3338 878 simplici
3375 821 3580 859 eorum
3607 804 3819 860 verbo-

2167 910 2322 961 rum,
2356 892 2455 947 οὐκ
2474 892 2580 948 ἀπὸ
2605 897 2758 969 σιγῆς
2775 891 3234 969 προελθίῦ·ι,ίιυίι1
3258 894 3512 949 senserit
3534 893 3812 960 Dallaeus,

2173 983 2354 1055 probe
2388 985 2509 1041 scio
2541 1001 2608 1039 ex
2641 986 2715 1041 iis
2746 1002 2876 1057 qua:
2908 991 3114 1040 contra
3142 985 3444 1039 Petavium
3474 984 3817 1055 disputavit.

2172 1072 2275 1127 llle
2307 1073 2467 1129 enim
2491 1074 2987 1147 prespicacissimi
3034 1074 3255 1145 ingenii
3279 1073 3498 1129 Jesuita
3539 1074 3697 1129 hunc
3729 1075 3819 1129 uti

2169 1162 2327 1218 haud
2350 1163 2527 1235 paulo
2550 1164 3013 1219 commodiorem
3035 1171 3094 1218 et
3116 1163 3440 1219 faciliorem
3462 1180 3703 1218 sensum
3728 1180 3822 1219 se-

2167 1259 2340 1308 cutus
2371 1260 2479 1309 est.
2516 1275 2544 1302 «
2577 1253 2852 1318 Verbum,
2884 1254 3097 1323 inquit.
3128 1254 3247 1308 sive
3280 1269 3619 1308 sermonem
3643 1255 3820 1325 lgna-

2169 1342 2288 1399 tius
2318 1343 2531 1398 asserit
2560 1360 2689 1398 esse
2714 1344 2909 1398 Iesum
2932 1343 3228 1398 Christum
3275 1342 3378 1398 Dei
3427 1342 3665 1403 Filium.
3696 1360 3820 1398 non

2170 1432 2362 1502 qualis
2386 1437 2475 1486 est
2502 1437 2735 1487 creatus
2766 1438 2825 1487 et
2854 1432 3152 1488 humanus
3186 1447 3403 1499 sermo,
3436 1431 3537 1501 qui
3579 1432 3639 1486 in
3671 1437 3829 1486 tem-

2166 1538 2309 1594 pore
2342 1520 2554 1592 incipit
2582 1526 2641 1575 et
2670 1521 2732 1576 in
2764 1526 3029 1592 tempore
3061 1520 3283 1575 desinit
3314 1537 3328 1587 ;
3362 1536 3482 1575 non
3515 1520 3675 1575 enim
3729 1527 3824 1576 est

2171 1614 2454 1666 aaternus.
2489 1611 2608 1666 Hoc
2637 1626 2848 1677 unum,
2877 1626 2987 1665 nec
3033 1608 3192 1666 aliud
3250 1609 3579 1681 quidquam
3634 1609 3825 1666 voluit

2170 1700 2454 1772 Ignatius.
2490 1719 2514 1752 ι
2549 1700 2709 1755 Hauc
2739 1705 2941 1755 autem
2972 1699 3661 1771 Petaviiexplicationem
3684 1699 3829 1755 Dal-

2093 1812 2145 1882 B
2170 1789 2619 1882 Iasusfrigidam
2655 1795 2713 1846 et
2741 1790 2983 1882 inanem
3014 1790 3315 1882 argutiam
3334 1791 3644 1882 vocat.Ego
3663 1790 3724 1882 in
3757 1807 3833 1846 ea

2181 1877 2336 1933 nihil
2364 1878 2667 1951 frigidum,
2699 1878 2851 1934 nihil
2882 1878 3081 1946 inane,
3114 1894 3191 1933 ne
3218 1877 3545 1950 quidquam
3582 1878 3827 1950 quidem

2179 1971 2452 2037 argutum
2474 1966 2641 2023 video
2672 1985 2687 2036 ;
2720 1968 2922 2024 omnia
2948 1967 3145 2040 potius
3175 1966 3839 2040 plana,perspicua.ap-

2179 2057 2391 2129 posita,
2422 2062 2480 2111 et
2517 2058 2817 2113 communi
2848 2058 3188 2114 Graecorum
3248 2057 3510 2113 sermoni
3568 2058 3830 2114 maxime

2180 2145 2508 2202 conformia
2535 2146 2829 2202 videntur.
2863 2146 2974 2202 Sed
2995 2147 3465 2219 primo,inquit,«
3477 2163 3656 2219 quam
3670 2147 3834 2219 frigi-

2179 2235 2323 2292 dum
2354 2236 2879 2309 est,Magnesianos
2908 2252 3176 2307 monere,
3208 2236 3423 2292 Filium
3454 2237 3558 2292 Dei
3581 2235 3826 2292 verbum

2181 2340 2310 2380 esse
2341 2324 2678 2396 ipsius,non
2711 2330 2909 2381 tamen
2930 2324 3221 2397 ejusmodi
3244 2329 3309 2380 ut
3340 2330 3475 2397 post
3522 2325 3832 2381 silentium

2179 2412 2486 2485 prodierit.
2512 2433 2540 2462 ιι
2559 2414 2687 2470 Jam
2709 2414 2981 2470 criticum
3003 2414 3123 2487 agit
3147 2414 3425 2478 Dallaaus,
3445 2415 3548 2469 sed
3568 2413 3834 2469 infelici-

2179 2502 2445 2568 ter.Quid
2468 2503 2647 2568 enim,
2665 2503 2710 2559 si
2736 2503 2847 2559 hoc
2865 2503 3144 2572 frigidum
3166 2504 3263 2573 sit,
3287 2520 3423 2576 ergo
3454 2504 3834 2576 lgnatianum

2180 2609 2308 2648 esse
2341 2610 2463 2648 non
2493 2598 2689 2665 potest
2716 2592 2743 2648 ?
2771 2596 2863 2648 An
2892 2610 3136 2650 necesse
3161 2598 3251 2649 est
3298 2599 3365 2648 ut
3414 2593 3830 2649 sanctissimus

2180 2688 2403 2755 martyr
2433 2682 2648 2739 melius
2679 2683 2999 2754 scripserit,
3033 2700 3211 2756 quam
3244 2682 3385 2739 clari
3420 2683 3574 2739 inter
3592 2685 3830 2739 Grmcos

2179 2773 2534 2839 oratores,in
2557 2789 2809 2845 quorum
2833 2772 3201 2829 orationibus
3233 2771 3421 2828 multa
3440 2772 3646 2845 frigide
3667 2772 3834 2830 dicta

2177 2866 2460 2917 notarunt
2489 2862 2679 2917 critici
2711 2862 2979 2918 veteres?
3002 2866 3080 2917 De
3112 2863 3366 2917 Isocrate
3415 2878 3647 2916 summo
3700 2861 3831 2917 viro

2178 2952 2494 3024 Dionysius
2517 2952 3021 3024 Halycarnasseus
3044 2970 3056 3007 :
3088 2949 3425 3025 Σχημοιτίζει
3447 2950 3505 3004 ’ὀὶ
3525 2951 3832 3027 φορτικῶς,

2176 3038 2266 3093 καὶ
2295 3039 2363 3093 τὰ
2392 3036 2577 3094 πολλᾶ
2608 3038 2813 3117 γίνεται
2837 3039 3069 3115 ψυχρός.
3111 3042 3237 3096 Ιωο
3259 3041 3534 3096 Isocratis
3570 3041 3836 3097 imitato-

2177 3146 2271 3184 res
2302 3129 2542 3202 t'rigidos
2575 3146 2703 3186 esse
2730 3130 3018 3200 observat,
3052 3146 3122 3185 ex
3155 3129 3370 3201 quibus
3419 3129 3689 3185 nominat
3728 3130 3831 3184 Ti-

2179 3218 2733 3285 maeum,Platonem
2757 3224 2815 3273 et
2845 3218 3512 3292 Sosigenemlonginus
3533 3218 3825 3274 Timaaum

2178 3307 2403 3379 pariter
2432 3312 2489 3363 et
2518 3306 2829 3363 Platonem
2858 3307 3147 3377 nominat,
3175 3307 3390 3379 quibus
3420 3307 3598 3362 etiam
3628 3307 3829 3363 Xeno-

2179 3396 2464 3468 phontem
2496 3396 2787 3469 adjungit.
2836 3398 2964 3452 Non
3021 3396 3200 3469 igitur
3248 3396 3525 3468 martyris
3574 3396 3835 3451 auctori-

2181 3490 2360 3540 tatem
2400 3484 2791 3546 imminuit.si
2822 3484 2973 3541 forte
3004 3485 3232 3556 aliquid
3250 3484 3460 3558 frigide
3483 3484 3837 3551 dixerit;diu

2179 3579 2316 3629 ante
2349 3591 2483 3629 eum
2518 3574 2735 3630 summi
2758 3574 2817 3630 in
2836 3574 3058 3630 Graecia
3086 3574 3195 3628 viri
3214 3574 3428 3647 frigide
3454 3573 3638 3630 multa
3678 3575 3834 3630 scri-

2179 3663 2365 3734 psisse
2391 3664 2578 3719 notati
2606 3668 2763 3720 sunt.
2797 3663 2910 3719 Sed
2940 3663 3208 3719 nondum
3238 3663 3429 3731 video,
3464 3679 3645 3735 quare
3697 3664 3831 3719 hac

2178 3751 2397 3808 locutio
2432 3751 2577 3810 adeo
2610 3751 2821 3825 frigida
2863 3753 3271 3809 existimetur:
3333 3754 3455 3808 Imo
3516 3768 3671 3820 vero,
3729 3753 3829 3807 in-

2179 3841 2330 3913 quit,
2365 3864 2392 3892 «
2423 3843 2593 3913 quasi
2624 3842 2702 3897 sit
2730 3843 3046 3915 quisquam
3099 3842 3245 3899 adeo
3305 3842 3523 3911 fatuus,
3556 3848 3621 3897 ut
3649 3859 3833 3914 quem

2179 3929 2343 3986 audit
2367 3947 2498 3987 esse
2524 3931 2723 3987 Jesum
2757 3931 3054 3988 Christum
3087 3931 3191 3986 Dei
3247 3930 3487 4000 Filium,
3547 3930 3830 3986 eumdem

2175 4025 2385 4093 putare
2416 4021 2602 4092 possit
2633 4037 2667 4076 a
2697 4020 2934 4076 silentio
2962 4037 3092 4077 esse
3123 4026 3318 4075 ortum
3340 4019 3367 4075 ?
3405 4042 3430 4069 ιι
3462 4024 3668 4076 Astute
3698 4021 3829 4076 hinc

2179 4110 2420 4181 quidem
2445 4127 2457 4177 ;
2488 4110 2708 4166 omittit
2736 4110 2895 4166 enim
2918 4109 3151 4181 idquod
3181 4110 3241 4164 in
3267 4110 3377 4165 hac
3406 4126 3469 4164 re
3502 4114 3591 4165 est
3618 4110 3829 4181 praaci-

2179 4215 2367 4270 puum
2404 4198 2659 4253 Verbum
2690 4198 2935 4266 scilicet,
2977 4198 3097 4253 sive
3149 4215 3509 4254 sermonem.
3543 4198 3826 4262 Quamvis

2177 4288 2279 4343 Dei
2310 4286 2490 4342 Filius
2520 4286 2772 4356 dicatur,
2805 4286 2946 4342 dum
2973 4293 3175 4343 tamen
3201 4286 3449 4343 verum
3477 4284 3669 4352 idem,
3704 4287 3827 4344 sive

2178 4393 2372 4431 sermo
2404 4374 2815 4435 dicitur.facile
2844 4375 2978 4431 talis
3010 4382 3333 4449 conceptus
3382 4375 3443 4430 in
3488 4375 3687 4431 animo
3720 4393 3830 4431 au-

2180 4463 2470 4520 dientium
2503 4463 2916 4531 formatur,vel
2946 4464 3201 4536 objectio
3226 4464 3668 4537 potius.Verum
3701 4466 3832 4535 qui-

425 4537 621 4593 ritatis
663 4538 917 4595 Verbum
947 4541 1433 4613 propheticorum
1452 4539 1831 4612 aenigmatum
1873 4544 2065 4615 mysti-

2185 4554 2321 4609 dem
2351 4558 2443 4609 est
2471 4552 2784 4625 Ignatium,
2830 4553 2971 4610 dum
3026 4554 3150 4609 vult
3208 4555 3509 4610 Christum
3567 4555 3830 4610 Verbum

424 4642 559 4683 cum
581 4627 831 4684 solveret
851 4629 1153 4685 silentium
1177 4627 1557 4701 Evangelium
1585 4627 1829 4687 factum.
1864 4652 1892 4679 »
1926 4632 2072 4704 Spe-

422 4721 616 4772 ctatur
644 4717 822 4790 igitur
851 4715 1013 4793 λόγος
1047 4718 1444 4774 communiter
1463 4722 1748 4789 tanquam
1767 4722 2068 4793 σιγῆς,είνθ

422 4810 635 4873 σιωπῆς
664 4805 953 4874 ἀπόλυσις,
980 4805 1646 4880 praecedentis,scilicet,
1670 4806 1892 4864 silentii
1911 4810 2068 4867 solu-

417 4895 520 4951 tio.
553 4897 729 4951 Recte
753 4896 934 4968 igitur
991 4896 1272 4951 admonet
1327 4894 1587 4967 lgnatius
1620 4902 1840 4964 noster,
1899 4898 2068 4953 Chri-

415 4991 591 5048 stum,
617 4984 956 5057 οιιω,Λόγος
977 4984 1513 5051 dicitur,aaternum
1529 4989 1727 5040 tamen
1740 4988 2069 5052 esse,adeo-

415 5090 530 5145 que
565 5074 742 5129 talem
766 5090 885 5128 non
908 5090 1058 5134 esse.
1090 5072 1285 5143 qualis
1307 5088 1377 5127 ex
1407 5074 1778 5144 praecedente
1828 5076 2065 5134 silentio

414 5164 769 5236 prorumpit.
806 5165 938 5218 Haec
959 5167 1050 5218 est
1078 5163 1425 5219 assertionis
1457 5170 1674 5220 nostrae
1704 5167 1854 5222 ratio
1870 5166 2064 5223 brevi-

419 5261 511 5313 ter
530 5256 845 5327 explicata.

487 5345 639 5409 Quid
667 5343 740 5399 de
774 5345 848 5398 iis
877 5360 1007 5415 qua
1040 5344 1112 5401 de
1145 5345 1355 5401 heresi
1380 5345 1618 5402 Ebionis
1650 5346 2065 5417 diximus,sen-

416 5434 571 5489 tiant
598 5433 708 5487 viri
740 5432 919 5503 docti,
954 5436 1186 5502 nescio;
1242 5435 1505 5491 nondum
1574 5437 1753 5507 enim,
1813 5444 1879 5492 ut
1935 5440 2063 5511 opi-

422 5521 699 5582 nor.haac
728 5538 763 5578 a
793 5521 1073 5595 quopiam
1119 5524 1276 5581 dicta
1310 5530 1484 5589 sunt;
1509 5525 1653 5581 mihi
1686 5531 1886 5582 tamen
1920 5530 2060 5584 satis

495 5608 541 5645 ³³
569 5610 786 5669 Δῖηοίἀ.
812 5628 869 5678 x,
903 5614 991 5670 63.

2180 4649 2469 4699 internum
2500 4640 3003 4708 ostendere,recte
3036 4660 3171 4699 eum
3194 4644 3406 4700 Filium
3431 4644 3610 4698 etiam
3633 4643 3830 4698 nomi-

2177 4748 2319 4787 nare
2344 4749 2355 4786 :
2393 4731 2503 4786 hoc
2525 4730 2684 4786 enim
2717 4730 2993 4803 frigidum
3018 4748 3139 4788 non
3161 4738 3267 4798 est,
3297 4732 3399 4788 sed
3422 4733 3833 4789 necessarium

2175 4821 2262 4875 Ita
2285 4820 2839 4893 judicavitmagnus
2866 4820 3245 4889 Athanasius,
3275 4822 3479 4894 lgnatii
3517 4822 3609 4877 sui
3669 4822 3831 4893 opti-

2174 4927 2308 4965 mus
2338 4911 2653 4982 interpres,
2694 4909 2799 4966 lib.
2837 4911 2903 4965 De
2931 4912 3180 4981 synodis:
3224 4912 3335 4967 Ἵνα
3385 4912 3462 4983 μή
3514 4908 3679 4965 πάλιν
3742 4930 3827 4973 τις

2172 4998 2384 5053 ἀκούων
2419 4998 2582 5070 μόνον
2613 4995 2782 5072 λόγον
2812 4997 3010 5073 νομίσῃ
3038 5003 3287 5055 τοιοῦτον
3322 4999 3456 5054 εἶναι
3500 4998 3621 5054 οἷός
3683 4998 3829 5056 ἐστιν

2175 5087 2203 5140 ὁ
2231 5091 2340 5141 τῶν
2376 5086 2661 5160 ἁνθρώπρν
2691 5086 3082 5155 ἀνυπόστατος,
3126 5086 3252 5143 ἀλλ’
3300 5088 3511 5143 ἀκουων
3565 5088 3649 5142 ὅτι
3708 5084 3835 5151 Υἱός

2172 5173 2286 5230 ἐστι
2318 5178 2556 5249 γινώσκῃ
2590 5178 2777 5229 τοῦτον
2812 5175 2942 5230 εἶναι
2978 5180 3154 5245 ζῶντα
3202 5175 3377 5253 Λόγον
3435 5175 3525 5232 καὶ
3583 5175 3835 5233 ἐνονόσιον

2172 5272 2380 5343 σοφίαν.
2411 5290 2438 5316 ι(
2473 5271 2548 5323 Ac
2589 5284 2664 5323 ne
2722 5268 2856 5339 quis
2917 5267 3167 5323 audiens
3218 5285 3538 5325 sermonen
3594 5274 3833 5324 tantum

2172 5357 2475 5412 existimet
2505 5356 2685 5413 talem
2718 5372 2868 5421 esse,
2903 5357 3097 5428 qualis
3127 5362 3216 5413 est
3265 5358 3599 5423 hominum,
3632 5358 3835 5413 subsi-

2173 5446 2395 5501 stentia
2422 5462 2654 5515 carens,
2687 5445 2790 5501 sed
2821 5445 3072 5501 audiens
3103 5447 3263 5517 quod
3290 5447 3470 5502 Filius
3530 5448 3625 5509 sit,
3683 5448 3838 5502 sciat

2169 5534 2327 5589 hunc
2343 5550 2471 5589 esse
2486 5534 2682 5589 vivum
2702 5549 3039 5588 sermonem
3058 5538 3117 5588 et
3133 5533 3586 5591 substantialem
3601 5534 3837 5608 sapien-
