3974 6296
154 363 250 422 301
849 360 903 423 J.
951 359 1366 423 PEARSONlI
1409 359 1780 422 YlNDlCL‘E
1824 361 2310 424 IGNATIANJ.
2359 395 2436 409 —
2481 363 2683 426 PARS
2723 365 2803 427 II.
3415 368 3534 432 302

155 497 301 563 tiam,
340 519 360 545 ι
395 502 506 552 etc.
541 496 828 552 Maximus
875 496 1255 552 Taurinensis
1282 513 1294 550 :
1346 517 1374 546 «
1404 496 1485 551 Ne
1518 495 1774 551 Verbum
1807 498 1860 564 Α
1893 519 1922 546 ‹‹
1948 497 2229 562 Quasnam
2259 502 2349 554 est
2376 499 2481 555 illa
2509 499 2833 572 generatio,
2866 517 2983 573 qua
3014 503 3078 558 In
3101 503 3386 575 principio
3417 511 3536 561 erat

153 587 327 657 ipsum
356 602 474 640 non
532 585 921 641 substantiam
975 585 1258 650 veritatis,
1294 584 1396 640 sed
1421 585 1776 656 prolativum
1891 589 2146 645 Verbum.
2179 596 2230 644 et
2262 591 2497 646 Verbum
2554 598 2672 646 erat
2725 593 2877 662 apud
2921 596 3115 659 Deum,
3148 602 3199 649 et
3239 598 3378 652 Deus
3418 603 3536 652 erat

153 674 426 745 loquentis
460 675 560 729 Dei
592 680 829 746 putares
880 690 1010 729 esse
1044 689 1400 739 sermonem,
1435 671 1651 728 dicitur
1683 674 1776 728 Fi-
1880 678 2101 734 verbum
2127 679 2220 733 '9?
2241 701 2268 727 ››
2301 679 2391 735 vel
2414 681 2574 751 quod
2596 685 2685 736 est
2709 681 2822 737 hoc
2845 682 3122 750 Verbum,
3147 685 3306 755 quod
3338 685 3534 743 dictu-

153 765 268 820 lius.
301 787 328 813 ››
359 767 426 819 Et
467 770 669 820 tamen
728 764 899 819 multi
956 764 1216 830 fuerunt,
1250 779 1443 834 neque
1475 763 1572 817 isti
1607 762 1774 832 fatui,
1879 784 1980 822 rus
2002 773 2176 824 antea
2197 786 2317 825 non
2349 769 2596 837 silebat;
2631 788 2746 842 quo
2773 772 2950 838 dicto,
2975 789 3095 828 non
3123 774 3288 829 siluit
3318 777 3418 846 qui
3451 777 3534 833 di-

151 854 234 925 qui
263 853 558 909 Christum
590 859 648 908 et
678 853 890 908 Filium
921 853 1023 908 Dei
1055 853 1395 921 credebant,
1431 857 1487 906 et
1518 851 1772 907 Verbum
1881 856 2239 927 cebat?quod
2260 858 2618 913 estVerbum
2634 859 3176 932 sinetempore,per
3197 862 3354 933 quod
3375 863 3530 920 facta

149 961 241 999 nec
269 949 465 999 tamen
496 944 741 999 verbum
791 949 1101 1010 aeternum,
1135 943 1402 1013 adeoque
1435 957 1502 996 ex
1536 941 1774 996 silentio
1880 950 2021 1000 sunt
2041 947 2356 1018 tempora?
2383 947 2655 1015 Verbum,
2676 949 2833 1018 quod
2865 949 3022 1005 labia
3051 951 3275 1007 nullius
3299 954 3531 1023 aperuit

148 1037 450 1106 proiectum
480 1054 493 1103 ;
527 1035 686 1090 unde
733 1033 1130 1088 Tertullianus
1160 1033 1391 1103 negavit
1424 1033 1607 1086 Deum
1643 1049 1772 1087 esse
1879 1035 2439 1106 cceptum,clausitve
2463 1037 2696 1093 finitum
2715 1038 2742 1093 ?
2765 1060 2792 1086 ››
2811 1039 2911 1093 Cui
2939 1040 3240 1110 geminum
3267 1042 3526 1116 adjungo

148 1122 521 1177 sermonalem
553 1140 587 1178 a
616 1121 932 1194 principio,
958 1126 1013 1175 et
1032 1119 1224 1192 primo
1255 1119 1428 1174 tacite
1463 1119 1772 1190 cogitasse,
1877 1125 1940 1181 B.
1969 1125 2256 1196 Fulgentii
2276 1126 2494 1194 locum,
2517 1127 2591 1182 ad
2614 1127 3069 1182 Trasimundum
3093 1129 3192 1182 lib.
3219 1145 3300 1195 ιιι,
3331 1146 3380 1184 c.
3421 1133 3482 1186 18
3509 1149 3522 1187 :

148 1217 194 1266 et
222 1212 574 1284 disposuisse
605 1227 806 1266 secum
834 1227 964 1281 quin
983 1225 1089 1280 per
1109 1224 1447 1263 sermonem
1479 1224 1615 1261 mox
1649 1212 1775 1262 erat
1878 1237 1906 1263 «
1933 1214 2064 1268 Fuit
2094 1215 2287 1270 infans
2321 1215 2577 1270 Verbum
2623 1216 2950 1271 secundum
2982 1233 3242 1284 carnem,
3277 1225 3336 1273 et
3361 1219 3523 1275 fandi

148 1301 406 1366 dicturus,
439 1307 500 1356 et
526 1302 803 1373 Origenes
835 1300 896 1354 in
924 1301 1212 1354 Joannem
1234 1297 1452 1352 multos
1474 1314 1581 1352 sua
1601 1301 1772 1351 aetate
1876 1320 1994 1357 non
2018 1303 2608 1360 habuitfacultatem;
2636 1305 2739 1360 sed
2767 1305 2922 1360 idem
2947 1307 3201 1361 verbum
3226 1308 3389 1364 nullo
3413 1327 3527 1364 un-

149 1391 414 1446 exstitisse
438 1391 632 1458 docet,
659 1389 758 1460 qui
784 1395 1063 1460 tanquam
1089 1388 1472 1459 perspicuum
1504 1385 1652 1440 illud
1676 1386 1774 1441 ad—
1876 1410 2051 1462 quam
2085 1394 2276 1464 potuit
2305 1395 2562 1450 coerceri
2599 1395 2854 1452 silentio.
2893 1396 3032 1465 quia
3061 1396 3186 1467 ipse
3221 1402 3308 1451 est
3339 1398 3526 1452 Patris

147 1484 455 1552 mittebant,
491 1483 703 1538 Filium
739 1483 838 1537 Dei
885 1499 1013 1537 esse
1047 1481 1300 1536 Verbum
1343 1484 1767 1552 nuncupatum,
1877 1484 2240 1553 sempiterna
2271 1483 2511 1540 locutio.
2545 1503 2570 1534 ι
2611 1486 2865 1555 Uterque
2897 1492 3093 1540 autem
3130 1488 3526 1542 aeternitatem

146 1573 360 1642 οἱομενοε
388 1569 672 1648 προφορὰν
705 1573 971 1644 πατρικὴν
1006 1569 1168 1623 οἱονεῖ
1223 1567 1272 1622 ἐν
1327 1562 1628 1629 συλλαϐαῖς
1660 1587 1715 1621 κε

1962 1572 2048 1627 rbi
2085 1573 2184 1627 Dei
2217 1574 2370 1629 clare
2399 1573 2670 1645 explicat,
2695 1581 2752 1628 et
2784 1591 2817 1629 a
2847 1575 3022 1629 verbo
3054 1575 3338 1642 humano,
3369 1577 3525 1646 quod

151 1659 293 1731 μένην
325 1661 458 1716 εἶναι
492 1661 583 1714 τὸν
617 1660 739 1714 Υἱὸν
768 1663 863 1714 τοῦ
894 1663 1048 1727 Θεοῦ,
1081 1660 1454 1716 existimantes
1499 1659 1720 1729 prolatu

1978 1665 2191 1716 neutra
2246 1666 2412 1732 parte
2470 1667 2757 1716 aeternum
2817 1668 2926 1729 est,
2963 1663 3292 1734 distinguit,
3321 1671 3523 1736 utpote

146 1767 247 1806 nem
267 1759 563 1822 putei-nam
594 1753 753 1822 quasi
781 1751 835 1805 in
873 1751 1098 1820 syllabis
1128 1751 1406 1820 jacentem
1435 1764 1541 1803 esse
1570 1749 1774 1802 Filium
1877 1749 2035 1821 quod
2066 1767 2099 1806 a
2129 1751 2366 1805 silentio
2397 1751 2662 1822 incipiat,
2707 1757 2763 1804 et
2823 1752 2882 1804 in
2933 1752 3236 1807 silentium
3269 1753 3520 1810 desinat.

154 1841 438 1912 Dei,neque
473 1841 658 1896 ullam
683 1841 735 1894 ei
769 1840 1159 1895 substantiam
1192 1843 1292 1894 aut
1323 1837 1768 1892 subsistentiam
1802 1868 1848 1933 Β
1879 1839 2028 1903 Quid
2051 1839 2124 1894 ad
2147 1840 2272 1894 haec
2292 1840 2382 1894 vir
2405 1840 2784 1894 doctissimus
2805 1841 2833 1894 ‘?
2855 1841 3048 1895 Primo
3079 1843 3137 1895 in
3171 1843 3224 1896 S.
3260 1845 3525 1915 Augusti-

151 1929 474 1985 tribuentes.
506 1930 562 1985 Si
588 1929 918 2000 quotiesita
937 1927 1110 1982 Verbi
1133 1927 1295 1982 notio
1319 1925 1570 1982 traditur
1591 1932 1649 1980 et
1670 1943 1769 1979 ex-
1802 1925 1843 1933 ”
1878 1945 2042 1992 num,
2078 1929 2178 1999 qui
2239 1929 2402 1983 solus
2460 1945 2494 1984 a
2547 1929 2780 1983 Petavio
2828 1929 3101 1984 laudatus
3133 1937 3242 1995 est,
3277 1933 3522 1997 involat.

150 2017 386 2089 plicatur,
418 2026 490 2074 ut
521 2018 699 2073 simul
731 2035 765 2073 a
796 2017 1010 2072 talibus
1043 2016 1423 2087 conceptibus
1462 2016 1769 2084 liberetur,
1879 2033 2133 2088 eumque
2148 2017 2528 2072 acerbissime
2543 2017 3315 2091 objurgat.quod«argutias
3329 2027 3524 2093 captet

152 2108 334 2179 frigida
361 2110 437 2164 sit
467 2108 727 2174 locutio;
759 2107 973 2179 frigent
995 2107 1151 2161 certe
1175 2106 1376 2160 omnia
1406 2106 1502 2162 SS.
1530 2107 1770 2159 Patrum
1878 2112 1936 2162 et
1956 2107 2015 2162 in
2039 2107 2110 2161 iis
2130 2123 2280 2178 pene
2299 2111 2456 2161 totus
2480 2107 2576 2173 sit,
2602 2129 2629 2156 »
2667 2124 2775 2163 nec
2799 2108 3049 2163 miratur
3069 2110 3226 2179 quod
3244 2111 3522 2182 «aliquid

151 2199 353 2272 scripta,
385 2199 611 2271 frigent
647 2213 854 2252 omnes
903 2197 1311 2269 theologorum
1345 2194 1766 2266 expositiones.
1875 2197 2218 2269 hujusmodi
2241 2196 2467 2252 luserit.
2495 2218 2522 2246 »
2546 2197 2786 2267 Equius
2805 2197 2914 2252 hoc
2937 2198 2998 2252 in
3017 2199 3412 2270 S.Augustino
3434 2200 3522 2255 fe-

151 2288 377 2344 Universi
437 2290 604 2344 enim
659 2287 909 2343 sollicite
963 2292 1171 2342 curant
1209 2302 1306 2354 ne,
1339 2302 1473 2341 cum
1503 2285 1768 2340 Christus
1873 2287 2148 2355 rendum,
2169 2287 2325 2357 quod
2356 2287 2512 2341 haud
2534 2287 2737 2341 mitius
2759 2293 3003 2342 caeteros
3035 2290 3237 2343 Patres
3268 2294 3519 2344 tractare

150 2377 370 2434 Verbum
401 2378 642 2442 dicitur,
679 2377 794 2432 tale
841 2375 1081 2432 verbum
1112 2381 1312 2431 mente
1342 2375 1766 2447 concipiamus,
1874 2376 2076 2431 soleat.
2114 2375 2224 2431 Sed
2257 2375 2446 2447 qualis
2477 2376 2670 2446 qualis
2719 2377 2971 2447 scriptor
3001 2377 3084 2430 illi
3116 2377 3381 2434 videatur
3403 2381 3518 2434 Au-

151 2467 295 2535 quale
320 2485 387 2523 ex
418 2485 518 2522 ore
543 2468 806 2521 humano
847 2466 1154 2537 provenire
1188 2464 1394 2531 soleat,
1429 2469 1528 2518 aut
1561 2463 1766 2534 quovis
1873 2466 2166 2539 gustinus,
2197 2465 2255 2520 id
2303 2470 2462 2520 certe
2515 2465 2674 2530 fecit,
2710 2466 2866 2536 quod
2917 2473 3053 2520 ante
3096 2484 3231 2522 eum
3262 2469 3521 2539 Ignatius

148 2557 292 2610 modo
311 2563 599 2612 aaternum
623 2572 744 2610 non
766 2554 1140 2610 sit.Clemens
1162 2552 1768 2622 Alexandrinus,Stro-
1875 2555 2217 2627 epistolicus
2242 2572 2254 2608 :
2283 2555 2537 2609 Verbum
2563 2553 2823 2609 divinum
2848 2555 2920 2608 ab
2948 2557 3208 2610 humano
3232 2557 3518 2624 distinxit,

147 2651 253 2700 mat.
274 2663 336 2700 v:
365 2647 421 2702 Ὀ
451 2645 555 2719 γὰρ
588 2647 685 2698 τοῦ
732 2643 936 2718 [ἰατρὸς
982 2646 1090 2696 τῶν
1141 2641 1284 2695 ὅλων
1332 2642 1503 2716 Λόγος
1531 2639 1637 2714 οὐχ
1663 2640 1716 2694 οἰ

1950 2645 2030 2699 .od
2063 2661 2180 2698 non
2206 2643 2452 2714 perinde
2470 2660 2502 2697 a
2525 2643 2759 2698 silentio
2784 2645 3066 2714 incipiat;
3090 2661 3200 2699 nec
3232 2646 3291 2699 in
3322 2663 3391 2700 ea
3410 2663 3519 2700 no-

138 2730 208 2793 τὸς
236 2733 364 2788 ἐστιν
406 2735 433 2789 ὁ
481 2733 846 2811 προφορικὸς,
892 2731 1053 2808 σοφία
1102 2728 1159 2785 δὲ
1188 2730 1277 2785 καὶ
1310 2730 1626 2808 χρηστότης
1654 2751 1707 2807 φτ

1957 2750 2052 2801 ne,
2075 2739 2141 2787 ut
2161 2732 2232 2788 ab
2255 2733 2478 2805 Ignatio
2509 2733 2881 2803 exprimitur,
2906 2733 3228 2804 quidquam
3249 2741 3337 2789 est
3353 2750 3520 2806 argu-

136 2828 371 2893 νερωτάτη
402 2827 498 2877 to}
562 2824 714 2876 Θεοῦ.
783 2821 1090 2884 Eusebius.
1157 2826 1231 2875 De
1271 2821 1455 2875 eccles.
1493 2820 1756 2889 theolog.,
1869 2829 2013 2878 tum.
2049 2821 2389 2893 Respondet
2418 2821 2713 2876 secundo:
2761 2843 2788 2871 «
2821 2823 2885 2875 In
2917 2839 3037 2876 non
3069 2823 3212 2877 dicit
3240 2824 3521 2894 Augusti-

137 2910 214 2965 lib.
247 2931 282 2980 1,
314 2932 362 2969 c.
394 2918 480 2981 20,
517 2917 689 2969 notat
725 2913 1014 2967 Joannem
1076 2910 1294 2965 dixisse
1326 2909 1456 2969 Θεὸς
1489 2907 1556 2975 ἦν
1592 2906 1618 2961 ὀ
1653 2905 1762 2961 Λό-
1867 2912 2168 2984 nus,quod
2194 2915 2413 2966 noster.
2439 2931 2466 2959 »
2491 2911 2697 2964 Mirum
2722 2911 2834 2966 hoc
2855 2911 3127 2982 quidem:
3160 2912 3334 2983 plane
3358 2913 3516 2968 enim

137 3019 226 3072 γος,
256 3020 366 3058 non
413 3009 618 3059 autem
672 3001 841 3068 Θεῖος,
873 3000 947 3060 ὡς
979 2999 1037 3052 ἅν
1086 3000 1160 3071 μή
1193 3018 1276 3059 τις
1307 2997 1468 3052 αὐτὸν
1498 3002 1574 3068 τῷ
1615 3017 1706 3070 παε

1950 3018 2024 3057 2m
2057 3001 2217 3056 dicit.
2263 3002 2509 3054 Noster:
2569 3022 2589 3048 ι
2630 3000 2881 3054 Verbum
2914 3000 3069 3071 quod
3109 3017 3228 3056 non
3260 3002 3519 3073 prodita

137 3087 404 3162 ἀνθρώποις
439 3090 643 3164 ὅμοιον
677 3091 812 3144 εἶναι
847 3089 1057 3165 φήσειε,
1091 3090 1351 3160 alibique
1384 3092 1550 3143 notat
1577 3089 1706 3142 Deul

1946 3090 2104 3146 entio
2135 3105 2149 3154 ;
2175 3113 2196 3141 ι
2235 3088 2338 3143 ille
2365 3105 2378 3142 :
2401 3087 2606 3153 «Quod
2623 3092 2714 3142 est
2731 3089 2841 3143 hoc
2861 3089 3303 3160 Verbum,quod
3326 3090 3515 3145 dictu-

138 3178 198 3246 μὴ
228 3179 379 3255 λόγον
413 3179 674 3248 αἰσθητὸν
730 3172 876 3252 ἔχειν
937 3178 1040 3232 ὑπὸ
1071 3175 1325 3253 γλώττης
1359 3174 1707 3250 ἐξηχοῦμενοτ

1948 3198 1968 3234 3
1987 3184 2161 3234 antea
2183 3195 2303 3233 non
2328 3176 2580 3232 silebat?
2603 3198 2630 3226 »
2664 3176 2828 3242 Quod
2859 3177 2974 3232 dici
3004 3180 3193 3248 potuit
3215 3179 3469 3234 similius
3489 3180 3517 3234 ‘i

135 3267 204 3318 καὶ
232 3265 310 3322 bii
354 3271 638 3346 προφορᾶς
689 3271 909 3336 Οντιτοῖς
942 3266 1072 3321 ὡσῖν
1105 3264 1516 3338 ἓξακουόμενον.
1553 3267 1606 3321 S.
1640 3267 1704 3339 (Γ.)

1975 3268 2184 3324 eodem
2214 3267 2402 3322 Verbo
2434 3240 2716 3337 loquitur,
2748 3271 2804 3320 et
2834 3267 2986 3321 idem
3005 3240 3082 3322 de
3112 3268 3320 3323 eodem
3349 3285 3511 3325 asse-

135 3357 276 3414 rillus
327 3359 900 3431 llierosolymitanus
957 3360 1125 3430 quasi
1155 3359 1364 3430 Ignatii
1423 3357 1750 3428 Paraphra-
1859 3359 2039 3413 rit.At
2058 3356 2482 3429 S.Augustinus
2509 3378 2532 3405 ε‹
2554 3355 2812 3410 Verbum
2839 3357 3033 3411 solum
3065 3361 3124 3411 et
3155 3373 3444 3416 seorsum.
3480 3375 3514 3414 a

138 3451 257 3516 sten,
286 3453 348 3502 ut
407 3449 573 3518 alibi,
629 3454 849 3520 ageret,
912 3448 1135 3503 catech.
1168 3449 1237 3500 4:
1275 3443 1494 3499 Πίστευε
1523 3443 1608 3498 ὅτι
1639 3443 1752 3506 ἑνὸς
1861 3446 2105 3501 notione
2122 3461 2389 3516 personae
2405 3445 3141 3516 prmcisumconsideratp)
3160 3446 3374 3519 ergoid
3390 3463 3510 3502 non

138 3539 242 3588 Θεοῦ
273 3539 567 3613 μονογενὴς
599 3538 675 3597 εἷς
708 3535 846 3590 ἐστιν
888 3536 1034 3602 Υἱὸς,
1093 3536 1198 3610 πρὸ
1229 3534 1445 3588 πάντων
1474 3538 1582 3589 τῶν
1615 3533 1707 3588 aid

1940 3535 2005 3590 :it
2035 3534 2192 3604 quod
2223 3534 2504 3604 lgnatius.
2529 3533 2738 3588 Mirum
2767 3534 2878 3588 hoc
2901 3534 3180 3606 effugium
3213 3539 3273 3590 et
3308 3541 3509 3606 aperte

136 3644 217 3676 νων
268 3627 384 3688 Θεὸς
441 3628 640 3701 Λόγος·
709 3625 882 3700 Λόγος
940 3627 1004 3680 οὗ
1061 3626 1470 3701 προφορητικὸς
1515 3624 1590 3686 εἷς
1621 3623 1705 3698 eis;

1944 3639 2094 3678 sum.
2128 3622 2416 3692 Loquitur
2446 3623 2806 3692 Augustinus
2838 3638 2960 3677 non
2990 3623 3190 3678 minus
3220 3623 3293 3678 de
3325 3624 3513 3680 Verbo

139 3707 477 3789 διαχεόμενος,
510 3713 639 3770 οὔτε
671 3714 860 3789 Λόγοις
894 3714 1281 3776 ἀνυποστάτοις
1304 3713 1708 3786 ἐξομοιούμενος

1945 3711 2252 3767 rsonaliter
2279 3715 2536 3781 sumpto,
2561 3727 2739 3782 quam
2761 3712 3041 3781 Ignatius.
3065 3717 3150 3768 Ita
3177 3714 3336 3768 enim
3367 3714 3514 3768 inci-

141 3803 490 3864 Gravissimus
541 3807 801 3878 scriptor
857 3807 1169 3878 Gregorius
1227 3808 1567 3878 Nyssenus:
1603 3803 1752 3875 Ποίῳ
1862 3804 1986 3875 pit:
2021 3803 2355 3867 «Quaenam
2403 3805 2495 3855 est
2513 3799 2618 3854 illa
2642 3802 2966 3872 generatio,
3001 3818 3117 3872 qua
3148 3805 3205 3856 in
3232 3805 3516 3873 principio

142 3887 264 3964 λόγῳ
289 3894 371 3947 καὶ
399 3895 545 3967 ποίῳ
605 3893 870 3965 πνεύματι
901 3913 914 3963 ;
975 3891 1098 3948 οὔτε
1151 3893 1251 3969 γὰρ
1310 3894 1463 3966 ῥῆμα
1492 3894 1520 3947 ὁ
1549 3893 1711 3967 Λόγος

1949 3897 1982 3945 ιι
2021 3892 2275 3957 Verbum,
2309 3896 2361 3944 et
2410 3890 2632 3944 Verbum
2692 3896 2810 3943 erat
2869 3891 3021 3959 apud
3059 3893 3247 3960 Deum,
3297 3896 3346 3945 et
3385 3895 3518 3948 Deus

142 3977 240 4035 οὔτε
289 3981 459 4057 ἄσθμα
514 3986 578 4039 τὸ
645 3989 882 4056 Πνεῦμα.
915 3986 1290 4053 Novatianus,
1328 3985 1429 4040 lib.
1469 3991 1542 4040 De
1570 3987 1711 4040 Trin:

1947 3986 1982 4034 tt
2010 3980 2283 4035 Verbum?
2304 4002 2329 4027 »ι
2349 3978 2614 4048 loquitur
2635 3978 2706 4033 de
2731 3982 2953 4034 aeterna
2965 3979 3348 4049 generatione
3362 3979 3516 4048 Filii,

143 4076 261 4126 tate:
294 4095 314 4124 α
345 4076 545 4131 Sermo
568 4075 755 4130 Filius
779 4079 952 4130 natus
978 4080 1068 4129 est
1089 4075 1188 4145 qui
1213 4091 1332 4129 non
1355 4076 1415 4130 in
1447 4091 1593 4130 sono
1625 4091 1752 4146 per-
1865 4070 1966 4142 qui
1999 4084 2138 4124 sane
2171 4072 2261 4122 est
2281 4069 2539 4122 Persona
2561 4084 2573 4134 ;
2599 4067 2864 4137 loquitur
2883 4066 2957 4121 de
2985 4066 3191 4134 Verbo,
3225 4067 3383 4137 quod
3403 4073 3522 4122 erat

147 4164 271 4217 cassi
301 4167 587 4235 aeris,aut
610 4171 751 4220 tono
773 4170 988 4220 coactae
1017 4164 1088 4219 de
1119 4165 1437 4220 visceribus
1466 4165 1627 4220 vocis
1659 4181 1756 4220 ac-
1864 4162 1923 4214 in
1969 4156 2277 4229 principio,
2341 4156 2497 4226 quod
2553 4162 2670 4211 erat
2725 4157 2879 4224 apud
2935 4158 3124 4223 Deum,
3188 4156 3347 4226 quod
3404 4162 3523 4212 erat

144 4249 358 4320 cipitur;
388 4255 489 4309 sed
542 4256 605 4310 in
666 4254 994 4309 substantia
1040 4255 1283 4324 prolata)
1315 4271 1350 4310 a
1377 4256 1496 4309 Deo
1527 4254 1758 4309 virtutis
1865 4252 2039 4313 Deus;
2071 4246 2231 4317 quod
2274 4262 2418 4301 sane
2467 4251 2558 4300 est
2602 4248 2894 4301 Persona:
2931 4245 3197 4316 loquitur
3226 4245 3297 4300 de
3331 4245 3522 4302 Verbo

145 4343 461 4410 agnoscitur.
488 4366 515 4393 »
541 4345 596 4399 S.
628 4343 908 4410 Hilarius,
943 4344 1012 4398 De
1047 4345 1224 4412 Trin,
1260 4343 1299 4400 l.
1334 4361 1407 4398 vn
1435 4361 1448 4397 :
1483 4364 1512 4394 α
1543 4343 1757 4415 Unige-
1868 4338 1996 4393 sine
2028 4341 2315 4406 tempore,
2350 4334 2411 4389 id
2463 4339 2554 4388 est
2598 4339 2845 4399 aeterno,
2876 4351 2982 4405 per
3011 4335 3172 4405 quod
3200 4335 3356 4391 facta
3387 4341 3528 4392 sunt

145 4427 273 4483 nitus
304 4432 448 4487 Deus
483 4439 542 4488 et
589 4431 846 4487 Verbum
877 4437 998 4499 est;
1052 4432 1156 4487 sed
1186 4431 1558 4487 innascibilis
1587 4434 1761 4486 Pater
1871 4431 2174 4497 tempora;
2205 4421 2363 4493 quod
2396 4422 2522 4477 sine
2550 4422 2729 4478 dubio
2776 4427 2867 4477 est
2910 4425 3210 4490 Persona;
3261 4423 3527 4494 loquitur

150 4531 418 4590 nunquam
447 4523 696 4577 omnino
728 4521 854 4576 sine
878 4521 1065 4576 Verbo
1100 4527 1204 4576 est.
1228 4523 1356 4576 Non
1385 4521 1542 4592 quod
1571 4521 1760 4592 prola-
1870 4516 2114 4572 omnino
2160 4514 2232 4569 de
2279 4530 2348 4569 eo
2402 4513 2590 4568 Verbo
2645 4513 2802 4584 quod
2853 4514 2910 4570 S.
2969 4513 3226 4570 Joannes
3258 4515 3318 4569 in
3351 4515 3526 4570 initio

149 4604 210 4657 tio
235 4611 378 4664 vocis
420 4618 640 4667 natura
672 4610 748 4665 sit
766 4610 918 4677 Filii,
953 4610 1055 4665 sed
1083 4627 1153 4665 ex
1185 4612 1302 4665 Deo
1335 4612 1486 4665 Deus
1511 4626 1645 4665 cum
1669 4625 1763 4663 ve-
1795 4609 1840 4672 Β
1869 4601 2168 4674 Evangelii
2187 4600 2276 4656 sui
2300 4599 2638 4671 descripsit,
2657 4600 2814 4670 quod
2836 4617 3156 4672 personam
3190 4617 3317 4656 esse
3351 4618 3525 4656 nemo

147 4691 290 4750 ritate
303 4699 618 4756 nativitatis
641 4698 987 4754 subsistens.
1014 4699 1278 4770 )Vigilius
1297 4697 1610 4770 Tapsensis
1627 4713 1764 4752 cum
1871 4691 2198 4748 catholicus
2229 4693 2422 4762 negat.
2463 4691 2532 4744 Et
2574 4690 2935 4758 Augustinus
2981 4690 3160 4761 igitur
3189 4695 3247 4744 et
3277 4691 3530 4763 Fulgen-

154 4781 214 4835 ad
235 4784 336 4841 ista
352 4789 569 4843 Psalmi
595 4808 621 4840 α
651 4788 838 4843 verbo
860 4787 1096 4843 Domini
1117 4787 1248 4843 cmli
1290 4788 1507 4842 ﬁrmati
1540 4791 1697 4852 sunt,
1734 4807 1761 4835 »
1877 4781 1992 4836 tius
2045 4779 2253 4835 eodem
2313 4794 2557 4850 prorsus
2616 4777 2790 4833 modo
2852 4779 3031 4834 locuti
3078 4784 3236 4845 sunt,
3269 4796 3386 4849 quo
3419 4796 3528 4834 nos

152 4875 466 4933 asseruisset
495 4877 754 4934 Verbum
786 4893 854 4931 eo
888 4877 1017 4931 loco
1041 4893 1167 4931 esse
1190 4877 1404 4930 Filium
1427 4876 1768 4940 Patris,sta-
1874 4869 2168 4943 lgnatium
2199 4869 2462 4923 locutum
2493 4883 2622 4922 esse
2652 4867 3087 4923 contendimus.

157 4957 243 5013 tim
271 4964 521 5021 addidit:
557 4989 584 5017 ‹‹
622 4967 726 5022 Ubi
749 4965 868 5021 ait:
904 4965 1090 5021 Verbo
1124 4965 1378 5034 Domini,
1401 4981 1524 5019 non
1551 4979 1766 5019 sonum
1949 4960 2027 5014 De
2057 4956 2269 5029 frigido
2302 4961 2362 5010 et
2391 4961 2594 5028 arguto
2627 4955 2924 5022 diximus;
2956 4953 3029 5009 de
3061 4955 3226 5010 inani
3259 4971 3416 5011 nunc
3447 4956 3529 5011 di-

161 5050 292 5105 vocis
317 5055 924 5111 inconsubstantivum
956 5071 1084 5110 esse
1106 5055 1381 5125 accipias,
1413 5070 1587 5124 quam
1610 5053 1658 5107 si
1680 5068 1770 5106 va-
1878 5047 2153 5104 cendum.
2176 5066 2203 5095 «
2231 5045 2707 5115 Supervacaneus
2738 5044 2921 5111 enim,
2945 5043 3162 5114 inquit,
3187 5047 3278 5098 est
3296 5058 3528 5110 sensus,

157 5135 286 5194 lidus
316 5145 441 5212 quis
462 5147 661 5202 emisit
682 5146 752 5201 de
776 5144 1099 5213 montibus,
1123 5143 1276 5200 solet
1297 5145 1539 5198 reboare
1563 5142 1766 5198 echo.»
1880 5154 2053 5209 quem
2093 5134 2364 5191 Petavius
2410 5133 2502 5188 his
2546 5133 2736 5188 verbis
2772 5133 3018 5206 affingit.
3068 5133 3338 5189 Hominis
3369 5135 3531 5190 enim

217 5228 316 5285 Hoc
347 5233 665 5290 discrimen
698 5237 852 5290 inter
885 5235 1139 5290 Verbum
1173 5233 1434 5289 divinum
1469 5238 1526 5287 et
1554 5233 1770 5288 huma-
1879 5226 2122 5283 verbum
2145 5239 2272 5279 esse
2297 5237 2364 5276 eo
2387 5222 2529 5277 satis
2549 5222 2975 5294 negarat,quod
3004 5223 3102 5278 Dei
3129 5223 3380 5280 Verbum
3403 5239 3532 5278 esse

160 5328 276 5371 num
305 5329 643 5391 prosecutus
693 5329 784 5378 est
838 5324 892 5378 S.
950 5323 1338 5396 Augustinus,
1370 5323 1542 5394 cujus
1574 5322 1770 5378 locum
1881 5314 2243 5373 dixerat.»At
2265 5326 2397 5366 cum
2415 5309 2517 5364 Dei
2539 5309 2793 5365 Verbum
2817 5325 2946 5365 esse
2971 5310 3220 5380 dixerat,
3243 5327 3364 5366 non
3386 5310 3534 5366 illud

161 5417 217 5456 ex
244 5423 496 5466 sermone
529 5414 605 5467 De
635 5414 930 5466 nativitate
964 5412 1180 5466 Domini
1221 5411 1467 5467 adduxit
1497 5410 1773 5466 Petavius
1884 5406 2025 5463 satis
2049 5405 2313 5475 negarat,
2332 5398 2490 5470 quod
2510 5403 2716 5470 postea
2734 5415 2870 5453 eum
2895 5414 3110 5471 negare
3133 5401 3346 5456 asserit
3366 5403 3534 5456 Peta-

159 5492 218 5545 ad
266 5495 405 5553 hanc
462 5517 586 5554 rem
651 5500 904 5555 maxime
963 5501 1495 5567 accommodatum,
1542 5505 1600 5554 et
1638 5515 1772 5554 cum
1883 5495 2032 5560 vius,
2060 5486 2378 5562 ejusmodi,
2412 5485 2658 5552 scilicet,
2693 5499 3030 5540 sermonem
3062 5486 3210 5542 illud
3245 5489 3346 5541 Dei
3379 5504 3532 5554 esse,

161 5582 517 5651 explicatione
558 5589 676 5645 loci
707 5589 993 5661 Ignatiani
1036 5606 1277 5661 prorsus
1309 5589 1769 5661 conspirantem.
1885 5608 1913 5635 υ
1943 5582 2137 5655 qualis
2168 5585 2260 5636 est
2287 5583 2520 5635 creatus
2579 5583 2638 5633 et
2692 5577 2988 5633 humanus
3048 5593 3262 5632 sermo.
3299 5599 3326 5626 ››
3362 5577 3538 5634 Aliud

219 5669 259 5705 “
284 5673 436 5732 Joan.
468 5694 508 5746 1,
540 5683 590 5733 1.
