3974 6296
427 243 543 307 303

1495 240 1556 302 S.
1603 240 1999 302 IGNATIUS.
2047 276 2124 287 —
2166 246 2796 312 PROLEGOMENA.

3720 258 3834 317 304

427 383 588 438 enim
619 385 708 435 est
738 381 993 435 Verbum
1046 379 1148 434 Dei
1179 393 1328 443 esse,
1362 381 1421 432 et
1447 391 1566 430 non
1598 375 1878 443 hominis,
1908 375 2028 430 aliu

2187 374 2422 451 εϐλήθη,
2481 377 2784 456 προϐαλεῖν
2844 385 2933 438 καὶ
2989 383 3146 440 αὐτὸν
3202 387 3378 462 Λόγον
3437 386 3527 440 καὶ
3568 390 3746 458 Ζωήν,
3779 399 3840 448 et

425 472 669 527 verbum
695 470 839 525 illud
864 469 966 523 Dei
989 470 1250 522 humano
1277 465 1470 520 simile
1493 465 1736 519 omnino
1757 465 2075 535 esse,quod

427 562 497 618 de
532 560 719 617 Verbo
755 561 852 615 Dei
883 559 1127 631 plurimi
1179 556 1442 612 hmretici
1502 555 1868 610 asserebant.
1921 556 2078 610 Dixit

425 653 686 724 Ignatius
717 650 819 704 Dei
851 648 1091 703 verbum
1125 663 1249 702 esse
1282 652 1590 708 aeternum,
1617 644 1775 715 quod
1799 650 1863 699 ut
1893 645 2076 716 expli-

427 747 606 810 caret,
639 745 698 796 et
727 746 931 795 contra
962 739 1272 793 haereticos
1316 737 1417 808 qui
1476 737 1867 790 mternitatem
1901 736 2074 790 Veibi

426 832 526 886 Dei
558 830 959 902 pernegabant
983 827 1349 890 defenderet,
1380 826 1612 880 monuit
1640 824 1893 879 Verbum
1925 825 2076 880 illud

425 922 526 976 Dei
547 937 706 974 «non
725 935 795 974 ex
814 918 1050 974 silentio
1066 922 1260 971 ortum
1277 938 1304 964 ››
1320 921 1541 983 esse,ut
1555 915 2072 970 solenthominum

423 1011 618 1079 verba,
650 1011 756 1064 hoc
781 1015 890 1078 est,
924 1024 1045 1062 non
1077 1024 1204 1061 esse
1236 1006 1413 1062 verbo
1447 1005 1705 1059 hominis
1728 1004 1948 1072 simile,
1973 1021 2072 1058 ne-

422 1117 535 1171 que
569 1117 638 1154 ex
684 1100 859 1154 verbo
913 1099 1173 1153 humano
1223 1096 1294 1151 de
1346 1096 1475 1167 ejus
1525 1095 1873 1150 exsistentia
1911 1099 2069 1150 recte

411 1190 669 1262 judicari
729 1205 920 1261 posse.
956 1187 1109 1242 Nihil
1161 1187 1338 1259 igitur
1367 1187 1458 1241 his
1490 1185 1680 1240 verbis
1713 1185 1878 1254 dixit,
1913 1185 2070 1256 quod

420 1284 555 1334 ante
591 1279 838 1334 dixerat.
874 1300 902 1326 «
928 1279 1000 1331 At
1047 1276 1187 1330 satis
1218 1275 1529 1347 perspicue
1561 1274 1620 1329 id
1651 1279 1788 1330 ante
1819 1274 2070 1344 dixerat,

421 1386 556 1425 cum
580 1368 824 1423 verbum
847 1365 946 1421 Dei
979 1371 1268 1420 internum
1300 1365 1560 1419 dixisset.
1588 1386 1614 1414 »
1649 1364 1818 1418 Certe
1852 1365 1901 1418 si
1935 1365 2068 1434 quis

421 1461 512 1516 his
545 1459 773 1531 legibus
796 1464 1058 1514 veterum
1084 1458 1303 1528 scripta
1331 1457 1671 1511 examinare
1703 1455 2065 1525 velit,Battos

419 1566 625 1605 omnes
654 1548 849 1604 faciet.
882 1549 1085 1603 Nonne
1112 1563 1318 1602 omnes
1350 1546 1672 1618 aliquando
1711 1546 1936 1617 seipsos
1969 1562 2068 1600 ex-

417 1639 661 1711 plicant,
692 1643 751 1692 et
780 1637 936 1692 idem
987 1654 1142 1708 saepe
1201 1636 1334 1691 aliis
1365 1635 1557 1690 verbis
1589 1634 1836 1690 dicunt?
1866 1651 2065 1690 nonne

2180 488 2318 527 mox
2346 491 2358 526 :
2395 473 2490 529 Ἐκ
2521 470 2587 542 δὴ
2620 478 2716 528 τοῦ
2749 475 2929 551 Λόγου
2960 474 3053 529 καὶ
3085 483 3186 544 τῆς
3209 480 3363 541 Ζωῆς
3388 473 3836 550 προσϐεϐλῆσθαι

2180 559 2318 613 κατὰ
2373 560 2626 636 συζυγίαν
2684 565 3004 638 ’Ἄνθρωπον
3055 563 3144 617 καὶ
3198 565 3541 635 Ἐκκλησίαν.
3588 571 3667 624 Ea
3698 587 3833 626 voce

2181 666 2418 721 semper
2440 651 2510 706 de
2537 653 2818 708 Aionibus
2841 654 3043 708 utitur.
3071 655 3354 710 Eamdem
3378 661 3436 709 et
3458 657 3735 730 Origenes
3758 660 3830 714 de

2180 739 2610 797 Valentinianis
2639 759 2821 815 agens
2851 749 3099 814 usurpat
3150 750 3294 800 tom.
3329 761 3390 800 ιιι
3437 748 3494 800 in
3523 750 3824 804 Joannem:

2180 827 2321 901 Πρὸς
2374 826 2431 884 δὶ
2483 830 2610 892 τοὺς
2666 832 2767 900 τὴν
2835 831 2957 904 περὶ
3017 831 3229 886 αἶ’ώνων
3304 831 3711 897 ἀναπλάσαντας
3770 836 3822 890 ἐν

2179 916 2459 991 συζυγίαις
2521 918 2854 996 μυθολογίαν
2913 921 3003 973 καὶ
3063 917 3349 993 οἷομένους
3407 923 3509 977 ὑπὸ
3563 929 3676 978 Noti
3733 927 3825 980 καὶ

2178 1002 2464 1075 Ἀληθείας
2496 1001 2908 1081 προϐεϐλῆσθαι
2941 1007 3112 1081 Λόγον
3143 1009 3234 1062 καὶ
3274 1011 3447 1079 Ζωὴν,
3499 1013 3600 1066 οὐκ
3631 1013 3822 1068 ἀπίθα-

2173 1114 2264 1148 νον
2319 1095 2406 1149 καὶ
2459 1101 2625 1151 ταῦτα
2683 1099 2977 1171 ἀπορῆσαι.
3044 1101 3234 1170 Atque
3294 1102 3418 1158 haec
3458 1110 3547 1158 est
3575 1107 3825 1160 Aionum

2173 1187 2516 1260 genealogia
2544 1188 2680 1242 κατὰ
2706 1188 2805 1254 τὴν
2831 1182 3136 1259 προϐολήν,
3160 1196 3226 1244 ut
3246 1189 3511 1262 loquitur
3539 1195 3821 1249 Irenacus.

2175 1275 2376 1346 Neque
2408 1277 2580 1331 aliter
2625 1277 3073 1332 Valentinianus
3131 1278 3254 1347 ille,
3309 1279 3478 1350 cujus
3527 1282 3828 1354 ipsissima

2173 1364 2353 1419 verba
2382 1366 2725 1422 transcribit
2754 1367 3038 1435 Irenaaus,
3072 1367 3334 1438 loquitur
3376 1369 3629 1439 Ἰωάννης
3662 1371 3688 1424 ὁ
3725 1393 3830 1444 μα-

2173 1455 2343 1524 θητὴς
2375 1461 2472 1510 τοῦ
2527 1455 2731 1529 Κυρίου
2796 1453 3132 1530 βουλόμενος
3191 1456 3359 1511 εἰπεῖν
3393 1459 3492 1526 τὴν
3527 1463 3634 1514 τῶν
3676 1460 3823 1516 ὅλων

2173 1545 2377 1620 γένεσιν
2433 1545 2552 1600 καθ’
2623 1544 2688 1613 ἣν
2735 1545 2802 1599 τὰ
2882 1543 3054 1599 πάντα
3109 1542 3448 1619 προέϐαλλεν
3510 1550 3537 1604 ὁ
3607 1552 3824 1626 Πατὴρ,

2171 1633 2354 1710 ἀρχήν
2402 1654 2521 1688 τινα
2581 1634 2889 1698 ὑποτίθεται
2947 1635 3008 1688 τὸ
3066 1640 3281 1710 πρῶτον
3313 1639 3554 1710 γεννηθὲν
3591 1639 3692 1694 ὑπὸ
3723 1645 3823 1694 τοῦ

415 1727 871 1800 objectionibus,
905 1743 1036 1797 qum
1068 1726 1208 1780 oriri
1241 1729 1491 1796 possunt
1520 1730 1621 1780 aut
1661 1724 1872 1792 solent,
1907 1742 2026 1796 saep

2181 1727 2325 1796 Θεοῦ,
2358 1721 2409 1778 ἐν
2448 1725 2696 1796 ᾦπάντκ
2753 1724 2780 1777 ὁ
2837 1724 3024 1799 Πατὴρ
3082 1720 3354 1799 προέϐαλε
3413 1734 3818 1802 σπερματικῶς·

413 1822 754 1885 occurrunt,
789 1821 866 1884 et,
897 1821 963 1871 ut
992 1816 1102 1870 hoc
1133 1815 1372 1881 faciant,
1405 1814 1674 1870 eamdem
1706 1815 2062 1870 sententiam

411 1907 603 1963 verbis
633 1907 766 1962 aliis
798 1905 1146 1978 proferunt?
1177 1904 1423 1959 Plurimi
1453 1904 1515 1958 in
1548 1905 1752 1959 Vetere
1799 1908 1858 1959 et
1905 1905 2059 1960 Novo

410 1999 785 2053 Testamento
818 1993 1145 2066 pleonasmi
1195 2010 1300 2065 per
1349 2009 1678 2064 synonyma
1707 1994 1977 2065 opposita
2003 1999 2062 2048 et

411 2087 688 2159 negantia
718 2101 752 2139 a
783 2085 920 2139 viris
948 2083 1193 2138 eruditis
1215 2082 1505 2137 observati
1529 2087 1704 2137 sunt:
1734 2083 1834 2153 qui
1860 2087 2056 2138 tamen

409 2192 530 2230 non
552 2174 748 2247 frigidi
771 2176 872 2229 aut
893 2171 1311 2244 supervacanei
1333 2175 1651 2242 putantur;
1681 2171 1784 2226 sed
1815 2172 2055 2242 empha-

407 2265 529 2320 tici.

481 2352 593 2407 Sed
626 2351 864 2406 tandem
897 2351 1076 2421 «ipsa
1103 2349 1369 2420 epistola)
1401 2348 1654 2404 elocutio
1686 2347 1760 2404 ad
1791 2349 2050 2404 Petavia-

405 2458 550 2498 num
583 2456 827 2496 sensum
849 2440 1049 2510 inepta
1066 2445 1241 2510 atque
1263 2437 1484 2494 absona
1507 2443 1596 2493 est
1616 2443 1672 2493 et
1695 2437 1994 2493 inusitata.
2020 2461 2048 2488 »

404 2531 548 2586 Mira
595 2531 721 2585 haec
751 2529 1003 2600 objectio
1027 2547 1060 2584 a
1090 2528 1329 2596 Dallaao,
1363 2528 1464 2599 qui
1496 2544 1701 2582 omnes
1733 2528 1911 2599 hujus
1942 2545 2050 2583 au-

401 2621 580 2675 ctoris
610 2619 891 2690 epistolas
924 2619 1070 2674 tales
1103 2618 1486 2684 elocutiones,
1520 2618 1770 2688 ineptas,
1792 2617 2047 2674 absonas

401 2714 460 2764 et
479 2709 792 2765 inusitatas
813 2707 1117 2763 continere
1139 2707 1278 2762 alibi
1308 2708 1409 2761 ait.
1431 2729 1458 2756 «
1485 2709 1557 2762 At
1574 2707 1622 2760 si
1649 2712 1920 2762 nostrum
1947 2709 2048 2762 Va-

396 2799 724 2855 lentianam
774 2799 944 2870 Sigen
991 2797 1354 2870 significasse
1393 2795 1726 2863 admiseris,
1759 2801 1880 2851 tota
1909 2813 2043 2851 ora-

398 2889 478 2943 tio
538 2893 595 2943 et
638 2889 973 2959 perspicua,
1008 2892 1066 2941 et
1103 2886 1312 2957 gravis,
1348 2891 1405 2940 et
1434 2885 1855 2953 necessaria,et
1884 2885 2044 2941 clara

393 2978 573 3032 etiam
606 2981 664 3031 et
693 2976 958 3047 legitima
987 2976 1135 3041 erit;
1172 2997 1198 3024 ››
1246 2975 1357 3030 hoc
1408 2980 1516 3042 est,
1548 2973 1762 3028 Dallaao
1796 2975 2037 3045 fatente,

391 3067 711 3139 lgnatianis
743 3065 1161 3122 dissimillima.
1190 3065 1261 3118 Ut
1280 3064 1459 3134 igitur
1479 3068 1684 3118 auctor
1716 3063 1804 3117 sui
1828 3063 2036 3118 similis

2175 1815 2275 1870 ὑπὸ
2309 1812 2368 1869 δὲ
2397 1815 2590 1870 τούτου
2619 1815 2752 1894 φησὶ
2781 1815 2870 1869 τὸν
2903 1817 3072 1891 Λόγον
3123 1811 3559 1892 προϐεϐλῆσθαι.
3603 1821 3822 1877 Valen-

2167 1906 2429 1961 tinianus
2460 1905 2700 1976 quidem
2735 1905 2904 1973 alter,
2929 1905 3099 1978 cujus
3120 1907 3297 1962 verba
3318 1910 3527 1964 recitat
3558 1911 3821 1982 Epipha-

2167 1995 2322 2061 nius,
2356 2012 2461 2066 pro
2508 1988 2877 2070 προϐαλέσθαι
2933 2011 3168 2066 semper
3223 2003 3471 2069 usurpat
3525 1995 3819 2069 ἀναδεῖξαι,

2163 2078 2448 2153 προελθεῖν
2481 2098 2809 2153 nunquam.
2859 2084 3016 2139 Licet
3065 2085 3243 2156 igitur
3270 2087 3530 2142 Irenzeus
3563 2089 3705 2160 ipse,
3743 2089 3820 2144 de

2160 2169 2550 2241 productione
2570 2188 2769 2226 rerum
2799 2173 3198 2229 materialium
3221 2191 3423 2248 agens,
3448 2194 3587 2232 voce
3610 2176 3821 2250 προελ-

2161 2259 2270 2312 θεῖν
2304 2265 2522 2326 utatur,
2549 2266 2605 2316 et
2626 2263 2801 2317 Marci
2831 2264 3191 2320 sententiam
3223 2267 3488 2322 referens
3520 2269 3817 2325 tetradem

2157 2366 2227 2403 ex
2251 2349 2499 2418 tetrade,
2523 2350 2805 2406 decadem
2829 2369 2900 2406 ex
2922 2352 3206 2424 ogdoade,
3230 2361 3288 2409 et
3309 2357 3518 2411 z'Eones
3541 2374 3611 2412 ex
3638 2364 3814 2414 tetra-

2157 2437 2244 2500 de,
2284 2444 2341 2493 et
2393 2438 2692 2494 Ptolemaei
2732 2440 3166 2512 discrepantem
3222 2445 3564 2514 opinionem
3598 2446 3817 2518 depin-

2153 2529 2453 2600 gens,Nun
2476 2534 2535 2582 et
2554 2528 2848 2584 Alethiam
2871 2536 3151 2600 tanquam
3177 2533 3464 2604 imagines
3485 2536 3810 2592 affectuum

2150 2617 2344 2672 Patris
2359 2617 2719 2672 Thelematis
2733 2621 3036 2675 etEnnmaa
3058 2621 3140 2676 ita
3161 2623 3452 2692 prodiisse
3475 2624 3716 2691 dicat,et
3735 2644 3809 2681 ea

2149 2723 2257 2762 vox
2277 2706 2455 2760 etiam
2487 2707 2548 2760 in
2580 2706 2899 2762 Clementis
2932 2707 3306 2765 Alexandrini
3351 2713 3650 2767 Anatolicis
3705 2731 3811 2769 re—

2149 2795 2415 2866 periatur
2439 2811 2452 2861 ;
2487 2801 2686 2850 tamen
2708 2813 2840 2851 cum
2866 2797 3262 2854 Valentiniani
3287 2800 3399 2871 ipsi
3422 2801 3594 2855 aliter
3617 2802 3802 2858 locuti

2147 2885 2286 2950 sint,
2319 2901 2456 2939 cum
2486 2885 2746 2940 Irenaaus
2777 2891 3047 2940 accurate
3075 2888 3338 2943 referens
3367 2889 3811 2947 Valentiniano-

2147 2989 2278 3027 rum
2332 2989 2585 3037 errores,
2645 2973 2785 3028 dum
2835 2974 3204 3046 singulorum
3251 2979 3496 3032 lEonum
3547 2995 3805 3050 genera-

2146 3063 2340 3117 tiones
2399 3067 2728 3130 enumerat,
2787 3055 3202 3135 προϐεϐλῆσθαι
3283 3072 3398 3122 tam
3454 3077 3809 3127 constanter

390 3126 486 3224 sit,
509 3163 575 3211 ut
601 3157 724 3210 hzec
745 3155 932 3210 oratio
955 3153 1200 3223 reliquis
1223 3126 1525 3225 congruat,
1547 3157 1612 3206 ut
1633 3152 1756 3206 huic
1780 3152 2032 3208 elocutio
2065 3126 2107 3192 θ
2146 3159 2412 3225 usurpet,
2437 3170 2573 3208 cum
2599 3155 2695 3209 SS.
2715 3126 2923 3208 Patres
2949 3160 3066 3208 tam
3096 3173 3251 3228 saepe
3273 3152 3553 3230 προϐολὰς
3581 3126 3806 3217 Valen-

387 3245 616 3300 caateris
665 3261 786 3299 non
835 3248 1142 3314 repugnet,
1185 3259 1313 3297 eam
1371 3241 1442 3296 de
1499 3241 1794 3296 Valentini
1825 3243 2032 3297 lizeresi

386 3349 682 3404 exponere
706 3349 824 3387 non
854 3348 1189 3403 possumus.
1222 3331 1374 3386 Illud
1406 3331 1599 3402 potius
1630 3330 1910 3386 Dallaaum
1943 3333 2033 3387 di-

383 3438 515 3476 cere
539 3421 821 3492 oportuit,
846 3421 1142 3492 Expositio
1174 3419 1390 3474 Petavii
1423 3419 1614 3474 reddit
1644 3421 1844 3475 omnia
1875 3421 2032 3476 clara

379 3516 439 3564 et
467 3511 800 3581 perspicua,
827 3510 1098 3566 Salmasii
1121 3510 1320 3564 omnia
1345 3508 1577 3564 turbata
1599 3515 1774 3579 atque
1806 3511 2029 3568 absona

377 3604 434 3654 et
465 3599 652 3672 magis
683 3600 754 3654 ad
785 3600 1042 3655 auctoris
1074 3600 1251 3671 hujus
1285 3615 1510 3654 morem
1541 3600 1898 3671 geniumque
1929 3618 2023 3656 ac-

374 3690 789 3745 commodata:
833 3695 891 3744 et
919 3689 1010 3744 vel
1041 3689 1114 3745 ob
1164 3706 1294 3744 eam
1325 3689 1617 3744 rationem
1659 3689 2026 3746 Salmasiana

383 3779 668 3850 expositio
701 3779 1025 3835 Petavianaa
1074 3779 1441 3850 praeferenda
1488 3783 1597 3833 est.
1632 3780 1747 3833 Nec
1778 3779 1901 3833 haec
1928 3781 2022 3836 lu-

377 3868 525 3924 dens
556 3869 706 3937 dico,
742 3869 844 3924 sed
872 3869 1026 3924 serio
1050 3874 1106 3923 et
1127 3885 1196 3923 ex
1218 3869 1451 3934 animo;
1485 3884 1604 3922 non
1634 3866 1836 3922 dubito
1861 3869 2020 3924 enim

376 3960 519 4029 quin
549 3976 688 4014 mox
721 3965 1063 4014 ostensurus
1094 3959 1203 4013 sim
1232 3958 1662 4030 expositionem
1695 3956 2018 4029 illam,qure

370 4051 846 4106 Valentinianam
879 4049 1051 4121 Sigen
1090 4049 1203 4104 huc
1252 4049 1517 4115 advocat,
1551 4064 1678 4102 esse
1709 4048 1883 4119 plane
1914 4049 2016 4104 ab-

367 4158 610 4205 sonam;
661 4145 721 4194 et
759 4140 1088 4194 orationem
1146 4156 1299 4204 eam,
1361 4132 1532 4210 λόγος
1591 4135 1691 4190 οὐκ
1720 4135 1826 4190 ἀπὸ
1858 4145 2014 4210 σιγῆς

364 4227 667 4301 προελθὼν,
693 4246 761 4284 eo
794 4245 970 4283 sensu
1002 4234 1326 4300 acceptam,
1351 4244 1460 4282 nec
1495 4243 1624 4282 esse
1655 4227 2013 4296 claram,nec

364 4319 828 4391 legitimam,nec
851 4318 1160 4382 Gnosticis,
1177 4334 1286 4372 nec
1310 4316 1530 4371 nostris
1561 4315 1934 4373 familiarem.

431 4426 555 4480 Jam
586 4441 720 4479 vero
752 4430 817 4480 ut
847 4442 916 4480 ex
971 4425 1111 4496 ipsis
1169 4423 1360 4478 verbis
1403 4439 1644 4477 sensum
1677 4439 1854 4492 quem
1887 4423 2010 4478 vult

2141 3243 2386 3298 tinianis
2411 3242 2698 3314 objiciant
2721 3259 2733 3308 ;
2760 3243 2807 3296 si
2830 3249 3037 3298 auctor
3058 3245 3321 3315 epistola;
3348 3249 3799 3307 Valentinianos

2137 3331 2360 3386 directe
2392 3331 2568 3386 ferire
2601 3337 2659 3386 et
2691 3348 2895 3386 eorum
2926 3349 3091 3387 more
3141 3333 3303 3404 loqui
3336 3337 3634 3407 voluisset,
3668 3357 3795 3396 non

2137 3419 2241 3472 ἀπὸ
2301 3425 2455 3494 σιγῆς
2511 3417 2813 3493 προελθών,
2874 3422 2978 3476 sed
3036 3423 3231 3494 potius
3283 3421 3342 3477 ἐκ
3392 3433 3546 3501 σιγῆς
3579 3423 3790 3501 προϐε-

2135 3503 2242 3578 ϐλη
2255 3510 2408 3580 μένος
2436 3509 2698 3565 dixisset.

2203 3618 2368 3682 Quod
2425 3622 2625 3673 autem
2683 3625 2918 3674 nostros
2977 3620 3051 3674 ad
3108 3624 3542 3680 emanationem
3583 3627 3786 3684 Filiia

2130 3708 2303 3761 Patre
2335 3705 2786 3778 signiﬁcandam
2815 3723 2954 3762 usos
3006 3725 3132 3764 esse
3183 3727 3322 3766 voce
3355 3709 3639 3786 προελθεῖν
3673 3717 3786 3771 ob-

2132 3801 2345 3865 servet,
2378 3795 2452 3851 ad
2486 3812 2610 3850 rem
2648 3797 2892 3851 omnino
2939 3814 3058 3852 non
3108 3799 3284 3867 facit;
3344 3801 3461 3857 imo
3520 3806 3677 3874 quod
3712 3824 3789 3862 ex

2131 3885 2359 3956 lgnatio
2397 3889 2600 3939 nostro
2659 3884 2918 3953 adducit,
2978 3887 3166 3943 multo
3197 3890 3416 3962 minus,
3449 3909 3586 3947 cum
3625 3894 3790 3951 dicat

2129 3974 2431 4028 Christum
2461 3975 2658 4029 Iesum
2692 3971 2780 4048 ἀφ’
2813 3973 2926 4034 ἑνὸς
2953 3976 3160 4050 Πατρὸς
3193 3976 3499 4052 προελθεῖν.
3533 4006 3552 4029 ι
3589 3985 3787 4040 Unum

2127 4062 2427 4132 idemque.
2460 4063 2677 4133 inquit,
2734 4069 2983 4134 utroque
3041 4066 3170 4120 loco
3204 4068 3448 4124 verbum
3479 4077 3589 4140 est,
3623 4075 3787 4142 quod

2123 4152 2420 4222 interpres
2451 4153 2803 4207 Usserianus
2836 4155 3271 4211 vetustissimus
3302 4159 3362 4212 in
3389 4161 3569 4230 priori
3602 4165 3783 4230 exire,

2119 4241 2181 4294 in
2212 4240 2526 4311 posteriori
2579 4241 2851 4310 progredi
2907 4243 3184 4300 reddidit.
3223 4267 3244 4294 ι
3291 4249 3585 4303 Hactenus
3617 4267 3777 4308 vere.

2117 4330 2266 4401 Ergo
2323 4335 2524 4385 noster
2581 4331 2792 4386 Filium
2851 4332 3009 4386 exire
3069 4336 3521 4393 tamasilentio
3572 4347 3774 4412 negat,

2115 4436 2292 4490 quam
2324 4435 2359 4474 θ.
2387 4421 2558 4474 Patre
2606 4419 2706 4474 ait.
2736 4422 3038 4489 Quaenam,
3072 4425 3308 4492 amabo,
3349 4426 3475 4482 haec
3507 4434 3597 4482 est
3627 4446 3776 4484 con-

361 4514 682 4584 exsculpat,
741 4516 1012 4569 observat
1068 4529 1201 4568 cum
1260 4512 1568 4566 Gnosticos
1628 4511 1700 4566 ad
1762 4529 2004 4568 suorum
2037 4497 2084 4562 D
2117 4508 2473 4580 sequentia?
2503 4510 2591 4563 An
2624 4509 2725 4579 qui
2755 4509 3133 4568 dicitFilium
3165 4531 3198 4568 a
3227 4516 3398 4569 Patre
3430 4517 3614 4583 exire,
3650 4537 3774 4575 non

359 4606 607 4659 Adonum
629 4605 999 4669 emissiones,
1023 4608 1148 4656 tum
1171 4608 1404 4655 nostros
1426 4601 1499 4655 ad
1524 4601 1654 4656 Filii
1677 4608 1734 4655 et
1756 4602 2008 4672 Spiritus

359 4694 544 4748 sancti
567 4695 970 4748 emanationes
989 4690 1408 4763 significandas
1429 4691 1508 4743 uti
1532 4706 1671 4745 voce
1691 4687 2001 4762 προελθεῖν.

354 4784 640 4838 Fortasse.
671 4783 782 4837 Sed
816 4783 955 4836 hinc
976 4780 1141 4834 nullo
1176 4779 1349 4833 modo
1381 4781 1672 4849 sequitur,
1700 4785 1802 4833 aut
1831 4780 2004 4836 aliter

351 4889 482 4928 eam
515 4890 713 4927 vocem
772 4870 1044 4940 usurpari
1078 4885 1195 4922 non
1253 4885 1446 4938 posse,
1497 4874 1600 4923 aut
1639 4869 1749 4923 hoc
1780 4869 1908 4923 loco
1941 4870 1999 4924 in

349 4978 482 5016 eum
518 4961 758 5016 modum
806 4958 988 5029 accipi
1049 4957 1279 5010 debere.
1331 4959 1441 5011 Vox
1475 4973 1591 5028 qua
1619 4958 1874 5012 maxime
1905 4959 1996 5012 usi

347 5057 487 5105 sunt
517 5050 578 5105 in
610 5050 720 5104 hac
751 5066 813 5102 re
848 5046 1244 5101 Valentiniani
1269 5046 1386 5100 alia
1406 5047 1581 5117 plane
1613 5052 1758 5113 erat,
1780 5064 1994 5118 nempe

341 5132 773 5212 προϐάλλεσθαι,
800 5135 953 5189 unde
984 5135 1158 5190 toties
1189 5151 1222 5189 a
1252 5136 1344 5188 SS.
1380 5136 1649 5190 Patribus
1680 5137 1990 5207 exagitan-

342 5233 456 5282 tur.
482 5227 565 5282 lta
584 5229 841 5282 lrenaaus
865 5224 1220 5278 sententiam
1247 5225 1792 5279 Valentinianorum
1824 5241 1992 5279 accu-

337 5322 462 5372 rate
495 5317 760 5370 referens
792 5313 894 5367 lib.
930 5330 968 5378 l,
995 5329 1122 5383 cap.
1160 5318 1209 5382 l,
1246 5313 1428 5368 tradit
1458 5308 1864 5386 προϐάλλεσθαι
1893 5312 1987 5366 τὸν

338 5403 510 5465 Βυθὸν
542 5402 722 5476 ἀρχὴν
751 5405 856 5455 τῶν
895 5400 1132 5469 πάντων,
1188 5405 1338 5465 Nun,
1375 5403 1640 5468 scilicet;
1675 5395 1986 5472 συμπροὸε-

337 5487 570 5559 ϐλῆσθαι
607 5487 662 5544 δὲ
694 5489 840 5562 αὐτῷ
872 5489 1185 5560 Ἀλήθειᾱν.
1247 5494 1314 5544 Et
1367 5507 1608 5546 rursus:
1648 5489 1983 5561 Αἷσοὸμενον

335 5575 392 5632 δὲ
419 5579 510 5632 τὸν
565 5587 828 5656 μονογενῆ
888 5581 1103 5649 τοῦτον,
1161 5596 1375 5651 nempe
1436 5582 1586 5648 Nun,
1621 5576 1702 5652 ἐφ’
1733 5579 1816 5638 οἷς
1848 5598 1982 5652 προ-

2114 4606 2312 4654 autem
2347 4597 2490 4653 dicit
2518 4599 2813 4670 progredi,
2873 4606 2931 4654 et
2990 4602 3242 4658 Verbum
3275 4621 3392 4660 non
3447 4623 3478 4660 a
3530 4608 3772 4666 silentio

2110 4687 2405 4760 progredi,
2427 4704 2546 4742 non
2570 4695 2768 4743 autem
2800 4706 2920 4744 non
2943 4691 3128 4750 exire.
3153 4691 3202 4746 is
3225 4693 3436 4748 Filium
3459 4696 3620 4750 exire
3647 4704 3772 4753 tam

2112 4793 2145 4830 a
2175 4776 2408 4831 silentio
2440 4782 2617 4847 negat
2674 4793 2851 4847 quam
2882 4795 2916 4833 a
2946 4780 3116 4834 Patre
3175 4783 3303 4834 ait?
3355 4783 3522 4837 Nullo
3559 4787 3766 4842 modo.

2110 4869 2537 4938 Argumentum
2597 4865 2795 4935 itaque
2855 4867 2926 4920 ab
2985 4868 3478 4940 interpretatione
3524 4871 3768 4930 ductum

2105 4971 2346 5026 prorsus
2377 4959 2469 5008 est
2518 4953 2944 5021 frustraneum,
2979 4957 3098 5012 imo
3153 4958 3326 5028 plane
3357 4961 3610 5016 nullum.
3648 4965 3764 5019 Sed

2105 5044 2294 5114 potuit
2320 5043 2616 5113 interpres
2638 5049 2756 5098 tam
2782 5045 2943 5098 exire
2966 5045 3025 5100 in
3048 5048 3377 5117 posteriore
3400 5049 3530 5104 loco
3554 5052 3763 5108 redde-

2101 5150 2184 5197 re,
2219 5149 2396 5202 quam
2428 5133 2644 5202 priore.
2679 5136 2879 5190 Potuit
2908 5136 3187 5206 quidem;
3241 5139 3344 5192 sed
3377 5145 3435 5193 et
3469 5147 3583 5194 tam
3617 5159 3764 5212 pro-

2097 5222 2258 5293 gredi
2301 5220 2492 5291 potuit
2544 5221 2606 5275 in
2655 5222 2850 5293 priore
2881 5222 3008 5278 loco
3041 5224 3308 5293 reddere,
3343 5244 3521 5296 quam
3554 5236 3759 5300 poste-

2096 5312 2271 5372 riore,
2309 5311 2356 5364 si
2391 5316 2597 5366 contra
2619 5311 2803 5366 animi
2830 5312 2916 5366 sui
2945 5329 3184 5368 sensum
3218 5315 3512 5371 redderet.
3542 5320 3758 5376 Verum

2097 5399 2423 5453 fidissimus
2457 5399 2749 5470 interpres
2781 5401 2913 5454 lataa
2957 5402 3408 5472 signiﬁcationis
3443 5423 3640 5460 vocem
3672 5409 3762 5465 ita

2094 5487 2372 5549 reddidit.
2406 5489 2908 5558 quemadmodum
2958 5490 3084 5545 loco
3118 5507 3293 5562 quem
3327 5493 3758 5567 interpretatus

2093 5583 2201 5646 est,
2225 5576 2446 5648 optime
2477 5577 2769 5648 quadrare
2803 5579 3114 5635 sentiebat.
3142 5581 3293 5638 Dicit
3322 5582 3500 5655 igitur
3529 5585 3754 5644 Filium
