3974 6296
196 453 303 513 305

910 453 969 513 J.
1019 453 1434 515 PEARSONII
1480 449 1852 515 VINDICME
1894 451 2370 516 IGNATIANE.
2417 490 2494 502 --
2535 456 2746 520 PARS
2791 457 2866 518 ll.

3476 459 3592 522 306

195 587 348 641 exire
379 603 414 642 a
441 588 640 654 Patre,
675 592 853 660 negat
917 605 951 644 a
1000 589 1237 645 silentio
1296 589 1569 662 progredi
1601 607 1614 644 :
1644 606 1838 660 neque
1873 590 1919 656 Α
1949 604 2142 660 neque
2183 607 2381 658 causa,
2413 609 2607 664 neque
2637 592 2997 665 principium
3021 594 3490 649 constitutivum.
3521 596 3587 650 In

192 676 517 732 secundum
574 678 901 733 catholicos
955 679 1392 735 emanationem
1425 685 1706 736 mternam
1742 680 1832 736 in-

145 777 153 782 ‘
189 765 436 835 tellexit,
468 784 668 838 neque
701 767 772 823 de
801 768 1045 840 probole
1076 769 1497 825 Valentiniana
1539 771 1630 825 vel
1679 787 1835 826 som-

1942 681 2322 749 generatione
2354 682 2500 753 ipsa,
2527 683 2597 737 de
2625 699 2744 752 qua
2771 682 2932 753 loqui
2965 688 3232 738 nostrum
3263 683 3490 750 volunt,
3517 701 3588 739 ex

1940 770 2232 842 principio
2257 773 2536 843 privativo
2551 773 2747 843 potius
2769 772 2998 843 aliquid
3019 773 3144 827 fieri
3164 771 3584 843 dicitur,quam

193 857 390 911 niavit.
418 856 758 927 Aliquando
790 858 970 913 (ἐπ’ωοί
1002 854 1288 931 προελθεῖν
1322 860 1402 915 ita
1433 866 1739 932 usurpant,
1771 866 1838 916 ut
1941 876 2012 914 ex
2042 861 2537 917 constitutivolta
2560 861 3156 932 Aristoteles,Physic.
3180 861 3281 918 lib.
3317 879 3488 934 i,cap.
3513 866 3543 915 7
3569 880 3580 917 :

187 945 299 1000 vim
324 948 422 998 τοῦ
449 942 682 1012 ἐξελθεῖν
717 963 786 1000 ex
807 947 1088 1018 appositis
1118 947 1335 1003 habere
1359 949 1668 1004 sentiatur.
1689 950 1818 1005 Curr

1938 948 2010 1002 Τὸ
2033 945 2080 1001 δ’
2110 946 2170 1001 ἔκ
2198 969 2348 1012 τινος
2375 948 2615 1023 γίνεσθαί
2643 971 2718 1016 τι,
2776 949 2868 1004 καὶ
2930 951 3004 1021 μὴ
3064 946 3188 1003 τόδε
3233 950 3474 1024 γίνεσθαί
3505 970 3580 1016 τι,

189 1035 366 1107 igitur
453 1035 722 1090 Christus
780 1036 1043 1102 dixisset,
1125 1033 1184 1089 ἐκ
1256 1040 1354 1090 τοῦ
1409 1040 1542 1091 Θεοῦ
1606 1035 1831 1106 ἐξῆλθον

181 1127 344 1181 Joan.
377 1143 498 1194 vni,
531 1128 621 1194 42,
653 1126 814 1182 idem
858 1127 1190 1199 signiﬁcare
1249 1127 1500 1184 voluisse
1532 1129 1831 1200 putandus

179 1221 264 1269 est
293 1215 580 1283 lgnatius,
612 1232 747 1270 cum
779 1216 985 1271 scribit
1039 1215 1127 1292 ἀφ’
1186 1216 1304 1278 tvo:
1374 1218 1580 1290 Πατρὸς
1633 1216 1830 1291 προελ-

176 1301 355 1369 θόντα,
391 1305 552 1376 quod
582 1305 875 1376 interpres
908 1307 1097 1376 vertit,
1114 1329 1142 1357 «
1169 1307 1241 1362 ab
1271 1323 1389 1362 uno
1422 1309 1593 1363 Patre
1614 1323 1830 1362 exeun-

176 1397 314 1448 tem.
343 1415 371 1442 »
404 1394 575 1448 Certe
634 1401 700 1448 ut
758 1395 1194 1451 emanationem
1225 1413 1260 1450 a
1288 1398 1459 1451 Patre
1519 1397 1590 1451 iis
1622 1397 1822 1452 verbis

177 1482 420 1537 denotet
450 1484 734 1555 lgnatius,
766 1485 931 1539 nulla
987 1486 1135 1540 ratio
1167 1485 1338 1554 cogit.
1371 1486 1649 1542 Novimus
1680 1486 1824 1557 quid

172 1572 516 1627 Theodorus
548 1573 689 1628 Beza
709 1573 782 1628 ad
811 1573 981 1628 illum
1002 1574 1246 1629 Joannis
1263 1575 1456 1630 locum
1483 1576 1818 1647 scripserit:

174 1682 196 1712 α
232 1663 522 1731 Loquitur
549 1663 834 1729 Christus,
881 1679 1012 1718 meo
1063 1664 1304 1734 quidem
1328 1665 1579 1736 judicio,
1613 1665 1686 1720 de
1715 1664 1815 1720 ad-

165 1755 342 1805 ventu
368 1751 435 1805 in
465 1767 855 1820 carnem,non
887 1752 959 1807 de
990 1759 1214 1808 aeterna
1262 1755 1665 1824 generatione,
1725 1756 1817 1810 cui

168 1840 494 1911 improprie
513 1856 750 1911 quoque
781 1841 1142 1896 tribueretur
1161 1841 1225 1895 τὸ
1246 1839 1499 1911 ἐξελθεῖν.
1520 1867 1547 1893 ››
1571 1846 1640 1897 Ει
1666 1845 1815 1900 ratio

164 1929 487 1984 manifesta
509 1931 740 1984 eruitur
768 1947 838 1985 ex
867 1931 1062 1986 verbis
1092 1932 1359 2002 proxime
1388 1933 1809 2004 sequentibus:
1845 1954 1890 2019 Β

161 2014 302 2072 Οὐδὲ
349 2018 454 2090 γὰρ
515 2017 610 2072 ἀπ’
665 2016 901 2090 ἐμαυτοῦ
955 2017 1222 2088 ἐλήλυθα,
1290 2017 1415 2074 ἀλλ’
1473 2019 1673 2082 ἐκεῖνός
1737 2041 1803 2093 με

154 2105 462 2162 ἀπέστειλε.
480 2109 537 2162 Si
564 2113 763 2164 autem
794 2109 1097 2181 apostolus
1119 2128 1187 2166 eo
1203 2111 1332 2166 loco
1353 2111 1424 2166 de
1438 2111 1802 2167 asternaFilii

146 2198 532 2267 generatione
555 2198 789 2254 locutus
821 2215 942 2254 non
965 2200 1265 2267 est,multo
1289 2201 1486 2255 minus
1516 2201 1798 2272 lgnatius,

148 2287 249 2355 qui
283 2287 366 2341 ita
389 2286 461 2341 de
494 2287 748 2342 adventu
781 2289 908 2359 ejus
957 2287 1240 2359 loquitur,
1272 2294 1338 2344 ut
1366 2290 1546 2344 etiam
1570 2290 1640 2344 de
1664 2290 1800 2346 red-

143 2373 271 2428 itu:
333 2372 440 2428 Τὸν
498 2373 589 2449 ἀφ’
646 2374 764 2436 ὲνὸς
814 2375 1024 2448 [ἰατρὸς
1077 2375 1434 2450 προελθόντα,
1485 2378 1576 2432 καὶ
1607 2377 1682 2438 εἷς
1712 2373 1800 2432 ἕνα

142 2458 273 2516 ὄντα
303 2461 394 2516 καὶ
429 2464 775 2537 χωρήσοντα.
809 2486 838 2516 ‹‹
878 2465 965 2520 Ab
997 2483 1113 2522 uno
1164 2469 1334 2522 Patre
1368 2473 1707 2536 exeuntem,
1742 2474 1800 2524 et

135 2553 197 2606 in
229 2569 424 2607 unum
456 2554 844 2610 exsistentem
897 2560 954 2609 et
983 2571 1392 2612 reversurum:
1433 2563 1500 2612 ut
1531 2557 1679 2613 illud
1703 2575 1799 2612 ex-

130 2642 360 2711 primat
389 2643 557 2697 Joan.
618 2659 735 2712 XVI,
795 2644 863 2697 28
891 2660 904 2696 :
937 2641 1197 2712 Ἐξῆλοον
1232 2645 1376 2718 παρὰ
1430 2648 1528 2699 τοῦ
1561 2646 1794 2719 Πατρὸς,

135 2727 228 2780 καὶ
302 2725 554 2798 ἐλήλυθα
599 2728 676 2791 εἰς
740 2731 830 2783 τὸν
886 2729 1110 2803 κόσμον·
1192 2731 1358 2787 πάλιν
1441 2733 1645 2806 ἀφίημι
1703 2734 1797 2790 τὸν

131 2816 346 2889 κόσμον
403 2818 493 2872 καὶ
555 2818 863 2894 πορεύομαι
919 2821 1054 2894 πρὸς
1098 2819 1327 2893 Πατέρα.
1361 2824 1582 2881 Εωίυἰα
1625 2829 1792 2881 Patre

128 2913 180 2960 et
237 2909 369 2962 veni
428 2908 486 2962 in
533 2909 796 2964 mundum
824 2913 1066 2974 ;iterum
1118 2911 1375 2982 relinquo
1403 2913 1700 2982 mundum,
1731 2921 1782 2969 et

127 2998 281 3052 vado
309 2998 385 3051 ad
405 2999 645 3053 Patrem.
676 2999 879 3069 Neque
907 2998 1110 3070 igitur,
1129 3016 1263 3055 cum
1304 2999 1520 3055 Filium
1551 3017 1584 3056 a
1612 3003 1786 3057 Patre

136 3089 306 3141 exire
337 3085 487 3142 dicit
515 3091 721 3142 auctor
753 3087 1036 3159 epistolm,
1070 3087 1141 3143 de
1163 3093 1385 3144 mterna
1413 3090 1792 3161 generatione

134 3177 458 3249 cogitavit;
493 3193 687 3247 neque
719 3193 854 3232 cum
884 3177 1142 3232 Verbum
1185 3194 1220 3234 δ.
1271 3178 1509 3234 silentio
1555 3179 1790 3250 prodire

131 3266 398 3338 negavit,
430 3265 503 3320 de
534 3265 852 3321 emissione
893 3266 1188 3322 Valentini
1247 3268 1582 3323 somniavit.
1623 3269 1790 3324 Certe

128 3372 199 3410 ex
232 3355 420 3410 unica
448 3371 588 3410 voce
619 3351 910 3427 προελθεῖν
940 3356 1092 3411 nihil
1138 3356 1253 3411 tale
1282 3357 1569 3428 expiscari
1603 3357 1739 3413 licet
1771 3377 1786 3427 ;

129 3461 270 3515 qua
304 3461 442 3499 cum
475 3444 782 3500 latissimas
813 3444 1266 3515 significationis
1287 3445 1384 3514 sit,
1418 3462 1488 3501 ex
1517 3446 1650 3501 aliis
1663 3464 1790 3503 ver-

125 3537 221 3592 bis
242 3536 467 3606 quibus
491 3535 992 3608 adjungitur,ejus
1011 3536 1250 3607 propria
1265 3536 1351 3591 vis
1381 3537 1645 3592 eruenda
1658 3542 1746 3592 est
1773 3554 1786 3591 :

124 3642 243 3680 nec
273 3625 400 3679 ullo
425 3624 604 3679 modo
633 3624 993 3679 contendere
1024 3641 1348 3696 possumus
1379 3625 1586 3680 eodem
1611 3626 1789 3697 plane

127 3731 316 3770 sensu
350 3731 484 3769 eam
506 3714 693 3784 accipi
726 3713 962 3779 debere,
997 3730 1131 3769 cum
1155 3714 1228 3769 ad
1246 3716 1431 3770 Deum
1449 3717 1682 3771 Patrem
1716 3717 1787 3771 de

126 3807 302 3872 Filio,
334 3810 395 3859 et
424 3821 561 3859 cum
591 3803 666 3859 ad
697 3804 1002 3860 silentium
1033 3804 1106 3860 de
1143 3805 1328 3860 Verbo
1351 3805 1786 3864 refertur.Praa-

121 3895 334 3949 sertim
361 3909 498 3948 cum
521 3893 779 3948 sciamus
809 3893 959 3948 illud
989 3893 1184 3964 ipsum
1210 3894 1560 3950 vocabulum
1582 3894 1784 3968 προελ-

120 3984 229 4036 θεῖν
263 3983 535 4038 aGraacis
566 3982 806 4037 attribui
840 3982 1033 4037 solere
1061 3983 1236 4038 verbo
1268 3984 1449 4039 etiam
1473 3985 1784 4057 prolativo,

122 4073 284 4143 quod
319 4070 734 4127 substantialis
770 4087 874 4126 seu
897 4071 1230 4142 personalis
1251 4074 1654 4145 generationis
1685 4092 1785 4130 ca-

119 4179 231 4232 pax
266 4177 395 4216 non
430 4164 612 4225 est,ut
641 4159 890 4231 legimus
905 4159 1360 4230 apudJoannem
1385 4163 1781 4235 Philoponum

118 4253 194 4306 De
227 4250 429 4305 mundi
461 4251 734 4303 creatione
763 4247 868 4302 lib.
902 4265 978 4314 v1,
1011 4265 1140 4320 cap.
1172 4251 1204 4303 4
1240 4267 1252 4303 :
1298 4248 1374 4306 Οὐ
1433 4251 1538 4326 γὰρ
1568 4271 1780 4330 προφο.

120 4340 269 4411 gms»
307 4337 482 4412 λόγον
511 4337 600 4390 τὸν
631 4337 742 4410 ἅμα
774 4341 854 4408 τῷ
915 4336 1204 4409 προελθεῖν
1261 4338 1526 4412 λυόμενον
1554 4345 1632 4411 τῷ
1663 4347 1778 4415 Θεῷ

120 4428 445 4502 περιάπτειν
489 4426 665 4497 θέμις.
726 4429 796 4481 Et
857 4427 1166 4483 Marcellus
1223 4430 1380 4501 apud
1436 4431 1774 4498 Eusebium,

121 4521 430 4574 Christum
465 4515 558 4569 οἶα
583 4513 747 4587 λόγον
782 4516 1116 4588 σημαντικόν
1144 4537 1292 4578 τινος
1313 4515 1349 4586 ις
1381 4521 1776 4594 προστακτικὸν

117 4603 416 4680 προελθεῖν
450 4607 548 4657 τοῦ
570 4606 704 4657 Θεοῦ
735 4603 950 4676 φάσκει.

1941 1035 2154 1107 μᾶλλον
2203 1038 2296 1110 μὲν
2325 1036 2536 1114 λέγεται
2587 1037 2672 1093 ἐπὶ
2731 1041 2839 1094 τῶν
2881 1039 2956 1110 μή
3018 1038 3430 1110 ὑπομενόντων,
3463 1040 3578 1091 οἷον

1935 1123 1988 1194 ἐξ
2018 1125 2265 1199 ἀμούσου
2299 1127 2555 1200 μουσικὸν
2615 1127 2879 1200 γίνεσθαι,
2939 1125 2989 1196 ἐξ
3043 1127 3331 1199 ἀνθρώπου
3391 1123 3436 1180 δ’
3490 1127 3577 1182 οὕ.

1933 1215 2004 1268 Et
2039 1231 2164 1286 cap.
2201 1217 2232 1268 8
2268 1232 2282 1268 :
2315 1214 2410 1270 Ἐκ
2439 1215 2540 1289 γὰρ
2598 1216 2922 1289 στερήσεως,
2957 1215 2986 1268 ὅ
3016 1213 3149 1282 ἐστι,
3181 1214 3300 1268 καθ’
3331 1213 3463 1268 αὐτὸ
3497 1216 3572 1287 μή

1932 1303 2015 1371 δν,
2050 1304 2150 1358 οὐκ
2179 1302 2580 1378 ἐνυπάρχοντος
2609 1303 2814 1378 γίνεταί
2845 1314 2919 1361 τί.
2975 1307 3056 1360 Ex
3085 1306 3366 1377 privativa
3397 1306 3578 1377 igitur

1929 1395 2221 1466 principio
2257 1397 2398 1451 satis
2428 1397 2663 1467 proprie
2694 1396 2858 1450 aliud
2887 1395 3015 1451 ﬂeri
3048 1400 3148 1450 aut
3173 1395 3407 1467 prodire
3439 1395 3576 1449 dici-

1929 1489 2062 1550 tur;
2107 1486 2264 1540 etde
2307 1503 2508 1540 rerum
2551 1490 2683 1540 ortu
2731 1486 2814 1541 ita
2874 1502 3028 1557 saape
3064 1486 3383 1557 loquimur.
3435 1484 3574 1549 Quis

1929 1574 2086 1628 enim
2117 1591 2238 1629 non
2272 1575 2413 1629 dicit
2437 1574 2629 1630 lucem
2653 1590 2723 1629 ex
2751 1574 3012 1629 tenebris
3035 1574 3176 1629 oriri
3199 1572 3281 1628 vel
3305 1571 3575 1644 prodire?

1926 1664 2125 1733 Neque
2156 1663 2205 1718 si
2237 1665 2506 1720 Petavius
2552 1680 2681 1719 eam
2741 1664 2985 1734 phrasin
3045 1664 3128 1718 ita
3157 1661 3571 1733 explicandam

1922 1751 2432 1820 putavit,Verbum
2463 1768 2584 1806 non
2610 1767 2739 1806 esse
2771 1749 3087 1823 ejusmodi,
3121 1755 3190 1806 ut
3219 1767 3289 1805 ex
3310 1749 3565 1816 silentio,

1920 1840 2010 1895 vel
2042 1845 2174 1911 post
2206 1841 2508 1895 silentium
2539 1840 3001 1912 prodierit,adeo
3025 1839 3410 1910 exagitandus
3431 1837 3563 1906 fuit,

1924 1930 2091 2000 quasi
2140 1927 2272 2000 μετὰ
2300 1929 2484 2003 σιγήν,
2538 1935 2595 1984 et
2651 1927 2709 1982 ἐκ
2741 1934 2895 2000 σιγῆς
2927 1935 3046 1985 tam
3079 1929 3194 1984 late
3229 1928 3560 1995 differrent,

1921 2035 2055 2072 cum
2085 2018 2371 2074 Eusebius
2401 2019 2462 2072 in
2484 2019 2594 2073 hac
2636 2018 2765 2088 ipsa
2792 2034 2854 2072 re
2880 2018 3006 2073 haec
3037 2017 3152 2072 duo
3183 2016 3340 2072 idem
3365 2016 3559 2071 valere

1921 2109 2250 2163 clarissime
2278 2107 2828 2164 ostendat.Accusat
2858 2109 3016 2162 enim
3046 2107 3386 2163 Marcellum
3405 2107 3562 2178 quod

1922 2198 2189 2253 docuerit
2223 2196 2356 2268 μετᾶ
2385 2198 2484 2266 τὴν
2523 2197 2679 2270 σιγὴν
2707 2195 2998 2269 προελθεῖν
3030 2199 3121 2250 τὸν
3179 2192 3364 2270 λόγον,
3401 2200 3460 2251 et
3486 2195 3561 2250 ob

1920 2303 2051 2342 eam
2081 2287 2432 2342 sententiam
2465 2287 2746 2358 gnosticae
2796 2286 3008 2342 haaresi
3068 2303 3203 2342 eum
3261 2285 3563 2340 addictum

1917 2376 2285 2447 pronuntiat.
2317 2377 2534 2431 Notant
2564 2376 2940 2432 Grammatici
2973 2394 3041 2431 ea:
3089 2375 3410 2447 aliquando
3461 2390 3568 2446 pro

1911 2471 2039 2534 post
2068 2465 2366 2537 usurpari,
2391 2469 2456 2518 ut
2486 2465 2642 2537 apud
2667 2465 2996 2538 Virgilium,
3025 2482 3094 2520 ea:
3141 2464 3243 2519 illo
3301 2469 3566 2535 tempore

1916 2571 2023 2625 pro
2049 2561 2179 2625 post
2206 2553 2354 2609 illud
2385 2559 2642 2626 tempus,
2677 2559 2735 2609 et
2793 2553 2949 2626 apud
3004 2553 3371 2623 Ciceronem,
3405 2570 3472 2608 ex
3497 2570 3566 2608 eo

1917 2642 2012 2698 die
2045 2648 2106 2697 et
2133 2660 2202 2698 ea:
2233 2643 2560 2713 consulatu,
2596 2647 2653 2697 et
2705 2659 2772 2697 ea:
2824 2643 2937 2698 hoc
2988 2648 3275 2714 tempore.
3309 2642 3475 2707 Quod
3507 2647 3566 2696 et

1917 2733 2130 2787 Graecis
2160 2731 2451 2786 familiare
2485 2736 2592 2786 est.
2627 2733 2698 2786 Ut
2729 2731 2803 2786 ad
2832 2731 2938 2787 illa
2960 2733 3195 2787 Homeri
3227 2727 3329 2786 Ἰλ.
3361 2731 3404 2784 Ε
3439 2748 3451 2784 :

2081 2872 2375 2947 Καύματος
2427 2871 2477 2945 ἐξ
2511 2870 2734 2945 ἀνέμοιο
2784 2869 3004 2935 δυσαέος
3032 2872 3373 2949 ὀρνυμένοιο.

1910 3001 2083 3054 Notat
2114 2998 2470 3055 Scholiastes
2500 3004 2666 3054 vetus
2701 3015 2714 3052 ε
2745 2997 2808 3054 Ἡ
2867 2997 2917 3067 ἐξ
2967 2995 3084 3052 ἀντὶ
3141 3003 3242 3067 τῆς
3283 2998 3439 3071 μετά.
3480 2999 3551 3054 Et

1905 3088 2287 3144 Eustathius:
2333 3087 2399 3143 Ἡ
2453 3083 2509 3141 δὲ
2567 3085 2619 3157 ἐξ
2676 3085 2929 3161 πρόθεσις
2987 3087 3050 3141 οὐ
3113 3087 3272 3159 μόνον
3330 3086 3551 3142 ἐνταῦθα

1906 3172 2165 3244 εἷ’Ληπται
2193 3175 2306 3230 ἀντὶ
2335 3182 2436 3245 τῆς
2473 3175 2608 3249 μετὰ
2663 3173 2989 3250 προθέσεως,
3044 3173 3191 3230 ἀλλὰ
3245 3174 3334 3229 καὶ
3373 3173 3550 3230 ἄλλα·

1910 3267 2040 3337 χοῦ,
2074 3266 2210 3320 οἷον·
2246 3264 2462 3338 πιόμεν’
2491 3265 2550 3320 ἐκ
2581 3263 2996 3339 βοτάνης,ἣτοι,
3033 3266 3167 3338 μετά
3192 3265 3292 3335 τήν
3321 3265 3548 3339 βοσκήν,

1906 3352 2106 3424 καῖ,ἐκ
2157 3361 2366 3410 νυκτῶν
2425 3352 2472 3408 δ’
2531 3356 2725 3428 ἄνεμοι
2782 3354 3044 3430 χαλεποὶ,
3099 3355 3246 3425 ἢτοι,
3293 3356 3428 3430 μετὰ
3455 3357 3549 3418 τὰς

1903 3441 2120 3506 νύκτας.
2175 3445 2268 3501 Sic
2321 3445 2395 3501 ad
2453 3445 2558 3501 illa
2615 3441 2841 3500 Ἰλ.Ν;
2903 3443 3127 3518 Πιόμεν’
3185 3443 3244 3499 ἐκ
3289 3444 3547 3520 βοτάνης,

1903 3533 2094 3591 Schol.
2132 3537 2196 3591 V.
2233 3552 2247 3592 :
2281 3536 2376 3590 Ἐκ
2407 3535 2665 3608 βοτάνης,
2699 3532 2818 3588 ἀντὶ
2846 3538 2966 3602 τοῦ,
3001 3535 3139 3608 μετᾶ
3167 3535 3266 3604 τὴν
3307 3535 3544 3611 βοτάνην

1898 3621 1989 3675 καὶ
2014 3625 2215 3696 νομήν.
2246 3626 2316 3680 Et
2344 3625 2723 3681 Eustathius:
2758 3623 2908 3678 Ἀντὶ
2937 3628 3056 3694 τοῦ,
3093 3624 3228 3698 μετὰ
3258 3624 3542 3699 βόσκησιν,

1897 3711 1988 3764 καί
2020 3710 2339 3789 ἰστι,φασὶν,
2374 3712 2567 3784 ὅμοιον
2599 3717 2702 3785 τῷ,
2731 3711 2783 3782 ἐξ
2808 3712 3031 3787 ἀρίστου
3061 3715 3390 3788 παρεσομαι,
3423 3713 3542 3769 ἀντὶ

1895 3802 2014 3869 τοῦ,
2047 3802 2166 3872 μεθ’
2205 3801 2234 3855 ὃ
2255 3801 2554 3876 ἀριστήσω.
2588 3806 2674 3858 Ita
2705 3803 2867 3868 alibi,
2899 3800 3113 3876 αἰθέρος
3143 3800 3203 3856 ἐκ
3229 3799 3373 3871 δίης,
3406 3803 3540 3876 μετά

1895 3888 1996 3956 τήν
2020 3887 2230 3963 αἰθρίαν
2285 3889 2603 3945 κατάστασιν
2654 3892 3081 3963 interpretatur
3135 3892 3293 3947 idem
3346 3893 3535 3947 Scho-

1894 3979 2325 4052 liastes.Neque
2359 3986 2556 4039 tamen
2585 3987 2790 4037 auctor
2815 3981 3078 4053 epistolae
3109 3981 3256 4036 dixit
3272 3979 3331 4035 ἐκ
3352 3987 3534 4055 σιγῆς,

1896 4069 2001 4124 sed
2033 4069 2137 4123 ἀπὸ
2168 4075 2346 4145 σιγῆς,
2381 4071 2558 4143 quod,
2594 4070 2922 4126 secundum
2972 4070 3253 4142 loquendi
3289 4071 3534 4127 modum

1895 4159 2110 4215 Graecis
2138 4159 2728 4227 familiarem,Latine
2760 4183 2787 4210 «
2821 4165 2955 4232 post
2983 4160 3284 4216 silentium
3317 4181 3340 4212 ν
3364 4160 3533 4216 reddi

1892 4254 2106 4319 potest.
2141 4250 2212 4304 Ut
2242 4249 2399 4321 apud
2440 4250 2762 4305 Homerum
2793 4249 3043 4322 legimus
3079 4266 3091 4304 :
3125 4248 3258 4304 Ἀπὸ
3290 4245 3336 4302 δ’
3367 4248 3536 4303 αὐτοῦ

1893 4338 2264 4411 θωρήσσοντο.
2301 4339 2408 4396 Ubi
2439 4339 2798 4394 Scholiastes
2849 4344 3036 4409 vetus,
3094 4337 3198 4394 ἀπὸ
3257 4335 3301 4392 δ’
3340 4339 3532 4412 αὐτοῦ,

1889 4424 1999 4481 ἀπὸ
2030 4423 2087 4480 δὲ
2142 4426 2342 4482 τούτου
2399 4426 2626 4501 χρόνου,
2689 4426 2992 4500 μετέπειτα.
3045 4432 3115 4485 Et
3142 4430 3531 4486 Eustathius:

1889 4515 2010 4571 Ὀτι
2042 4514 2282 4587 καθάπερ
2315 4515 2570 4590 ἀλλαχοῦ
2602 4519 2637 4586 ἡ
2697 4515 2757 4572 ἐκ
2813 4515 3070 4592 πρόθεσις
3113 4517 3229 4572 ἀντὶ
3257 4525 3359 4587 τῆς
3395 4518 3530 4592 μετὰ

1889 4597 2244 4675 λαμϐάνεται,
2278 4603 2451 4666 οὕτως
2477 4606 2705 4659 ἐνταῦθα
2759 4607 2794 4674 ἡ
2849 4606 2975 4662 ἀπό.
3026 4607 3169 4663 Inde
3201 4609 3526 4681 Hesychius

181 4699 362 4750 Merra
385 4694 482 4747 hac
515 4699 652 4748 sunt
696 4673 1080 4765 lo'gomachiaa
1111 4711 1124 4761 ;
1171 4711 1355 4766 quare
1384 4697 1621 4753 tandem
1652 4699 1771 4754 for-
1803 4673 1818 4738 Ῑ

1909 4673 2233 4766 Απόδρομον
2265 4695 2691 4767 interpretatur
2715 4673 2827 4767 μετ’
2859 4694 3139 4753 ἐπάνοδον.
3174 4673 3525 4770 Nihiligitur

118 4787 230 4840 tius
246 4786 672 4856 argumentum
696 4783 986 4854 stringere
1004 4782 1254 4838 videtur.
1280 4806 1308 4834 «
1328 4785 1573 4857 Signant
1593 4788 1776 4858 enim,

115 4875 476 4946 inquit,haec
495 4872 674 4927 verba
701 4873 782 4940 id,
816 4889 887 4927 ex
926 4889 1043 4944 quo
1069 4873 1212 4944 quid
1232 4875 1428 4945 exivit,
1457 4878 1588 4949 ejus
1618 4881 1776 4949 quod

121 4981 188 5019 ex
219 4981 292 5018 eo
331 4962 531 5029 exivit,
556 4962 646 5016 vel
675 4961 989 5030 locum,vel
1021 4979 1281 5030 causam,
1309 4965 1398 5018 vel
1419 4967 1777 5038 principium

115 5055 200 5116 (ut
225 5051 456 5107 schola)
487 5051 838 5120 loquuntur)
868 5052 1314 5107 constitutivum
1344 5053 1550 5110 fuisse.
1581 5059 1776 5113 »Sub-

117 5143 237 5196 tilis
265 5144 397 5196 baac
429 5139 697 5210 quidem,
721 5139 825 5194 sed
849 5141 1001 5194 mira
1032 5140 1374 5212 disputatio.
1407 5143 1534 5199 Non
1575 5162 1775 5215 quaero

117 5231 422 5300 quodnam
455 5228 603 5282 illud
635 5229 713 5282 sit
741 5229 1105 5299 principium
1139 5232 1775 5305 constitutivum,quod

121 5337 302 5374 causa
334 5335 454 5373 non
488 5318 586 5385 sit,
619 5322 686 5371 ut
707 5317 803 5372 hic
827 5317 1256 5389 tertii|membri
1287 5319 1484 5376 locum
1508 5331 1772 5394 occupet.

121 5410 286 5461 Certe
321 5405 541 5461 scholm
573 5405 658 5458 ita
687 5420 808 5458 non
860 5403 1203 5473 loquuntur.
1243 5405 1390 5461 Illud
1444 5425 1662 5479 quaero,
1699 5427 1775 5466 an

110 5515 218 5554 vox
253 5495 550 5570 προελθεῖν
581 5496 859 5567 usurpari
899 5512 1021 5551 non
1053 5497 1261 5567 possit,
1299 5499 1414 5552 nisi
1447 5500 1518 5555 de
1550 5502 1776 5573 aliquo,

112 5588 268 5660 quod
300 5605 372 5644 ex
403 5589 537 5643 loco
571 5585 665 5640 vel
690 5602 869 5640 causa
889 5585 1012 5640 exit
1037 5585 1064 5639 ‘l
1091 5585 1186 5640 Ἐκ
1211 5582 1309 5639 τοῦ
1329 5589 1446 5642 κατ’
1475 5586 1668 5664 ὀλίγον
1698 5590 1776 5652 εἰς

113 5680 212 5745 τήν
270 5671 602 5747 αἰσθητικὴν
663 5673 752 5727 καὶ
813 5667 1179 5746 μιταϐατικήν
1237 5675 1394 5752 φύσιν
1475 5676 1774 5752 προῆλθεν,

118 5769 310 5842 inquit
338 5765 680 5825 Nemesius.
713 5764 787 5818 At
811 5762 874 5816 τὸ
893 5762 1013 5816 κατ’
1044 5760 1232 5837 ὀλίγον
1255 5780 1448 5837 neque
1479 5766 1644 5825 locus
1665 5775 1775 5841 est,

1888 4783 2085 4838 tritius
2145 4791 2233 4838 est
2283 4785 2438 4855 apud
2488 4788 2738 4853 Graecos,
2771 4803 2946 4856 quam
2977 4791 3043 4840 ut
3070 4785 3176 4839 ἀπό
3225 4792 3282 4842 et
3326 4785 3385 4840 ἐκ
3412 4804 3518 4859 pro

1890 4871 2042 4943 μετά·
2073 4872 2230 4944 apud
2280 4874 2532 4940 Latinos,
2588 4891 2766 4943 quam
2820 4880 2883 4928 ut
2941 4876 3007 4928 ab
3065 4881 3124 4929 et
3169 4893 3237 4930 ea:
3266 4893 3370 4946 pro
3394 4883 3522 4946 post

1887 4962 2268 5034 accipiantur.
2304 4965 2373 5016 Et
2402 4963 2502 5033 qui
2561 4980 2590 5018 e
2649 4964 2887 5017 silentio
2919 4964 3009 5018 vel
3053 4971 3184 5035 post
3215 4965 3520 5020 silentium

1886 5051 2122 5123 prodire
2153 5052 2393 5106 verbum
2443 5057 2638 5123 negat,
2698 5052 2844 5106 mihi
2904 5054 3170 5109 omnium
3214 5054 3523 5110 hominum

1887 5157 2224 5196 sermonem
2257 5156 2471 5212 negare
2502 5139 2752 5196 videtur.

1959 5232 2074 5285 Nos
2107 5231 2285 5302 igitur
2315 5235 2373 5284 et
2403 5229 2662 5284 auctoris
2695 5235 2976 5298 mentem,
3012 5238 3069 5286 et
3099 5235 3314 5290 veteris
3348 5237 3524 5291 inter-

1890 5319 2074 5390 pretis
2104 5319 2436 5374 versionem
2470 5317 2905 5374 defendendam
2930 5321 3172 5376 omnino
3211 5328 3490 5394 putamus
3518 5341 3531 5393 ;

1889 5427 2066 5480 quam
2091 5411 3026 5483 planam,simplicem,propriam
3057 5419 3115 5468 et
3137 5413 3531 5484 perspicuam,
3601 5453 3616 5464 .

1887 5516 2009 5552 non
2039 5499 2332 5570 frigidam,
2360 5507 2461 5556 aut
2490 5507 2776 5573 argutam,
2809 5502 3165 5556 autinanem
3198 5519 3323 5556 esse
3357 5505 3537 5558 senti-

1888 5603 2048 5642 mus:
2067 5605 2316 5659 eamque
2332 5591 2518 5645 solam
2534 5591 2607 5646 ad
2625 5591 2882 5646 auctoris
2904 5596 3164 5646 mentem
3177 5596 3335 5646 recte
3349 5595 3538 5666 expri-

1887 5676 2191 5743 mendam,
2221 5683 2279 5731 et
2313 5677 2386 5732 ad
2420 5679 2825 5735 Ebionitarum
2860 5696 3143 5746 errorem,
3177 5697 3353 5750 quem
3387 5688 3529 5739 tunc

1892 5766 2176 5837 temporis
2203 5767 2262 5822 in
2285 5768 2485 5823 animo
2509 5785 2642 5824 cum
2661 5769 2945 5825 scriberet
2968 5774 3174 5825 auctor
3199 5768 3523 5839 habuit,ca-
