3974 6296
144 452 254 509 309

865 450 922 510 J.
970 449 1392 510 PEARSONII
1433 448 1810 510 VINDICIIE
1853 449 2331 511 IGNATIANE.
2382 482 2457 496 -
2503 452 2701 511 PARS
2745 450 2825 511 II.

3439 450 3558 510 3l0

150 589 294 649 tans,
326 581 441 637 illis
471 583 682 653 utique
706 583 1110 638 maerentibus.
1130 605 1158 634 »
1180 584 1288 649 Qui
1315 599 1349 638 a
1370 583 1554 655 Bytho
1588 588 1648 638 et
1667 583 1796 656 Sige
1829 584 1878 650 Α
1910 583 2212 655 magistro,
2240 587 2362 639 tum
2386 600 2420 640 a
2443 583 2654 655 seipsis
2674 599 2830 654 saepe
2853 581 3202 638 dissensisse
3224 597 3430 637 omnes
3451 598 3558 637 no-

151 674 396 729 emissus
426 678 532 736 est,
570 674 683 744 ipsi
740 674 921 744 Bytho
977 673 1193 728 similis
1239 679 1300 728 et
1355 673 1601 743 aequalis
1649 672 1798 727 fuit:

161 764 336 833 Logns
367 769 569 818 autem
602 763 869 830 minime,
903 763 1002 833 qui
1034 763 1224 818 fuitin
1255 763 1800 818 deminorationem

154 853 418 907 emissus.
444 851 869 919 Tertullianus,
893 868 1020 923 cap.
1053 856 1084 906 7
1107 869 1119 906 :
1145 875 1172 902 ‹‹
1197 851 1454 923 Suscipit
1471 852 1576 906 illa
1599 851 1799 906 statim

153 947 203 994 et
218 958 534 1014 praegnans
556 941 815 996 efﬁcitur
843 947 901 996 et
930 942 1084 1012 parit
1115 941 1320 1012 utique
1353 941 1592 995 silentio
1627 940 1756 1010 Sige
1783 957 1798 1008 ;

151 1036 203 1084 et
229 1047 405 1101 quem
430 1031 606 1102 parit,
633 1032 750 1086 Nus
773 1037 882 1099 est,
907 1030 1278 1086 simillimum
1319 1030 1476 1086 Patri
1507 1035 1566 1084 et
1591 1045 1799 1101 parem

151 1135 245 1188 per
265 1121 488 1176 omnia.
511 1143 540 1169 ››
564 1120 954 1188 Irenaaus,lib.
977 1135 1036 1181 ιι.
1062 1136 1194 1191 cap.
1226 1122 1294 1173 24
1318 1136 1330 1173 :
1359 1141 1387 1169 (ι
1411 1121 1558 1174 Eum
1583 1119 1682 1190 qui
1706 1123 1798 1173 est

150 1226 177 1264 a
203 1211 285 1264 Nu
310 1209 659 1280 Propatoris
688 1209 793 1278 (ita
820 1209 971 1280 lego)
1003 1208 1266 1279 ipsorum
1297 1208 1552 1263 emissus
1587 1208 1793 1263 Sermo

150 1301 201 1354 in
226 1299 762 1355 deminorationem
783 1298 1064 1353 emissum
1092 1299 1460 1354 dicunt.Nun
1483 1297 1644 1352 enim
1661 1312 1797 1367 per-

149 1389 350 1444 fectum
373 1405 408 1443 a
431 1389 696 1460 perfecto
726 1389 910 1459 Bytho
932 1392 1394 1460 progeneratum
1406 1387 1534 1459 jam
1561 1402 1681 1440 non
1699 1402 1796 1457 po-

152 1480 317 1534 tuisse
351 1495 488 1535 eam
521 1496 652 1549 quae
684 1494 757 1533 ex
779 1494 847 1533 eo
873 1483 963 1533 est
1003 1477 1388 1533 emissionem
1437 1476 1633 1532 facere
1662 1492 1794 1548 per-

147 1568 366 1636 fectam,
399 1568 510 1624 sed
540 1568 898 1624 obcaecatam
917 1568 1074 1622 circa
1094 1567 1462 1640 agnitionem
1488 1571 1548 1620 et
1567 1565 1792 1638 magni-

151 1658 399 1713 tudinem
433 1657 648 1726 Patris,
681 1663 742 1711 et
770 1656 1129 1712 Salvatorem
1161 1655 1496 1728 symbolum
1522 1653 1788 1727 mysterii

151 1747 311 1818 hujus
334 1746 671 1802 ostendisse
695 1746 754 1799 in
777 1761 846 1800 eo
874 1745 973 1816 qui
997 1761 1030 1800 a
1050 1745 1355 1800 nativitate
1379 1760 1570 1800 caecus
1600 1743 1730 1798 fuit.
1755 1764 1783 1793 »

152 1837 264 1892 Haec
292 1838 478 1909 igitur
526 1841 666 1892 sunt
724 1836 784 1890 in
845 1835 1138 1890 Valentini
1197 1835 1401 1890 schola
1457 1833 1788 1888 certissima

1912 679 2068 729 runt.
2100 673 2390 740 Secundo,
2423 675 2669 728 Aionum
2694 672 3058 745 genealogia,
3083 689 3260 745 quam
3296 671 3562 727 Blondel-

1911 761 2004 816 lus
2035 766 2440 833 repraesentat,
2475 762 2536 816 in
2567 778 2634 816 eo
2661 762 2990 834 fragmento
3014 761 3262 817 minime
3291 761 3556 816 contine-

1911 855 2026 918 tur,
2061 852 2164 908 sed
2192 852 2368 925 plane
2399 851 2532 922 alia,
2569 868 2783 923 nempe
2812 869 2824 907 :

2478 1035 2696 1107 Bythus
2730 1065 2796 1076 —-
2829 1035 2956 1108 Sige

2653 1180 2829 1234 Pater

2506 1252 2682 1306 Pater
2710 1281 2776 1292 —-
2809 1250 2938 1322 Sige

2613 1323 2839 1448 Veritas

2509 1465 2681 1520 Pater
2710 1494 2778 1504 —
2807 1463 3036 1519 Veritas

2487 1607 2696 1674 Homo,
2729 1607 2993 1662 Ecclesia

2504 1679 2731 1747 Sermo,
2769 1679 2913 1734 Vita.

1898 1839 2240 1895 Blondellus
2273 1839 2513 1911 quidem
2539 1839 2712 1894 verba
2735 1838 3007 1908 quaedam
3033 1855 3102 1893 ex
3127 1854 3193 1893 eo
3219 1839 3550 1910 fragmento

152 1925 423 1998 dogmata.
460 1928 616 1991 Nun,
645 1926 784 1996 quia
809 1942 843 1980 a
874 1926 1056 1996 Bytho
1108 1931 1167 1979 et
1210 1925 1338 1996 Sige
1370 1924 1624 1978 emissus
1675 1928 1783 1986 est,
1816 1957 1863 2022 Β
1895 1927 1969 1982 ad
1989 1945 2154 1983 suam
2177 1927 2580 2000 genealogiam
2605 1926 2958 1982 ﬁrmandam
2981 1926 3321 1994 recitat,sed
3342 1926 3547 1981 admo-

151 2015 379 2084 Bythum
401 2015 756 2086 plenissime
787 2015 1145 2086 cognovisse,
1180 2013 1387 2083 illique
1421 2013 1706 2083 aequalem
1728 2018 1786 2066 et

152 2121 332 2174 parem
364 2122 532 2161 esse:
573 2106 821 2176 Bythum
852 2109 1050 2160 autem
1097 2109 1155 2159 et
1185 2103 1357 2175 Sigen
1396 2103 1544 2158 alios
1573 2104 1784 2158 Eonas

151 2211 530 2267 progenerare
564 2195 848 2263 noluisse,
873 2194 1125 2266 ideoque
1146 2196 1275 2248 Nun
1298 2195 1682 2266 Monogenem
1701 2192 1785 2248 di-

151 2292 289 2340 ctum
318 2285 525 2342 fuisse.
568 2287 640 2340 Ut
678 2291 875 2340 autem
934 2283 1035 2339 alii
1087 2285 1296 2338 Eones
1348 2283 1780 2349 emitterentur,

151 2373 260 2427 Nun
286 2376 462 2430 etiam
495 2375 736 2429 Archen
763 2379 821 2428 et
852 2375 1084 2428 Patrem
1118 2372 1360 2427 factum.
1408 2372 1626 2444 Logum
1675 2387 1778 2426 au-

152 2465 373 2534 tem,qui
395 2464 467 2519 ab
483 2481 560 2519 eo
578 2468 1002 2534 progeneratus
1025 2467 1135 2529 est,
1159 2462 1218 2516 in
1241 2461 1781 2516 deminorationem

151 2553 414 2620 generari,
451 2570 524 2608 eo
553 2552 712 2622 quod
743 2569 814 2607 ex
873 2551 1056 2622 Bytho
1107 2557 1166 2605 et
1212 2550 1344 2623 Sige
1369 2550 1620 2605 emissus
1659 2565 1780 2603 non

154 2642 570 2713 esset,ideoque
592 2642 840 2712 Bythum
862 2657 1106 2712 prorsus
1129 2640 1420 2712 ignorare,
1454 2645 1511 2693 et
1537 2641 1780 2694 Eonem

150 2745 344 2784 czecum
376 2731 514 2786 dici.
554 2733 722 2785 Patet
751 2731 950 2800 itaque
983 2730 1043 2783 in
1075 2728 1304 2784 scholia
1343 2728 1638 2784 Valentini
1675 2727 1776 2782 Lo-

152 2834 266 2888 gum
297 2837 329 2875 a
357 2822 550 2892 Bytho
580 2820 671 2874 vel
701 2820 832 2891 Sige
859 2819 1142 2873 emissum
1177 2817 1294 2872 dici
1343 2834 1462 2872 non
1494 2816 1780 2888 potuisse.

205 2913 560 2978 Blondellus,
584 2918 650 2966 ut
669 2913 792 2967 haec
817 2911 1304 2976 evitaret,miram
1327 2909 1499 2964 nobis
1530 2910 1778 2963 :Eonum

148 3001 526 3074 genealogiam
563 3001 839 3072 pertexit,
872 3006 932 3055 et
956 2999 1513 3055 Valentinianorum
1544 3003 1778 3052 senten-

149 3088 265 3142 tiam
293 3091 398 3145 hoc
431 3089 615 3146 modo
649 3089 905 3145 efﬁctam
935 3088 1242 3160 exprimit:
1266 3111 1292 3138 ‹‹
1315 3087 1668 3158 Supremum
1692 3085 1779 3141 illi

149 3178 358 3234 Eonem
379 3180 751 3236 somniantes
775 3178 941 3233 Βυθὸν
975 3195 1008 3234 a
1033 3193 1094 3233 se
1113 3182 1172 3233 et
1187 3176 1510 3250 προπάτορα
1528 3176 1776 3246 dictum,

153 3267 233 3335 qui
265 3285 327 3322 ex
361 3273 528 3342 Σιγῆς
564 3268 881 3339 complexu
911 3267 1210 3340 geminam
1241 3265 1468 3337 prolem
1501 3266 1649 3320 Νοῦν
1673 3281 1778 3320 seu

154 3353 341 3427 Πατέρα
370 3354 745 3426 θιἋλήθειαν
775 3356 1171 3427 suscepisset;
1213 3371 1421 3410 rursus
1473 3355 1614 3409 Νοῦν
1675 3370 1779 3409 seu

154 3440 335 3518 Πατέρα
367 3450 503 3519 Σιγῇ
537 3447 720 3503 matri
752 3446 1130 3501 commistum
1163 3443 1342 3517 Λόγον
1370 3444 1460 3497 καὶ
1493 3444 1647 3510 Ζωήν
1677 3459 1778 3515 ge-

154 3535 326 3591 nuisse
349 3537 676 3606 ﬁngebant.
704 3557 731 3585 ››
758 3536 890 3590 Haec
912 3536 1090 3607 igitur
1109 3550 1312 3590 corum
1335 3533 1779 3606 genealogia,ex

156 3621 412 3680 Blondelli
437 3625 739 3681 sententia
767 3642 779 3678 :

696 3769 920 3839 Bythus
951 3795 1018 3810 —
1053 3767 1205 3839 Sige.

802 3912 920 3966 Nus
950 3842 990 3962 ἴἱ
1023 3911 1246 3964 Veritas

805 3984 923 4063 aus
955 4013 1020 4022 —-
1051 3983 1183 4063 sae

809 4054 1036 4112 Sermo.
1075 4054 1220 4108 Vita.

163 4173 321 4230 Aliam
342 4177 554 4232 fatetur
570 4174 920 4246 exposuisse
953 4175 1180 4237 Patres;
1203 4173 1358 4227 hanc
1383 4179 1578 4227 autem
1613 4186 1782 4225 acce-

164 4262 292 4328 pisse
321 4283 377 4319 se
408 4267 487 4320 ait
520 4283 589 4320 ex
631 4265 963 4335 fragmento
1018 4262 1153 4316 libri
1213 4261 1781 4326 Valentinianorum,

167 4353 296 4418 quod
327 4355 392 4409 ab
423 4355 754 4426 Epiphanio
789 4354 1030 4406 Panario
1061 4368 1164 4406 suo
1199 4352 1488 4405 insertum
1507 4357 1615 4405 est.
1652 4351 1782 4404 Hinc

166 4438 243 4493 ille
273 4444 326 4496 in
357 4445 699 4514 praefatione
732 4442 805 4497 ad
830 4443 1193 4514 Apologiam.
1223 4442 1285 4495 In
1303 4442 1459 4496 notis
1490 4447 1685 4495 autem
1710 4440 1782 4494 ad

169 4529 440 4597 epistolam
475 4534 662 4588 lsaaci
701 4532 885 4586 Vossii
937 4531 1151 4586 asserit
1195 4530 1411 4585 librum
1467 4546 1598 4584 eum
1654 4545 1780 4583 esse

170 4617 325 4686 ipsius
357 4622 669 4684 Valentini,
707 4627 764 4675 et
814 4620 1139 4675 secundum
1175 4635 1308 4674 eum
1343 4617 1512 4693 Λόγον
1548 4635 1579 4673 a
1606 4617 1697 4672 Nu
1728 4623 1787 4671 et

170 4704 274 4776 Sige
303 4710 636 4766 immediate
668 4711 1050 4782 processisse.
1082 4709 1193 4763 Sed
1245 4709 1434 4779 primo
1489 4708 1640 4762 liber
1683 4706 1780 4760 ille

175 4794 443 4853 Valentino
469 4801 579 4870 ipsi
603 4801 732 4853 sine
748 4798 869 4852 ullo
895 4797 1282 4852 fundamento
1301 4797 1783 4852 ascribitur.1\'am

174 4882 495 4954 Epiphanius
526 4894 736 4943 contra
769 4887 1214 4941 Valentinianos
1245 4887 1554 4957 disputans
1587 4892 1638 4939 et
1665 4885 1783 4938 fra-

175 4985 440 5041 gmentum
461 4981 640 5050 hujus
665 4977 800 5033 libri
832 4979 1107 5045 recitans,
1133 4994 1266 5032 eum
1295 4983 1459 5032 vocat
1483 4977 1581 5043 τήν
1609 4973 1782 5028 αὐτῶν

180 5057 359 5130 βίϐλον·
392 5085 507 5122 non
541 5070 681 5138 ejus.
717 5067 819 5121 sed
851 5083 1036 5121 eorum
1067 5067 1308 5136 librum,
1342 5067 1594 5136 alicujus
1627 5064 1788 5118 scili-

181 5159 253 5203 cet
282 5154 686 5220 Valentiniani,
720 5173 838 5210 non
872 5156 1058 5226 ipsius
1089 5156 1416 5222 Valentini;
1442 5160 1497 5210 ct
1519 5155 1786 5209 adﬁnem

180 5237 450 5311 fragmenti
492 5246 691 5300 addit:
749 5243 846 5309 Καὶ
893 5247 1059 5297 ταῦτα
1113 5243 1206 5315 μὲν
1260 5243 1365 5296 ἀπὸ
1428 5243 1624 5314 μέρους
1678 5245 1788 5294 τῶν

183 5321 376 5390 βιϐλίων
407 5332 576 5387 αὐτῶν
604 5331 904 5406 παραθέντα
934 5329 1041 5391 ἓως
1076 5328 1184 5385 ὧδὲ
1231 5351 1323 5404 μοι
1375 5329 1632 5401 είρήσθω,
1667 5352 1695 5380 ‹‹
1730 5335 1788 5384 et.

181 5412 283 5470 hmo
309 5423 532 5490 quidem
565 5441 633 5478 ex
667 5429 830 5494 parte
863 5422 1153 5476 librorum
1185 5439 1391 5477 eorum
1416 5422 1640 5476 inserta
1676 5420 1787 5474 huc

183 5521 337 5577 “Silus
360 5514 493 5567 mihi
514 5514 670 5569 dicta
693 5519 886 5567 sunto.
915 5534 943 5561 ››
968 5513 1088 5566 [mo
1105 5512 1424 5567 falsissimo
1446 5511 1557 5583 ipsi
1587 5509 1786 5564 Valen-

183 5595 284 5649 tino
313 5603 583 5668 assngnari
615 5608 841 5656 certum
875 5606 982 5656 est.
1020 5599 1157 5667 Ejus
1189 5601 1349 5655 enim
1381 5599 1621 5671 propria
1655 5614 1787 5652 sen-

185 5688 341 5740 tentia
362 5689 427 5743 ab
453 5693 666 5745 Irenaeo
692 5692 1102 5760 referturque:
1125 5690 1195 5744 ab
1224 5689 1403 5760 hujus
1427 5687 1787 5743 libridelirio

185 5775 408 5832 multum
437 5779 725 5854 discrepat
757 5797 770 5847 ;
805 5784 862 5834 et
894 5778 1186 5834 Valentini
1229 5777 1552 5849 discipulos
1601 5782 1726 5831 tum
1757 5792 1791 5830 a

1893 2019 2034 2074 dum
2067 2020 2266 2075 dolose
2294 2037 2306 2074 :
2342 2037 2410 2074 ea
2432 2020 2591 2074 enim
2615 2019 2852 2087 omittit,
2879 2036 3010 2089 quae
3041 2018 3115 2074 ad
3138 2035 3264 2072 rem
3283 2018 3539 2073 maxime

1893 2110 2144 2176 faciunt;
2168 2115 2369 2164 nostra
2385 2113 2581 2164 autem
2611 2125 2678 2163 ex
2709 2108 2852 2179 ipsis
2883 2108 3196 2181 fragmenti
3229 2107 3417 2162 verbis
3450 2107 3534 2162 sic

1893 2197 2151 2254 dilucide
2163 2198 2480 2271 colligitur.
2500 2197 2943 2253 Valentinianus
2964 2197 3065 2250 ille
3078 2196 3269 2268 primo
3283 2196 3534 2267 Bythum

1894 2293 1952 2344 et
1989 2287 2161 2360 Sigen
2220 2287 2582 2352 describens,
2634 2287 2863 2358 inquit:
2909 2285 3008 2341 Καὶ
3061 2282 3195 2354 αὐτὴ
3247 2283 3395 2354 αὐτῷ
3443 2305 3535 2356 μι-

1890 2377 2047 2452 γεῖσα
2062 2372 2401 2431 ἀναδείκνυσι
2423 2376 2632 2449 Πατέρα
2651 2381 2747 2444 τῆς
2772 2373 3121 2445 ’Λληθείαςω
3147 2375 3538 2448 Primaigitur

1893 2467 2134 2522 emissio
2157 2473 2246 2522 est
2270 2484 2387 2539 qua
2409 2469 2581 2523 Pater
2601 2467 2865 2521 veritatis
2890 2483 2958 2520 ex
2990 2465 3174 2536 Bytho
3209 2470 3264 2519 et
3281 2465 3409 2536 Sige
3440 2481 3537 2537 ge-

1893 2562 2154 2625 neratur,
2188 2573 2364 2628 quem
2401 2560 2460 2611 et
2487 2553 2770 2628 ἅνθρωπον
2821 2553 3128 2610 vocabant.
3179 2551 3328 2606 Μετᾶ
3375 2554 3535 2606 τοῦτο

1892 2641 1948 2698 δὲ
1999 2646 2033 2712 ὴ
2090 2646 2227 2719 Σιγή
2288 2644 2520 2723 τρυσικὴν
2573 2641 2801 2712 ἑνότητα
2858 2641 3035 2720 φωτὸς
3094 2639 3534 2716 προενεγκαμένη

1892 2732 1982 2787 σὺν
2015 2737 2094 2804 τῷ
2124 2732 2396 2806 ἀνθρώπῳ
2426 2731 2514 2805 (ἦν
2540 2729 2587 2784 δ’
2619 2728 2805 2792 αὒταῖς
2834 2731 2868 2798 ἠ
2901 2727 3211 2791 συνέλευσις
3242 2728 3305 2783 τὸ
3326 2726 3527 2802 Θὲλειν)

1889 2821 1977 2875 καὶ
2036 2817 2374 2875 ἀναδείκνυσι
2433 2822 2532 2890 τήν
2590 2819 2910 2889 Ἀλήθειαν.
2968 2842 2996 2868 ‹‹
3056 2820 3265 2874 Postea
3334 2823 3534 2873 autem

1892 2912 2018 2983 Sige
2053 2911 2386 2966 naturalem
2419 2910 2707 2965 unitatem
2740 2909 2889 2963 lucis
2918 2907 3224 2979 proferens
3273 2923 3407 2961 cum
3438 2905 3539 2960 ho-

1891 3001 2052 3056 mine
2077 3001 2225 3072 (erat
2244 3006 2442 3056 autem
2475 2999 2591 3053 illis
2615 2997 2760 3054 velle
2785 2995 3535 3068 congressus),paritetiam

1889 3090 2232 3146 Veritatem.
2261 3112 2287 3139 »
2313 3087 2581 3144 Secunda
2607 3087 2784 3159 igitur
2805 3086 3046 3142 omissio
3065 3090 3280 3156 estqua
3305 3084 3528 3139 Veritas

1891 3196 1960 3234 ex
1988 3181 2182 3247 Patre,
2238 3195 2341 3234 seu
2390 3177 2655 3246 homine,
2715 3182 2772 3230 et
2832 3175 2957 3248 Sige
2997 3180 3331 3248 generatur.
3384 3173 3536 3228 Μετὰ

1888 3267 2049 3322 τοῦτο
2080 3269 2114 3336 ἡ
2155 3265 2417 3336 Ἀλήθεια
2470 3266 2744 3340 μητρικήν
2794 3261 3234 3339 προενεγκαμένη
3281 3281 3538 3336 προυνει-

1889 3357 2009 3410 κίαν
2067 3353 2294 3425 ἐθήλυνε
2348 3355 2439 3410 τὸν
2499 3356 2709 3430 Πατέρα
2757 3354 2952 3423 ἑαυτῆς
3013 3352 3087 3413 εἷς
3165 3352 3385 3420 ἑαυτὴν,
3445 3350 3532 3403 καὶ

1891 3447 2148 3520 συνῄεσαν
2181 3447 2392 3508 ἑαυτοῖς
2429 3446 2684 3524 ἀφθάρτῳ
2737 3444 2876 3519 μίξει
2927 3446 3019 3500 καὶ
3069 3444 3330 3520 ἀγηράτῳ
3383 3444 3536 3517 [lego

1889 3537 2170 3611 ἀκηράτῳ]
2219 3535 2525 3611 συγκράσει,
2577 3535 2664 3589 καὶ
2719 3532 3054 3589 ἀναδείκνυσι
3108 3529 3333 3609 τετράδα
3376 3553 3537 3587 πνευ-

1895 3627 2127 3699 ματικὴν
2189 3624 2576 3702 ἀρρενόθηλυν,
2629 3624 2914 3679 ἀντίτυπον
2965 3631 3066 3694 τῆς
3117 3623 3397 3698 προούσης
3449 3642 3539 3677 τε-

1891 3712 2105 3790 τράδος.
2139 3719 2402 3772 «Postea
2435 3716 2658 3771 Veritas
2689 3720 3020 3770 maternam
3039 3715 3345 3787 proferens
3369 3714 3540 3768 lasci-

1889 3809 2064 3876 viam,
2099 3807 2465 3862 eﬁ‘eminavit
2512 3807 2744 3861 Patrem
2800 3823 2972 3861 suum
3023 3805 3097 3860 ad
3147 3805 3427 3875 seipsam,
3480 3809 3540 3859 et

1892 3898 2191 3970 congressi
2224 3901 2361 3952 sunt
2382 3895 2633 3951 invicem
2657 3895 3000 3966 incorrupta
3029 3893 3395 3960 mistione,et
3426 3894 3536 3946 im-

1891 3986 2125 4042 mortali
2154 3987 2331 4054 coitu,
2365 3990 2422 4039 et
2442 3983 2596 4055 parit
2622 3982 2908 4037 tetradem
2941 3981 3306 4053 spiritualem
3325 3980 3538 4047 prioris

1892 4075 2137 4130 tetradis
2169 4073 2731 4146 representativam.
2771 4096 2791 4120 ι
2829 4071 3020 4126 Lertia
3067 4070 3244 4142 igitur
3297 4069 3536 4124 emissio

1893 4170 1999 4219 est.
2035 4182 2152 4235 qua
2179 4163 2442 4219 secunda
2473 4168 2654 4217 tetras
2687 4163 2893 4231 (Homo
2925 4167 2983 4215 et
3012 4159 3294 4224 Ecclesia,
3335 4160 3538 4212 Sermo

1896 4260 1953 4310 et
1987 4255 2153 4318 Vita),
2190 4271 2259 4308 ex
2289 4256 2459 4308 Patre
2492 4259 2549 4307 et
2581 4253 2834 4306 Veritate
2865 4258 3143 4324 generata
3159 4255 3266 4306 est.
3298 4250 3429 4302 Hmc
3452 4251 3541 4301 est

1893 4344 2236 4414 genealogia
2265 4345 2512 4398 Eonum
2547 4343 2750 4414 prima)
2782 4341 3062 4412 ogdoadis
3103 4341 3162 4394 in
3213 4339 3539 4412 fragmento

1897 4434 2031 4488 libri
2061 4432 2600 4488 Valentinianorum
2626 4431 2780 4503 apud
2809 4431 3199 4502 Epiphanium
3217 4427 3540 4498 descripta;

1897 4541 1964 4578 ex
1995 4539 2110 4593 quo
2143 4539 2351 4578 novam
2386 4523 2560 4593 plane
2591 4528 2649 4576 et
2688 4523 2974 4575 hactenus
3006 4519 3334 4574 inauditam
3366 4521 3541 4577 Blon-

1896 4610 2089 4666 dellus
2120 4611 2277 4666 fecit.
2313 4627 2488 4682 quam
2525 4627 2634 4664 nec
2665 4611 2723 4664 in
2757 4626 2824 4663 eo
2855 4609 3204 4680 fragmento.
3241 4625 3349 4663 nec
3399 4610 3541 4664 alibi

1822 4697 1857 4757 ξ)
1890 4700 2174 4771 reperias.
2208 4700 2366 4754 Hanc
2397 4706 2594 4754 autem
2627 4700 2750 4769 ipse
2771 4705 3140 4752 commentus
3170 4697 3537 4770 est,utAéyov

1896 4806 2066 4844 suum
2092 4806 2157 4843 ex
2174 4789 2301 4861 Sige
2319 4788 2659 4843 immediate
2686 4787 3064 4858 produceret;
3086 4787 3241 4857 quod
3261 4788 3538 4842 omnibus

1896 4879 2443 4933 Valentinianorum
2476 4877 2834 4948 genealogiis
2868 4883 3172 4946 repugnat.
3211 4879 3278 4928 Et
3301 4881 3533 4930 senten-

1895 4969 2034 5022 tiam
2063 4985 2225 5022 suam
2247 4969 2480 5022 ﬁrmare
2502 4966 2808 5019 videturvx
2831 4965 3020 5017 verbis
3038 4983 3167 5034 quae
3188 4971 3537 5035 sequuntur,

1896 5054 2016 5123 ἣτις
2048 5055 2114 5123 ἦν
2148 5055 2340 5117 Book,
2377 5054 2534 5127 Σιγῆ,
2589 5054 2794 5119 llatae,
2851 5050 3125 5119 Ἀλήθειαο
3161 5053 3294 5119 αὓτη
3329 5051 3386 5106 δὲ
3415 5055 3449 5120 ἡ
3484 5051 3543 5109 ἐκ

1893 5149 1991 5198 τοῦ
2025 5147 2232 5217 Ματρὸς
2260 5143 2346 5197 καὶ
2395 5149 2493 5208 τῆς
2549 5146 2718 5214 Σιγῆς
2765 5139 2974 5212 τετρὰς,
3025 5145 3363 5212 Ἄνθρωπος,
3419 5144 3543 5197 Ἐγ-

1896 5234 2120 5302 κλησία.
2158 5233 2356 5306 Λόγον,
2390 5232 2534 5298 Ζωή.
2572 5230 2684 5286 Sed
2717 5231 2764 5283 si
2788 5231 2912 5283 hanc
2944 5230 3120 5285 verba
3145 5232 3371 5302 aliquid
3412 5251 3544 5302 pro-

1898 5324 2128 5391 barint,
2189 5320 2358 5394 Λόγον
2392 5339 2425 5376 a
2456 5319 2586 5386 Sige
2639 5334 2756 5370 non
2806 5317 3145 5372 immediate
3196 5319 3545 5390 productam

1899 5413 2181 5468 docerent
2205 5418 2375 5478 ;sunt
2397 5409 2553 5465 enim
2579 5406 2985 5461 tantummodo
3009 5408 3271 5477 priorum
3287 5407 3546 5478 explica-

1898 5502 2011 5568 tio;
2047 5503 2106 5555 in
2139 5501 2437 5572 prioribus
2468 5504 2664 5553 autem
2698 5495 2958 5550 secunda
2981 5501 3159 5551 tetras
3185 5512 3300 5549 non
3332 5497 3546 5552 imme-

1898 5596 2054 5650 diate
2086 5609 2120 5646 a
2150 5591 2300 5661 Sige,
2337 5588 2439 5642 sed
2471 5604 2504 5641 a
2530 5585 2781 5638 Veritate
2807 5583 3187 5653 producitur:
3221 5582 3344 5637 hmo
3369 5584 3546 5656 igitur

1898 5683 1972 5739 ad
2005 5678 2361 5737 sententiam
2396 5674 2686 5729 Blondelli
2718 5672 2866 5726 nihil
2886 5672 3128 5726 omnino
3160 5671 3401 5728 faciunt.
3434 5675 3545 5730 Sed

1898 5783 1964 5834 ut
1990 5776 2050 5830 in
2077 5773 2178 5828 illo
2211 5771 2543 5841 fragmento
2579 5765 2763 5819 multa
2795 5771 3071 5837 corrupta
3119 5768 3275 5828 sunt,
3319 5763 3404 5818 ita
3450 5767 3544 5820 hic
