3974 6296
337 333 451 402 311

1405 337 1468 399 S.
1518 337 1914 400 IGNATIUS.
1962 367 2039 381 -—-
2079 338 2700 400 PROLEGOMENA.

3627 340 3756 399 312

345 476 528 533 etiam
546 473 711 530 locus
733 473 878 529 mihi
903 488 1082 528 sanus
1114 489 1237 529 non
1267 474 1530 542 videtur;
1563 492 1701 530 nam
1742 476 1832 531 vel
1854 473 1988 546 αὕτη
2023 478 2075 544 Α
2103 475 2235 531 Nun
2264 473 2450 530 velint
2479 475 2673 547 Logon
2703 474 2982 530 henuisse
3008 489 3021 528 :
3055 487 3364 544 nunquam
3395 477 3594 528 tamen
3616 489 3758 530 eum

340 561 399 618 δὲ
429 564 463 630 ἡ
499 562 558 617 ἐκ
585 566 680 617 τοῦ
712 563 921 637 Ματρὸς
953 561 1041 616 καὶ
1071 568 1172 631 τῆς
1227 570 1398 637 Σιγῆς
1448 561 1737 634 Ἀλήθειαν
1789 566 1992 620 imme.

344 655 502 711 diate
533 654 968 726 praecedentem
1001 660 1245 725 spectat,
1279 672 1409 725 quae
1457 655 1784 711 secundum
1834 657 1992 711 hunc

351 745 832 800 Valentinianum
860 761 928 798 ex
958 745 1127 798 Patre
1163 750 1220 798 et
1275 745 1402 817 Sige
1443 750 1730 816 prognata
1777 751 1886 812 est,
1937 749 1996 800 et

345 839 488 890 tunc
521 833 744 904 aliquid
775 837 912 888 ante
944 838 1293 902 sequentem
1325 850 1528 888 vocem
1557 830 1745 907 τετράς
1796 834 1994 899 deest;

345 923 434 977 vel
463 939 568 994 pro
601 927 775 994 Σιγῆς
807 923 1054 976 omnino
1083 922 1395 994 legendum
1441 929 1532 978 est
1575 919 1892 991 Ἀληθείας,
1929 928 1997 976 ut

357 1012 485 1066 haec
513 1011 989 1083 praecedentibus
1020 1013 1392 1066 conveniant.
1425 1013 1665 1067 Frustra
1684 1013 1861 1068 etiam
1885 1012 1999 1066 huc

331 1093 592 1156 advocat
623 1101 964 1156 Blondellus
1010 1107 1287 1172 corrupta
1335 1101 1438 1156 illa
1482 1102 1658 1157 verba
1704 1102 1906 1174 Cyrilli
1938 1102 2000 1155 in

348 1191 646 1247 catechesi
679 1193 709 1244 6
743 1208 755 1244 :
788 1188 1072 1261 Ἐγὲννησε
1104 1191 1293 1263 Σιγὴν,
1323 1189 1410 1242 καὶ
1451 1188 1558 1243 ἀπὸ
1591 1195 1764 1263 Σιγῆς
1791 1187 2000 1243 ἐτεκνο-

354 1278 498 1333 ποίει
530 1279 732 1352 Λόγου.
772 1280 958 1334 Locus
991 1279 1089 1333 ille
1122 1279 1318 1334 adhuc
1345 1281 1406 1333 in
1435 1280 1652 1335 mendo
1675 1280 1870 1347 cubat,
1893 1296 2003 1334 nec

359 1368 430 1423 ab
462 1369 788 1440 interprete
815 1368 1153 1422 intellectus
1185 1374 1291 1422 est.
1326 1368 1447 1422 Ὂτι
1479 1369 1507 1420 ὁ
1537 1369 1708 1432 Βυθὸς
1759 1367 2004 1441 ἐγέννησε

361 1458 560 1531 Σιγήν,
591 1456 682 1510 καὶ
713 1455 817 1510 ἀπὸ
874 1463 973 1524 τῆς
1035 1463 1204 1532 Σιγῆς
1261 1454 1588 1512 ἐτεγνοποίει
1648 1457 1851 1532 Λόγου,
1907 1459 2005 1510 τοῦ

354 1546 483 1619 παρ’
527 1544 797 1615 Ἕλλησιν
841 1545 983 1608 Διός·
1047 1545 1202 1607 οὗτος
1261 1544 1462 1624 χείρων
1515 1550 1612 1601 τοῦ
1669 1549 1735 1619 τῇ
1795 1543 2004 1624 ἀδελφῇ

358 1635 718 1710 μιγνυμένου·
749 1636 931 1689 τέκνον
990 1635 1093 1709 γὰρ
1155 1641 1288 1688 εἶναι
1334 1639 1430 1688 τοῦ
1479 1637 1654 1698 Βυθοῦ
1721 1633 1937 1708 ἐλέγετο
1970 1636 2004 1702 ἡ

355 1724 574 1792 Σιωπή.
601 1727 685 1779 Ita
709 1726 906 1779 Graeca
928 1725 1104 1780 verba
1125 1725 1284 1779 edita
1309 1731 1367 1779 et
1397 1724 1673 1780 distincta
1692 1730 1849 1793 sunt,
1875 1741 2006 1795 quas

2101 565 2297 637 Logon
2330 581 2402 618 ex
2433 563 2561 635 Sige
2595 563 2880 618 emissum
2919 562 3331 617 admittebant.
3390 562 3608 633 Bythus
3655 563 3758 616 hic

2102 670 2173 708 ex
2194 653 2323 725 Sige
2343 658 2625 724 tanquam
2651 669 2720 707 ex
2744 652 2866 707 ﬁlia
2894 669 3000 707 sua
3037 657 3284 723 generat
3306 651 3546 706 liberos
3573 669 3584 705 :
3613 657 3675 706 at
3705 651 3754 705 si

2104 742 2553 798 Valentinianus
2585 743 2880 812 quispiam
2914 743 3071 798 dicat
3100 745 3230 798 Nun
3263 759 3368 797 seu
3416 743 3648 798 Patrem
3682 758 3757 797 ex

2106 832 2235 904 Sige
2264 834 2507 887 onnem
2538 832 2798 901 aliquem
2849 847 3215 902 procreasse,
3265 831 3325 885 id
3374 831 3593 886 factum
3628 847 3756 886 non

2107 938 2177 977 ex
2208 921 2351 990 ﬁlia,
2387 923 2490 977 sed
2521 938 2592 976 ex
2624 928 2811 976 matre
2841 921 3153 977 docebant.
3178 923 3328 994 Logo
3352 923 3532 993 igitur
3550 921 3753 992 Cyrilli

2105 1011 2516 1066 infelicissime
2559 1028 2701 1066 usus
2753 1017 2843 1066 est
2891 1011 3273 1078 Blondellus;
3302 1018 3360 1065 et
3389 1012 3532 1067 satis
3561 1011 3758 1066 adhuc

2106 1101 2490 1156 manifestum
2515 1107 2652 1156 esta
2674 1100 2976 1156 Valentino
2999 1117 3306 1172 nunquam
3323 1101 3548 1157 dictum
3569 1101 3756 1156 fuisse

2108 1189 2280 1262 Λόγον
2311 1187 2415 1241 ἀπὸ
2446 1194 2613 1261 Σιγῆς
2646 1186 2958 1262 προελθεῖν.

2181 1279 2455 1349 Exposita
2509 1279 2828 1347 sententia,
2887 1279 3337 1350 rationibusque
3385 1280 3605 1334 nostris
3649 1279 3758 1334 ad-

2109 1383 2312 1422 versus
2343 1367 2635 1421 Blondelli
2667 1368 2918 1422 astutias
2949 1368 3233 1436 defensis,
3265 1368 3569 1424 videamus
3615 1367 3765 1439 quid

2111 1455 2398 1511 Dallaaum
2417 1458 2742 1511 moveritut
2763 1457 2936 1511 aliter
2953 1458 3230 1512 sentiret:
3253 1481 3280 1507 ‹‹
3305 1459 3437 1529 Ipsa
3449 1458 3574 1512 haec
3586 1457 3767 1512 verba

2112 1546 2172 1601 in
2197 1545 2577 1600 Valentinum
2613 1546 2777 1615 ferri,
2811 1546 3060 1618 ejusque
3091 1547 3370 1602 delirium
3400 1547 3595 1617 ferire,
3639 1565 3766 1602 non

2115 1641 2222 1705 est,
2253 1635 2464 1706 inquit,
2493 1641 2560 1690 ut
2590 1635 2821 1706 opinor,
2855 1636 3182 1691 obscurius.
3222 1660 3242 1685 ι
3279 1638 3541 1692 Primum
3583 1653 3766 1708 quam

2116 1724 2343 1793 timide,
2367 1730 2432 1779 ut
2466 1746 2489 1776 α
2524 1726 2757 1796 opinor,
2792 1747 2821 1774 »
2854 1731 2932 1793 et,
2968 1747 2990 1777 α
3027 1742 3147 1780 non
3196 1725 3541 1781 obscurius!
3577 1748 3604 1776 »
3637 1729 3766 1781 lmo

353 1814 610 1869 Joannes
643 1813 962 1869 Grodecius
1005 1815 1087 1868 sic
1133 1815 1555 1886 interpretatus
1609 1820 1696 1869 est
1723 1832 1735 1868 :
1788 1837 1806 1862 σ
1842 1812 2008 1879 Quod
2041 1838 2085 1904 Β
2117 1832 2252 1869 vero
2277 1814 2606 1869 certissime
2633 1814 3123 1880 obscurius,et,ut
3143 1816 3376 1886 opinor,
3407 1815 3764 1884 absurdius;

356 1904 598 1975 Bythos,
631 1904 690 1958 id
723 1910 813 1959 est
852 1904 1234 1974 profundum,
1266 1905 1538 1976 genuerit
1564 1905 1756 1978 Sigen,
1812 1904 1870 1958 id
1924 1909 2014 1958 est
2048 1903 2052 1904 ί
2119 1903 2275 1974 quod
2298 1921 2370 1957 ex
2393 1904 2499 1958 viri
2518 1904 2845 1959 doctissimi
2869 1904 3214 1975 probatione
3245 1905 3469 1976 patebit
3497 1906 3766 1961 luculen-

368 1992 524 2048 Silen
535 1993 770 2060 tium,et
788 1994 858 2048 de
879 1995 1005 2065 Sige
1023 1995 1351 2064 procrearit
1367 1995 1689 2067 Logon,qui
1703 1994 1928 2066 Jupiter
1941 1994 2015 2048 sit

369 2082 708 2154 gentilibus,
736 2082 1068 2136 etdeterior
1089 2099 1154 2137 ac
1179 2082 1425 2136 inferior
1441 2101 1509 2138 eo
1529 2083 1628 2153 qui
1652 2100 1786 2137 cum
1815 2099 2014 2138 sorore

367 2172 444 2225 sit
475 2173 707 2226 mistus.
743 2172 873 2242 Sige
907 2171 1066 2226 enim
1099 2172 1265 2241 Bythi
1312 2172 1432 2225 ﬁlia
1462 2171 1788 2227 dicebatur.
1812 2194 1841 2223 »
1873 2173 2018 2226 Mira

363 2257 462 2311 hic
494 2257 676 2312 tradit
701 2258 995 2328 interpres
1028 2258 1098 2311 de
1131 2259 1281 2329 Logo
1338 2257 1752 2313 Valentiniano
1805 2259 1904 2329 qui
1937 2259 2013 2312 sit

363 2349 591 2419 Jupiter
621 2347 938 2418 gentilibus
969 2347 1131 2417 Legit
1163 2347 1459 2401 enimvero
1496 2347 1557 2401 in
1601 2364 1712 2402 ms.
1762 2364 1868 2402 suo
1917 2365 2013 2401 vo-

370 2454 500 2493 cem
524 2435 728 2511 Λόγου,
758 2435 860 2489 sed
887 2440 1160 2506 corrupte
1183 2442 1503 2503 exaratam,
1521 2452 1702 2506 quare
1717 2442 1773 2490 et
1796 2454 1828 2490 a
1857 2437 2020 2506 prio-

368 2526 534 2582 ribus
557 2530 615 2578 et
631 2541 664 2579 a
691 2523 1074 2594 sequentibus
1096 2524 1156 2577 in
1177 2525 1391 2578 Graecis
1414 2524 1701 2589 distinxit,
1721 2525 1780 2579 in
1800 2524 2020 2580 Latinis

370 2623 568 2672 autem
603 2616 841 2684 utrique
873 2615 1183 2668 sententia-3
1218 2614 1544 2685 conjunxit,
1599 2633 1734 2670 cum
1775 2614 2021 2668 ἐκτεκνο-

366 2705 511 2758 ποίει
547 2703 899 2774 composuit,
933 2721 1000 2758 ac
1025 2703 1071 2757 si
1106 2704 1392 2775 scriptum
1426 2710 1582 2758 esset
1604 2704 1778 2778 Λόγον
1799 2705 2025 2775 (quem-

367 2795 688 2851 admodum
721 2793 780 2846 in
813 2811 923 2847 ms.
959 2793 1276 2847 Oxoniensi
1311 2793 1547 2865 legitur)
1579 2810 1713 2848 cum
1755 2797 1852 2846 τοῦ
1898 2792 2021 2853 Διός

369 2883 694 2955 conjungit,
737 2899 804 2936 ac
837 2883 884 2936 si
915 2881 1123 2937 eodem
1152 2899 1292 2936 casu
1351 2883 1664 2953 legeretur,
1715 2888 1890 2952 atque
1939 2882 2020 2937 ita

371 2973 571 3029 omnia
593 2970 923 3026 confundit.
952 2971 1008 3024 Si
1036 2970 1207 3044 Λόγον
1242 2971 1483 3040 quidem
1503 2971 2016 3042 legamus,sensus

371 3061 688 3118 verborum
703 3061 800 3114 hic
812 3060 1160 3130 perspicuus
1179 3065 1296 3114 est:
1315 3081 1343 3108 «
1368 3060 1587 3130 Bythus
1604 3060 1807 3131 genuit
1825 3060 2023 3129 Sigen,

373 3157 431 3207 et
453 3167 482 3205 e
507 3150 633 3222 Sige
657 3148 958 3221 generavit
979 3149 1215 3219 Logum.
1240 3149 1381 3202 Joxe
1404 3148 1714 3219 gentilium
1733 3149 1827 3203 hic
1852 3149 2022 3220 pejor

373 3247 482 3306 est,
515 3240 614 3309 qui
646 3255 780 3292 cum
813 3253 1013 3291 sorore
1045 3237 1256 3290 mistus
1289 3243 1395 3290 est.
1449 3237 1596 3292 Filia
1638 3237 1798 3292 enim
1847 3236 2018 3309 Bythi

376 3328 684 3383 dicebatur
714 3327 905 3396 Siope.
928 3346 958 3375 »
992 3324 1102 3379 Sed
1136 3325 1240 3380 illa
1259 3342 1369 3379 vox
1400 3323 1580 3398 Λόγου
1601 3343 1730 3397 quas
1753 3327 1911 3382 hunc
1936 3326 2019 3380 lo-

380 3433 516 3472 cum
539 3416 683 3469 adeo
710 3413 965 3468 turbavit
988 3415 1232 3468 omnino
1256 3415 1592 3469 necessaria
1614 3432 1734 3470 non
1759 3422 1866 3484 est,
1901 3415 2018 3470 sive

379 3506 600 3580 priora,
633 3504 751 3558 sive
784 3504 1112 3574 posteriora
1140 3503 1312 3557 verba
1329 3504 1631 3575 respicias.
1666 3505 2017 3559 Posteriori-

377 3595 490 3648 bus
521 3609 643 3646 non
675 3592 975 3662 competit,
1010 3591 1166 3661 quod
1199 3591 1516 3646 Grodecius
1548 3593 1748 3647 voluit.
1769 3592 2020 3663 Cyrillus

378 3685 537 3739 enim
571 3699 690 3736 non
723 3682 935 3753 Logon,
972 3681 1074 3735 sed
1107 3680 1489 3750 BythumJovi
1514 3688 1836 3753 comparat.
1861 3683 2022 3736 Prio-

376 3772 541 3828 ribus
567 3787 759 3841 neque
791 3768 966 3840 Λόγου
999 3771 1301 3840 competit,
1326 3787 1517 3840 neque
1549 3769 1721 3845 Λόγον
1756 3788 2022 3828 necessa-

375 3863 533 3918 rium
565 3867 688 3927 est;
722 3877 861 3915 nam
907 3863 1238 3911 τεκνοποιεῖν
1291 3860 1494 3916 leberos
1537 3878 1851 3930 procreare,
1893 3862 2020 3931 qui-

377 3970 608 4024 cunque
639 3952 878 4007 tandem
911 3950 994 4004 illi
1028 3951 1164 4017 sint,
1191 3951 1330 4005 saiis
1351 3951 1425 4006 ad
1445 3951 1623 4022 hujus
1650 3951 1760 4006 loci
1784 3969 2023 4007 sensum

376 4041 832 4114 exprimendum
864 4039 1040 4093 valet.
1085 4041 1266 4094 Docet
1317 4041 1476 4094 enim
1525 4041 1776 4111 Cyrillus
1822 4042 2021 4095 Jovem

377 4133 564 4188 sorori
595 4131 834 4186 mistum
881 4129 1088 4196 fuisse,
1140 4129 1390 4199 Bythum
1441 4145 1509 4182 ex
1559 4129 1682 4183 ﬁlia
1730 4145 1835 4183 sua
1888 4147 2025 4200 pro-

376 4237 609 4278 creasse
642 4219 900 4273 liberos:
935 4218 1091 4288 quod
1122 4219 1353 4289 turpius
1395 4223 1502 4283 est,
1557 4218 1829 4282 Quamvis
1876 4219 2023 4273 mihi

383 4310 707 4364 etiamnum
738 4307 992 4361 maxime
1025 4307 1302 4376 arrideat,
1336 4305 1495 4376 quod
1526 4306 1669 4360 olim
1718 4307 1862 4360 mihi
1909 4307 2022 4376 ipsi

378 4401 441 4454 in
473 4402 734 4452 mentem
756 4396 935 4460 venit,
965 4396 1280 4467 legendum
1308 4395 1533 4449 scilicet
1553 4410 1681 4449 esse
1699 4412 1818 4449 non
1843 4393 2021 4470 Λόγου

383 4488 475 4544 vel
506 4485 703 4560 Λόγον,
735 4485 838 4541 sed
871 4483 1018 4559 λόγῳ
1043 4488 1138 4537 τοῦ
1171 4483 1314 4551 Διός,
1347 4484 1420 4538 ad
1452 4484 1712 4549 modum,
1738 4483 1825 4538 vel
1856 4485 2021 4538 simi-

2116 1992 2255 2047 tius.
2291 1995 2371 2046 Ex
2401 1995 2625 2047 Irenaeo
2659 1991 2899 2062 quidem
2933 1992 3260 2049 fabulosam
3297 1994 3587 2048 Valentini
3617 1994 3772 2048 divi—

2118 2082 2368 2136 nitatem
2403 2082 2664 2152 exponit,
2689 2081 3015 2152 eademque
3034 2083 3484 2151 Tertullianum,
3514 2084 3771 2154 Epipha-

2121 2171 2286 2225 nium
2309 2171 2523 2225 etalios
2549 2171 2779 2226 tradere
2797 2171 3022 2225 asserit.
3037 2173 3166 2226 Haec
3189 2189 3349 2227 nunc
3366 2189 3485 2228 non
3500 2173 3732 2227 excutio
3757 2191 3773 2240 ;

2122 2260 2226 2315 sed
2249 2277 2391 2314 num
2410 2262 2690 2328 Irenaeus,
2717 2260 2809 2314 vel
2830 2260 2982 2315 alius
3007 2261 3322 2331 quisquam
3349 2262 3408 2316 in
3443 2261 3779 2318 enarranda

2125 2349 2418 2412 Valentini
2449 2348 2753 2404 divinitate
2787 2349 2968 2403 tradit
2997 2349 3168 2420 Sigen
3218 2351 3520 2421 peperisse
3555 2352 3777 2422 Logon,

2125 2444 2225 2493 aut
2249 2439 2444 2510 Logon
2478 2455 2599 2492 non
2630 2439 2775 2493 dicit
2795 2438 2866 2493 ab
2899 2438 3017 2493 alia
3038 2455 3215 2508 quam
3238 2440 3367 2511 Sige
3389 2440 3570 2495 fuisse
3597 2441 3778 2494 emis-

2127 2544 2257 2582 sum
2275 2527 2302 2581 ‘?
2325 2529 2442 2582 Hoc
2460 2544 2578 2582 non
2611 2527 2774 2596 dicit,
2800 2528 2958 2598 quod
2981 2529 3225 2583 omnino
3248 2529 3442 2584 dicere
3470 2529 3694 2596 debuit,
3727 2529 3782 2583 si

2127 2617 2358 2687 aliquid
2389 2617 2547 2687 quod
2579 2616 2654 2671 ad
2685 2634 2852 2671 suam
2903 2618 3258 2672 sententiam
3306 2618 3781 2673 conﬁrmandam

2126 2703 2367 2771 valeret,
2400 2706 2610 2759 afferre
2640 2705 2833 2760 vellet.
2873 2705 2984 2759 Sed
3035 2707 3163 2777 ejus
3211 2705 3341 2761 loco
3386 2707 3498 2761 hoc
3547 2712 3782 2762 tantum

2129 2794 2306 2848 dixit:
2335 2816 2362 2843 α
2387 2795 2642 2858 Quorum
2668 2811 2842 2849 nemo
2877 2800 2964 2848 est
2998 2795 3100 2864 qui
3129 2811 3250 2850 non
3273 2811 3307 2850 a
3338 2796 3466 2867 Sige
3498 2795 3785 2852 eductum

2129 2899 2163 2937 a
2187 2882 2490 2937 Valentino
2517 2883 2827 2954 Logon,vel
2851 2883 3195 2938 immediate
3221 2890 3339 2940 uta
3361 2890 3548 2939 matre
3563 2884 3779 2954 ﬁlium,

2127 2971 2217 3026 vel
2266 2978 2425 3026 certe
2469 2973 2726 3027 mediate
2770 2978 2836 3027 ut
2884 2973 2955 3027 ab
3015 2973 3143 3028 avia
3190 2979 3467 3044 nepotem
3525 2990 3785 3028 comme-

2131 3067 2343 3115 moret.
2380 3084 2408 3110 »
2444 3061 2565 3115 lmo
2593 3078 2726 3116 vero
2755 3062 2878 3116 haec
2911 3063 2971 3116 in
3003 3062 3111 3116 hac
3141 3079 3204 3118 re
3237 3062 3536 3118 distinctio
3569 3063 3640 3117 de
3670 3080 3793 3119 me-

2132 3149 2292 3204 diata
2331 3155 2388 3204 et
2417 3151 2760 3205 immediata
2783 3150 3096 3206 eductione
3118 3157 3207 3206 est
3227 3152 3319 3207 vel
3338 3153 3411 3207 ab
3454 3153 3604 3224 ipso,
3631 3153 3719 3207 vel
3753 3170 3791 3208 a

2050 3203 2091 3269 (ἓ
2134 3203 2806 3312 Βιοηςιειιοεχοοέίιδίεέ
2825 3256 2837 3306 ;
2869 3203 3246 3311 sagas.
3269 3203 3537 3296 g‘dtaiz‘
3555 3203 3650 3296 si;
3665 3203 3789 3297 ὦιῦ

2127 3328 2375 3383 istorum
2398 3330 2638 3384 Patrum
2699 3334 2788 3383 est
2847 3329 3154 3401 exposita;
3206 3347 3381 3385 nemo
3432 3347 3639 3385 eorum
3690 3332 3789 3386 vel

2128 3417 2383 3472 mediate
2415 3417 2507 3472 vel
2538 3418 2878 3472 immediate
2915 3418 3108 3490 Logon
3140 3418 3228 3472 vel
3274 3435 3344 3474 ex
3394 3420 3520 3491 Sige
3567 3419 3657 3474 vel
3708 3437 3784 3475 ex

2128 3506 2244 3562 alio
2274 3509 2450 3561 [Eone
2485 3507 2761 3561 eductum
2794 3507 2978 3563 fuisse
3008 3507 3173 3562 dixit.
3208 3509 3340 3562 Haec
3371 3507 3779 3580 distinguendi

2130 3595 2424 3650 subtilitas
2455 3602 2514 3650 et
2536 3596 2828 3651 Valentini
2847 3604 2905 3651 et
2922 3598 3162 3651 Patrum
3187 3613 3305 3652 aevo
3333 3597 3503 3670 longe
3527 3599 3780 3653 inferior

2131 3699 2259 3738 esse
2290 3685 2663 3755 cognoscitur
2691 3702 2703 3751 ;
2749 3701 2858 3739 nec
2889 3685 2969 3738 ibi
2999 3685 3265 3740 adhiberi
3294 3685 3517 3754 debuit,
3557 3687 3657 3740 ubi
3708 3687 3783 3742 de

2130 3773 2288 3827 nuda
2309 3789 2514 3827 eorum
2545 3773 2841 3828 sententia
2861 3773 3467 3843 quaeritur.Praeterea
3489 3792 3780 3845 quorsum

2132 3863 2258 3917 haec
2291 3862 2591 3916 distinctio
2624 3861 2685 3916 in
2717 3862 2832 3916 duo
2882 3863 3168 3930 membra,
3224 3869 3290 3918 ut
3329 3863 3406 3918 sit
3457 3864 3642 3935 Logus
3691 3866 3781 3920 vel

2135 3951 2293 4006 ﬁlius
2322 3950 2502 4022 Siges,
2539 3950 2626 4004 vel
2655 3950 2885 4022 nepos?
2915 3954 3003 4005 An
3034 3952 3328 4022 quispiam
3368 3969 3573 4008 eorum
3630 3971 3780 4024 quos

2133 4045 2578 4108 commemorat,
2612 4040 2805 4112 Logon
2837 4041 3000 4112 Siges
3033 4041 3221 4095 ﬁlium
3250 4043 3539 4106 nominat,
3573 4048 3674 4097 aut
3705 4060 3778 4098 ex

2133 4131 2262 4200 Sige
2284 4129 2624 4184 immediate
2646 4130 2861 4198 educit,
2889 4135 2955 4184 ut
2976 4129 3227 4186 Dallaeus
3262 4147 3394 4185 eum
3428 4138 3588 4187 recte
3620 4133 3781 4205 Siges

2134 4220 2324 4275 ﬁlium
2355 4237 2559 4274 vocare
2591 4219 2823 4290 possit?
2849 4220 3007 4274 Dixit
3039 4220 3278 4290 quidem
3309 4223 3568 4277 Irenaeus
3604 4221 3780 4295 Λόγον

2132 4307 2254 4361 Υἱὸν
2291 4311 2630 4382 μονογενοῦς,
2663 4329 2687 4360 ιι
2711 4308 2964 4363 Verbum
2984 4310 3278 4381 Unigeniti
3300 4311 3537 4379 Filium,
3564 4334 3592 4360 »
3617 4312 3781 4383 Siges

2132 4399 2322 4453 ﬁlium
2336 4415 2454 4453 non
2470 4397 2775 4468 dixit.Ipse
2789 4399 3078 4453 Irenaeum
3092 4399 3694 4456 adducitutostendat
3708 4419 3781 4457 ex

2133 4488 2260 4558 Sige
2294 4487 2578 4559 prodiisse
2601 4489 2749 4554 Nun,
2784 4489 2912 4542 Nun
2945 4493 3142 4542 autem
3167 4494 3224 4542 et
3253 4505 3419 4543 suam
3443 4489 3776 4547 Aletheiam

391 4576 707 4633 litudinem
737 4575 912 4640 Jovis,
946 4591 1013 4628 ea
1046 4574 1274 4628 ratione
1308 4589 1425 4642 qua
1442 4573 1669 4642 Jupiter
1695 4574 2028 4645 procreavit
2056 4567 2103 4631 Ι)
2134 4575 2400 4630 emisisse
2436 4576 2649 4646 Logon,
2675 4580 2733 4629 et
2761 4573 2970 4629 eadem
2996 4574 3419 4630 Tertullianum
3444 4583 3500 4631 et
3522 4578 3779 4649 Epipha-

384 4665 628 4731 liberos,
662 4669 726 4718 ut
755 4659 909 4737 λόγῳ
941 4660 1356 4716 adverbialiter
1387 4666 1673 4729 sumatur,
1716 4677 1907 4731 neque
1958 4659 2032 4716 ad

384 4756 628 4811 onnem
661 4752 1140 4808 Valentinianum
1173 4750 1415 4804 omnino
1466 4755 1707 4820 spectet.
1765 4751 1931 4806 Certe
1980 4750 2028 4806 si

385 4841 554 4919 λόγον
575 4844 980 4911 admittamus,
1007 4839 1288 4910 Cyrillum
1321 4839 1594 4910 dogmata
1612 4840 1899 4896 Valentini
1925 4842 2030 4896 mi-

380 4935 545 4990 riﬁce
578 4931 942 4989 confundere
992 4928 1314 4983 dicendum
1347 4933 1472 4993 est;
1501 4945 1692 5000 neque
1731 4930 2030 4984 excusatio

380 5022 670 5079 Blondelli
703 5021 1029 5092 quidquam
1058 5016 1229 5084 valet,
1266 5017 1432 5087 quasi
1467 5018 1712 5089 Bythum
1753 5036 1858 5074 seu
1888 5021 2033 5074 Pro-

376 5118 648 5184 patorem
663 5126 798 5165 cum
812 5110 900 5164 Nu
923 5123 1026 5161 seu
1040 5109 1212 5159 Patre
1233 5105 1677 5162 Valentinianos
1696 5107 2031 5164 confudisse

378 5208 619 5258 statuat.
652 5202 797 5256 Nam
821 5198 870 5254 si
893 5214 1193 5269 supponas
1216 5198 1314 5252 htc
1335 5199 1592 5266 Patrem,
1617 5216 1721 5254 seu
1747 5200 1900 5265 Nun,
1929 5217 2032 5271 pro

383 5289 569 5361 Bytho
594 5296 650 5345 et
666 5291 987 5357 Propatore
1011 5284 1162 5339 sumi
1187 5284 1632 5353 debere,omnia
1652 5286 1844 5342 adhuc
1859 5293 2037 5342 erunt

390 5397 425 5434 a
453 5377 655 5433 schola
682 5373 977 5430 Valentini
1010 5391 1250 5445 prorsus
1282 5375 1500 5430 uliena.
1531 5375 1751 5447 Bythus
1772 5377 1867 5431 hic
1888 5377 2033 5433 dici-

391 5476 489 5524 tur
509 5468 784 5539 genuisse
807 5465 1000 5538 Sigen,
1022 5471 1082 5521 at
1101 5465 1272 5539 Sigen
1295 5483 1329 5522 a
1349 5468 1436 5521 Nu
1457 5473 1798 5539 generatam
1828 5467 2032 5539 fuisse,

393 5572 570 5613 nemo
601 5571 865 5626 unquam
889 5554 1437 5611 Valentinianorum
1461 5556 1790 5611 somniavit.
1817 5558 2036 5629 Bythus

397 5645 614 5706 dicitur
643 5662 712 5702 ex
737 5645 864 5718 Sige
895 5644 1168 5718 genuisse
1201 5645 1412 5718 Logon.
1465 5643 1858 5701 Valentiniani
1898 5646 2038 5703 licet

2137 4664 2304 4718 nium
2328 4663 2598 4719 docuisse
2627 4665 2922 4718 asserit.Si
2957 4670 3153 4718 autem
3185 4665 3309 4720 haac
3341 4681 3475 4720 vera
3505 4667 3781 4733 sint,tum

2141 4771 2346 4809 eorum
2376 4769 2550 4808 nemo
2576 4755 2768 4824 Logon
2787 4772 2821 4808 a
2846 4754 2975 4826 Sige
2998 4753 3338 4809 immediate
3361 4759 3425 4809 ut
3453 4773 3487 4810 a
3510 4763 3696 4812 matre
3721 4760 3789 4812 ﬁ-

2137 4843 2284 4897 lium
2304 4843 2581 4897 eductum
2605 4848 3052 4897 commemorat.
3075 4847 3356 4898 Ettamen
3381 4846 3640 4900 cumista
3665 4853 3786 4902 tam

2140 4931 2453 4986 infeliciter
2477 4931 2740 5000 dixisset,
2767 4948 2834 4986 ac
2865 4931 2915 4985 si
2942 4933 3176 5003 resjam
3202 4933 3468 4988 confecta
3494 4942 3671 5003 esset,
3691 4937 3787 4990 in-

2140 5021 2310 5092 quit:
2346 5043 2373 5070 «
2408 5021 2541 5075 Hazc
2570 5021 2742 5075 nobis
2800 5020 3094 5076 delibasse
3146 5023 3286 5077 satis
3333 5028 3440 5090 est,
3485 5029 3551 5078 ut
3597 5025 3789 5094 quivis

2140 5110 2433 5181 intelligat
2461 5110 2531 5164 de
2560 5110 2668 5163 hac
2730 5109 3021 5164 Valentini
3080 5110 3450 5184 mataaologia
3498 5113 3788 5183 cogitasse

2141 5198 2400 5270 epistola:
2433 5197 2506 5252 ad
2536 5199 2942 5270 Magnesianos
2999 5199 3368 5270 scriptorem.
3405 5222 3432 5250 »
3483 5203 3789 5274 Cogitavit,

2142 5290 2388 5356 scilicet,
2419 5287 2517 5342 ille
2549 5287 2829 5358 antiquus
2859 5288 3113 5359 scriptor
3142 5289 3304 5360 prius
3336 5289 3408 5345 de
3441 5291 3700 5347 mediata
3730 5299 3795 5347 et

2142 5376 2488 5433 immediata
2510 5376 2823 5431 eductione
2844 5377 3093 5432 Eonum
3120 5378 3298 5444 ;vidit
3328 5381 3654 5437 secundum
3686 5384 3797 5437 Va-

2143 5465 2354 5522 lentini
2377 5464 2731 5519 sententiam
2746 5480 2779 5519 a
2796 5465 2933 5519 viris
2957 5465 3164 5522 eadem
3189 5466 3584 5523 scribentibus
3597 5469 3796 5542 Logon

2147 5571 2176 5609 e
2209 5554 2337 5626 Sige
2368 5553 2457 5608 vel
2485 5559 2551 5608 ut
2589 5559 2799 5622 matre,
2843 5553 2930 5609 vel
2955 5559 3022 5608 ut
3052 5554 3180 5610 avia
3203 5554 3503 5622 eductum,
3537 5558 3793 5630 ideoque

2145 5645 2492 5717 simpliciter
2514 5649 2690 5716 negat
2712 5643 2970 5702 Verbum
2991 5661 3062 5702 ex
3088 5644 3321 5702 silentio
3339 5647 3800 5719 prodiisse.Haac
