3974 6296
167 427 263 487 313
857 430 915 492 J.
961 430 1378 492 PEARSONII
1423 431 1792 494 VINDICLE
1835 433 2314 497 IGNATIANIE.
2364 470 2440 480 —
2483 434 2689 498 PARS
2735 436 2810 497 ll.
3429 434 3548 495 314

173 560 389 614 rationis
421 559 738 618 Dallasanaa
797 579 1047 632 summa,
1083 582 1260 636 quam
1309 565 1551 629 absona,
1606 583 1782 638 quam
1815 567 1870 634 Α
1903 569 2167 624 Nemone
2200 569 2257 624 id
2290 585 2552 625 asserere
2579 568 2890 641 potuitqui
2913 566 3043 638 ejus
3074 563 3286 622 deli'ria
3305 583 3426 621 non
3449 581 3545 621 au-

181 649 384 704 detorta
411 650 545 720 quis
575 669 700 707 non
732 653 933 708 videt?
1901 657 2127 713 diverat
2153 659 2181 712 ‘?
2215 665 2283 714 At
2339 661 2448 714 hoc
2479 676 2613 714 cum
2651 659 2943 714 Valentini
2994 657 3213 712 fabulis
3246 673 3367 712 non
3400 672 3546 710 con-

232 741 514 794 Hactenus
576 741 870 796 Valentini
904 746 1260 800 sententiam
1307 747 1599 817 exposuit,
1632 763 1791 802 nune
1899 749 2096 802 sentit.
2133 751 2306 804 Recte
2331 765 2344 804 :
2374 754 2549 820 atque
2576 749 2715 803 hinc
2746 749 2993 803 fortasse
3026 747 3304 818 colligere
3334 762 3545 817 possu-

185 829 416 883 auctoris
445 829 626 885 verba
655 847 791 886 cum
822 834 950 903 ejus
979 833 1212 904 placitis
1243 837 1637 906 componit,ut
1659 853 1791 891 eum
1900 845 2364 904 mus,auctorem
2398 840 2662 911 epistolas
2694 855 2812 893 non
2837 839 3017 894 fuisse
3037 837 3539 893 Valentinianum:

178 917 238 971 de
268 918 1341 995 Valentino,cumscriberet,cogitasse
1360 926 1792 996 prohet.Primo
1900 946 2011 985 nec
2042 931 2201 985 aliud
2235 932 2561 1001 quidquam
2601 931 2738 986 inde
2771 931 3307 1001 sequitur.Quarto,
3332 927 3545 983 «addit

179 1006 269 1061 hoc
285 1008 488 1063 exinde
509 1009 1240 1080 colligit,quodait«Deum
1259 1031 1386 1070 esse
1403 1017 1795 1070 unum.»Mira
1901 1020 2197 1074 Christum
2229 1021 2330 1074 Dei
2364 1021 2577 1074 Filium
2611 1037 2738 1076 esse
2765 1021 2893 1091 ejus
2925 1019 3118 1091 Λόγον.
3155 1041 3182 1069 ››
3214 1018 3358 1072 Hinc
3385 1021 3543 1071 recte

180 1097 285 1152 haec
307 1098 596 1168 probatio.
629 1100 837 1155 Nonne
865 1117 1102 1157 causam
1134 1105 1278 1158 satis
1302 1105 1528 1175 justam
1589 1106 1797 1161 habuit
1900 1109 2148 1163 fortasse
2179 1109 2492 1180 colligatur
2516 1114 2819 1164 auctorem
2842 1114 3110 1163 nostrum
3135 1112 3268 1178 post
3287 1108 3342 1161 S.
3370 1107 3545 1160 Joan-

181 1193 357 1240 auctor
398 1187 808 1258 epistolarum,
841 1196 905 1245 ut
952 1193 1138 1246 Deum
1172 1210 1358 1248 unum
1415 1195 1656 1262 diceret,
1692 1197 1792 1266 qui
1901 1213 2037 1252 nem
2071 1198 2485 1270 evangelistam
2507 1199 2976 1269 scripsisse,post
2998 1197 3373 1252 Valentinum
3395 1212 3542 1249 neu-

180 1293 310 1346 siepe
361 1277 661 1332 Christum
692 1281 876 1334 Deum
926 1298 1052 1336 esse
1085 1281 1236 1337 dixit
1262 1283 1289 1337 ‘?
1345 1285 1548 1339 Nonne
1589 1301 1794 1340 omnes
1901 1288 2149 1356 tiquam.
2189 1309 2211 1338 α
2242 1289 2444 1342 Jesum
2475 1287 2715 1358 quidem
2749 1293 2806 1341 et
2835 1287 3131 1341 Christum
3154 1303 3188 1340 a
3219 1285 3404 1339 Verbo
3429 1286 3540 1339 Va-

180 1365 420 1420 catholici
452 1371 594 1421 ante
631 1367 1004 1425 Valentinum
1036 1372 1219 1426 Deum
1251 1389 1378 1428 esse
1411 1391 1596 1428 unum
1638 1391 1792 1445 saepe
1900 1377 2163 1432 lentinus
2194 1377 2407 1432 divisit.
2436 1399 2462 1426 ››
2495 1377 2607 1432 Sed
2634 1393 2709 1431 an
2734 1377 2858 1431 hanc
2890 1377 3090 1431 omnia
3115 1374 3291 1429 simul
3322 1374 3542 1441 dicere,

177 1455 565 1511 afﬁrmarunt?
586 1457 643 1512 Si
673 1458 942 1528 quisquis
965 1460 1112 1514 dixit
1142 1479 1330 1516 unum
1362 1480 1489 1517 esse
1515 1464 1696 1519 Deum
1720 1464 1792 1518 de
1902 1475 1990 1524 est
2050 1469 2426 1524 Valentinum
2475 1469 2733 1523 refutare
2757 1468 2783 1522 ‘I
2813 1471 2902 1522 An
2946 1466 3222 1523 eumdem
3253 1466 3453 1519 Jesum
3487 1469 3546 1519 et

178 1544 455 1641 Valentino
482 1547 970 1641 cogitavitmemo
1002 1556 1138 1641 ante
1173 1551 1542 1607 Valentinum
1585 1554 1790 1608 catho-
1897 1557 2198 1614 Christum
2229 1564 2289 1613 et
2311 1558 2480 1630 Λόγον
2511 1559 2820 1612 nominare
2844 1561 2934 1612 est
2954 1556 3108 1611 illius
3136 1555 3383 1626 impium
3407 1553 3550 1609 deli—
3609 1601 3616 1606 .

174 1632 267 1732 lice
295 1634 663 1732 scripsit.Sed
695 1638 970 1732 nonduin
994 1640 1173 1695 etiam
1204 1641 1388 1732 liquet
1416 1643 1790 1698 Valentinum
1900 1649 2056 1703 rium
2089 1648 2393 1719 disjicere‘?
2417 1648 2544 1700 Non
2577 1649 2890 1717 puto.Nam
2916 1651 2968 1699 et
3003 1645 3116 1716 ipsi
3146 1641 3544 1699 Valentiniani

175 1720 259 1774 Del
286 1729 570 1822 Πηιιίλίθω
627 1729 1069 1824 DPSaSS‘e-“NPYH
1101 1745 1232 1784 Cum
1287 1730 1543 1785 ῙΓθΠεΕυε
1575 1731 1703 1802 ejus
1737 1734 1794 1784 οι
1901 1740 2178 1795 eumdem
2211 1747 2268 1793 et
2295 1741 2495 1794 Jesum
2526 1746 2584 1792 et
2613 1739 2905 1793 Christum
2942 1743 2998 1791 et
3042 1734 3213 1808 Λόγον
3267 1735 3541 1790 nomina-

180 1815 499 1907 ?fquaCium
521 1815 788 1907 97mm“?
807 1815 1014 1872 deliria
1040 1819 1571 1888 εκροευίδδθῑνίίαθε
1594 1820 1790 1889 habet,
1899 1832 2059 1888 bant.
2094 1833 2213 1885 Hoc
2245 1830 2462 1884 diserte
2497 1816 2675 1884 tradit
2696 1828 3116 1891 Theodoretus,
3144 1826 3243 1879 lib.
3277 1830 3311 1892 i,
3338 1841 3465 1895 cap.
3488 1829 3539 1878 '7:

179 1897 263 1992 lib.
290 1918 324 1969 ι,
352 1918 477 1973 cap.
513 1906 578 1956 19
605 1920 616 1957 :
671 1927 697 1953 «
733 1906 949 1960 Omnes
980 1907 1138 1961 enim
1187 1909 1308 1963 fere
1342 1915 1632 1980 quotquot
1656 1917 1795 1964 sunt

1930 1913 2313 1992 Ιροϐἀλλονται
2345 1913 2435 1969 διὰ
2470 1915 2676 1969 τούτων
2708 1915 2798 1968 τὸν
2835 1916 3066 1983 Ἰησοῦν,
3098 1913 3156 1966 ’ὸν
3185 1912 3273 1965 καὶ
3307 1917 3542 1982 Σωτῆρα

181 1987 405 2046 hazreses
436 1993 626 2048 Deum
659 1993 899 2064 quidem
922 2012 1106 2051 unum
1138 1996 1366 2066 dicnnt,
1389 1999 1492 2054 sed
1522 2017 1625 2070 per
1659 2015 1796 2054 sen-

1930 2005 2362 2082 τροσαγορεύουσι
2428 2003 2518 2058 καὶ
2577 2003 2812 2078 Χριστὸν
2871 2003 3060 2076 Λόγον.
3111 2004 3368 2057 «Jesum
3400 2000 3540 2054 inde

182 2083 396 2181 tentiam
416 2083 585 2181 mala
606 2084 1280 2181 immutantmEtrursus
1302 2088 1500 2181 lib._1v,
1525 2107 1653 2181 cap.
1679 2091 1744 2143 38
1779 2105 1792 2142 ε
1895 2098 2325 2171 produxerunt,
2360 2112 2536 2166 quem
2597 2100 2655 2148 et
2699 2094 3065 2149 Servatorem
3096 2091 3432 2163 appellant,
3485 2095 3546 2145 et

187 2171 733 2271 «Judicabitautem
765 2179 950 2271 eteos
983 2177 1083 2247 qui
1107 2178 1635 2271 suntaValentino
1667 2196 1796 2234 om-
1897 2188 2193 2244 Christum
2253 2186 2595 2240 Verbum.»
2649 2186 2779 2256 Ipse
2829 2184 3009 2238 etiam
3059 2183 3319 2236 Irenaeus
3363 2179 3541 2235 tradit

183 2275 287 2325 nes,
317 2263 448 2331 quia
479 2263 688 2334 lingua
717 2263 956 2332 quidem
985 2267 1343 2321 confitentur
1383 2284 1571 2322 unum
1613 2269 1797 2322 Deum

1930 2277 2070 2332 lObiS
2099 2276 2425 2347 perfectum
2456 2274 2716 2330 fructum
2767 2272 3003 2341 Ἰησοῦν,
3055 2269 3111 2324 ὃν
3167 2268 3259 2323 καὶ
3312 2273 3548 2340 Σωτῆρα

183 2348 470 2419 Patrem,et
501 2369 576 2407 ex
608 2353 719 2407 hoc
749 2353 984 2421 omnia;
1017 2355 1211 2425 ipsum
1233 2360 1431 2411 autem
1456 2357 1556 2428 qui
1593 2356 1800 2412 fecerit

1930 2369 2402 2439 εροσαγορευθῆναι
2448 2361 2537 2416 καὶ
2596 2361 2827 2436 Χριστὸν
2886 2360 2978 2414 καὶ
3033 2358 3208 2434 Λόγον
3257 2377 3546 2432 πατρωνυ-

184 2440 374 2506 omnia,
401 2440 759 2496 defectionis
791 2445 908 2498 sive
942 2443 1090 2498 labis
1121 2445 1378 2501 fructum
1412 2463 1539 2502 esse
1572 2446 1734 2500 dicit.
1769 2467 1797 2494 »

1930 2457 2103 2521 ιικῶς,
2143 2453 2232 2506 καὶ
2263 2452 2456 2517 πάντα,
2523 2474 2552 2502 ‹‹
2582 2453 2803 2518 Jesum,
2856 2466 3032 2521 quem
3081 2455 3138 2504 et
3187 2449 3546 2504 Salvatorem

182 2529 368 2596 Aperte
390 2529 577 2602 igitur
605 2532 909 2602 professus
941 2538 1031 2588 est
1065 2534 1406 2591 Valentinus
1456 2552 1641 2590 unum
1674 2551 1799 2590 esse
1904 2542 2757 2612 vocarietChristumetLogon
2772 2538 3266 2611 patronymice,et
3287 2537 3544 2592 omnia.»

185 2616 364 2683 Deum,
423 2625 480 2674 et
543 2619 688 2675 licet
716 2621 1114 2678 Tertullianus
1157 2641 1294 2678 eum
1326 2630 1412 2680 tot
1459 2625 1599 2680 deos
1659 2631 1802 2696 quot
1906 2636 2141 2701 Quinto,
2167 2657 2194 2684 ‹‹
2232 2631 2404 2707 Λόγον
2429 2648 2762 2687 sermonem
2794 2637 3084 2686 aeternum
3116 2631 3548 2698 dixit.»Nempe

186 2707 368 2762 .‘Eonas
424 2709 640 2764 fecisse
697 2710 990 2766 rhetorice
1042 2715 1406 2784 pronuntiet,
1449 2715 1574 2785 ipse
1607 2720 1803 2770 tamen

1930 2725 2196 2779 :atholice
2222 2740 2234 2776 :
2271 2728 2509 2777 secutus
2537 2726 2625 2775 est
2657 2720 3025 2791 Apostolum,
3052 2719 3328 2774 Ecclesiae
3350 2733 3551 2771 vocem

189 2795 369 2851 .Eonas
400 2797 699 2853 Valentini
733 2799 881 2854 nihil
912 2801 1072 2856 aliud
1097 2801 1278 2857 fuisse
1312 2820 1491 2874 quam
1516 2821 1724 2859 sensus
1749 2809 1808 2857 et
1911 2814 2118 2878 edidit,
2153 2817 2211 2866 et
2240 2811 2520 2866 adversus
2557 2809 2841 2864 Ebionem
2872 2807 3261 2879 ηειπρεινίιδί
3298 2806 3554 2861 valenti-

191 2891 398 2953 11101115;
457 2893 515 2942 εἰ
548 2889 614 2942 in
645 2889 984 2958 PePSODaIBS
1034 2891 1394 2946 SUbSiﬂntiaS
1427 2910 1457 2947 ἃ
1489 2893 1806 2948 Ρῐοιεωωο
1911 2921 2023 2958 nus
2054 2899 2342 2957 aeternum
2378 2915 2505 2954 esse
2561 2916 2680 2953 non
2711 2899 2980 2965 credidit,
3013 2902 3150 2952 ante
3181 2912 3318 2951 eum
3366 2895 3556 2949 Ebion

192 2979 420 3030 mutatos
452 2993 586 3031 esse
619 2979 849 3032 asserit.
874 2981 1166 3034 Prmterea
1183 2981 1448 3052 epistolaa
1473 2989 1677 3038 auctor
1698 2983 1810 3038 hoc
1914 2999 2202 3047 aeternum
2229 3006 2358 3045 esse
2391 2989 2623 3059 negavit
2651 2989 2942 3052 Quorsum
2977 2987 3154 3058 igitur
3205 2985 3550 3040 Valentinus

193 3061 299 3132 ipso
327 3065 450 3120 loco
481 3067 716 3122 unitate
750 3068 850 3121 Dei
885 3084 1158 3138 expresse
1192 3069 1471 3126 adversus
1506 3072 1810 3127 Ebionaeos

193 3152 372 3222 utitur,
425 3162 640 3210 contra
698 3173 845 3226 quos
877 3173 946 3212 ex
991 3159 1254 3228 professo
1302 3160 1610 3231 disputans
1643 3162 1814 3217 docet

195 3242 484 3312 prophetas
517 3245 851 3299 secundum
873 3246 1170 3302 Christum
1193 3247 1424 3314 vixisse,
1452 3255 1508 3304 et
1530 3249 1662 3304 ideo
1685 3267 1812 3321 per-

198 3332 531 3389 secutionem
567 3350 775 3406 passos
818 3352 969 3406 esse,
1001 3337 1142 3390 dum
1192 3337 1321 3408 ejus
1368 3340 1556 3409 gratia
1599 3339 1808 3394 imbuti

197 3427 388 3490 essent,
420 3428 485 3476 ut
515 3440 731 3478 omnes
788 3432 1177 3495 agnoscerent
1209 3448 1236 3477 «
1271 3428 1428 3498 quod
1477 3445 1628 3484 unus
1661 3431 1814 3484 Deus

198 3513 271 3560 est
296 3510 388 3579 qui
414 3512 819 3567 manifestavit
867 3515 1128 3585 seipsum
1160 3533 1265 3585 per
1288 3517 1485 3572 Jesum
1517 3517 1813 3572 Christum

197 3595 381 3653 Filium
413 3601 620 3672 ipsius.
655 3620 679 3650 ι
727 3602 1016 3669 Secundo,
1068 3624 1088 3651 ι
1121 3605 1288 3660 addit
1317 3622 1500 3661 unum
1544 3608 1750 3676 Deum,
1789 3630 1808 3655 η

198 3682 382 3756 inquit,
431 3691 697 3762 seipsum
733 3692 1144 3748 manifestasse
1182 3711 1288 3766 per
1315 3697 1533 3750 Jesum.
1568 3699 1657 3752 An
1706 3697 1817 3751 hoc

197 3772 368 3831 dicere
421 3796 541 3834 non
595 3780 790 3851 potuit
819 3782 935 3836 nisi
985 3783 1057 3836 de
1090 3783 1400 3839 Valentino
1449 3787 1818 3856 cogitasset?

199 3863 449 3926 Quaenam
480 3872 634 3926 ratio
668 3872 823 3942 cogit
851 3873 944 3928 hic
976 3891 1082 3929 nos
1102 3875 1175 3929 ad
1198 3875 1357 3930 illius
1380 3876 1588 3932 deliria
1611 3879 1816 3933 confu-

199 3962 356 4028 gere?
393 3966 596 4019 Nonne
632 3965 758 4019 haec
781 3967 922 4020 satis
953 3967 1263 4037 perspicua
1293 3972 1433 4021 sunt
1462 3972 1518 4021 et
1549 3964 1620 4022 ad
1644 3967 1819 4022 Ebio-

199 4063 336 4105 mnos
365 4053 761 4109 confutandos
785 4054 1015 4123 idonea,
1050 4057 1097 4110 si
1123 4057 1466 4111 Valentinus
1488 4073 1818 4127 numquam

200 4139 498 4197 exstitisset
525 4144 554 4198 ?
585 4145 798 4197 Nonne
825 4161 931 4215 per
980 4161 1041 4198 se
1073 4146 1216 4200 satis
1264 4150 1422 4200 recte
1457 4145 1611 4200 dicta
1661 4151 1816 4212 sunt,

199 4224 319 4282 licet
346 4232 578 4288 nullum
621 4234 868 4288 omnino
919 4235 1261 4290 haereticum
1295 4237 1765 4308 perstringerent
1793 4238 1820 4292 ἲ)

199 4315 685 4379 Quemadmodum
731 4323 1002 4380 Clemens
1057 4325 1490 4381 Alexandrinus
1549 4325 1819 4382 Admoni-

199 4405 329 4461 tione
350 4411 420 4464 ad
441 4420 632 4480 gentes
665 4412 895 4467 locutus
927 4419 1016 4468 est
1046 4413 1118 4468 de
1144 4415 1372 4469 Christo
1399 4415 1546 4485 Logo
1575 4432 1586 4468 :
1615 4409 1819 4474 Ἀἲδιος

201 4491 336 4557 οὗτος
385 4499 594 4569 Ἰησοῦς
653 4499 992 4578 εἴςὸμὲγας
1052 4500 1339 4578 ἀρχιερεὺς
1400 4502 1531 4556 Θεοῦ
1588 4523 1646 4556 τε
1703 4501 1820 4565 ἐνὸς

197 4586 278 4634 τοῦ
301 4584 455 4640 αὐτοῦ
483 4589 575 4642 καὶ
611 4588 845 4662 Πατρός,
893 4591 1107 4662 quibus
1157 4593 1347 4646 verbis
1391 4593 1580 4663 ipsam
1609 4593 1820 4664 Ignatii

1917 3084 2030 3137 huc
2061 3080 2396 3146 advocatur,
2431 3095 2564 3132 cum
2624 3077 2696 3131 ad
2727 3093 2969 3131 manum
3002 3075 3078 3130 sit
3109 3075 3316 3144 Ebion,
3350 3078 3558 3128 contra

1919 3186 2096 3242 quem
2127 3173 2332 3224 auctor
2363 3167 2628 3238 epistola:
2660 3183 2730 3220 ex
2764 3165 3028 3236 professo
3059 3163 3555 3235 disputat?Sexto,

1921 3283 1950 3312 ‹‹
1982 3259 2052 3314 de
2075 3275 2209 3312 vero
2238 3256 2338 3310 Dei
2370 3253 2530 3327 Λόγῳ
2553 3259 2852 3326 postremo
2882 3252 3122 3323 subjicit
3141 3249 3360 3304 οὐκάπὸ
3395 3253 3563 3322 Σιγῆς

1919 3344 2227 3421 προελθεῖν.
2266 3367 2294 3395 ››
2343 3347 2537 3411 Recte,
2573 3345 2657 3399 sic
2689 3344 2848 3399 enim
2880 3343 3176 3414 exegetice
3208 3341 3372 3407 dicit,
3403 3338 3561 3409 quod

1923 3443 2058 3495 ante
2085 3437 2330 3504 dixerat,
2360 3451 2493 3489 cum
2526 3451 2656 3488 eum
2693 3427 2864 3506 Λόγον
2895 3428 3070 3486 ἁὶδιον
3100 3430 3565 3503 pronuntiasset.

1921 3530 2008 3582 Ita
2033 3525 2382 3597 Apostolum
2425 3523 2697 3594 explicat,
2733 3523 3016 3578 Ebionem
3057 3522 3295 3585 refutat,
3327 3522 3560 3592 Magne-

1925 3617 2121 3672 sianos
2151 3614 2504 3686 praemunit;
2535 3629 2602 3667 ac
2634 3613 2682 3666 si
2698 3611 2921 3666 diceret
2947 3629 2960 3668 :
2987 3611 3241 3666 Verbum
3273 3610 3384 3664 hoc
3406 3608 3565 3680 quod

1925 3707 1995 3761 de
2049 3704 2278 3759 Christo
2312 3702 2548 3766 dicitur,
2581 3706 2868 3756 aeternum
2917 3705 3026 3762 est,
3061 3717 3179 3755 non
3211 3698 3560 3770 temporale,

1927 3793 2098 3866 quale
2122 3810 2194 3847 ex
2224 3791 2459 3845 silentio
2479 3789 2619 3843 oriri
2644 3789 2931 3855 solet,nec
2962 3788 3076 3841 nisi
3100 3793 3231 3858 post
3256 3787 3560 3841 silentium

1924 3879 2348 3955 prodire;quod
2378 3878 2657 3933 adversus
2689 3876 2970 3930 Ebionem
3005 3877 3252 3945 ejnsque
3283 3890 3569 3944 sequaces

1927 3987 2164 4042 semper
2192 3967 2526 4040 urgendum
2559 3969 2820 4031 est;non
2853 3980 2919 4018 ac
2951 3964 2999 4018 si
3032 3964 3291 4017 diceret:
3329 3985 3356 4011 «
3387 3958 3564 4033 Λόγον

1928 4063 2085 4116 hunc
2113 4059 2263 4114 nihil
2316 4057 2539 4111 habere
2577 4070 2710 4108 cum
2756 4052 3162 4108 Valentiniano
3197 4050 3356 4121 Λόγῳ
3405 4067 3568 4104 com-

1927 4164 2312 4219 mune,quem
2346 4146 2632 4216 impostor
2656 4160 2690 4197 a
2707 4143 2836 4215 Sige
2859 4142 3020 4196 exire
3055 4141 3568 4213 fingebat.»Neque

1929 4240 2086 4294 enim
2115 4237 2209 4291 hic
2257 4235 2328 4290 de
2352 4233 2660 4288 Valentino
2694 4231 2904 4303 agitur,
2939 4231 3041 4285 sed
3076 4230 3147 4284 de
3167 4229 3388 4284 Ebione
3422 4228 3570 4294 ;im-

1929 4333 2180 4400 portune
2209 4324 2387 4396 igitur
2411 4322 2511 4376 ille
2545 4322 2655 4376 hoc
2686 4321 2814 4377 loco
2847 4320 3198 4375 advocatur:
3232 4334 3425 4390 neque
3457 4317 3567 4371 im-

1928 4423 2132 4491 postor
2153 4415 2252 4470 ille
2266 4428 2529 4482 unquam
2547 4411 2697 4466 dixit
2714 4408 2888 4486 Λόγον
2908 4427 2942 4464 a
2961 4411 3093 4482 Sige
3116 4410 3396 4465 emissum
3417 4424 3570 4477 esse,

1932 4506 2035 4563 sed
2067 4523 2136 4561 ex
2186 4505 2527 4574 Monogene,
2561 4501 2729 4572 Bythi
2789 4505 2848 4554 et
2886 4500 3048 4572 Siges
3075 4499 3194 4554 ﬁlio
3242 4498 3571 4571 unigenito,

1932 4595 2175 4650 Dallaaus
2206 4594 2332 4664 ipse
2353 4591 2712 4646 sententiam
2737 4589 2863 4660 ejus
2887 4607 2956 4644 ex
2985 4591 3208 4643 Irenaeo
3239 4586 3556 4643 delineavit

201 4673 480 4742 epistolam
514 4679 574 4734 in
599 4680 802 4734 animo
828 4680 1053 4735 habens
1079 4698 1220 4737 usus
1240 4699 1364 4736 esse
1396 4682 1819 4736 videatur?Non
1856 4657 1898 4720 θ
1929 4683 2311 4753 reliquosque
2358 4696 2491 4734 eum
2525 4677 2693 4748 sequi
2717 4657 2800 4731 ait
2827 4694 2839 4732 :
2894 4677 3060 4732 nulla
3090 4677 3170 4730 ibi
3216 4677 3350 4747 Logi
3383 4692 3412 4729 e
3444 4675 3571 4743 Sige

200 4769 322 4829 puto
351 4768 533 4822 virum
567 4769 984 4824 doctissimum
1017 4771 1077 4824 id
1108 4770 1345 4828 velle.ut
1374 4771 1548 4825 aliter
1576 4771 1700 4825 ham
1731 4771 1823 4825 in-

201 4850 362 4925 telligi
391 4873 505 4911 non
539 4859 794 4929 possint,
827 4860 941 4914 nisi
972 4866 1038 4914 ut
1066 4861 1443 4914 Valentinum
1470 4861 1822 4916 feriant'hoc

201 4945 424 5009 tantum,
485 4948 720 5018 opinor,
755 4948 897 5012 vult,
950 4949 1075 5003 haec
1134 4949 1311 5003 verba
1365 4971 1392 4998 «
1452 4966 1658 5004 omnes
1699 4952 1823 5018 ejus

201 5043 362 5101 nugas
391 5034 689 5105 disjicere.
734 5059 762 5085 »
796 5037 906 5091 Sed
950 5039 1082 5108 quis
1115 5039 1167 5093 ei
1199 5038 1290 5091 vel
1339 5038 1450 5093 hoc
1482 5038 1766 5093 concedet
1796 5039 1823 5092 ‘2

203 5120 275 5172 An
301 5124 390 5191 qui
423 5125 565 5180 dicit
616 5127 801 5181 Deum
833 5144 1018 5182 unum
1054 5145 1114 5183 se
1159 5145 1264 5199 per
1293 5129 1591 5183 Christum
1629 5129 1822 5184 mani-

201 5205 420 5266 festasse
450 5216 593 5269 satis
615 5217 821 5270 omnia
842 5217 1138 5271 Valentini
1173 5217 1446 5289 dogmata
1477 5218 1825 5273 confutavit?

204 5295 381 5354 Nonne
439 5303 596 5358 idem
637 5305 852 5380 potius
886 5305 1240 5379 qdicitquod
1280 5307 1428 5361 dixit
1459 5307 1822 5373 Valentinus,

205 5387 286 5452 qui
310 5388 431 5443 ideo
458 5393 744 5447 emissum
767 5394 1067 5449 Christum
1099 5395 1388 5464 docuit,ut
1421 5396 1823 5450 innomiuabi-

203 5469 300 5528 lem
332 5484 384 5532 et
413 5480 1078 5552 incomprehensibilem
1127 5485 1383 5552 Patrem,
1419 5501 1595 5554 quem
1640 5502 1825 5540 unum

205 5559 363 5618 Deum
393 5571 697 5638 professus
729 5572 1600 5642 est,declararet‘?Tertio,docet
1621 5579 1828 5629 auctor

204 5649 377 5710 Jesum
407 5659 704 5715 Christum
727 5677 854 5715 esse
888 5662 989 5716 Dei
1012 5662 1174 5718 illius
1205 5665 1305 5734 qui
1339 5681 1400 5717 se
1430 5663 1828 5720 manifestavit

205 5737 414 5812 Filium.
450 5750 678 5820 Ergone
729 5750 1100 5806 Valentinum
1155 5752 1494 5808 necessario
1520 5753 1828 5823 respexit?

1931 4768 2534 4844 progeneratio;nulla
2566 4769 2763 4837 itaque
2795 4766 2889 4821 hic
2920 4766 2993 4820 ad
3025 4766 3400 4820 Valentinum
3425 4763 3576 4818 allu-

1934 4863 2040 4916 sio.
2076 4863 2145 4914 Et
2175 4876 2275 4915 sex
2301 4862 2648 4930 argumenta
2677 4873 2749 4910 ex
2779 4871 2896 4910 una
2929 4853 3225 4910 sententia
3254 4854 3401 4907 mire
3433 4868 3570 4906 con-

1933 4953 2072 5008 ﬂata
2103 4968 2176 5006 ne
2208 4951 2385 5005 unius
2416 4947 2658 5020 quidem
2686 4947 2800 5001 vim
2828 4946 3066 5000 habent.

2001 5043 2188 5106 Quare
2220 5040 2332 5093 hoc
2366 5039 2492 5092 loco
2524 5037 2666 5092 satis
2689 5037 2817 5108 jam
2847 5040 3051 5090 vexato
3083 5039 3259 5103 atque
3313 5032 3567 5098 detorto,

1934 5145 2002 5185 ea
2018 5128 2258 5184 tandem
2280 5125 2647 5194 recolit,quaa
2670 5124 2938 5194 proxima
2949 5123 3123 5194 paulo
3142 5126 3277 5176 ante
3293 5120 3574 5193 periocha

1934 5219 2005 5273 de
2036 5217 2266 5273 Christo
2297 5219 2502 5269 auctor
2525 5213 2789 5282 epistolae
2821 5213 3068 5280 dixerat,
3092 5217 3156 5266 ut
3187 5227 3255 5265 eo
3287 5210 3418 5264 loco
3461 5207 3575 5261 ha)-

1934 5308 2114 5362 resim
2146 5301 2436 5360 Valentini
2462 5301 2774 5355 refutatam
2799 5302 3148 5370 inveniat,in
3172 5316 3286 5371 quo
3320 5297 3577 5369 Ignatius

1936 5396 2006 5451 de
2038 5395 2204 5449 nulla
2235 5390 2444 5447 haaresi
2479 5389 2758 5459 disputat,
2785 5390 2887 5444 sed
2923 5396 3150 5446 tantum
3174 5387 3577 5461 Magnesianos

1936 5490 2156 5549 monet,
2219 5488 2283 5538 ut
2339 5498 2374 5537 a
2431 5479 2748 5536 schismate
2782 5489 3042 5548 caveant,
3077 5488 3136 5538 et
3181 5480 3576 5536 Christianam

1934 5575 2238 5630 veritatem
2302 5575 2460 5628 arcte
2505 5568 2934 5640 amplexentur,
2967 5587 3144 5640 quam
3175 5568 3578 5642 particulatim

1935 5664 2206 5736 explicat,
2239 5661 2380 5718 dein
2411 5665 2756 5733 argumento
2789 5660 2862 5715 ab
2892 5660 3120 5714 unitate
3149 5657 3253 5714 Dei
3284 5664 3343 5712 et
3361 5661 3578 5716 Christi

1936 5755 2110 5810 ducto
2151 5757 2439 5810 exornat:
2468 5749 2627 5824 quod
2659 5754 2715 5807 et
2733 5766 2842 5822 per
2871 5765 2933 5807 se
2963 5749 3108 5806 satis
3136 5750 3446 5823 proprium
3467 5755 3580 5823 est,
