3974 6296
411 393 526 454 3w

1469 393 1534 454 S.
1582 390 1989 454 lGNATIUS.
2037 422 2115 434 —
2156 388 2768 450 PROLEGOMENA.

3687 393 3822 456 316

411 524 891 580 etvetustissimis
905 523 1290 594 scriptoribus
1312 523 2048 581 familiare.ltaClementis
2084 521 2132 588 Α
2163 519 2464 586 dicitur,et
2494 521 2734 577 initium
2757 521 3113 582 omniumet
3134 523 3373 595 proprie
3394 527 3821 599 Monogenes.»

414 613 801 668 Alexandrini
861 614 1249 668 Admonitz’one
1297 615 1371 668 ad
1425 621 1610 684 gentes
1667 617 2054 684 repraesentat

417 703 714 758 Christum
735 704 924 774 Logon
939 703 1400 759 innumerabiles
1413 703 1663 775 populos
1676 702 1749 758 ad
1768 703 2050 757 unitatem

415 793 690 848 Ecclesia;
721 810 780 847 in
813 794 970 848 hunc
1001 795 1243 849 modum
1275 800 1716 860 convocantem,
1754 793 1945 846 Ἤκετε
1976 792 2050 852 ὡς

415 879 531 952 ἐμὲ,
569 880 654 952 ὑφ⁸
682 876 774 933 ἕνα
803 881 1213 958 ταχθτ,σὸμενοι
1249 882 1399 949 Θεὸν,
1447 883 1534 935 καὶ
1581 882 1672 935 τὸν
1731 876 1823 935 ἕνα
1873 880 2050 954 Λόγον

407 967 503 1023 to?)
559 972 713 1025 Θεοῦ.
763 972 849 1026 Ita
887 972 1180 1040 Paadagog.
1212 971 1310 1025 lib.
1362 989 1400 1039 ι,
1432 972 1724 1027 unitatem
1775 970 2050 1026 Ecclesiaa

411 1060 662 1115 mirifice
694 1059 958 1132 depingit
983 1078 994 1114 :
1023 1063 1086 1112 Ὦ
1117 1061 1390 1129 θαύματος
1461 1063 1724 1132 μυστικοῦ
1757 1061 1768 1114 l
1824 1059 1901 1120 εἷς
1953 1059 2051 1131 μὲν

413 1145 440 1198 ὁ
471 1149 577 1200 τῶν
611 1143 756 1199 ὅλων
795 1148 997 1220 Πατήρ·
1035 1148 1109 1208 εἷς
1142 1144 1198 1201 δὲ
1226 1147 1315 1201 καὶ
1361 1151 1470 1202 τῶν
1525 1146 1669 1202 ὅλων
1719 1147 1914 1221 Λόγος·
1960 1147 2052 1201 καὶ

409 1235 472 1289 τὸ
506 1239 718 1307 Πνεῦμα
750 1235 810 1290 τὸ
856 1231 1011 1312 ἅγιον
1060 1235 1113 1290 ἓν
1165 1237 1252 1290 καὶ
1292 1237 1355 1291 τὸ
1405 1236 1534 1293 αὐτὸ
1591 1240 1888 1313 πανταχοῦ.
1939 1237 2054 1294 Μία

414 1323 471 1380 δὲ
506 1325 643 1397 μόνη
701 1324 902 1401 γίνεται
962 1328 1145 1402 μήτηρ
1205 1327 1491 1402 Παρθένος·
1549 1327 1876 1397 Ἐκκλησίαν
1926 1325 2048 1398 ἐμοὶ

412 1414 570 1494 φίλον
611 1416 776 1484 αὐτήν
834 1415 1037 1473 καλεῖν.
1095 1442 1121 1470 ‹‹
1180 1421 1221 1475 0
1281 1421 1633 1476 miraculum
1692 1420 2048 1491 mysticum!

415 1508 575 1561 Unus
604 1507 844 1577 quidem
879 1507 1283 1563 universorum
1313 1511 1485 1564 Pater
1516 1526 1528 1563 :
1565 1525 1747 1564 unum
1781 1515 1975 1564 autem
1997 1513 2055 1563 et

412 1597 822 1651 universorum
857 1597 1106 1652 Verbum
1135 1614 1148 1663 ;
1181 1603 1239 1652 et
1269 1599 1520 1669 Spiritus
1551 1603 1791 1654 sanctus
1814 1615 1964 1653 unus
1986 1614 2056 1653 ac

418 1687 578 1741 idem
602 1685 977 1757 ubique.Una
1003 1692 1200 1742 autem
1233 1688 1357 1742 sola
1379 1694 1467 1743 est
1497 1695 1688 1744 mater
1719 1688 2053 1757 virgozmihi

421 1782 617 1831 autem
669 1775 858 1846 placet
915 1793 1044 1832 eam
1077 1794 1282 1832 vocare
1315 1778 1657 1833 Ecclesium.
1692 1800 1719 1828 »
1749 1779 1819 1832 Et
1845 1783 2053 1850 gentes

413 1865 591 1920 etiam
622 1865 827 1919 invitat
857 1866 929 1920 ad
986 1866 1139 1921 hanc
1179 1867 1491 1935 unitatem,
1525 1873 1807 1938 tanquam
1839 1868 2051 1924 unitati
2087 1893 2134 1957 Β

412 1954 625 2009 divinae
648 1955 1013 2010 conformem
1047 1962 1105 2009 et
1134 1955 1207 2010 ad
1254 1956 1418 2010 illam
1450 1957 1689 2011 tandem
1723 1957 2054 2028 perducen-

414 2050 579 2099 tem:
643 2043 971 2114 Σπεύσωμεν
1031 2043 1103 2104 εἰς
1165 2044 1289 2115 μίαν
1354 2043 1563 2118 ἀγάπην
1627 2047 1958 2120 συναχθῆναι
2007 2046 2060 2100 οἱ

414 2130 620 2186 πολλοὶ
651 2131 788 2186 κατὰ
818 2133 915 2200 τὴν
943 2139 1042 2200 τῆς
1083 2129 1381 2203 μοναδικῆς
1434 2135 1618 2197 οὐσίας
1666 2132 1880 2189 ἕνωσιν·
1936 2135 2061 2188 ἀνα-

419 2219 596 2295 λόγως
659 2220 882 2288 ἒνότητα
940 2217 1225 2294 διώκωμεν
1285 2225 1382 2291 τὴν
1432 2223 1638 2298 ἀγαθὴν
1714 2223 2062 2293 ἐκζητοῦντες

555 2306 591 2362 ιδ
679 2309 692 2327 ρ
779 2306 820 2326 ’κε
864 2307 877 2326 9
1119 2315 1143 2324 ν
1223 2307 1247 2328 (1
1495 2334 1506 2344 .
1849 2311 1859 2332 Ι
2039 2312 2057 2332 ‘

423 2327 560 2382 μονα
599 2330 648 2365 α.
697 2310 742 2364 ΙΙ
775 2319 831 2362 οε
861 2329 920 2363 εκ
958 2307 1182 2364 πολλων
1225 2331 1417 2373 ενωσες
1469 2312 1528 2367 ἐκ
1573 2311 1926 2388 πολυφωνίας
1969 2334 2058 2367 και

419 2396 715 2470 διασπορᾶς
746 2398 1008 2473 ἁρμονίαν
1039 2395 1281 2455 λαϐοῦσα
1334 2403 1518 2471 θεϊκὴν
1555 2403 1652 2474 μία
1683 2401 1887 2476 γίνεται
1920 2423 2061 2474 συμ-

410 2487 605 2561 φωνία,
627 2486 703 2540 ἑνὶ
726 2491 964 2561 χορευτῇ
997 2489 1083 2542 καὶ
1118 2485 1433 2562 διδασκάλῳ
1462 2495 1540 2561 τῷ
1581 2491 1744 2566 Λόγῳ
1789 2489 2058 2562 ἑπομένη,

410 2575 493 2630 ἐπ’
517 2575 683 2644 αὐτήν
713 2576 812 2644 τήν
845 2573 1104 2645 ἀλήθειαν
1137 2577 1542 2652 ἀναπαυομένη,
1579 2574 1749 2637 ’Δϐϐἆ
1795 2577 2054 2655 λέγουσα,

407 2667 434 2720 ὁ
468 2667 678 2739 Πατήρ.
714 2690 741 2717 ‹‹
796 2667 1162 2724 Festinamus
1211 2675 1276 2724 ut
1323 2671 1382 2725 in
1436 2687 1616 2726 unam
1675 2670 2056 2726 dilectionem

409 2758 578 2813 multi
597 2759 1234 2829 cogamur,secundum
1252 2759 1576 2816 monadicaa
1596 2761 1866 2816 essentia:
1880 2761 2053 2816 unio-

407 2865 543 2903 nem
577 2865 590 2914 ;
616 2848 917 2919 analogice
953 2849 1232 2904 unionem
1257 2866 1684 2920 persequamur
1701 2837 1920 2905 bonam
1951 2867 2054 2906 ex-

407 2939 710 3006 quirentes
742 2939 1195 3003 unitatem.Quae
1227 2944 1317 2994 est
1346 2945 1543 2994 autem
1576 2957 1646 2994 ex
1676 2941 1879 2995 multis
1909 2940 2050 2996 unio

408 3042 479 3080 ex
511 3043 715 3082 vocum
748 3027 1129 3082 multitudine
1161 3033 1221 3083 et
1263 3028 1634 3099 dispersione
1663 3028 1922 3085 divinam
1952 3046 2052 3085 ca-

405 3116 573 3185 piens
607 3116 980 3171 harmoniam
1011 3133 1164 3171 unus
1196 3117 1261 3171 ﬁt
1291 3123 1640 3183 concentus,
1673 3135 1857 3173 unum
1883 3118 2048 3174 chori

403 3203 612 3260 ducem
648 3223 901 3275 sequens
933 3212 990 3260 et
1011 3206 1360 3276 magistrum
1393 3206 1662 3269 Verbum,
1697 3207 1757 3260 in
1791 3208 1917 3279 ipsa
1941 3225 2039 3263 ac-

403 3295 717 3364 quiescens
777 3295 1044 3362 veritate,
1105 3295 1344 3350 dicens:
1408 3295 1569 3350 Abba
1618 3301 1800 3352 Pater.
1844 3322 1866 3349 ι
1906 3300 2038 3355 Haec

399 3383 580 3454 igitur
610 3383 683 3438 de
715 3399 832 3437 uno
865 3384 982 3438 Deo
1034 3385 1227 3452 Patre,
1256 3389 1315 3438 et
1344 3401 1460 3439 uno
1489 3385 1720 3440 Christo
1754 3387 1902 3459 Logo
1934 3387 2041 3442 do-

400 3472 612 3532 ctrina,
647 3489 881 3542 semper
901 3471 1102 3527 habita
1131 3477 1219 3527 est
1250 3490 1355 3544 per
1383 3491 1444 3529 se
1477 3475 1618 3529 satis
1649 3475 1722 3530 ad
1752 3477 2042 3532 unitatem

403 3559 863 3616 ecclesiasticam
898 3562 1282 3632 premendam
1333 3563 1564 3619 idonea.
1599 3566 1722 3620 Non
1744 3566 1918 3620 aliter
1948 3567 2043 3622 hic

402 3649 662 3720 Ignatius
686 3665 698 3702 :
726 3651 1009 3716 «Omnes,
1043 3651 1255 3720 inquit,
1288 3652 1350 3706 in
1371 3669 1556 3708 unum
1590 3655 1878 3726 templum
1904 3673 2044 3711 con-

401 3737 640 3805 currite,
667 3744 734 3794 ut
765 3739 826 3794 in
861 3757 1044 3795 unum
1075 3741 1278 3810 altare,
1314 3742 1376 3796 in
1407 3759 1593 3798 unum
1627 3745 1826 3800 Iesum
1857 3746 1938 3799 Ch
1953 3747 2042 3800 ri-

401 3827 657 3885 stum.ab
691 3845 808 3883 uno
841 3831 1011 3884 Patre
1039 3837 1440 3895 exeuntem,et
1459 3833 1520 3887 in
1549 3849 1733 3888 unum
1758 3835 2045 3890 exsisten-

399 3921 516 3970 tem
537 3922 594 3970 et
610 3920 1170 3974 revertentemmllic
1190 3921 1383 3992 Logon
1401 3922 1690 3978 Valentini
1715 3924 2045 3994 respexisse

406 4014 708 4066 auctorem
740 4012 862 4066 vult
889 4011 1163 4077 Dallaaus,
1188 4029 1322 4068 cum
1363 4019 1563 4069 tamen
1585 4015 1658 4070 de
1682 4016 1867 4072 Verbo
1893 4017 2046 4072 nihil

400 4097 559 4153 dicat
583 4116 595 4164 ;
629 4101 989 4172 conjungere
1016 4101 1215 4172 itaque
1233 4119 1368 4157 cum
1399 4103 1646 4173 reliquis
1673 4105 1814 4160 satis
1837 4105 1908 4160 ab
1932 4106 2044 4160 hoc

400 4187 531 4242 loco
591 4188 903 4258 disjunctis
965 4191 1112 4246 etin
1170 4192 1287 4246 alio
1346 4199 1695 4264 argumento
1747 4196 2046 4266 occupatis

401 4281 640 4331 coactus
674 4282 856 4340 est,ut
885 4277 1113 4350 aliquid
1144 4297 1212 4335 ex
1239 4287 1492 4351 utroque
1530 4280 1804 4352 exculpat
1833 4285 2048 4355 «Negat

401 4364 561 4419 exire
593 4381 626 4420 a
658 4364 957 4436 Sige,dicit
987 4369 1151 4424 exire
1180 4386 1214 4424 a
1245 4371 1414 4424 Patre
1444 4386 1636 4440 :nergo
1666 4371 2045 4428 Valentinum

408 4452 566 4508 ferit.
601 4454 724 4518 Quo
755 4455 907 4510 nihil
965 4457 1077 4512 dici
1111 4458 1301 4529 potuit
1330 4459 1645 4514 inlelicius.
1681 4459 1738 4514 Si
1770 4460 1931 4514 enim
1963 4462 2046 4516 sic

413 4547 621 4598 auctor
681 4543 1049 4602 Valentinum
1096 4547 1362 4618 respicit,
1395 4564 1515 4602 non
1548 4565 1683 4603 eum
1717 4549 2043 4620 impugnat,

2159 610 2358 664 Prima
2389 615 2568 665 tetras
2600 627 2669 665 ex
2729 612 2873 682 ipsis
2909 612 3459 669 Valentinianorum
3512 615 3676 670 libris
3709 617 3829 672 de—

2164 705 2399 770 sumpta
2459 699 2614 771 apud
2661 700 3051 772 Epiphanium
3101 703 3229 757 haec
3282 709 3390 771 est,
3425 704 3615 768 Βυθὸς,
3649 707 3820 777 Σιγή,

2161 787 2370 860 Πατὴρ,
2404 786 2792 858 Ἀλήθεια,ιιι)ί
2817 807 2886 845 ex
2918 793 3088 846 Patre
3122 798 3182 846 et
3212 794 3469 849 Veritate
3494 803 3826 866 generatur

2164 878 2366 949 Logos.
2391 879 2579 932 Exivit
2600 879 2778 951 igitur
2799 881 2982 952 Logos
3015 881 3344 937 secundum
3364 883 3819 941 Valentinianos

2163 983 2282 1022 non
2313 984 2347 1022 a
2377 968 2528 1040 Sige,
2579 969 2683 1024 sed
2734 986 2770 1024 a
2797 972 2990 1026 Patre.
3023 971 3213 1036 Quare
3244 972 3293 1026 si
3334 980 3505 1029 autor
3535 975 3817 1046 epistolae

2161 1056 2296 1112 illos
2329 1057 2640 1114 haereticos
2671 1059 2732 1113 in
2769 1060 2967 1115 animo
3010 1060 3333 1130 habuisset,
3367 1079 3672 1134 nunquam
3699 1081 3818 1120 ne-

2161 1152 2354 1218 gasset
2386 1147 2544 1218 quod
2567 1147 2651 1202 illi
2677 1165 2798 1203 non
2821 1149 3528 1222 afﬁrmaruntmunquam
3564 1153 3825 1210 dixisset

2164 1235 2323 1305 quod
2351 1235 2436 1292 illi
2468 1237 2766 1292 dixerunt.

2237 1325 2348 1380 Sed
2379 1326 2428 1381 si
2462 1327 2839 1382 Valentinum
2865 1345 2984 1383 non
3014 1329 3350 1400 feriat,cum
3385 1331 3545 1386 exire
3570 1349 3605 1386 a
3633 1334 3818 1388 Patre

2163 1413 2387 1482 scribit,
2409 1415 2484 1470 ad
2513 1433 2649 1471 eum
2681 1423 2838 1472 certe
2868 1417 3169 1488 collineat,
3201 1420 3357 1490 quod
3390 1435 3459 1475 ex
3491 1437 3607 1475 uno
3635 1422 3815 1476 Patre

2163 1502 2324 1557 exire
2354 1503 2529 1560 dicat.
2561 1505 2801 1560 Minime
2823 1522 2957 1561 vero
2986 1524 2998 1573 ;
3025 1523 3146 1562 non
3174 1508 3333 1562 enim
3357 1508 3559 1563 docuit
3594 1509 3816 1564 Valen-

2164 1593 2323 1647 tinus
2382 1593 2578 1664 Logon
2632 1610 2701 1649 ex
2755 1595 3025 1666 pluribus
3081 1597 3349 1668 patribus
3381 1599 3609 1654 exiisse.
3645 1622 3672 1648 ‹‹
3707 1601 3808 1668 At,

2164 1681 2376 1752 inquit,
2411 1699 2528 1736 non
2559 1683 2705 1738 dixit
2733 1684 2806 1739 ab
2837 1701 2954 1738 uno
2995 1691 3160 1756 patre
3188 1687 3294 1751 Nu,
3327 1687 3432 1741 sed
3463 1693 3521 1742 et
3553 1704 3586 1742 a
3611 1694 3810 1743 matre

2161 1770 2448 1826 Aletheia.
2494 1794 2513 1818 ι
2549 1772 2907 1827 Prasclarum
2939 1774 3238 1829 enimvero
3269 1776 3817 1847 argumentumlAn

2163 1872 2232 1916 eo
2263 1861 2462 1916 minus
2492 1867 2620 1916 erat
2647 1879 2716 1916 ex
2748 1879 2866 1916 uno
2897 1865 3090 1926 Patre,
3124 1864 3282 1935 quod
3335 1871 3491 1920 esset
3524 1867 3704 1921 etiam
3737 1884 3812 1922 ex

2165 1950 2464 2007 matre?De
2491 1951 2834 2023 posteritate
2865 1952 3176 2008 Abrahami
3207 1954 3517 2024 Apostolus
3541 1955 3818 2021 Hebrum,

2168 2043 2270 2095 i2:
2331 2038 2424 2093 Διὸ
2456 2040 2543 2116 ἀφ’
2593 2039 2709 2100 ἑνὸς
2769 2039 3120 2114 ἐγενήθησαν,
3179 2044 3413 2112 Propter
3465 2045 3614 2114 quod
3657 2052 3711 2099 et
3745 2046 3820 2099 ab

2164 2147 2272 2184 uno
2303 2133 2410 2184 orti
2437 2135 2582 2185 sunt.
2614 2130 2742 2185 Non
2773 2131 2951 2201 igitur
2981 2131 3317 2186 habuerunt
3346 2139 3595 2188 matrem
3615 2134 3716 2204 qui
3742 2135 3818 2189 ab

2165 2219 2497 2275 Abrahamo
2530 2219 2992 2274 descenderant?
3010 2227 3111 2275 aut
3138 2223 3277 2292 quia
3299 2223 3366 2276 ab
3394 2239 3502 2277 uno
3534 2225 3644 2277 orti
3658 2231 3793 2278 sunt

2163 2325 2334 2364 avum
2365 2314 2469 2363 aut
2488 2309 2677 2363 aviam
2708 2309 2926 2364 habere
2954 2327 3072 2364 non
3093 2317 3413 2381 potuerunt
3442 2312 3469 2366 '?
3499 2313 3821 2368 Nazianze-

2163 2414 2276 2452 nus
2307 2401 2455 2452 orat.
2486 2401 2509 2450 1
2546 2398 2617 2451 De
2656 2398 2911 2463 Adamo;
2958 2402 3138 2451 Παντα
3170 2398 3300 2470 ὑπὲρ
3340 2397 3558 2454 πάντων
3607 2399 3685 2462 εἷς
3738 2397 3821 2472 ἓν,

2160 2485 2249 2540 καὶ
2285 2484 2418 2559 ὑπὲρ
2471 2483 2587 2546 ἐνὸς
2617 2488 2712 2538 τοῦ
2764 2487 3130 2559 προπάτορος.
3185 2487 3342 2554 Erat,
3377 2489 3605 2544 scilicet
3647 2490 3814 2545 Ada-

2159 2593 2312 2639 mus,
2347 2593 2500 2632 unus
2531 2576 2632 2632 ille
2662 2582 2944 2648 propator
2972 2579 3214 2632 humani
3245 2580 3500 2649 generis,
3535 2583 3812 2650 quamvis

2159 2669 2276 2722 Eva
2331 2668 2510 2722 etiam
2541 2665 2722 2722 fuerit
2768 2673 2959 2722 mater
2989 2668 3259 2723 omnium
3289 2669 3629 2725 viventium.
3662 2673 3811 2727 Tam

2157 2757 2332 2811 malis
2362 2755 2566 2810 avibus
2597 2757 2706 2811 hoc
2729 2757 2857 2812 loco
2879 2773 3022 2811 usus
3047 2760 3136 2811 vir
3155 2757 3535 2814 doctissimus
3561 2776 3806 2831 progre-

2157 2846 2317 2900 ditur
2341 2851 2628 2912 tamen,et
2653 2850 2952 2916 postrema
2973 2847 3151 2901 etiam
3184 2848 3360 2902 verba
3385 2848 3605 2919 [Jesum
3629 2850 3805 2904 Chri—

2156 2941 2312 2990 stum
2345 2935 2407 2989 in
2437 2951 2644 3001 unum,
2679 2935 2911 2989 Patrem
2945 2935 3478 3001 scilicet,exsistere
3509 2942 3567 2992 et
3595 2954 3798 2993 rever—

2152 3041 2278 3080 sum
2311 3026 2464 3095 esse]
2496 3046 2523 3074 «
2555 3041 2676 3079 non
2710 3024 2825 3079 alio
2850 3041 3028 3095 quam
3062 3026 3120 3080 in
3181 3026 3456 3080 ﬁctitium
3496 3026 3801 3083 Valentini

2152 3115 2450 3170 Christum
2482 3115 2776 3169 destinata
2797 3117 3136 3170 statuit.»At
3158 3122 3457 3186 postrema
3487 3119 3806 3173 sententia;

2151 3203 2330 3258 verba
2349 3203 2623 3258 eumdem
2657 3204 2783 3258 sine
2806 3203 2985 3258 dubio
3019 3209 3492 3274 spectant,quem
3526 3206 3802 3277 ejusdem

2155 3293 2464 3347 sententiae
2497 3292 2994 3363 priora;eumdem
3026 3298 3233 3347 auctor
3262 3292 3541 3365 intelligit
3570 3310 3605 3348 a
3631 3295 3808 3350 Patre

2154 3387 2470 3436 exeuntem
2525 3386 2585 3436 et
2637 3381 2710 3436 ad
2758 3383 2992 3436 Patrem
3042 3387 3457 3438 revertentem.
3494 3383 3803 3439 Prioribus

2152 3470 2272 3525 vult
2302 3470 2553 3525 Dallzeus
2584 3470 2876 3524 Valentini
2921 3471 3116 3541 Logon
3148 3470 3332 3538 feriri,
3368 3472 3803 3542 posterioribus

2154 3559 2423 3630 ejusdem
2451 3559 2748 3613 Christum
2773 3575 2786 3624 ;
2812 3575 2946 3614 cum
2978 3560 3038 3613 in
3058 3559 3267 3615 Schola
3297 3560 3586 3615 Valentini
3623 3562 3808 3634 Logos

2155 3655 2213 3703 et
2269 3649 2534 3704 Christus
2594 3648 2714 3703 sint
2746 3665 2986 3719 prorsus
3048 3655 3106 3703 et
3143 3650 3320 3720 plane
3353 3650 3636 3705 distincti.
3675 3652 3804 3707 Non

2154 3739 2332 3811 igitur
2359 3743 2698 3808 utrumque,
2733 3739 2853 3792 imo
2885 3743 3162 3794 neutrum
3196 3738 3672 3810 ferit.Utcunque
3703 3741 3801 3806 sit,

2152 3829 2294 3884 ferri
2349 3846 2469 3884 non
2523 3835 2740 3900 potest,
2773 3835 2836 3883 ut
2888 3846 2997 3884 nos
3055 3829 3130 3884 ad
3167 3830 3456 3885 Valentini
3514 3832 3709 3903 Logon
3743 3839 3803 3887 et

2155 3918 2452 3973 Christum
2473 3917 2792 3988 rejiciat,et
2813 3917 2989 3972 simul
3016 3918 3142 3973 haec
3167 3919 3236 3973 ab
3261 3925 3499 3980 auctore
3532 3921 3799 3990 epistola)

2149 4006 2323 4078 juxta
2379 4008 2433 4062 S.
2464 4007 2752 4062 Joannem
2805 4007 3025 4078 scripta
3059 4009 3427 4078 pronuntiet.
3461 4009 3611 4073 Quid
3635 4012 3798 4066 enim

2158 4111 2305 4165 opus
2337 4100 2425 4148 est
2455 4099 2519 4148 ut
2552 4094 2928 4149 Valentinum
2959 4095 3412 4164 respiceret.qui
3447 4098 3515 4150 de
3552 4097 3603 4150 S.
3637 4098 3810 4151 Joan-

2155 4184 2248 4238 nis
2278 4189 2476 4239 mente
2518 4183 2908 4255 exprimenda
2937 4185 3240 4255 cogitavit?
3262 4184 3384 4238 Imo
3417 4185 3558 4255 quid
3588 4187 3699 4242 hoc
3727 4191 3803 4243 ad

2154 4273 2598 4344 generationem
2633 4273 2955 4344 Logi,quod
2988 4273 3105 4344 agit
3131 4273 3205 4328 de
3240 4274 3654 4332 lncarnatione
3686 4277 3807 4332 sive

2155 4361 2410 4417 adventu
2439 4363 2500 4416 in
2533 4362 2824 4417 mundum
2845 4362 2872 4416 ’ἰ
2902 4368 2968 4416 nt
3000 4363 3272 4433 superius
3303 4381 3438 4419 eum
3469 4363 3665 4420 locum
3700 4383 3800 4421 ex-

2155 4451 2496 4522 ponendum
2531 4469 2658 4507 esse
2686 4451 2881 4507 docui.

2227 4561 2415 4630 Atque
2447 4559 2570 4614 haec
2596 4559 2835 4630 quidem
2869 4560 3069 4614 omnia
3090 4565 3229 4614 sunt
3249 4577 3378 4631 quas
3409 4561 3496 4614 vir
3524 4561 3791 4618 doctissi-

401 4630 504 4686 Sed
535 4636 839 4705 sequitur;
891 4653 1012 4691 non
1043 4637 1172 4706 ejus
1205 4635 1417 4691 deliria
1463 4636 1773 4704 refutasse.
1802 4639 1905 4694 58d
1937 4657 2039 4711 ρο·
2073 4640 2119 4704 D
2153 4664 2282 4703 mus
2323 4649 2517 4703 attulit
2549 4655 2612 4703 ut
2641 4648 2980 4704 ostenderet
3010 4630 3312 4704 auctorem
3335 4657 3628 4716 nostrum,
3654 4654 3795 4708 dum

401 4729 517 4784 tius
547 4728 852 4798 amplexus
884 4742 1012 4780 esse
1033 4724 1320 4779 videatur.
1347 4727 1527 4796 Negat
1557 4728 1714 4782 enim
1749 4728 1905 4798 quod
1937 4747 2042 4785 ne-

402 4820 573 4888 gavit,
624 4818 766 4873 dicit
822 4815 980 4886 quod
1037 4814 1186 4869 dixit
1217 4813 1579 4872 Valentinus.
1613 4817 1793 4889 Negat
1841 4826 2045 4875 auctor

404 4907 667 4980 epistolm
702 4903 875 4979 Λόγον
910 4904 1070 4958 exire
1103 4919 1136 4958 a
1167 4902 1296 4974 Sige
1331 4904 1496 4975 Bytbi
1545 4909 1793 4978 conjuge
1816 4909 1843 4963 Ἰ
1867 4911 2047 4980 Negat

410 5004 469 5053 et
522 4995 891 5058 Valentinus,
927 4993 1026 5063 qui
1085 5008 1222 5046 eum
1272 5007 1490 5047 caacum
1541 4996 1723 5051 Eona
1752 4997 2041 5069 depinxit,

407 5096 600 5168 qualis
641 5111 710 5148 ex
743 5095 870 5164 Sige
903 5090 1070 5161 Bythi
1103 5091 1352 5161 conjuge
1384 5092 1542 5146 exire
1575 5110 1695 5149 non
1723 5097 1914 5166 potuit
1949 5115 1961 5164 ;
1989 5104 2047 5153 et

405 5203 539 5243 cum
571 5187 631 5239 in
663 5183 1199 5240 deminorationem
1221 5181 1474 5236 emissus
1495 5189 1814 5252 esset,eum
1830 5204 1896 5241 ex
1914 5189 2046 5243 aliis

400 5275 1031 5339 Eonibus,Monogene
1062 5274 1119 5322 et
1141 5269 1408 5325 Aletheia
1438 5275 1774 5329 necessario
1810 5275 2033 5333 eduxit.

407 5364 558 5420 Dicit
581 5367 790 5416 auctor
820 5356 994 5428 Λόγον
1030 5357 1187 5411 exire
1213 5375 1246 5412 a
1277 5360 1444 5414 Patre
1474 5361 1502 5414 ‘I
1531 5361 1688 5416 Dixit
1730 5369 1789 5417 et
1841 5365 2047 5420 Valen-

407 5453 602 5517 tinus;
635 5467 703 5505 ex
737 5450 1060 5518 Monogene
1090 5447 1251 5504 enim
1284 5449 1566 5504 emissum
1605 5450 1805 5512 tradit,
1838 5455 2039 5510 Mono-

404 5557 586 5613 genes
617 5545 814 5594 autem
842 5536 1150 5593 Valentino
1184 5538 1418 5610 proprie
1448 5541 1620 5594 Pater
1647 5547 1757 5596 est.
1792 5543 1878 5598 Ita
1925 5545 2045 5599 Ire-

405 5647 592 5695 nmus,
623 5629 713 5683 τὸν
749 5624 804 5682 Si
838 5630 976 5684 Νοῦν
1008 5631 1196 5681 τοῦτον
1237 5628 1328 5681 καὶ
1361 5629 1638 5702 Μονογενῆ
1673 5627 1903 5684 καλοῦσι
1956 5632 2046 5686 καὶ

406 5717 638 5797 Πατέρα.
695 5719 1091 5778 Tertullinus
1115 5718 1187 5774 de
1245 5719 1368 5773 Nu:
1432 5740 1460 5768 «
1488 5719 1576 5773 Ita
1615 5723 1672 5773 et
1717 5719 1844 5791 ipse
1876 5723 2048 5779 Pater

2152 4737 2278 4791 haec
2309 4737 2614 4803 scriberet,
2649 4737 3021 4792 Valentinum
3056 4739 3303 4809 ejusque
3329 4740 3554 4794 fabulas
3587 4742 3645 4794 in
3671 4743 3800 4796 ani-

2153 4843 2250 4881 mo
2275 4827 2552 4881 habuisse
2577 4845 2590 4893 ;
2621 4843 2872 4897 quorum
2899 4828 3049 4881 nihil
3079 4834 3169 4882 est
3188 4829 3344 4898 quod
3371 4847 3684 4885 assensum
3710 4849 3800 4886 co-

2153 4915 2366 4988 gat,vel
2397 4916 2548 4987 ipso,
2582 4915 3078 4986 opinior,judice;
3110 4928 3175 4971 ut
3205 4933 3310 4987 ego
3363 4924 3554 4973 autem
3587 4921 3801 4986 sentio,

2154 5006 2305 5061 nihil
2332 5005 2488 5077 quod
2521 5022 2880 5076 quemquam
2911 5009 3000 5062 vel
3031 5006 3234 5062 leviter
3268 5015 3516 5075 moveat,
3547 5011 3648 5080 qui
3683 5027 3806 5066 non

2157 5096 2362 5151 eodem
2397 5095 2571 5150 modo
2603 5095 2811 5165 lgnatii
2847 5095 3130 5166 epistolas
3159 5096 3508 5168 legerit.quo
3542 5099 3805 5170 Scriptu-

2156 5202 2250 5239 ras
2281 5185 2423 5239 olim
2460 5185 2689 5257 legebat
2718 5183 3168 5248 Valentinus,ut
3197 5187 3418 5251 omnia,
3455 5187 3697 5255 scilicet,
3729 5189 3811 5244 ad

2158 5291 2329 5330 suum
2357 5291 2595 5329 sensum
2627 5273 2842 5341 trahat,
2879 5279 2936 5328 et
2961 5274 3021 5328 in
3054 5275 3364 5346 proprium
3397 5276 3806 5333 characterem

2157 5369 2477 5420 convertat.
2511 5363 2675 5428 Quod
2721 5363 2768 5416 si
2801 5363 2894 5417 cui
2953 5363 3165 5417 liberet
3203 5364 3418 5431 facere,
3451 5383 3626 5435 quam
3677 5385 3810 5437 pro-

2155 5453 2301 5508 clive
2334 5459 2492 5508 esset
2516 5453 2868 5508 catholicum
2892 5451 3158 5523 quemvis
3189 5455 3422 5508 Patrem
3456 5455 3515 5508 in
3547 5455 3808 5510 Valenti-

2154 5543 2404 5598 nianum
2436 5541 3072 5612 converterelExempli
3105 5542 3292 5611 gratia
3327 5559 3493 5598 sumo
3528 5545 3811 5601 suavissi-

2155 5649 2282 5688 mos
2313 5631 2540 5702 Synesii
2573 5632 2862 5702 hymnos:
2918 5630 2978 5685 in
3011 5630 3225 5700 quibus
3258 5631 3382 5687 haec
3416 5632 3542 5704 lego
3575 5641 3634 5688 et
3667 5637 3803 5707 qui-

2156 5721 2291 5777 dem
2314 5720 2385 5777 de
2413 5721 2596 5793 L030:
2621 5717 2817 5796 Λόγος,
2849 5716 2906 5772 δν
2933 5717 3156 5794 μιγάλῳ
3179 5720 3344 5795 Hart-pi
3380 5725 3627 5796 συνυμνῶ
3659 5722 3809 5792 Νόος
