3974 6296
161 470 268 547 ιιι-ι

881 472 937 532 J.
987 470 1412 534 PEARSONII
1455 471 1828 534 VINDICIE
1866 471 2348 535 IGNATIANIE.
2398 507 2460 518 -
2517 473 2716 536 PARS
2762 469 2840 534 Ιῐ.

165 601 398 677 ἇρῥήτου
421 602 605 661 Τίκτει
640 625 696 659 σε
729 606 954 678 Πατρός.
990 630 1019 657 ‹‹
1065 609 1339 677 Verbum,
1392 608 1550 679 quod
1597 624 1796 680 magnc

1922 610 2204 681 Apostolo
2236 609 2611 672 inculcatam,
2654 614 2741 664 tot
2792 608 3077 664 encomiis
3106 625 3140 664 a
3171 607 3264 665 SS.
3299 608 3574 665 Patribus

167 697 304 750 Cum
325 697 494 750 Patre
513 699 855 764 cano,Mens
878 698 1194 753 ineffabilis
1227 699 1422 772 Gignit
1451 704 1507 754 te
1540 700 1750 754 Patris.
1781 719 1809 748 »

169 784 333 839 Vides
356 785 481 840 haec
499 787 706 841 omnia
719 803 846 842 esse
867 803 935 842 ex
955 787 1248 842 Valentini
1272 789 1493 844 schola.
1517 787 1810 844 Habemus

165 875 392 929 Patrem
414 871 672 946 ἂρῥητον,
709 877 851 931 Νοῦν
885 882 941 932 et
967 875 1144 950 Λόγον
1178 884 1296 933 tres
1344 880 1568 950 primos
1598 883 1809 938 Eonas

166 963 478 1020 masculos.
517 965 864 1020 Valentinus
897 967 1022 1038 ipse
1056 967 1137 1022 ita
1165 967 1433 1024 deﬁnivit
1461 964 1629 1022 δυάδα
1681 969 1810 1024 ἀνο-

167 1049 448 1122 νόμαστον,
497 1051 566 1119 ἧς
617 1055 682 1106 τὸ
728 1053 820 1124 μὲν
873 1075 924 1108 τι
977 1052 1259 1110 καλεῖσθαι
1318 1053 1576 1130 ἕῤῥητον,
1633 1060 1695 1112 τὸ
1752 1055 1807 1113 δὲ

169 1142 338 1213 σιγήν.
367 1140 648 1214 magno:
679 1143 877 1215 itaque
906 1145 1060 1200 idem
1087 1147 1186 1216 qui
1221 1147 1463 1218 Bythus,
1503 1165 1574 1202 ex
1622 1149 1804 1220 Bytho

165 1231 290 1295 Nus,
323 1247 393 1286 ex
427 1233 516 1287 Nu
551 1232 762 1303 Logus.
794 1235 983 1290 Purus
1014 1241 1190 1306 potus
1221 1236 1421 1307 itaque
1448 1239 1804 1294 Valentinia-

166 1335 267 1374 nus
284 1320 397 1375 erit
427 1321 734 1392 Synesius.
759 1325 901 1378 Nam
919 1330 1129 1396 etquae
1157 1333 1490 1397 sequuntur
1505 1344 1574 1384 ex
1597 1330 1804 1385 eadem

167 1409 390 1466 officina
422 1427 556 1466 esse
599 1413 906 1469 videntur:
961 1418 1182 1487 Πρῶτος
1243 1415 1462 1488 πρώτας
1513 1418 1804 1491 Προθορὼν

167 1497 322 1568 ῥίζας.
356 1499 512 1567 Ῥὶζα
542 1497 599 1554 δὲ
628 1499 842 1556 πάντων
903 1505 1027 1559 Τῶν
1086 1504 1220 1576 μετᾶ
1276 1502 1493 1559 κλεινὰν
1544 1506 1654 1562 Τὰν
1707 1507 1800 1560 σὰν

163 1586 354 1659 γένναν.
379 1613 406 1640 ιι
434 1591 672 1646 Primus
694 1609 763 1647 ex
787 1594 979 1664 prima
1000 1595 1325 1666 Prognatus
1353 1596 1548 1652 radice
1575 1615 1587 1665 ;
1619 1598 1802 1653 Radix

167 1685 349 1733 autem
376 1681 672 1746 omnium,
705 1683 843 1746 Quae
875 1683 1114 1738 condita
1143 1690 1283 1738 sunt
1330 1691 1462 1756 post
1513 1686 1800 1756 inclytum

164 1768 332 1822 Tuum
355 1775 576 1823 ortum.
601 1792 628 1819 ››
651 1771 908 1826 Primam
931 1772 1090 1827 enim
1114 1773 1342 1828 tetrada
1362 1773 1509 1845 ῥίζαν
1526 1778 1632 1828 τῶν
1665 1775 1798 1828 πάν-

163 1877 258 1910 των
282 1861 686 1931 appellabant,
721 1867 780 1917 et
809 1863 1024 1933 Legum
1057 1881 1126 1918 ex
1157 1864 1261 1920 illa
1283 1865 1559 1920 eductum
1588 1864 1797 1939 Πατέρα

1921 705 2228 766 ornatam;
2261 696 2416 752 οὐδὲν
2449 699 2552 772 γὰρ
2585 697 2808 770 εἰρήνης
2839 696 2956 752 ξ’σον
2983 698 3075 752 καὶ
3127 698 3468 771 συμφωνίας,
3503 703 3568 754 ut

1919 789 2264 860 utloquitur
2283 790 2754 860 Chrysostomus.
2780 789 2872 843 Sic
2901 789 3078 860 igitur
3099 790 3313 844 affatur
3343 789 3572 860 Magne-

1919 877 2036 932 sios
2054 875 2390 949 lgnatius,év
2417 876 2645 948 ὁμονοίᾳ
2676 879 2808 930 Θεοῦ
2841 873 3166 944 σπουδάζετε
3191 876 3361 930 πάντα
3391 875 3569 948 πρᾶσ-

1919 987 2086 1035 σειν,‹‹
2105 969 2163 1023 in
2180 969 2495 1024 concordia
2509 969 2608 1023 Dei
2624 967 2857 1023 studete
2871 958 3071 1022 omnia
3086 967 3340 1038 operari,
3352 989 3372 1016 ι
3399 987 3471 1036 μη
3483 962 3568 1019 ὁὲν

1917 1052 2054 1110 ἔστω
2086 1056 2136 1110 ἐν
2171 1058 2297 1128 ὑμῖν
2331 1057 2360 1110 ’ὁ
2400 1053 2683 1125 δυνήσεται
2745 1055 2884 1127 ὑμᾶς
2935 1055 3170 1128 μερίσαι,
3221 1079 3248 1107 ι(
3285 1057 3440 1111 nillil
3493 1056 3572 1110 sit

1914 1148 1975 1202 in
2008 1148 2167 1203 vobis
2200 1148 2358 1218 quod
2382 1148 2569 1218 possit
2586 1164 2684 1202 vos
2705 1147 2932 1218 partiri.
2960 1146 3256 1201 Uniamini
3285 1145 3566 1216 episcopo

1915 1243 1972 1289 et
2001 1235 2478 1305 prmsidentibus,
2515 1237 2586 1290 Ut
2615 1236 2899 1290 Dominus
2931 1235 3058 1289 sine
3093 1237 3263 1290 Patre
3299 1233 3448 1288 nihil
3478 1234 3566 1288 fe-

1915 1326 2012 1392 cit,
2049 1347 2076 1374 »
2109 1325 2393 1396 ἡνωμένος
2428 1321 2526 1390 ὥν,
2562 1346 2588 1375 ι(
2619 1326 2824 1380 unitus
2865 1326 3176 1390 exsistens,
3229 1341 3427 1394 neque
3460 1340 3566 1394 per

1914 1417 2194 1486 seipsum.
2231 1431 2423 1485 neque
2455 1429 2561 1484 per
2591 1414 2925 1484 apostolos;
2959 1414 3045 1468 sic
3075 1430 3268 1484 neque
3304 1430 3402 1468 vos
3434 1413 3562 1466 sine

1913 1504 2188 1575 episcopo
2216 1509 2275 1558 et
2298 1503 2658 1574 presbyteris
2684 1503 2908 1574 aliquid
2930 1502 3280 1574 Operamini.
3309 1524 3335 1550 ››
3361 1501 3563 1562 Sit,in-

1911 1594 2059 1663 quit,
2093 1590 2178 1645 ἐπὶ
2208 1591 2271 1645 τὸ
2303 1590 2431 1645 αὐτὸ
2464 1614 2491 1642 ‹‹
2524 1608 2645 1647 una
2675 1592 2973 1659 ratio,una
3003 1590 3362 1663 deprecatio,
3396 1607 3562 1646 mens

1908 1700 2047 1746 una,
2079 1701 2196 1738 una
2236 1701 2392 1754 spes.
2429 1706 2454 1730 »ι
2489 1683 2799 1738 Rationem
2831 1683 3031 1738 statim
3081 1682 3278 1736 reddit
3326 1687 3385 1735 et
3432 1697 3561 1735 eam

1909 1771 2151 1844 quidem
2210 1773 2642 1843 apostolicam:
2706 1771 2802 1831 Εἷς
2851 1769 2992 1823 ἐστιν
3048 1770 3260 1838 Ἰησοῦς
3299 1768 3559 1842 Χριστός,

1914 1884 1938 1914 α
1973 1864 2132 1917 Unus
2161 1864 2330 1916 Jesus
2361 1862 2623 1916 Christas
2655 1866 2763 1927 est,
2801 1880 2823 1910 ι
2859 1876 2976 1929 quo
3008 1859 3220 1914 melius
3251 1859 3401 1912 nihil
3447 1864 3557 1913 est.

167 1946 362 2001 πάντων
389 1952 502 2002 τῶν
531 1949 647 2020 μετ’
676 1947 833 2004 αὐτὸν
857 1949 1320 2025 ἐσομὲνωνΑριιά
1341 1956 1615 2011 eumdem
1636 1957 1765 2030 lego
1786 1977 1796 2014 :

1913 1953 1982 2006 Ut
2004 1952 2058 2007 S.
2084 1951 2303 2006 Paulus
2316 1950 2599 2021 Ephesios
2623 1948 2693 1984 ¹⁹⁶
2711 1949 3029 2003 cohortans
3051 1953 3362 2002 utservent
3385 1970 3411 1997 «
3430 1947 3562 2001 uni-

175 2035 378 2110 Μάκαρ,
407 2038 562 2099 ὅστις
608 2039 742 2110 μετὰ
800 2039 990 2114 μοίρας
1040 2036 1266 2103 Ἐπιϐὰς
1313 2043 1459 2098 Νὸου
1506 2043 1802 2109 κελεῦθωνθ

178 2126 332 2180 Βυθὸν
365 2124 502 2180 εἶδεν
539 2125 857 2200 Οεολαμπῆ.
904 2153 924 2179 ι
964 2132 1196 2196 Beatus,
1229 2134 1328 2202 qui
1363 2141 1496 2204 post
1540 2135 1660 2190 fata
1712 2140 1808 2191 ln-

179 2231 396 2280 gressus
418 2219 634 2273 Mentis
659 2219 802 2286 vias,
837 2220 1087 2292 Bythum
1119 2221 1262 2276 vidit
1293 2223 1488 2278 divina
1510 2225 1809 2297 refulgen-

172 2311 274 2359 tem
296 2305 440 2362 luce.
475 2331 502 2356 »
533 2308 706 2362 Vides
735 2315 801 2363 ut
821 2314 1041 2365 statuat
1062 2328 1354 2367 summam
1374 2311 1804 2371 beatitudinem

176 2394 228 2448 in
253 2397 469 2452 visione
505 2398 698 2470 Bythi,
732 2415 916 2470 eaque
942 2400 1233 2470 patefacta
1255 2418 1360 2472 per
1385 2405 1533 2459 Nun.
1562 2404 1727 2468 Quod
1750 2409 1807 2459 et

172 2483 365 2540 iterum
382 2487 723 2558 exprimere
746 2488 806 2542 in
831 2490 988 2544 hunc
1007 2490 1248 2545 modum
1263 2491 1520 2547 videtur:
1545 2486 1806 2547 Ἑπιϐαλο

172 2569 384 2643 λόμενος
417 2573 710 2649 Προσιδεῖν
737 2573 934 2650 αἴγλαν
987 2577 1279 2648 Ἀκάμαντι
1333 2584 1487 2652 Βυθῷ
1533 2581 1803 2655 Ἀμαρυσ-

176 2665 406 2734 σομὲναν.
445 2688 472 2715 κ
511 2667 660 2720 Dum
695 2673 873 2739 tegtat-
928 2670 1150 2724 Intueri
1200 2670 1578 2741 splendorem
1627 2673 1802 2728 Inde-

169 2750 306 2808 fesso
337 2755 526 2825 Bytho
558 2756 922 2828 Fulgentem.
942 2778 966 2810 ι
995 2759 1179 2814 Deum
1205 2765 1363 2816 certe
1388 2765 1617 2816 Patrem
1641 2769 1804 2818 vocat

172 2841 498 2916 προπάτορα,
538 2850 595 2898 et
652 2843 1000 2912 αἰωνοτόκον,
1050 2852 1106 2901 et
1155 2846 1297 2915 θῆλυ
1345 2847 1434 2901 καὶ
1485 2845 1662 2922 ἂρρεν.
1714 2854 1802 2905 An

173 2928 269 2998 ipsi
299 2931 697 2987 Valentiniani
731 2933 903 2988 aliter
924 2934 1310 3004 loquerentur
1333 2937 1360 2992 ?
1389 2937 1606 2993 Eodem
1631 2955 1800 3011 argu-

168 3027 346 3075 mento
376 3023 617 3093 probari
649 3031 847 3095 posset
875 3025 1198 3080 Lucianum
1233 3027 1291 3081 in
1339 3027 1664 3100 Philopatri
1695 3031 1801 3084 Va-

168 3105 437 3166 lentinum
470 3113 914 3184 perstrinxisse,
950 3115 1050 3169 ubi
1075 3114 1305 3171 deridet
1324 3115 1650 3172 doctrinam
1677 3119 1800 3172 Tri-

171 3198 372 3255 nitatis.
402 3203 488 3256 Ita
525 3202 685 3256 enim
717 3203 926 3258 Critias
957 3219 970 3257 :
1003 3202 1119 3259 Οὐκ
1151 3201 1270 3257 οἶδα
1299 3204 1403 3279 γὰρ
1455 3205 1484 3258 ὅ
1515 3203 1712 3278 λὲγεις,
1743 3202 1798 3260 ἓν

168 3285 438 3362 τρία,τρῖα
473 3286 553 3344 ἕν’
613 3291 690 3362 μή
745 3291 842 3358 τὴν
887 3292 1177 3363 τετρακτὺν
1236 3292 1341 3369 φῇς
1395 3294 1493 3361 τήν
1557 3296 1800 3370 Πυθαγό-

170 3394 270 3447 ρου,
362 3378 458 3445 τήν
508 3375 774 3454 ὀγδοεὶδα,
835 3380 926 3434 καὶ
976 3378 1260 3456 τριακάδα.
1318 3384 1417 3439 Cui
1479 3385 1798 3456 respondet

169 3465 473 3538 Triephon:
511 3467 650 3543 Σίγα
684 3469 750 3523 τὰ
783 3467 981 3544 νέρθεν,
1013 3470 1104 3524 καὶ
1133 3470 1199 3525 τὰ
1249 3478 1410 3545 σιγῆς
1471 3470 1608 3542 ἄξια.
1660 3477 1799 3541 Quis

173 3555 312 3611 enim
341 3559 529 3613 nescit
559 3559 870 3615 Tetradem
924 3566 982 3615 et
1039 3563 1509 3629 Octonationem,
1561 3565 1801 3637 triginta

171 3645 357 3701 A-Iones
390 3649 968 3714 Valentinianorum,
1006 3652 1104 3721 qui
1137 3653 1337 3719 etiam,
1369 3658 1518 3708 teste
1551 3654 1796 3724 Irenaao,

171 3734 451 3792 Tetradem
481 3739 711 3812 πρώτην
769 3739 859 3792 καὶ
921 3738 1220 3814 ἀρχέγονον
1273 3743 1651 3816 Πυθαγορικὴν
1711 3763 1797 3797 τε·

170 3825 369 3892 τρικτΰν
402 3827 844 3884 nominabant?
872 3829 1020 3894 Quid
1054 3831 1211 3901 quod
1243 3831 1538 3903 Triephon
1597 3835 1796 3889 statim

170 3915 508 3984 respondens
537 3917 698 3973 dicat
728 3919 853 3973 hazc
885 3920 1122 3974 silentio
1156 3937 1281 3975 esse
1316 3921 1512 3992 digna,
1548 3928 1612 3976 ut
1641 3941 1795 3995 smpe

168 4001 320 4058 etiam
344 4006 399 4059 in
422 4007 532 4062 hac
556 4024 622 4062 re
641 4010 844 4063 Patres
868 4009 1232 4080 loquuntur?
1255 4011 1508 4078 Scilicet,
1527 4013 1574 4068 si
1599 4013 1792 4083 verba,

166 4104 193 4142 a
211 4091 498 4150 Valentino
529 4095 859 4151 secundum
884 4099 1187 4168 proprium
1213 4100 1616 4156 characterem
1633 4119 1795 4157 usur-

167 4185 531 4252 pata,quoties
555 4185 712 4257 apud
748 4186 890 4241 alios
915 4189 1233 4259 scriptores
1257 4189 1550 4261 leguntur,
1587 4191 1794 4247 eodem

167 4284 320 4325 sensu
347 4275 500 4344 apud
532 4291 636 4329 eos
661 4275 1063 4347 accipiantur;
1090 4295 1502 4350 quemcunque
1523 4281 1794 4336 volumus

166 4365 246 4412 aut
276 4361 518 4432 hostem,
559 4370 664 4420 aut
689 4367 946 4421 amicum
977 4367 1266 4423 Valentini
1289 4369 1678 4426 faciamus.Ut
1705 4371 1792 4429 illi

167 4446 450 4521 lgnatium,
483 4455 569 4509 ita
601 4471 705 4527 ego
744 4455 1068 4511 Luciannm
1102 4458 1355 4528 hostem,
1388 4460 1643 4515 amicum
1689 4478 1794 4516 au-

171 4541 270 4676 Lem
297 4541 601 4612 Synesium
627 4544 754 4599 feci.
777 4546 908 4600 Pari
933 4547 1072 4618 jure
1096 4554 1418 4620 utrumque
1439 4549 1660 4606 factum
1683 4556 1790 4622 est,

206 4642 264 4676 oc
293 4635 390 4676 est-
423 4633 588 4676 nnlln

206 4642 264 4680 oc
293 4635 392 4694 est,
423 4633 610 4689 nullo.

1913 2047 2094 2096 tatem
2121 2041 2364 2111 spiritus
2399 2040 2458 2093 in
2489 2038 2724 2093 vinculo
2746 2037 2927 2109 pacis,
2963 2036 3160 2092 Vocati
3183 2036 3326 2090 estis
3357 2037 3417 2090 in
3440 2051 3560 2091 una

1911 2146 2049 2201 spe;
2091 2146 2245 2184 unus
2276 2129 2578 2192 Dominus,
2613 2143 2730 2182 una
2779 2127 2947 2193 ﬁdes,
2997 2142 3184 2180 unum
3237 2125 3559 2196 baptisma,

1913 2237 2068 2275 unus
2081 2221 2331 2282 Deus,et
2359 2221 2532 2274 Pater
2545 2218 2835 2284 omnium,
2865 2238 2892 2265 ››
2915 2217 3197 2288 πανταχοῦ
3214 2215 3276 2268 τὸ
3297 2211 3350 2267 ἔν
3369 2213 3458 2267 καὶ
3485 2214 3561 2275 εἷς

1910 2309 2162 2377 τέθεικεν,
2196 2309 2390 2380 inquit
2415 2308 2836 2369 Theodoretus,
2891 2304 2966 2365 εἰς
2997 2304 3311 2380 συμφωνίαν
3360 2301 3562 2357 συνάπ-

1907 2418 2014 2452 των
2048 2398 2146 2466 τὴν
2180 2394 2548 2465 Ἐκκλησίανε
2582 2401 2667 2451 tta
2705 2395 2884 2450 etiam
2917 2399 2974 2448 et
3004 2393 3268 2464 Ignatius
3290 2392 3448 2446 idem
3472 2408 3560 2446 ar-

1908 2496 2259 2562 gumentum
2292 2489 2690 2560 prosequitur.
2716 2510 2742 2536 «
2769 2487 2985 2540 Omues
3009 2485 3185 2556 igitur
3206 2485 3346 2538 utin
3373 2500 3560 2538 unum

1911 2579 2198 2650 templum
2230 2579 2536 2633 convenite
2569 2576 2810 2648 (quibus
2850 2575 3042 2629 verbis
3071 2574 3431 2646 primitivam
3461 2574 3562 2628 Ec-

1909 2668 2104 2723 clesiaa
2137 2669 2425 2722 unitatem
2457 2667 2517 2720 in
2548 2666 2769 2720 Actibus
2799 2665 3172 2734 apostolorum
3202 2663 3560 2732 descriptam

1907 2763 2337 2829 repraesentare
2367 2755 2644 2826 videtur),
2677 2755 2739 2809 in
2761 2769 2946 2808 unum
2969 2752 3244 2818 altare,in
3268 2767 3451 2806 unum
3467 2752 3560 2805 Je-

1909 2863 2038 2902 sum
2061 2847 2379 2907 Christum,
2409 2867 2436 2893 ››
2468 2859 2666 2914 quem,
2702 2843 2979 2912 quoniam
3015 2841 3228 2894 iterum
3259 2839 3556 2910 proponit,

1907 2935 2084 2989 latius
2113 2933 2414 3000 describit,
2433 2932 2506 2986 ab
2528 2948 2644 2986 uno
2676 2932 2845 2984 Patre
2869 2935 3183 2984 exeuntem
3205 2933 3266 2982 et
3291 2929 3350 2981 in
3374 2943 3559 2982 unum

1908 3025 2379 3090 exsisteutem,et
2399 3025 2808 3076 revertentem.
2832 3041 2859 3067 ››
2886 3019 2939 3072 S.
2971 3017 3154 3072 Paulo
3188 3017 3240 3072 S.
3268 3017 3552 3071 Joannem

1905 3114 2255 3184 adjungens,
2290 3111 2445 3183 apud
2487 3126 2664 3181 quem
2695 3107 2961 3162 Christus
2993 3107 3116 3177 ipse
3149 3107 3232 3161 ait
3265 3123 3278 3160 :
3331 3107 3494 3160 Exivi
3521 3121 3556 3160 a

1905 3209 2093 3270 Patre,
2126 3209 2176 3257 et
2217 3203 2342 3256 veni
2387 3203 2446 3255 in
2491 3200 2635 3254 hunc
2691 3197 3004 3258 mundum;
3048 3195 3250 3250 iterum
3296 3197 3552 3264 relinquo

1907 3292 2192 3360 mundum,
2225 3298 2273 3346 et
2303 3291 2442 3345 vado
2471 3290 2544 3343 ad
2583 3293 2798 3343 Patrem
2842 3285 2910 3342 3°.
2963 3285 3048 3340 Ab
3096 3285 3326 3340 unitate
3375 3284 3554 3354 igitur

1908 3383 2120 3437 Christi
2145 3387 2203 3436 et
2221 3381 2320 3436 Dei
2343 3380 2534 3434 Patris
2554 3395 2689 3433 cum
2705 3376 2985 3448 Apostolo
2999 3379 3415 3446 argumentum
3439 3373 3550 3427 du-

1903 3474 1983 3528 cit
2005 3471 2263 3543 lgnatius
2293 3469 2366 3524 ad
2396 3466 2927 3524 commendandam
2958 3465 3248 3520 unitatem
3270 3462 3548 3519 ecclesia-

1903 3561 2130 3617 sticam.
2167 3561 2332 3620 Nam.
2371 3563 2438 3613 ut
2481 3557 2703 3628 optime
2754 3554 3084 3610 observavit
3114 3554 3166 3608 S.
3203 3554 3547 3624 Chrysosto-

1901 3668 2056 3718 mus,
2087 3650 2248 3705 Ὅταν
2281 3646 2370 3702 ἐπί
2400 3668 2453 3700 τι
2492 3650 2673 3719 μεῖζον
2720 3645 3010 3719 παρακαλῇ
3045 3644 3073 3696 ὁ
3109 3644 3376 3718 μακάριος
3409 3645 3552 3695 Παῦ-

1901 3739 2018 3808 λος,
2053 3738 2272 3798 συνετὸς
2320 3733 2395 3790 ὥν
2457 3733 2664 3812 σφόδρα
2719 3732 2808 3788 καὶ
2866 3733 3253 3803 πνευματικὸς,
3287 3731 3392 3786 ἀπὸ
3435 3734 3545 3785 τῶν

1900 3830 1951 3886 ἒν
1979 3837 2095 3892 τοῖς
2129 3830 2382 3902 οὐρανοῖς
2427 3833 2662 3882 ποιεῖται
2714 3827 2812 3893 τήν
2857 3822 3222 3897 παράκλησιν.
3276 3847 3302 3875 ‹‹
3339 3827 3550 3879 Beatus

1900 3922 2140 3987 Paulus,
2175 3919 2494 3974 admodum
2527 3916 2788 3988 prudens
2819 3931 2885 3968 ac
2918 3913 3266 3984 spiritualis,
3309 3929 3445 3967 cum
3479 3912 3553 3967 ad

1900 4011 2128 4081 aliquid
2160 4007 2537 4081 praestantius
2568 4007 2857 4066 hortatur,
2892 4002 2964 4056 ab
2997 4002 3068 4055 iis
3091 4017 3221 4070 quaa
3270 4001 3332 4054 in
3386 3999 3549 4054 cmlis

1901 4101 2040 4152 sunt
2061 4096 2528 4150 exhortationem
2552 4091 2786 4163 promit.
2818 4111 2845 4139 ››
2869 4090 3084 4153 Quare,
3108 4103 3240 4141 cum
3272 4092 3396 4140 tota
3424 4085 3551 4140 haec

1899 4187 2174 4260 perioche
2209 4185 2357 4239 nihil
2391 4183 2553 4238 aliud
2585 4183 2662 4236 sit
2691 4196 2867 4251 quam
2905 4177 3233 4233 exhortatio
3266 4175 3338 4230 ad
3361 4175 3552 4230 unita-

1898 4283 2038 4345 tem,
2061 4292 2245 4347 eaque
2263 4273 2456 4329 verbis
2479 4277 2538 4326 et
2559 4269 2830 4326 sensibus
2861 4266 3215 4338 evangelicis
3238 4271 3296 4319 et
3316 4269 3548 4335 aposto-

1899 4366 2028 4421 licis
2052 4381 2354 4436 expressa;
2388 4379 2523 4418 cum
2555 4360 2629 4415 ob
2658 4359 2887 4414 unitate
2910 4355 3124 4410 Christi
3149 4360 3208 4409 et
3229 4354 3332 4409 Dei
3356 4352 3548 4408 Patris

1897 4457 1956 4511 in
1993 4456 2101 4510 hac
2132 4455 2260 4525 ipsa
2289 4469 2352 4507 re
2392 4454 2805 4523 argumentum
2865 4447 3080 4501 ducere
3133 4444 3400 4500 solemne
3429 4443 3543 4511 sit;

1897 4547 2239 4616 importuna
2269 4542 2438 4614 plane
2471 4545 2561 4596 est
2581 4539 2651 4594 de
2682 4538 2856 4608 longe
2897 4536 3081 4607 petita
3128 4533 3544 4589 haareticorum

1899 4635 2238 4706 dogmatum
2270 4630 2636 4704 expositione
2656 4632 2758 4683 aut
2776 4625 3134 4681 refutatione
3154 4622 3461 4694 cogitatio;
3489 4626 3549 4676 et

230 4715 292 4768 Ut
317 4725 504 4774 autem
536 4721 767 4792 liquido
783 4729 1063 4794 appareat
1088 4725 1192 4780 has
1215 4742 1420 4780 omnes
1441 4725 1546 4780 viri
1572 4725 1791 4782 doctis-
1823 4691 1867 4756 θ
1899 4691 2080 4781 αι]ῖωὶ
2113 4691 2370 4778 auctoris
2399 4722 2472 4776 ad
2504 4734 2672 4775 suam
2713 4715 3086 4786 hypothesim
3140 4691 3398 4767 maxime
3455 4715 3543 4765 at.

171 4801 288 4858 simi
317 4810 733 4879 explicationes
764 4819 820 4867 et
850 4813 924 4868 ad
959 4814 1250 4870 Valentini
1284 4815 1493 4870 deliria
1539 4816 1780 4871 allusio-

170 4906 379 4981 nesnon
392 4915 515 4952 esse
539 4902 784 4956 omnino
807 4903 893 4956 vel
910 4907 1276 4960 necessarias
1290 4906 1379 4959 vel
1393 4913 1778 4981 opportunas,

169 4980 256 5033 sed
282 4986 464 5052 potius
493 5004 526 5042 a
559 4995 756 5044 mente
787 4996 845 5044 et
875 5009 1052 5062 scopo
1084 4993 1339 5047 auctoris
1361 5010 1604 5064 prorsus
1633 4980 1780 5050 alie?

168 5080 275 5134 nas,
302 5071 410 5128 imo
457 5085 794 5133 commenta
839 5096 988 5147 esse,
1048 5099 1180 5152 quae
1230 5088 1412 5137 totam
1462 5084 1779 5156 Ignatianaa

167 5160 420 5249 arationis
450 5166 662 5220 seriem
697 5168 812 5222 alio
843 5169 1131 5224 violenter
1162 5171 1550 5242 detorquent;
1583 5173 1779 5230 locum

168 5258 333 5313 Ipsum
360 5252 646 5325 integrum
671 5274 1098 5329 proponemus,
1124 5266 1182 5314 et
1211 5261 1605 5333 explicatione
1637 5262 1779 5315 sim-

170 5333 458 5400 plicissima
479 5350 538 5398 et
556 5345 629 5399 ad
643 5362 766 5400 rem
786 5364 963 5417 quam
985 5350 1252 5406 volumus
1278 5353 1532 5407 maxime
1555 5369 1780 5407 accom-

171 5425 377 5482 modata
395 5431 465 5484 ab
498 5432 850 5504 importunis
880 5437 1090 5508 glossis
1126 5439 1576 5497 vindicabimus.
1614 5442 1780 5496 Prior

173 5515 415 5578 periocha
434 5523 580 5576 nihil
604 5523 766 5579 aliud
789 5533 878 5581 est
901 5545 1078 5598 quam
1107 5529 1422 5586 vehemens
1453 5532 1778 5587 exhortatio

174 5599 236 5654 ad
261 5607 531 5666 unitatem
563 5615 1044 5686 ecclesiasticam,
1065 5620 1236 5675 toties
1267 5621 1339 5676 ab
1362 5621 1778 5693 ipso,totiesab

234 5779 274 5814 ”
300 5783 427 5859 Cap.
459 5804 529 5858 xv,
564 5791 594 5844 3
629 5793 682 5847 6.
758 5791 803 5829 '°
828 5795 990 5855 Joan.
1023 5814 1133 5870 xw,
1157 5799 1247 5857 28.

1893 4815 2042 4870 tenti
2073 4813 2331 4867 violenta
2363 4808 2687 4864 distractio.

1967 4905 2164 4959 Altera
2193 4918 2328 4956 vero
2360 4917 2490 4971 quae
2520 4895 2790 4966 sequitur
2835 4892 3136 4964 perioche,
3195 4896 3252 4944 et
3299 4889 3540 4959 quidem

1893 4993 2035 5049 satis
2056 4991 2439 5064 prolixa,tota
2460 4992 2682 5057 quanta
2705 4989 2795 5037 est
2814 4982 2886 5037 ad
2911 4979 3181 5035 haaresim
3204 4977 3538 5064 evitandum

1892 5061 2232 5153 comp—arata
2264 5085 2372 5134 est.
2429 5077 2514 5142 Μὴ
2561 5072 2834 5129 πλανᾶσθε
2875 5074 2996 5128 ταῖς
3045 5061 3422 5139 ἓτεροδοξίαις,
3473 5071 3538 5121 ut

1893 5172 2143 5244 epistola
2190 5170 2262 5224 ad
2320 5170 2675 5238 Smyrnzeos,
2725 5160 3062 5231 καταμάθετε
3109 5160 3199 5210 καὶ
3249 5154 3376 5214 τοὺς
3427 5154 3541 5209 ἑτι-

1893 5258 2267 5335 ροδοξοῦντάς·
2301 5258 2458 5312 unde
2491 5254 2724 5323 Origeni
2754 5246 3057 5324 ἑτερόδοξοι
3102 5264 3209 5302 vox
3254 5245 3401 5300 adeo
3449 5245 3540 5335 ta-

1893 5334 2163 5410 miliaris.
2198 5363 2372 5419 quam
2398 5344 2550 5399 male
2572 5342 2876 5398 transtulit
2900 5334 3534 5409 Hieronymus.Qualos

1888 5447 2087 5496 autem
2120 5438 2177 5493 hi
2212 5433 2555 5491 heterodoxi
2594 5432 2712 5485 sive
2745 5429 3008 5484 haaretici
3053 5426 3296 5493 fuerint,
3330 5431 3537 5481 contra

1891 5547 2140 5602 quorum
2174 5529 2448 5599 dogmata
2487 5521 2892 5594 Magnesianos
2942 5515 3280 5588 praamunit,
3331 5514 3532 5572 statim

1890 5601 1980 5678 his
2003 5619 2193 5675 vedbis
2225 5617 2417 5686 docet,
2471 5607 2610 5685 μηδὲ
2662 5606 2962 5683 μυθεύμασι
3017 5601 3275 5665 παλαιοῖς
3321 5602 3532 5680 haec.
