3974 6296
381 445 500 505 319

1448 445 1512 505 S.
1559 443 1948 506 IGNATIUS.
1995 475 2076 490 -—
2117 439 2737 504 PHOLEGOMENA.

3676 437 3810 532 32D

383 574 534 630 λέσιν
557 575 726 629 οὖσιν·
751 593 870 633 non
896 577 1054 648 quod
1077 582 1300 647 auctor,
1335 579 1473 650 quia
1502 584 1634 649 post
1663 579 2024 634 Clementem
2056 584 2111 648 Α
2211 575 2374 632 Unde
2408 574 2747 630 ﬁrmissime
2778 573 3092 645 colligitur,
3125 572 3272 628 adeo
3319 576 3385 627 ut
3427 588 3501 627 ne
3547 571 3807 643 quidem

383 652 845 722 Alexandrinum
876 668 1128 738 scripsit,
1161 675 1226 722 ut
1257 668 1597 723 Blondellus
1630 669 1831 737 voluit,
1866 685 2027 724 com-

386 761 587 810 menta
604 756 1144 812 Valentinianorum
1177 757 1422 827 antiqua
1452 757 1572 812 sive
1601 763 1829 813 vetusta
1858 774 2030 812 voca-

385 849 507 909 ret;
537 850 757 915 pugnat
789 846 899 899 hoc
923 846 1080 900 enim
1104 863 1237 901 cum
1262 847 1539 901 omnibus
1565 848 1733 902 istius
1764 847 1868 901 avi
1893 847 2032 901 scri-

381 932 498 1001 ptis
516 948 644 1001 qua
661 933 1063 988 haereticorum
1079 934 1354 1006 dogmata
1365 941 2033 1006 sempertanquamnova

385 1021 720 1091 exagitant;
757 1023 858 1077 sed
889 1024 1159 1078 instituta
1184 1025 1425 1080 Judaica
1455 1042 1590 1079 cum
1622 1024 1836 1080 fabulis
1868 1040 2032 1079 com-

387 1110 582 1176 mista,
615 1128 746 1180 qua
778 1117 1060 1183 tanquam
1099 1111 1306 1166 παλαιᾶ
1351 1120 1408 1168 et
1459 1111 1711 1190 ἀνωφελῆ
1761 1129 1915 1184 sape
1958 1111 2029 1167 ab

386 1199 650 1269 apostolo
672 1202 1077 1256 traducuntur.
1097 1204 1182 1258 lta
1202 1205 1328 1274 ipse
1343 1204 1516 1274 paulo
1541 1209 1908 1274 postveteres
1927 1203 2030 1256 Ju-

388 1289 547 1344 daos
578 1288 627 1343 ἐν
667 1290 922 1351 παλαιοῖς
945 1291 1251 1365 πράγμασιν
1278 1292 1722 1367 ἀναστραφέντας,
1745 1293 1807 1347 in
1833 1295 2032 1346 veteri-

387 1379 482 1433 bus
512 1381 669 1434 rebus
701 1389 1035 1436 conversatos
1066 1399 1174 1437 esse
1195 1382 1374 1449 dicit;
1400 1383 1481 1437 ita
1504 1383 1866 1453 Epiphanius
1887 1398 2032 1436 con-

387 1472 478 1523 tra
502 1469 787 1524 Ebionem
812 1468 1182 1540 disputat,6'rt
1209 1471 1272 1524 οὐ
1297 1472 1407 1544 χρή
1437 1471 1768 1542 βαπτισμοῖς
1791 1475 2029 1543 χρῆσθαι

387 1555 478 1612 καί
509 1556 677 1620 ἔθεσιν
712 1558 1066 1634 ἀνωφελέσιν,
1100 1583 1123 1612 α
1152 1561 1307 1630 quod
1335 1577 1453 1614 non
1493 1564 1760 1631 oporteat
1787 1559 2029 1615 lavacris

385 1649 471 1702 uti
495 1654 552 1702 et
575 1649 1104 1703 consuetudinibus
1126 1650 1455 1704 inutilibus.
1483 1671 1510 1698 ››
1533 1650 1673 1714 Quis
1701 1654 1899 1703 autem
1917 1665 2029 1702 un-

387 1754 564 1807 quam
581 1738 1128 1793 Valentinianorum
1143 1738 1369 1793 fabulas
1382 1743 1610 1793 tantum
1625 1739 1845 1793 diceret
1859 1761 1884 1787 «
1902 1738 2029 1792 inu-

383 1827 538 1881 tiles.
575 1849 603 1876 »
638 1827 708 1882 de
741 1827 954 1898 quibus
977 1829 1290 1883 Irenaus:«
1323 1829 1510 1899 Super
1529 1844 1735 1882 omnes
1758 1833 1848 1882 est
1875 1826 2026 1881 blas-

2141 666 2212 721 ab
2245 665 2571 720 incredulis
2605 665 2748 736 ipsis
2779 663 3071 719 hareticis
3104 662 3307 734 negari
3346 661 3551 733 possit,
3580 658 3662 713 δτι
3713 658 3806 720 εἷς

2140 756 2292 824 Θεός,
2326 754 2520 810 ἐστινὸ
2549 756 2861 828 φανερώσας
2919 755 3106 808 ἑαυτὸν
3159 749 3248 807 διὰ
3297 754 3475 821 Ἰησοῦ
3525 755 3800 826 Χριστοῦ,

2141 847 2301 917 quod
2322 852 2476 902 Deus
2498 863 2676 917 quem
2699 846 2785 900 illi
2810 845 3376 911 coluerunt,unuset
3394 843 3548 898 idem
3573 843 3668 912 sit,
3685 842 3799 913 qui

2141 952 2201 990 se
2219 953 2326 1007 per
2338 937 2364 989 J
2372 952 2538 991 esum
2563 935 2861 990 Christum
2875 933 3171 1001 revelavit,
3191 933 3362 1005 cujus
3384 933 3469 987 illi
3489 933 3674 1005 gratia
3691 949 3800 986 re-

2140 1026 2285 1096 pleti
2308 1030 2516 1081 erant:
2550 1024 3345 1096 Jesum,inquam,Christum
3364 1023 3575 1077 Filium
3590 1039 3799 1090 suum,

2141 1133 2264 1170 non
2299 1117 2496 1182 talem,
2533 1115 2770 1186 qualem
2802 1115 2887 1168 illi
2945 1115 3161 1168 docent
3216 1110 3411 1185 (λιτόν,
3467 1113 3556 1167 vel
3601 1109 3796 1165 κοινόν

2140 1205 2230 1259 vel
2259 1202 2425 1276 ψιλὸν
2456 1205 2758 1278 ἄνθρωπον,
2799 1204 3106 1259 hominem
3137 1203 3386 1271 nudum,
3429 1202 3802 1272 simplicem,

2140 1299 2241 1348 aut
2272 1294 2595 1364 vulgarem,
2653 1291 2790 1346 κατὰ
2845 1290 3078 1367 ἐκλογὴν
3126 1290 3246 1345 Υὶὸν
3307 1294 3440 1345 Θεοῦ
3489 1285 3798 1358 κληθέντα,

2141 1383 2469 1437 secundum
2499 1383 2851 1438 electionem
2887 1382 3098 1436 Filium
3131 1381 3232 1436 Dei
3256 1385 3548 1449 vocatum,
3571 1378 3628 1432 ὃν
3657 1377 3802 1451 φάσ-

2137 1490 2327 1524 κουσιν
2357 1469 2456 1524 οὐκ
2486 1469 2545 1524 ἐκ
2575 1473 2710 1524 Θεοῦ
2744 1470 2950 1545 Ιιατρὸς
2978 1471 3315 1544 γεγενῆσθαι,
3351 1486 3526 1541 quem
3580 1469 3798 1523 dicunt

2137 1562 2473 1634 nonaDeo
2533 1563 2704 1615 Patre
2769 1559 3082 1632 genitum),
3143 1559 3246 1614 sed
3304 1558 3363 1620 ὃς
3424 1556 3563 1611 ἐστιν
3620 1556 3796 1610 αὐτοῦ

2137 1646 2310 1722 Λόγος
2347 1644 2544 1716 ἀΐδιος,
2580 1649 2680 1719 qui
2712 1649 2896 1720 ipsius
2925 1648 3030 1703 Dei
3061 1648 3317 1704 Verbum
3350 1654 3437 1703 est
3468 1653 3790 1715 aeternum,

2140 1739 2466 1793 secundum
2507 1737 2655 1792 illud
2685 1739 2740 1792 S.
2797 1738 3040 1793 Joannis
3069 1737 3117 1771 ³η
3152 1755 3164 1792 :
3215 1740 3280 1792 In
3321 1739 3608 1807 principio
3665 1743 3796 1790 erat

2145 1827 2386 1893 Verbum,
2421 1826 2698 1893 Verbum,
2753 1826 3020 1897 inquam,
3077 1832 3276 1882 tamen
3324 1832 3636 1894 aternum,
3685 1823 3793 1877 Λό-

385 1915 602 1987 phema
631 1917 835 1988 regula
865 1917 1147 1988 ipsorum.
1182 1939 1210 1966 »
1244 1917 1403 1972 Licet
1437 1917 1596 1971 enim
1640 1915 2024 1988 philosopho-

2137 1936 2232 1991 γος
2263 1916 2364 1969 οὐκ
2401 1915 2507 1970 ἀπὸ
2538 1921 2692 1988 σιγῆς
2723 1913 3026 1990 προελθών.
3085 1919 3282 1988 Neque
3330 1917 3492 1989 enim
3545 1915 3792 1987 vulgare

385 2022 518 2059 rum
550 2005 906 2074 doctrinam,
939 2023 1008 2061 ex
1041 2023 1158 2077 qua
1185 2023 1350 2061 suam
1384 2006 1759 2076 aliquatenus
1808 2005 2031 2059 deriva-

385 2101 546 2160 runt,
580 2096 797 2150 alicubi
828 2102 1085 2151 veterem
1119 2102 1176 2151 et
1207 2097 1476 2152 inutilem
1500 2102 1685 2164 vocet,
1718 2113 1924 2152 eorum
1953 2102 2032 2151 ta-

385 2200 524 2239 men
554 2185 984 2256 mataologiam
1009 2192 1067 2239 et
1085 2191 1371 2256 tanquam
1393 2201 1626 2250 novam,
1659 2191 1716 2240 et
1748 2192 2029 2254 tanquam

387 2272 796 2343 blasphemam
819 2273 1196 2329 condemnat.
1225 2274 1479 2345 Ideoque.
1499 2274 2030 2345 interpolator,sive

385 2364 1069 2434 paraphrastes,sensum
1104 2365 1624 2431 secutus,auctoris
1655 2371 1917 2418 mentem
1939 2363 2030 2418 his

387 2451 581 2506 verbis
613 2453 904 2522 expressit
933 2469 945 2505 :
979 2448 1132 2521 Μηδὲ
1166 2451 1357 2523 μύθοις
1388 2451 1600 2526 ἑνέχετε
1648 2452 1734 2504 καὶ
1782 2449 2032 2525 γενεαλο-

384 2539 529 2613 γίαις
587 2538 929 2612 ἀπεράντοις,
989 2541 1076 2593 καὶ
1137 2539 1456 2601 Ἰουδαϊκοῖς
1512 2541 1726 2616 τύφοις,
1776 2564 1803 2592 ιι
1837 2558 2030 2612 neque

387 2631 714 2685 intendatis
744 2630 975 2695 fabulis,
1009 2636 1066 2685 et
1095 2631 1453 2703 genealogiis
1504 2631 1924 2699 interminatis,
1975 2636 2033 2686 et

388 2720 1098 2787 Judaicisinﬂationibus,
1133 2742 1160 2770 υ
1195 2721 1389 2776 locum
1421 2721 1474 2774 S.
1506 2721 1672 2775 Pauli
1705 2721 2031 2792 respiciens

389 2809 462 2863 ad
493 2809 865 2863 Timotheum
894 2807 961 2878 3‘,
995 2810 1088 2864 cui
1123 2810 1300 2864 etiam
1331 2808 1558 2864 addidit
1589 2810 1692 2864 illa
1723 2811 1794 2864 ad
1825 2811 2032 2864 Corin-

388 2898 579 2954 thios:
623 2900 821 2954 Vetera
852 2902 995 2954 enim
1043 2902 1402 2964 transierunt,
1457 2906 1507 2953 et
1554 2915 1673 2954 ecce
1712 2902 1866 2968 facta
1903 2905 2032 2954 sunt

387 2990 570 3042 omnia
598 3004 742 3042 nova
765 2987 827 3060 ³ξ.
853 2987 1087 3043 Nullam
1111 2994 1268 3043 cerle
1295 2989 1472 3043 aliam
1496 2989 1673 3059 hujus
1702 2987 1816 3043 loci
1847 3004 2032 3058 expo-

387 3077 665 3131 sitionem
695 3077 916 3148 patitur
943 3079 1092 3133 ratio
1124 3078 1250 3148 ipsa
1287 3077 1710 3132 exhortationis
1756 3093 1886 3146 qua
1918 3077 2029 3130 im-

388 3165 644 3220 mediate
673 3166 1049 3238 subjungitur
1073 3183 1086 3219 :
1120 3166 1224 3220 «Si
1247 3166 1403 3219 enim
1425 3182 1614 3235 usque
1637 3182 1794 3220 nunc
1815 3181 2028 3219 secun-

389 3255 529 3311 dum
550 3255 921 3310 Judaismum
941 3255 1209 3322 vivimus,
1240 3255 1594 3310 conﬁtemur
1634 3255 1881 3326 gratiam
1908 3271 2028 3310 non

385 3345 701 3415 recepisse.
739 3366 766 3394 »
796 3345 919 3398 Nisi
951 3345 1111 3398 enim
1143 3344 1341 3414 priora
1371 3344 1442 3398 de
1470 3344 1775 3399 Judaismo
1809 3344 2026 3399 intelli-

381 3435 745 3505 gantur,hac
770 3434 942 3504 plane
965 3438 1136 3488 erunt
1159 3433 1430 3488 ridicula.
1456 3435 1766 3503 Quorsum,
1801 3451 2021 3504 quaso,

382 3523 529 3589 hac,
548 3523 662 3576 nisi
693 3523 812 3576 illis
833 3522 1049 3578 fabulis
1072 3523 1316 3578 vetustis
1338 3528 1396 3578 et
1413 3523 1720 3578 inutilibus
1741 3524 1813 3579 ad
1833 3524 2025 3579 Judai-

383 3628 518 3667 cum
537 3612 666 3665 vita
698 3612 1100 3666 characterem
1128 3612 1490 3667 Christianos
1530 3619 1874 3668 revocarent
1903 3615 2024 3668 ha-

383 3700 552 3756 retici
584 3701 694 3770 illi,
729 3719 941 3756 conrra
972 3719 1118 3773 quos
1149 3702 1459 3773 disputat?
1487 3705 1561 3756 At
1589 3703 1738 3757 nihil
1774 3703 1887 3758 tale
1917 3702 2022 3757 do-

384 3791 506 3846 cuit
537 3790 829 3846 Valentini
861 3791 1101 3858 schola;
1136 3792 1236 3863 qui
1270 3798 1386 3847 tam
1409 3792 1638 3864 abjecte
1661 3793 1732 3847 de
1756 3793 2023 3847 Demiur-

384 3896 454 3951 go
479 3881 734 3952 scripsit,
766 3880 840 3936 ad
896 3881 1086 3954 legem
1137 3882 1449 3937 Mosaicam
1502 3881 1824 3952 discipulos
1871 3898 2021 3937 nun-

386 3985 563 4038 quam
594 3971 902 4025 revocavit.
937 3970 1195 4024 Ebionai
1226 3971 1336 4025 hoc
1363 3971 1671 4041 urgebant,
1705 3970 1803 4040 qui
1858 3970 2022 4025 Chri-

385 4064 540 4114 stum
565 4058 760 4129 ipsum
791 4058 1046 4114 Judaicis
1076 4059 1288 4114 ritibus
1319 4059 1695 4114 obedientem
1726 4059 1908 4114 fuisse
1932 4059 2026 4113 ob-

385 4147 713 4210 servabant,
749 4153 808 4202 et
837 4147 1000 4203 illius
1031 4149 1301 4219 exemplo
1329 4148 1693 4204 Christianos
1713 4165 1921 4204 omnes
1951 4148 2026 4203 ad

384 4237 625 4293 eosdem
656 4238 805 4291 ritus
836 4237 1234 4293 observandos
1285 4237 1546 4307 obligare
1591 4237 1920 4293 voluerunt.
1957 4238 2024 4292 Hi

386 4328 543 4382 enim
583 4326 913 4380 docuerunt
969 4323 1076 4380 δεῖν
1131 4326 1343 4385 πάντως
1395 4324 1583 4386 αὐτοῖς
1635 4331 1733 4394 τῆς
1791 4333 2028 4398 νομικῆς

390 4415 701 4488 θρησκείαςς
734 4414 808 4476 ὡς
837 4417 911 4486 μὴ
955 4413 1013 4469 ἄν
1045 4413 1134 4470 διὰ
1166 4415 1336 4488 μόνης
1379 4421 1481 4482 τῆς
1531 4415 1605 4474 εἷς
1651 4415 1742 4468 τὸν
1793 4415 2023 4488 Χριστὸν

387 4502 622 4564 πίστεως
653 4503 741 4556 καὶ
771 4508 868 4558 τοῦ
898 4506 1015 4558 κατ’
1045 4505 1212 4574 αὐτὴν
1246 4505 1367 4579 βίου
1399 4501 1826 4576 σωθησομένοις.
1862 4527 1890 4556 (ι
1924 4506 2029 4560 Le-

387 4593 474 4664 gis
505 4593 968 4650 observationem
1000 4595 1110 4650 sibi
1139 4595 1381 4650 omnino
1421 4594 1818 4649 necessariam
1849 4593 2030 4649 duce-

2135 2006 2377 2076 aliquod
2407 2007 2651 2061 verbum
2676 2012 2782 2074 est,
2815 2006 2989 2077 quale
3023 2011 3114 2061 est
3141 2006 3403 2061 hominis
3429 2005 3794 2072 scilicet,aut

2135 2095 2452 2166 cujuslibet
2481 2101 2787 2163 creatura,
2812 2095 2971 2165 quod
2994 2112 3062 2150 ex
3085 2095 3321 2150 silentio
3343 2094 3581 2166 prodire
3610 2094 3789 2158 solet,

2135 2183 2400 2254 adeoque
2423 2183 2645 2254 aliquid
2669 2183 3006 2254 pracedens
3028 2199 3368 2255 agnoscere,
3403 2181 3508 2238 sed
3531 2181 3789 2236 Verbum

2133 2273 2234 2327 Dei
2271 2274 2503 2342 Deoque
2536 2276 2919 2327 coaternum.
2956 2273 3086 2328 Hac
3118 2278 3314 2327 autem
3351 2271 3569 2326 directe
3602 2271 3786 2326 Ebio-

2134 2378 2295 2415 naos
2320 2360 2632 2427 feriebant,
2664 2377 2915 2431 quorum
2945 2361 3122 2416 etiam
3156 2361 3239 2415 iili
3273 2361 3373 2432 qui
3403 2360 3631 2416 cateris
3654 2376 3790 2414 me-

2134 2450 2314 2505 liores
2355 2466 2482 2505 esse
2508 2449 2875 2517 videbantur,
2909 2451 3009 2520 qui
3031 2450 3327 2506 Christum
3360 2467 3430 2505 ex
3458 2449 3692 2520 Virgine
3726 2455 3789 2504 et

2135 2539 2355 2609 Spiritu
2383 2544 2586 2594 sancto
2619 2540 2884 2610 genitum
2906 2556 3034 2594 esse
3067 2556 3182 2594 non
3217 2539 3529 2612 negabant,
3572 2536 3634 2591 οὐ
3672 2540 3786 2610 μὴν

2134 2623 2213 2680 ἔθ’
2248 2627 2457 2699 ὁμοίως
2486 2626 2575 2681 καὶ
2609 2628 2757 2682 οὗτοι
2785 2626 3162 2705 προϋπάρχειν
3213 2627 3370 2682 αὐτὸν
3423 2629 3552 2682 Θεὸν
3596 2627 3782 2700 Λόγον

2134 2713 2261 2769 ὄντα
2289 2716 2379 2770 καὶ
2411 2715 2599 2793 σοφίαν
2641 2713 3036 2789 ὁμολογοῦντες
3086 2719 3154 2788 τῇ
3203 2719 3310 2769 τῶν
3351 2714 3627 2790 προτέρων
3680 2737 3785 2771 πε-

2135 2805 2479 2881 ριετρὲποντο
2511 2799 2812 2874 δυσσεϐείᾳ,
2841 2828 2868 2857 κ
2891 2806 3282 2862 nihilominus
3297 2823 3430 2860 eum
3453 2807 3782 2875 Christum,

2133 2901 2336 2967 utpote
2352 2898 2535 2950 Deum
2549 2895 2804 2950 Verbum
2823 2902 2880 2950 et
2897 2896 3412 2966 sapientiam,ante
3427 2896 3623 2951 omnia
3643 2895 3786 2950 sub-

2135 2985 2354 3040 stitisse
2385 2986 2630 3040 minime
2661 2984 2978 3053 fateantur,
3012 3006 3039 3034 »
3073 2984 3338 3054 adeoque
3369 2984 3784 3039 sanctissimos

2132 3073 2454 3144 prophetas
2477 3073 2640 3127 illius
2660 3073 2847 3144 gratia
2863 3072 3182 3144 inspiratos
3203 3072 3384 3127 fuisse
3407 3077 3644 3144 negent,
3661 3094 3689 3122 «
3721 3073 3785 3126 in

2135 3161 2404 3216 eamdem
2428 3178 2562 3217 cum
2588 3161 2882 3232 prioribus
2904 3161 3269 3232 impietatem
3293 3161 3521 3232 delapsi
3546 3166 3688 3216 sunt
3712 3177 3726 3227 ;
3756 3182 3779 3212 ιι

2137 3248 2376 3322 μάλιστα
2407 3248 2496 3302 ὅτε
2532 3248 2620 3302 καὶ
2647 3249 2747 3316 τήν
2787 3250 3104 3321 σωματικὴν
3133 3249 3256 3324 περὶ
3317 3249 3407 3304 τὸν
3454 3249 3622 3321 νόμον
3676 3247 3781 3303 λα-

2129 3337 2308 3414 τρείαν
2343 3338 2550 3411 ὁμοίως
2578 3335 2802 3398 ἐκείνοις
2842 3337 3114 3412 περιέπειν
3147 3333 3499 3406 ἐσπούδαζον,
3557 3361 3586 3387 ‹‹
3618 3355 3777 3410 pra-

2129 3430 2334 3485 sertim
2367 3445 2499 3484 cum
2542 3429 2879 3500 corporales
2909 3427 3057 3499 legis
3087 3428 3351 3483 Mosaica
3385 3427 3778 3483 caeremonias

2128 3518 2376 3590 perinde
2409 3535 2475 3572 ac
2507 3518 2589 3573 illi
2620 3522 2891 3573 accurate
2921 3517 3277 3587 custodiant,
3312 3539 3338 3567 »
3365 3521 3433 3571 ut
3460 3517 3632 3572 docet
3653 3519 3777 3572 Eu-

2129 3608 2346 3663 sebius.
2381 3608 2570 3672 Quare
2601 3607 2674 3662 ab
2707 3607 3035 3678 Epiphanio
3059 3608 3235 3662 etiam
3268 3607 3637 3662 observatam
3659 3611 3772 3676 est,

2129 3697 2287 3768 quod
2313 3698 2369 3753 S.
2402 3699 2676 3765 Joannes,
2718 3693 2941 3769 ἐλέγχει
2989 3693 3180 3756 αὐτοὺς
3233 3695 3371 3750 κατὰ
3417 3695 3593 3749 πάντα
3637 3693 3772 3769 τρό-

2127 3805 2253 3854 πον,
2287 3783 2487 3861 λέγων,
2518 3783 2601 3838 ὅτι
2633 3783 2687 3838 ἐν
2717 3784 2864 3857 ἀρχῇ
2898 3783 2964 3852 ἦν
3015 3784 3042 3837 6
3077 3782 3272 3860 Λόγος,
3310 3782 3400 3838 καὶ
3427 3785 3454 3837 6
3487 3781 3658 3856 Λόγος
3707 3784 3778 3852 ἦν

2127 3873 2264 3946 πρὸς
2295 3875 2386 3928 τὸν
2419 3875 2570 3940 Θεὸν,
2602 3872 2691 3927 καὶ
2720 3873 2850 3934 Θεὸς
2898 3871 2962 3947 ᾖν
3021 3873 3219 3948 Λόγος,
3275 3897 3303 3925 ‹‹
3336 3875 3553 3931 refutat
3604 3875 3778 3930 Ebio-

2130 3981 2293 4020 naos
2323 3964 2596 4020 omnibus
2623 3963 2836 4031 modis,
2861 3963 3084 4032 dicens,
3101 3965 3257 4035 quod
3280 3966 3339 4018 in
3353 3965 3636 4034 principio
3658 3971 3779 4019 erat

2137 4054 2373 4110 Verbum
2395 4061 2449 4108 et
2479 4055 2712 4109 Verbum
2737 4060 2856 4108 erat
2887 4054 3036 4124 apud
3053 4056 3258 4119 Deum;
3278 4061 3327 4109 et
3353 4055 3487 4108 Deus
3509 4061 3625 4108 erat
3650 4056 3784 4109 Ver—

2132 4144 2275 4199 bum.
2310 4165 2338 4193 »
2372 4145 2539 4198 Certe
2570 4143 2618 4196 si
2650 4143 2904 4197 Joannes
2955 4142 3092 4208 illis,
3148 4142 3327 4197 etiam
3375 4144 3633 4215 Ignatius
3687 4143 3781 4196 bis

2129 4232 2321 4287 verbis
2350 4232 2657 4287 Ebionaos
2691 4232 2942 4297 refutat;
2977 4247 3169 4302 neque
3200 4231 3260 4286 id
3307 4232 3524 4287 clarius
3573 4237 3779 4303 patere

2131 4326 2327 4390 potest
2346 4337 2523 4392 quam
2547 4338 2616 4376 ex
2640 4321 2734 4389 iis,
2760 4337 2890 4392 qua
2913 4319 3257 4374 immediate
3272 4326 3330 4374 et
3353 4319 3590 4374 eosdem
3610 4336 3780 4390 aper-

2132 4416 2188 4464 te
2223 4409 2462 4466 feriunt.
2497 4433 2524 4462 «
2555 4411 2614 4465 Si
2647 4411 2845 4481 igitur,
2877 4409 3090 4479 inquit,
3124 4409 3211 4463 illi
3243 4409 3595 4464 divinissimi
3634 4425 3780 4479 pro-

2133 4499 2324 4569 pheta
2347 4501 2408 4554 in
2437 4501 2733 4556 veteribus
2765 4499 2945 4554 rebus
2975 4499 3302 4554 conversati
3344 4499 3404 4552 in
3456 4499 3780 4552 novitatem

2135 4591 2260 4662 spei
2293 4595 2603 4658 venerunt,
2635 4607 2752 4644 non
2796 4589 3247 4658 sabbatizantes,
3299 4587 3402 4644 sed
3451 4587 3782 4643 secundum

387 4682 551 4752 bant,
585 4685 750 4754 quasi
783 4701 888 4755 per
910 4685 1093 4739 solam
1122 4685 1181 4738 in
1213 4684 1502 4738 Christvm
1531 4683 1710 4738 fidem
1731 4683 2027 4752 vitamque
2060 4666 2105 4730 Ι)
2138 4680 2504 4736 Dominicam
2535 4681 2712 4735 vitam
2743 4680 3029 4745 viventes,
3063 4685 3198 4745 etc.,
3225 4677 3519 4749 quomodo
3543 4694 3649 4731 nos
3674 4693 3785 4748 po-

391 4788 462 4826 ex
492 4789 561 4828 ea
591 4772 703 4828 fide
735 4775 1064 4828 traductam
1099 4773 1351 4828 salutem
1383 4772 1667 4852 consequi
1720 4789 1838 4826 non
1885 4772 2032 4827 vale-

391 4866 545 4917 rent.
581 4884 607 4911 »
640 4863 874 4929 Euseb.,
907 4863 1009 4918 lib.
1044 4879 1123 4928 Ill,
1148 4879 1276 4932 cap.
1310 4865 1396 4915 27.
1433 4862 1505 4916 Ut
1533 4860 1605 4916 ab
1634 4861 1725 4915 his
1745 4862 1924 4932 igitur
1943 4879 2033 4917 ca-

391 4957 586 5016 veant,
619 4953 1020 5023 Magnesianos
1052 4957 1254 5006 monet
1282 4950 1572 5021 Ignatius;
1609 4951 1823 5022 quippe
1846 4951 2032 5007 Ebion

391 5041 455 5098 in
470 5042 606 5096 Asia
629 5058 801 5096 suum
831 5041 1045 5113 dogma
1074 5039 1578 5108 disseminaverat,
1594 5041 1862 5095 tradente
1895 5041 2034 5112 Epi-

391 5130 635 5202 phanio,
669 5129 824 5190 οὗτος
861 5129 954 5200 μὲν
981 5126 1074 5181 οὖν
1099 5128 1126 5179 6
1161 5121 1353 5182 Ἐὅίων
1381 5127 1471 5180 καὶ
1511 5126 1670 5189 αὐτὸς
1703 5127 1753 5180 ἐν
1785 5132 1854 5201 τῇ
1879 5129 2033 5200 Ἀσίᾳ

393 5217 516 5292 εἶχε
540 5217 605 5271 τὸ
643 5219 916 5290 κήρυγμα,
951 5219 1167 5272 Contra
1206 5217 1311 5272 hos
1358 5217 1536 5287 igitur
1575 5218 1945 5289 judaizantes
1977 5224 2034 5274 et

394 5308 631 5380 proprie
663 5313 722 5363 et
750 5307 877 5362 fuse
909 5307 1187 5376 disputat.
1239 5328 1266 5355 «
1304 5305 1656 5361 Dividissimi
1705 5309 1862 5362 enim
1894 5326 2033 5380 pro-

396 5395 1165 5470 pheta,inquit,secundum
1187 5395 1482 5450 Christum
1503 5397 1702 5450 Jesum
1725 5398 1994 5452 vixerunt
2017 5414 2031 5464 ;

397 5491 638 5558 propter
667 5487 778 5539 hoc
809 5490 867 5539 et
896 5484 1367 5555 persecutionem
1394 5485 1552 5556 passi
1593 5490 1732 5540 sunt
1759 5487 2034 5558 inspirati

402 5590 436 5630 a
464 5574 651 5644 gratia
681 5573 888 5644 ipsius.
925 5595 952 5623 η

471 5753 513 5788 ³¹
547 5753 570 5807 Ι
603 5753 752 5810 Tim.
794 5770 835 5822 ι,
867 5756 916 5808 4.
996 5751 1042 5788 ³³
1073 5753 1122 5806 ll
1151 5754 1282 5808 Cor.
1315 5770 1367 5823 v,
1402 5756 1487 5808 l7.
1564 5751 1612 5787 ³³
1642 5752 1779 5825 Cap.
1812 5770 1850 5822 ι,
1890 5769 1942 5808 ν.
1978 5757 2026 5814 Ι.

2141 4771 2389 4826 terimus
2416 4770 2607 4825 vivere
2639 4770 2766 4825 sine
2797 4768 2914 4835 illo,
2943 4769 3111 4840 cujus
3151 4774 3210 4823 et
3255 4768 3554 4838 propheta
3602 4767 3789 4821 disci-

2140 4858 2264 4929 puli
2300 4859 2651 4914 exsistentes
2684 4858 2896 4928 spiritu
2927 4857 3121 4927 ipsum
3152 4862 3219 4911 ut
3247 4856 3546 4910 doctorem
3579 4871 3786 4926 exspe-

2142 4947 2421 5001 ctabant?
2445 4967 2473 4995 »
2497 4949 2640 5000 Cum
2662 4946 2841 5018 igitur
2863 4946 2988 5000 hac
3010 4946 3209 4999 omnia
3221 4945 3427 5015 quain
3451 4944 3560 4998 hac
3586 4945 3787 5014 perio-

2142 5035 2248 5090 che
2278 5035 2659 5091 continentur
2689 5041 2808 5090 tam
2839 5034 3062 5089 directe
3083 5034 3367 5088 Ebionem
3397 5033 3631 5103 feriant,
3649 5050 3789 5088 cum

2141 5140 2217 5178 ne
2248 5125 2497 5179 minima
2528 5123 2768 5195 quidem
2801 5122 3160 5178 sententiola
3189 5122 3374 5177 otiosa
3404 5123 3478 5176 sit
3525 5127 3626 5176 aut
3666 5122 3787 5177 alio

2143 5219 2436 5284 spectans,
2471 5213 2573 5269 sed
2609 5219 2821 5267 cuncta
2838 5212 3150 5267 confertim
3173 5217 3232 5266 et
3252 5211 3646 5282 conglobatim
3672 5211 3792 5266 ha-

2142 5303 2393 5357 reticum
2426 5318 2560 5357 eum
2594 5307 2797 5372 petant
2831 5306 2887 5355 et
2936 5301 3243 5373 jugulent;
3295 5299 3494 5354 nullus
3542 5301 3790 5356 omnino

2144 5392 2370 5447 deliriis
2405 5391 2830 5447 Valentinianis
2861 5390 3022 5446 locus
3055 5407 3184 5446 esse
3207 5396 3418 5462 potest.
3449 5390 3611 5445 Unde
3631 5391 3793 5445 haud

2143 5483 2364 5555 injuria
2393 5484 2564 5540 nobis
2597 5486 2788 5556 posita
2819 5483 3051 5539 videtur
3080 5485 3326 5539 assertio
3358 5484 3639 5550 secunda,
3675 5486 3794 5538 Nec

2142 5590 2318 5629 verba
2347 5575 2476 5647 ipsa
2507 5571 2605 5627 οὐκ
2636 5572 2740 5627 ὰπὸ
2772 5579 2932 5649 σιγῆς
2994 5571 3301 5648 προελθών,
3347 5589 3458 5628 nec
3504 5573 3621 5628 alio
3672 5574 3794 5632 ulla
