3974 6296
148 327 276 386 32!

885 326 943 388 J.
993 325 1418 390 PEARSONII
1461 326 1840 389 VINDICIJE
1885 328 2384 394 IGNATIANE.
2433 367 2507 380 --
2550 335 2760 398 PARS
2804 336 2888 397 II.

3457 336 3575 396 322

155 461 262 517 his
292 460 521 516 duabus
549 459 848 532 periochis
878 465 1177 530 contenta,
1196 461 1268 516 ad
1293 459 1670 517 Valentinum
1693 478 1817 516 om-
1843 471 1899 533 Α
1932 479 2000 519 ex
2033 465 2124 520 his
2154 467 2415 522 secunda
2446 469 2762 524 emissione
2794 469 3054 524 hominis
3075 474 3132 524 et
3148 469 3425 525 Ecclesiaa
3455 470 3570 542 ipsi

157 553 312 607 nino
335 556 628 623 spectare,
662 551 928 621 adeoque
958 567 1026 606 ea
1056 551 1184 606 sine
1216 551 1473 607 violenta
1501 551 1814 606 verborum

155 641 512 697 detorsione
545 641 620 696 ad
648 639 808 694 illius
847 640 1102 694 haeresin
1155 640 1562 712 exponendam
1593 647 1693 696 aut
1723 657 1817 695 re-

150 731 472 787 futandam
509 729 792 802 applicari
825 747 945 785 non
972 747 1167 802 posse.

815 931 1044 986 CAPUT
1084 929 1174 986 VI.

159 1077 419 1127 Αεεενείο
450 1076 634 1131 tertia,
668 1074 905 1123 heresin
936 1074 1078 1122 hanc
1122 1073 1419 1122 Valentino
1459 1073 1640 1134 fuisse
1671 1074 1818 1122 anti-

219 1143 504 1205 quiorem,
537 1146 654 1205 et_a
695 1135 969 1205 ueteribus
989 1137 1282 1205 ρηοεςξᾳίε
1331 1145 1627 1205 αοοεριᾳηι.
1663 1136 1818 1205 Idem

219 1198 510 1251 Zuseritur
559 1199 625 1248 ab
686 1199 918 1258 Irenaeo,
984 1198 1355 1253 Tertulliano,
1411 1199 1732 1258 Epiphanio
1769 1206 1820 1246 et

227 1265 582 1314 Theodoreto.
645 1262 970 1311 Ostenditur
1023 1260 1273 1323 Bythum
1333 1269 1385 1308 et
1449 1262 1623 1322 Sigen
1671 1261 1822 1309 inter

222 1329 620 1378 Gnosticorum
651 1333 896 1372 veterum
928 1324 1359 1372 combinationes
1395 1327 1592 1383 fuisse.
1627 1331 1822 1371 contra

222 1390 613 1439 Blondellum.
646 1387 929 1436 Probatur
957 1386 1166 1434 eosdem
1196 1394 1245 1433 et
1285 1386 1418 1434 Nun
1449 1393 1499 1432 et
1530 1385 1819 1433 Alethcian

220 1469 293 1500 ex
321 1451 504 1516 Bytho
533 1458 581 1498 et
611 1451 747 1511 Sige
774 1449 1048 1516 adﬁxisse,
1081 1463 1148 1494 ex
1177 1449 1269 1516 Ala
1293 1462 1450 1516 _vero_
1469 1449 1552 1516 v_e_l
1582 1447 1819 1516 ᾼηιΙινο-

209 1531 291 1576 po
325 1510 538 1577 ngon,
598 1510 793 1577 contra
839 1511 1140 1577 Dallgeum.
1203 1510 1250 1558 Τ
1248 1511 1359 1577 νίᾳῃ
1407 1511 1609 1559 Βαιιδεί
1640 1525 1820 1572 argu-

219 1573 424 1626 hientd
446 1577 509 1625 in
542 1575 893 1623 contrarium
923 1573 1165 1622 adducta
1193 1573 1558 1634 refelluntur,

225 1736 514 1804 Quamvis
547 1735 816 1806 exposita
845 1733 1343 1805 comprobataque
1375 1733 1703 1789 assertione
1735 1751 1821 1790 se-

157 1829 361 1884 cunda
391 1825 867 1882 adversariorum
905 1829 1252 1896 argumento
1283 1823 1638 1878 satisfecisse
1671 1823 1816 1878 mihi
1853 1828 1896 1891 Β

157 1918 391 1982 videar,
425 1916 663 1970 tertiam
697 1919 894 1969 tamen
944 1913 1384 1985 adjungendam
1415 1913 1634 1984 putavi.
1666 1914 1824 1968 Licet

158 2009 326 2063 enim
361 2005 509 2060 mihi
540 2003 1060 2076 persuasissimum
1094 2003 1171 2056 sit
1208 2007 1510 2058 auctorem
1543 2001 1823 2073 epistola-

155 2113 292 2151 rum
325 2099 431 2150 aut
457 2091 833 2147 Valentinum
864 2091 1189 2162 ipsum,aut
1218 2090 1472 2144 haeresin
1507 2090 1637 2162 ejus
1666 2107 1822 2144 nun-

152 2200 336 2254 quam
371 2182 596 2237 diserte
640 2179 992 2250 respexisse,
1044 2177 1220 2249 idque
1270 2183 1471 2249 putem
1498 2195 1532 2232 a
1562 2193 1656 2232 me
1689 2194 1818 2232 esse

158 2275 304 2329 satis
333 2275 542 2343 aperte
575 2269 1071 2335 demonstratum,
1104 2271 1306 2322 tamen
1339 2283 1414 2322 ne
1448 2267 1580 2337 quis
1602 2267 1662 2320 in
1687 2267 1820 2321 ani-

153 2364 269 2418 mis
303 2360 649 2430 eorum,qui
682 2357 972 2421 Salmasii,
1006 2356 1298 2411 Blondelli
1329 2361 1387 2411 et
1414 2355 1615 2411 Dallaai
1636 2357 1816 2412 ratio—

152 2453 338 2508 nibus
388 2451 682 2505 hactenus
709 2447 928 2503 assueti
957 2452 1114 2514 sunt,
1148 2445 1459 2518 scrupulus
1489 2446 1730 2516 haereat,
1758 2449 1817 2499 et

150 2561 223 2598 ne
255 2545 504 2597 nostros
535 2539 712 2594 etiam
746 2537 1067 2604 Usserium,
1098 2535 1372 2591 Vossium
1404 2540 1462 2592 et
1493 2537 1815 2591 Hammon-

151 2633 292 2687 dum
330 2629 612 2684 deserere
631 2626 852 2694 videar,
877 2641 1128 2696 quorum
1162 2625 1578 2696 responsiones
1604 2626 1816 2681 ﬁrmis-

152 2723 341 2776 simas
374 2735 505 2774 esse
548 2716 746 2782 credo,
775 2732 873 2770 eas
902 2731 1206 2770 resumere
1250 2719 1426 2784 atque
1459 2714 1812 2770 confirmare

149 2809 330 2865 statui
361 2825 373 2861 :
408 2807 559 2862 adeo
590 2810 676 2873 ut,
735 2804 783 2858 si
843 2804 976 2874 quis
1033 2803 1225 2859 adhuc
1277 2803 1356 2858 sit
1384 2804 1484 2873 qui
1515 2803 1814 2859 existimat

148 2905 464 2955 auctorem
494 2895 566 2950 ad
595 2893 870 2948 haaresim
893 2908 1070 2963 quam
1093 2891 1399 2963 amplexus
1432 2897 1521 2946 est
1550 2891 1810 2947 Valenti-

144 3005 278 3049 nus.
316 2986 696 3050 collineasse,
728 2999 804 3036 ne
848 2983 959 3037 hoc
992 2982 1232 3052 quidem
1267 2981 1590 3052 quidquam
1621 2982 1812 3037 valeat

143 3078 212 3132 ad
235 3075 634 3131 violationem
660 3077 993 3142 temporum
1017 3070 1467 3136 ostendendam,
1493 3070 1581 3124 vel
1604 3076 1774 3125 aucto
1791 3103 1806 3112 -

1925 559 2124 624 patres
2158 573 2386 624 eorum,
2431 558 2578 614 falso
2638 561 3038 631 cognominati
3070 562 3350 624 Gnostici,
3384 562 3573 633 impu-

1925 649 2107 714 gnant
2138 645 2414 700 adversus
2448 648 2720 717 invicem,
2755 664 2861 702 sua
2890 649 3132 720 propria
3156 649 3576 713 indicantes,et

1927 731 2113 787 malos
2143 733 2302 788 fures
2334 737 2686 807 semetipsos
2717 737 3154 792 convincentes.
3180 759 3208 787 »
3239 738 3576 802 Quereban-

1926 826 2021 876 tur
2063 822 2242 893 igitur
2285 826 2545 880 Gnostici
2607 826 3051 881 Valentinianos
3095 833 3380 898 tanquam
3410 829 3572 883 fures

1925 928 2029 966 sua
2055 913 2442 984 subripuisse,
2477 921 2532 970 et
2563 916 2803 986 quidem
2832 916 2993 972 fures
3021 934 3089 972 eo
3121 919 3378 988 pejores,
3413 918 3573 988 quod

1928 1002 2081 1056 male
2122 1002 2183 1056 in
2236 1005 2540 1074 proprium
2574 1006 2977 1060 characterem
3011 1023 3079 1061 ea
3108 1007 3572 1063 transtulissent.

1928 1097 2065 1149 Post
2092 1097 2382 1151 Irenaeum
2433 1098 2631 1152 statim
2687 1098 3086 1153 Tertullianus
3115 1099 3186 1152 de
3222 1099 3528 1154 Valentino
3555 1114 3570 1154 :

1930 1205 1956 1233 «
1984 1185 2302 1255 Cujusdam
2334 1187 2544 1240 veteris
2575 1187 2872 1257 opinionis
2902 1204 3106 1242 semen
3138 1194 3344 1242 nactus
3375 1188 3574 1242 Colar-

1926 1272 2069 1327 baso
2123 1274 2268 1328 viam
2317 1275 2656 1330 delineavit.
2688 1298 2715 1324 »
2755 1277 2841 1330 Ad
2873 1293 3049 1346 quem
3079 1293 3319 1331 sensum
3350 1277 3574 1331 intelli-

1927 1360 2118 1432 genda
2146 1361 2420 1417 videntur
2449 1363 2551 1418 illa
2607 1381 2736 1435 qua}
2791 1365 2893 1420 lib.
2952 1366 3028 1419 De
3080 1368 3287 1426 anima.
3320 1381 3447 1436 cap.
3484 1366 3571 1431 18,

1928 1450 2142 1506 habet:
2181 1473 2203 1503 (ι
2235 1453 2597 1508 Relucentne
2621 1454 2749 1524 jam
2781 1454 3060 1509 haeretica
3090 1454 3319 1509 semina
3349 1454 3581 1512 Gnosti.

1933 1555 2137 1594 corum
2169 1545 2227 1594 et
2271 1541 2816 1596 Valentinianorum
2840 1543 2867 1596 ‘I
2894 1566 2922 1593 υ
2976 1544 3340 1614 Epiphanius
3371 1543 3574 1610 etiam,

1928 1645 2064 1683 cum
2097 1635 2350 1700 quatuor
2378 1631 2488 1685 sibi
2521 1631 2593 1685 de
2629 1631 2928 1687 Valentino
2961 1631 3212 1687 dicenda
3240 1633 3578 1704 proposuis-

1928 1723 2037 1786 set,
2061 1719 2220 1773 unde
2241 1719 2422 1785 venit,
2443 1720 2681 1791 quando
2701 1721 2864 1788 vixit,
2885 1737 3015 1792 quas
3039 1722 3166 1792 ejus
3189 1721 3573 1790 doctrina,mi

1928 1806 2032 1860 ἀπὸ
2063 1807 2242 1861 ποίων
2281 1808 2375 1867 τὰς
2404 1809 2700 1884 προφάσεις
2749 1807 2966 1885 εἴληφε,
3020 1832 3048 1859 ‹‹
3083 1816 3140 1865 et
3171 1827 3204 1865 ἃ
3233 1810 3448 1881 quibus
3476 1827 3576 1865 ar-

1927 1903 2206 1967 gumenta
2235 1899 2557 1969 sumpsit,»
2590 1915 2793 1954 eorum
2824 1899 3102 1954 ultimum
3134 1899 3224 1954 his
3253 1900 3446 1954 verbis
3477 1917 3575 1954 ex-

1928 1987 2143 2056 pressit
2168 2004 2180 2040 :
2216 1986 2316 2041 Καὶ
2347 1984 2509 2047 αὐτὸς
2531 1987 2628 2055 τὴν
2653 1985 2948 2059 ἐθνόμυθον
2981 1987 3201 2056 ποίησιν
3235 1986 3310 2048 εἰς
3333 1987 3424 2041 τὸν
3453 1987 3574 2041 ἑαυ-

1925 2078 2022 2126 τοῦ
2053 2079 2178 2128 νοῦν
2212 2069 2417 2143 λαϐὼν,
2451 2075 2538 2129 καὶ
2571 2075 2678 2130 ἀπὸ
2706 2075 2815 2129 τῶν
2848 2075 2939 2129 σὺν
2974 2075 3118 2147 αὐτῷ
3145 2077 3236 2131 καὶ
3273 2077 3379 2149 πρὸ
3410 2075 3574 2130 αὐτοῦ

1923 2170 2024 2230 τῆς
2055 2163 2316 2233 ἀληθείας
2346 2163 2772 2219 ἐκπεπτωκότων
2797 2166 2896 2233 τὴν
2924 2164 3180 2219 ὑπόνοιαν
3211 2165 3571 2237 κτησάμενος.

1925 2273 1952 2301 α
1987 2253 2112 2324 Ipse
2151 2254 2328 2309 etiam
2386 2255 2684 2309 ethnicam
2743 2255 2951 2326 poesin
3009 2255 3208 2310 animo
3240 2271 3345 2308 suo
3386 2255 3577 2309 conci-

1923 2345 2116 2415 piens,
2153 2351 2210 2400 et
2239 2346 2311 2400 ab
2343 2347 2417 2401 iis
2449 2347 2548 2417 qui
2577 2364 2711 2402 cum
2734 2347 2860 2418 ipso
2885 2352 2943 2402 et
2971 2352 3107 2402 ante
3139 2347 3333 2418 ipsum
3365 2363 3400 2402 a
3428 2347 3575 2401 veri-

1925 2440 2044 2489 tate
2075 2435 2224 2506 lapsi
2259 2441 2419 2503 sunt,
2480 2437 2836 2492 sententiam
2897 2441 3222 2503 mutuatus,
3257 2458 3284 2486 »
3316 2441 3428 2491 etc.
3461 2437 3571 2501 Qui

1922 2529 2118 2578 autem
2151 2525 2237 2578 illi
2262 2525 2523 2579 haeretici
2551 2525 2842 2591 fuerint,a
2864 2525 3078 2596 quibus
3101 2525 3312 2580 deliria
3342 2542 3448 2580 sua
3475 2526 3575 2579 Va-

1921 2613 2181 2668 lentinus
2213 2614 2431 2680 hausit,
2466 2614 2623 2668 idem
2655 2615 2951 2669 ostendit:
3000 2613 3154 2684 Φημὶ
3189 2609 3246 2666 δὲ
3271 2611 3569 2668 Οὐαλεντῖ-

1917 2721 2004 2754 νον
2035 2701 2126 2754 καὶ
2155 2701 2252 2767 τὴν
2302 2700 2467 2755 αὐτοῦ
2517 2697 2894 2768 διδασκαλίαν,
2920 2701 3019 2769 τήν
3051 2698 3156 2753 ἀπὸ
3185 2704 3282 2770 τῇς
3321 2698 3568 2773 μεγάλης

1912 2789 2114 2855 ταύτης
2140 2794 2443 2861 γνωστικῆς
2476 2786 2840 2862 ἐπαργγελίας
2879 2787 3249 2860 ὑπάρχουσαν.
3285 2811 3313 2837 ‹‹
3346 2789 3561 2844 Valen-

1916 2880 2106 2934 tinum
2141 2879 2400 2949 intelligo
2433 2884 2492 2932 et
2521 2878 2674 2933 illius
2707 2878 3196 2947 doctrinam,quae
3228 2894 3262 2932 a
3295 2878 3564 2948 speciosa

1914 2969 2011 3023 illa
2043 2969 2449 3024 Gnosticorum
2480 2969 2847 3038 professione
2880 2967 3114 3038 prodiit.
3151 2989 3178 3016 ››
3215 2967 3369 3022 Licet
3399 2967 3558 3022 enim

1913 3059 2280 3129 Epiphanius
2329 3056 2685 3131 αἱρεσιὰρχην
2735 3057 3110 3111 Valentinum
3150 3056 3424 3127 appellet,
3457 3056 3560 3111 do-

142 3159 386 3221 ri'tatem
421 3161 808 3234 epistolarum
842 3159 957 3214 ullo
989 3159 1165 3214 modo
1197 3158 1559 3214 elevandam.
1596 3161 1805 3216 Assero
1848 3175 1889 3240 ρ
1919 3149 2169 3203 ctrina!“
2203 3153 2402 3203 tamen
2427 3163 2594 3202 suam
2617 3162 2751 3200 eum
2775 3146 3120 3201 ἃδηοειίοίδ
3143 3145 3412 3200 Ῑιᾶιιείεεθ
3444 3151 3564 3201 tra-

149 3256 308 3310 enim
343 3251 519 3308 lertio
552 3251 704 3305 hanc
751 3249 942 3320 ipsam
991 3249 1244 3303 haaresin
1275 3247 1591 3303 Valentino
1623 3248 1802 3303 fuisse

147 3333 578 3404 antiquiorem,
612 3337 672 3385 et
719 3346 754 3384 a
796 3329 1215 3383 vetustioribus
1256 3329 1548 3383 Gnosticis
1577 3328 1801 3384 deriva-

149 3430 263 3479 tam
287 3440 302 3489 ;
325 3435 584 3491 eamque
606 3435 726 3489 prae
749 3423 920 3472 astate
950 3417 1246 3488 respicere
1277 3418 1539 3489 potuisse
1557 3418 1610 3470 S.
1637 3419 1803 3488 Igna-

147 3515 295 3568 tium
357 3514 711 3580 martyrem,
745 3512 1038 3578 quatenus
1096 3507 1209 3561 fuit
1261 3507 1334 3561 ab
1368 3507 1804 3576 antiquioribus

147 3600 449 3658 Gnosticis
463 3597 1105 3670 prolata,etantequam
1123 3597 1184 3650 in
1200 3597 1496 3651 Valentini
1511 3597 1805 3651 characte-

149 3710 272 3748 rem
309 3691 429 3745 fuit
478 3686 923 3751 transformata,
953 3691 1016 3740 ut
1059 3702 1302 3740 necesse
1333 3703 1454 3740 non
1486 3686 1564 3740 sit
1590 3685 1663 3739 ad
1694 3687 1803 3740 Va-

151 3782 453 3837 lentinum
484 3777 583 3832 hic
613 3791 940 3830 recurrere.
965 3776 1107 3830 Nam
1136 3780 1196 3829 et
1224 3776 1349 3845 ipse
1379 3775 1634 3829 Dallaeus
1659 3790 1671 3828 :
1697 3795 1725 3824 «
1749 3774 1807 3828 Si

153 3873 306 3941 quis,
343 3868 564 3939 inquit,
615 3867 692 3920 sit
751 3865 1057 3920 Valentino
1114 3865 1420 3930 vetustior,
1454 3866 1554 3935 qui
1587 3865 1696 3919 hoc
1727 3865 1810 3919 ita

151 3960 440 4032 posuerit,
474 3955 706 4010 fatebor
734 3953 808 4009 ad
838 3953 968 4021 hoc,
1001 3958 1066 4008 ut
1093 3953 1306 4008 horum
1339 3970 1469 4024 quas
1500 3953 1808 4008 attulimus

151 4048 417 4122 epistolae
445 4044 763 4099 verborum
786 4046 982 4097 rectus
1013 4041 1225 4113 aliquis
1255 4047 1314 4096 et
1341 4042 1641 4114 legitimus
1673 4058 1809 4096 con-

153 4141 440 4194 stituatur
469 4151 701 4200 sensus,
735 4133 898 4190 nulla
927 4151 1037 4188 nos
1067 4133 1419 4188 necessitate
1450 4133 1574 4203 cogi
1608 4133 1681 4188 ad
1714 4132 1813 4188 Va-

160 4227 374 4283 lentini
408 4224 667 4280 heresin
699 4237 1024 4279 recurrere.
1052 4244 1081 4271 »

221 4319 393 4373 Hanc
421 4314 602 4386 igitur
629 4312 1018 4368 assertionem
1042 4310 1526 4368 luculentissimis
1546 4315 1810 4366 veterum

157 4408 253 4478 qui
289 4405 366 4460 de
400 4404 512 4458 hac
545 4403 754 4456 hmresi
787 4401 1198 4456 disseruerunt
1218 4400 1577 4455 testimoniis
1597 4399 1813 4470 proba-

154 4501 272 4550 tam
305 4494 464 4549 dabo
491 4511 505 4558 ;
540 4507 714 4546 nemo
751 4490 912 4544 enim
945 4506 1148 4544 eorum
1181 4496 1268 4544 est
1299 4489 1399 4559 qui
1431 4488 1812 4544 Valentinum

156 4591 416 4641 veterem
453 4580 799 4653 opiniOnem
831 4581 1337 4635 resuscitassenon
1359 4579 1574 4633 diserte
1598 4577 1808 4633 tradat.

157 4676 421 4730 Irenzeus
453 4670 555 4725 lib.
589 4687 630 4737 1,
663 4686 792 4740 cap.
821 4672 887 4723 5:
945 4692 966 4718 ι
1001 4668 1108 4732 Qui
1141 4668 1302 4722 enim
1335 4673 1424 4722 est
1458 4667 1707 4738 primus,
1737 4666 1810 4722 ab

156 4781 218 4820 ea
250 4779 388 4834 quae
423 4760 640 4815 dicitur
668 4759 932 4831 gnostica
952 4758 1214 4824 haeresis,
1238 4757 1515 4827 antiquas
1545 4757 1607 4810 in
1637 4773 1811 4811 suum

158 4854 566 4908 characterem
600 4847 900 4903 doctrinas
931 4846 1315 4911 transferens,
1352 4845 1812 4911 Valentinus,sic

156 4940 492 4996 diffinivit.»
527 4937 800 5007 Antiqua;
831 4935 1010 5008 igitur
1055 4935 1341 4990 doctrinae
1371 4933 1631 4996 fuerunt,
1663 4950 1811 5004 quas

158 5032 210 5086 in
242 5031 656 5086 characterem
688 5041 862 5081 suum
902 5024 1250 5079 Valentinus
1291 5022 1613 5077 transtulit.
1646 5022 1810 5077 Idem

154 5120 248 5175 lib.
288 5138 350 5189 ιι,
386 5135 516 5190 cap.
552 5119 652 5172 18:
688 5138 716 5167 ‹‹
739 5118 871 5171 Haec
894 5120 1090 5170 autem
1123 5131 1254 5185 quaa
1285 5113 1540 5168 diximus
1567 5113 1638 5168 de
1667 5113 1812 5167 Sen-

158 5227 250 5265 sus
277 5209 358 5280 (id
395 5213 486 5264 est
513 5209 611 5259 τοῦ
632 5206 770 5276 Νοῦ)
795 5205 1136 5270 emissione,
1161 5202 1439 5258 similiter
1457 5207 1514 5256 et
1529 5203 1809 5257 adversus

157 5316 250 5354 eos
283 5299 384 5369 qui
419 5312 452 5351 a
482 5294 736 5350 Basilide
779 5299 935 5361 sunt,
986 5297 1184 5363 aptata
1225 5296 1398 5345 sunt:
1435 5295 1494 5344 et
1530 5290 1809 5346 adversus

158 5388 419 5458 reliquos
450 5384 782 5449 Gnosticos,
834 5399 867 5436 a
912 5381 1125 5452 quibus
1155 5386 1213 5435 et
1243 5380 1301 5434 hi
1335 5379 1506 5433 initia
1546 5379 1810 5434 emissio-

157 5496 295 5534 num
327 5477 691 5548 accipientes
741 5472 992 5529 convicti
1042 5477 1182 5526 sunt
1239 5471 1300 5524 in
1349 5469 1539 5540 primo
1571 5470 1742 5525 libro.
1777 5493 1806 5520 ››

155 5568 606 5624 Generationem
633 5563 814 5636 igitur
828 5564 925 5614 τοῦ
943 5563 1137 5624 Νοῦ,θι
1155 5558 1543 5614 emissionum
1556 5559 1806 5615 aliarum

153 5656 291 5712 inita
316 5674 349 5712 a
383 5653 641 5712 Basilide
664 5658 725 5707 et
748 5649 999 5721 reliquis
1031 5648 1322 5705 Gnosticis
1353 5648 1566 5718 accipit
1595 5647 1804 5704 Valen-

152 5745 330 5804 tinus.
365 5745 532 5804 Idem
565 5741 782 5802 eodem
812 5738 1036 5814 capite:
1071 5759 1100 5790 «
1123 5738 1203 5796 De
1230 5752 1301 5794 ea
1323 5739 1524 5794 autem
1554 5754 1686 5809 quae
1718 5745 1808 5795 est

1919 3238 2023 3304 dit,
2059 3237 2309 3307 ideoque
2341 3253 2546 3292 eorum
2577 3251 2797 3290 nomen
2828 3234 2938 3289 sibi
2971 3241 3028 3290 et
3054 3236 3176 3290 suis
3207 3235 3561 3306 imposuisse

1919 3331 2134 3401 saepius
2166 3331 2455 3386 observat.
2513 3327 2633 3384 Ἐπὶ
2664 3329 2763 3397 τήν
2815 3331 2922 3381 τῶν
2954 3324 3324 3381 Οὐαλεντίνων
3359 3326 3566 3402 αἳρεσιν

1920 3415 2170 3490 διέξειμι,
2201 3422 2308 3471 τῶν
2363 3415 2430 3487 δὴ
2491 3418 2576 3471 καὶ
2637 3420 2954 3472 Γνωστικῶν
3013 3416 3227 3478 ἑαυτοῖς
3276 3415 3562 3471 ἐπιθέντων

1915 3503 2108 3580 ὄνομα.
2147 3531 2173 3559 ‹‹
2196 3509 2284 3564 Ad
2314 3509 2569 3565 hmresin
2601 3509 3146 3564 Valentinianorum
3179 3513 3436 3578 transeo,
3461 3510 3562 3579 qui

1915 3598 2325 3653 Gnosticorum
2366 3614 2586 3652 nomen
2619 3598 2729 3652 sibi
2763 3599 3193 3669 imposuerunt.
3228 3619 3256 3647 »
3290 3599 3359 3651 Et
3387 3599 3560 3669 paulo

1915 3694 2103 3759 post:
2165 3686 2268 3742 Καὶ
2350 3686 2540 3748 πάντες
2602 3687 2940 3747 Γνωστικοὺς
3017 3683 3238 3746 ἑαυτοὺς
3304 3686 3554 3756 ἐκάλουν,

1915 3774 2278 3837 Οὖαλεντῖνός
2306 3795 2386 3843 τε,
2437 3774 2604 3851 φημὶ,
2637 3775 2727 3829 καὶ
2785 3775 2836 3828 o't
2886 3775 2992 3848 πρὸ
3042 3774 3207 3828 αὐτοῦ
3243 3776 3558 3838 Γνωστικοί,

1918 3890 1945 3918 ‹‹
1981 3871 2050 3922 Et
2079 3884 2286 3922 omnes
2307 3867 2612 3921 Gnosticos
2634 3871 2821 3920 semet
2845 3866 3246 3936 appellabant,
3270 3872 3327 3920 et
3352 3868 3564 3922 Valen-

1920 3959 2369 4027 tinus,inquam,
2387 3960 2445 4010 et
2467 3955 2565 4025 qui
2590 3955 2758 4009 illum
2778 3959 3213 4024 praecesserunt
3241 3955 3559 4021 Gnostici,»

1918 4051 1988 4103 Et
2014 4063 2220 4102 rursus
2253 4045 2324 4101 de
2356 4046 2604 4100 eodem:
2662 4042 2759 4103 Εἰς
2813 4040 3060 4102 πολλοὺς
3120 4041 3224 4116 γὰρ
3273 4043 3431 4103 οὗτος
3458 4044 3560 4112 τὴν

1918 4137 2106 4189 ἑαυτοῦ
2166 4131 2544 4208 ὀνειροπολίαν
2599 4130 2932 4204 ἑπισπείρας,
3007 4130 3303 4186 Γνωστικὸν
3377 4131 3562 4185 ἑαυτὸν

1917 4224 2171 4286 καλέσας.
2211 4247 2239 4275 α
2273 4226 2374 4280 Hic
2406 4225 2566 4278 enim
2606 4223 2678 4278 ad
2710 4223 2929 4277 multos
2979 4239 3085 4278 sua
3134 4224 3366 4278 somnia
3396 4240 3565 4294 spar-

1920 4333 2083 4387 gens,
2118 4315 2462 4370 Gnosticum
2521 4314 2781 4384 seipsum
2813 4312 3143 4384 appellans,
3180 4335 3207 4362 »
3264 4317 3374 4368 etc.
3425 4315 3568 4368 Post

1921 4406 2316 4478 Epiphanium
2359 4404 2761 4459 Theodoretus
2810 4421 2941 4460 cum
2999 4405 3252 4460 haereses
3284 4405 3565 4473 Simonis,

1924 4495 2248 4561 Menandri,
2279 4493 2587 4557 Saturnili,
2621 4493 2912 4558 Basilidis,
2947 4494 3332 4564 Carpocratis,
3366 4495 3564 4548 Prodi-

1921 4587 2092 4656 cique
2123 4585 2443 4654 explicatas
2475 4583 2756 4644 dedisset,
2781 4580 2838 4635 ἐκ
2866 4581 3098 4650 τούτων,
3131 4583 3346 4653 inquit,
3374 4585 3562 4635 πασῶν

1921 4677 2027 4728 τῶν
2062 4670 2314 4744 αἱρέσεων
2350 4672 2377 4725 ὁ
2406 4668 2718 4732 Βαλεντῖνος
2766 4665 2948 4725 λαϐὼν
2997 4670 3246 4745 ἀφορμὰς
3273 4670 3399 4730 τοὺς
3431 4671 3563 4724 ἀπε-

1917 4762 2140 4837 ράντους
2173 4761 2431 4831 caveam
2465 4760 2686 4832 μύθους,
2721 4784 2749 4810 ‹‹
2807 4777 2878 4815 ex
2909 4762 3000 4815 his
3043 4761 3318 4815 omnibus
3371 4762 3563 4815 haare-

1920 4853 2082 4907 sibus
2135 4852 2474 4907 Valentinus
2523 4851 2819 4921 accipiens
2877 4849 3187 4904 materiam
3211 4849 3564 4904 intermina-

1920 4939 2072 4994 biles
2102 4940 2331 4994 fabulas
2363 4939 2717 5009 composuit.
2756 4960 2782 4986 »

1989 5033 2130 5082 Cum
2162 5029 2364 5098 aliqua
2393 5045 2463 5082 ex
2486 5028 2578 5082 his
2606 5026 2948 5082 testimonia
2965 5025 3025 5079 in
3047 5025 3384 5096 Appendice
3406 5026 3569 5096 Igna-

1919 5118 2078 5172 tiana
2105 5118 2346 5171 citasset
2369 5116 2638 5170 Usserius
2655 5120 2876 5182 noster,
2902 5113 3150 5184 epistola
3171 5113 3243 5167 ad
3269 5129 3404 5168 eum
3429 5113 3570 5167 scri-

1916 5211 2017 5277 pta
2043 5206 2114 5260 ab
2139 5205 2503 5260 Hammondo
2537 5205 2694 5259 edita
2728 5205 2852 5259 haec
2883 5203 3150 5274 reposuit
3178 5201 3522 5258 Blondellus
3551 5234 3566 5274 ε

1919 5318 1946 5345 ‹‹
1970 5295 2173 5349 ΙΓοηωί
2207 5293 2420 5356 nostri,
2453 5309 2568 5362 quo
2627 5294 2890 5364 praaipue
2923 5293 3150 5359 niteris,
3185 5292 3370 5356 locus,
3405 5291 3565 5360 quod

1919 5399 2223 5452 nunquam
2252 5382 2478 5452 negavi,
2499 5381 2671 5435 docet
2700 5381 3070 5436 Valentinum
3094 5380 3345 5435 aliorum
3377 5395 3572 5434 exem-

1916 5474 2014 5544 plo
2047 5468 2296 5543 συζυγίας
2329 5486 2464 5525 suas
2495 5469 2813 5524 efﬁnxisse.
2844 5492 2870 5518 »
2896 5469 3267 5524 Blondellum
3300 5469 3570 5538 sequitur

1917 5561 2205 5616 Dallaeus:
2240 5582 2267 5609 «
2301 5559 2449 5613 Illud
2481 5575 2584 5630 ego
2617 5557 2857 5628 quidem
2880 5574 2950 5611 ex
2983 5559 3094 5612 hoc
3125 5557 3331 5612 Irenaai
3359 5557 3486 5613 loco
3513 5563 3572 5614 et

1916 5650 2049 5705 aliis
2079 5649 2428 5704 Theodoreti
2456 5655 2515 5703 et
2537 5647 2849 5719 Epiphanii
2881 5645 3177 5701 similibus
3203 5645 3348 5699 locis
3379 5646 3571 5718 legiti-

1913 5756 2011 5798 mo
2040 5739 2252 5799 conﬁci
2284 5744 2342 5796 et
2372 5738 2567 5814 colligi
2596 5737 2878 5812 concedo,
2909 5735 3098 5809 ipsam
3127 5748 3328 5792 rerum
3363 5734 3567 5795 silvam
