3974 6296
407 300 520 361 323

1471 293 1533 353 S.
1580 291 1981 360 IGNATIVS.
2031 325 2106 340 —
2151 295 2762 362 PROLEGOMENA.

3694 306 3816 366 324

401 439 578 505 atque
612 431 939 498 materiam,
970 447 1039 485 ex
1069 445 1186 502 qua
1218 427 1564 484 Valentinus
1587 444 1692 482 sua
1715 429 2049 498 composuit
2080 433 2126 499 Α
2159 430 2274 486 illm
2306 434 2725 506 syzygiae,quas
2755 437 3004 491 aliorum
3036 438 3306 509 exemplo
3339 455 3475 494 eum
3503 438 3811 494 effinxisse

396 525 525 596 jam
557 522 712 595 apud
742 523 1089 576 vetustiores
1119 519 1332 591 partim
1366 518 1668 572 Gnosticos
1713 517 2042 584 haereticos,

404 615 621 686 partim
647 613 821 666 etiam
853 616 1057 682 poetas
1077 615 1180 663 aut
1202 608 1583 679 philosophos
1607 606 1874 661 ethnicos
1903 607 2046 661 fuis-

406 720 490 758 se.
525 724 552 752 »
586 702 880 756 Habemus
911 700 1088 767 igitur
1115 699 1226 752 hoc
1257 697 1328 752 ab
1383 696 1501 750 illis
1532 712 1901 763 concessum,
1939 697 2047 750 Va-

400 792 695 848 lentinum
729 790 981 844 aliorum
1016 786 1284 856 exemplo
1317 785 1577 857 syzygias
1609 784 1925 844 effinxisse.
1964 785 2048 856 ip.

402 896 645 951 samque
679 895 876 932 rerum
911 877 1114 931 silvam
1165 882 1339 944 atque
1371 873 1682 928 materiam
1709 891 1742 927 a
1771 875 2045 928 vetustio-

394 971 558 1025 ribus
588 968 880 1023 Gnosticis
949 965 1237 1020 hausisse.
1303 964 1493 1018 Potuit
1531 963 1731 1033 itaque
1782 963 2044 1035 Ignatius

394 1085 566 1124 verus
596 1067 669 1123 ad
701 1083 831 1122 eam
865 1064 1117 1120 hmresin
1150 1061 1440 1123 alludere.
1473 1078 1649 1132 quam
1682 1067 1887 1131 postea
1917 1077 2044 1116 am—

397 1159 610 1230 plexus
641 1173 767 1212 esse
800 1156 1014 1209 dicitur
1047 1153 1412 1218 Valentinus,
1444 1151 1492 1205 si
1543 1150 1748 1204 silvam
1777 1155 1832 1205 et
1862 1156 2042 1206 mate-

393 1251 544 1302 riam
564 1246 693 1317 ejus
715 1251 945 1316 spectes
971 1261 983 1310 ;
1009 1259 1077 1298 ea
1098 1242 1257 1296 enim
1280 1241 1574 1295 hmreseos
1604 1239 1852 1294 materia
1871 1244 2042 1294 aetate

389 1337 597 1408 Ignatii
617 1352 651 1390 a
673 1332 1088 1389 vetustioribus
1113 1329 1398 1385 Gnosticis
1431 1329 1799 1399 promulgata
1826 1328 2037 1383 fuerat.

388 1429 579 1495 Atque
612 1425 896 1478 hactenus
928 1420 1351 1475 consentimus.
1383 1420 1448 1472 ln
1498 1417 1603 1472 illa
1633 1424 1831 1472 autem
1863 1417 2031 1485 silva,

391 1515 547 1569 inter
575 1512 958 1568 velustiorum
991 1509 1249 1581 syzygias
1280 1507 1525 1579 reperiri
1560 1511 1881 1577 potuerunt
1909 1508 2038 1560 1E0-

389 1619 496 1657 nes
534 1603 642 1672 illi,
677 1618 823 1672 quos
846 1599 1178 1671 respexisse
1201 1598 1402 1652 volunt
1423 1597 1688 1668 epistolae
1710 1602 2035 1664 auctorem,

393 1694 522 1764 Sige
555 1692 780 1746 scilicet
811 1695 869 1744 et
899 1690 1098 1760 Logos,

461 1780 571 1836 Sed
605 1780 824 1851 excipit
848 1776 1181 1832 Blondellus
1207 1793 1219 1830 :
1250 1775 1460 1830 «Alios
1482 1775 1791 1830 Valentino
1809 1775 2036 1846 priores

389 1870 672 1925 Profundi
700 1875 757 1922 et
780 1867 1008 1923 Silentii
1051 1865 1551 1921 combinationem
1585 1864 1888 1918 induxisse
1912 1881 2030 1918 non

389 1961 565 2016 modo
587 1966 783 2016 tecum
807 1960 913 2028 (ita
926 1958 1224 2014 Usserium
1248 1955 1610 2026 alloquitur),
1634 1972 1755 2010 non
1779 1955 2035 2010 affirmat

383 2051 667 2117 Irenaaus,
705 2048 808 2103 sed
840 2063 1094 2112 mecum,
1139 2046 1184 2100 si
1235 2045 1375 2114 quid
1406 2045 1596 2115 capio,
1653 2061 1724 2099 ex
1768 2043 2032 2115 professo

382 2146 577 2212 negat,
611 2155 744 2193 cum
776 2137 1080 2210 prOprium
1117 2135 1406 2189 Valentini
1435 2135 1836 2188 characterem
1871 2151 2033 2188 com-

381 2228 747 2284 binationem
775 2227 938 2281 illam
961 2224 1278 2296 protulisse
1299 2224 1497 2278 refert.
1526 2246 1552 2272 »
1578 2223 1833 2278 Dallmus
1856 2224 2030 2294 paulo

381 2320 558 2374 aliter
587 2319 740 2372 hanc
771 2334 895 2372 rem
927 2320 1158 2383 tractat,
1221 2319 1279 2370 et
1333 2315 1393 2368 in
1448 2331 1516 2368 eo
1549 2315 1880 2385 argumenti
1911 2314 2028 2368 vim

384 2409 656 2474 collocat,
692 2406 846 2477 quod
878 2421 1053 2461 nemo
1107 2409 1242 2459 ante
1303 2403 1679 2458 Valentinum
1716 2403 1969 2458 Verbum
2001 2420 2031 2460 e

385 2498 513 2568 Sige
546 2495 833 2550 eduxerit.
869 2495 980 2549 Sed
1013 2508 1368 2564 quocunque
1400 2492 1575 2547 modo
1605 2493 2028 2563 responsiones

381 2603 516 2642 suas
550 2586 884 2650 efformant,
936 2583 1090 2638 elabi
1139 2599 1260 2637 non
1308 2587 1573 2654 possunt.
1625 2582 1768 2637 Cum
1819 2582 2032 2636 asserit

381 2674 726 2730 Blondellus
759 2675 1046 2728 Irenaeum
1080 2694 1107 2722 «
1141 2689 1210 2726 ex
1242 2673 1505 2742 professo
1536 2687 1772 2742 negare,
1807 2692 1834 2720 »
1871 2673 2021 2725 Gno-

379 2765 556 2819 sticos
587 2769 813 2818 veteres
844 2760 1125 2816 Profundi
1157 2766 1216 2816 et
1245 2760 1472 2815 Silentii
1523 2759 2026 2815 combinationem

382 2853 705 2920 induxisse,
740 2869 874 2907 cum
917 2851 1219 2923 proprium
1282 2849 1570 2904 Valentini
1623 2849 2025 2904 characterem

384 2942 886 2997 combinationem
911 2940 1075 2995 illam
1097 2939 1415 3010 protulisse
1439 2940 1620 2993 refert
1649 2956 1662 3002 ;
1693 2938 1752 2992 id
1781 2939 2025 2993 omnino

379 3031 657 3091 afﬁrmat.
692 3029 849 3100 quod
881 3047 949 3084 ex
1007 3045 1074 3083 eo
1135 3028 1340 3082 lrenaei
1373 3028 1522 3093 loco,
1555 3043 1730 3097 quem
1763 3026 2024 3090 adducit,

377 3119 642 3190 exsculpi
676 3136 794 3173 non
825 3123 1038 3188 potest.
1073 3121 1160 3172 An
1187 3117 1287 3187 qui
1319 3116 1498 3170 dicit:
1546 3138 1572 3165 ‹‹
1607 3115 1714 3178 Qui
1747 3117 1906 3170 enim
1938 3120 2028 3170 est

375 3209 623 3279 primus,
658 3207 730 3261 ab
765 3223 832 3261 ea
862 3224 992 3277 quae
1026 3206 1243 3260 dicitur
1273 3205 1550 3259 Gnostica
1581 3204 1845 3270 haeresis,
1880 3205 2026 3258 anti-

373 3314 518 3368 quas
558 3297 618 3350 in
667 3312 841 3350 suum
875 3296 1275 3348 characterem
1331 3293 1630 3348 doctrinas
1663 3294 2026 3348 transferens

373 3386 724 3441 Valentinus
755 3386 839 3439 sic
871 3383 1173 3450 difﬁnivit,
1207 3383 1554 3438 dualitatem
1585 3383 1903 3453 quamdam
1934 3384 2022 3438 in-

373 3474 830 3541 nominabilem,
853 3474 1026 3544 cujus
1047 3473 1286 3542 quidem
1311 3472 1538 3542 aliquid
1560 3473 1752 3526 vocari
1785 3474 2024 3528 inenar-

378 3563 588 3629 rabile,
617 3562 777 3617 aliud
823 3568 1020 3617 autem
1045 3562 1241 3633 Sigen,
1267 3584 1291 3610 »›
1327 3566 1502 3632 negat
1532 3561 1836 3616 Gnosticos
1869 3567 2023 3615 vete-

373 3669 470 3708 res
501 3651 782 3706 Profundi
816 3657 874 3705 et
903 3650 1132 3705 Silentii
1164 3649 1661 3704 combinationem
1690 3650 2026 3705 induxisse?

373 3747 474 3796 aut
508 3740 657 3794 illud
678 3741 957 3809 affirmat,
981 3740 1138 3794 unde
1162 3756 1230 3795 ea
1262 3740 1495 3811 negatio
1526 3746 1827 3809 sequatur,
1862 3741 2024 3794 scili-

372 3836 464 3886 cet
494 3831 801 3901 proprium
845 3830 1142 3885 Valentini
1188 3830 1588 3884 characterem
1634 3829 2021 3884 combinatio-

371 3936 510 3974 nem
543 3920 708 3975 illam
737 3919 1020 3974 Profundi
1046 3925 1104 3974 et
1124 3919 1352 3974 Silentii
1377 3919 1695 3991 protulisse
1719 3919 1746 3974 ‘I
1776 3920 1890 3990 Ego
1913 3935 2022 3974 nec

369 4010 628 4080 priorem
660 4009 1060 4080 negationem,
1093 4025 1203 4063 nec
1245 4009 1636 4079 posteriorem
1667 4008 2020 4062 affirmatio-

369 4115 505 4154 nem
538 4099 598 4152 in
628 4099 822 4154 verbis
844 4098 1052 4153 Irenaei
1075 4099 1304 4168 reperio
1330 4116 1345 4164 ;
1379 4098 1498 4152 imo
1529 4115 1603 4152 ne
1637 4114 1856 4152 nomen
1886 4099 2022 4152 Pro-

369 4188 560 4255 fundi,
596 4189 714 4242 sive
747 4187 913 4257 Bythi
949 4189 1103 4242 inter
1132 4189 1379 4241 [Bonum
1415 4188 1656 4242 nomina
1683 4203 1751 4241 eo
1785 4186 1894 4241 loci
1927 4186 2021 4240 in-

365 4277 559 4340 venio,
580 4276 694 4330 nisi
718 4282 1031 4346 postquam
1055 4276 1296 4346 triginta
1317 4275 1527 4329 tEones
1542 4276 1670 4346 jam
1689 4275 2014 4330 enumerati

372 4369 574 4420 essent
601 4381 614 4430 ;
648 4364 806 4433 quod
855 4379 1164 4434 nunquam
1205 4368 1364 4416 certe
1395 4362 1631 4417 fecisset
1659 4363 1939 4427 lrenaeus,
1969 4363 2017 4416 si

369 4469 587 4508 nomen
605 4453 770 4524 Bythi
789 4469 821 4508 a
837 4453 1146 4508 Valentino
1165 4451 1440 4522 primitus
1457 4451 1766 4505 inventum
1779 4457 1837 4505 et
1857 4450 2017 4506 illius

2154 521 2374 576 fatetur
2398 524 2777 580 Blondellus?
2799 526 2897 580 ubi
2930 526 3030 582 illa
3062 528 3205 582 silva
3237 533 3295 582 et
3317 531 3668 596 materia,ex
3692 547 3817 600 qua

2157 628 2263 666 sua
2295 611 2394 666 ille
2426 615 2777 685 composuit,
2833 615 3082 671 docente
3140 617 3407 672 Dallaao?
3466 624 3566 673 aut
3599 619 3744 689 quid
3776 638 3813 674 a

2155 700 2442 756 Gnosticis
2466 702 2682 772 hausit,
2709 705 2756 758 si
2790 706 2974 775 ipsius
2999 707 3306 762 character
3329 707 3807 764 combinationes

2153 806 2359 844 omnes
2393 796 2692 862 totamque
2724 795 3156 866 mataaologiam
3187 796 3482 867 protulit?

2225 879 2334 933 Sed
2393 881 2597 936 relicta
2636 885 3075 939 concertatione
3125 887 3478 940 sententiam
3535 892 3805 942 nostram

2151 968 2535 1037 conﬁrmabo,
2581 970 3009 1042 ostendamque
3051 974 3263 1044 primo,
3313 974 3588 1030 adversus
3636 975 3810 1029 Blon-

2151 1056 2396 1120 dellum,
2428 1059 2682 1128 primam
2735 1060 3024 1115 Valentini
3071 1063 3596 1128 combinationem,
3631 1065 3808 1135 Bythi

2149 1148 2377 1203 scilicet
2407 1156 2466 1204 et
2515 1151 2699 1222 Siges,
2732 1152 2912 1207 fuisse
2963 1171 2996 1208 a
3044 1155 3461 1210 vetustioribus
3511 1156 3807 1210 Gnosticis

2148 1237 2420 1294 haustam
2443 1256 2456 1305 ;
2479 1242 2760 1308 secundo,
2781 1243 3061 1298 adversus
3087 1244 3389 1311 Dallmum,
3408 1246 3599 1316 Logon
3621 1246 3804 1300 etiam

2147 1327 2327 1384 fuisse
2356 1347 2387 1384 a
2418 1333 2502 1385 Nu
2536 1332 2910 1402 productum,
2936 1334 3088 1403 quia
3111 1336 3241 1406 Sige
3266 1337 3521 1391 emissus
3554 1341 3661 1402 est,
3697 1353 3802 1391 se-

2149 1419 2410 1474 cundum
2441 1422 2745 1476 Gnosticos
2777 1425 3164 1478 vetustiores:
3204 1426 3463 1479 fremens
3496 1426 3554 1479 in
3586 1425 3801 1496 prmfa—

2148 1508 2309 1562 tione
2339 1509 2469 1563 libri
2505 1511 2750 1565 secundi
2792 1519 3208 1578 argumentum
3240 1513 3373 1568 libri
3407 1513 3583 1584 primi
3617 1530 3801 1584 repe-

2147 1601 2277 1651 tens
2299 1597 2609 1668 proﬁtetur
2639 1615 2699 1653 se
2732 1600 3280 1656 Valentinianorum
3300 1618 3622 1672 eorumque
3647 1603 3805 1674 quia

2146 1685 2382 1740 Simone
2401 1693 2540 1742 sunt
2561 1688 2972 1742 Gnosticorum
3000 1689 3297 1745 doctrinas
3323 1692 3662 1762 exposuisse
3691 1709 3704 1757 ;
3737 1693 3797 1746 in

2069 1807 2110 1868 Β
2144 1775 2255 1830 hoc
2277 1780 2476 1830 autem
2507 1776 2798 1846 promittit
2829 1795 2890 1831 se
2941 1794 3280 1833 eversurum
3315 1796 3555 1835 omnem
3589 1797 3800 1835 eorum

2142 1864 2428 1934 regulam.
2462 1864 2626 1929 Quod
2657 1871 2721 1919 ut
2751 1865 2872 1932 fiat,
2899 1888 2925 1914 ‹‹
2953 1871 3202 1937 Oportet,
3238 1867 3449 1938 inquit,
3484 1867 3802 1924 abscondi-

2140 1959 2228 2008 tas
2247 1954 2512 2024 ipsorum
2535 1955 2982 2024 conjugationes
3003 1973 3108 2025 per
3128 1957 3576 2012 manifestarum
3594 1960 3800 2030 conju-

2137 2043 2440 2113 gationum
2475 2043 2759 2098 indicium
2799 2049 2856 2098 et
2899 2045 3263 2100 eversionem
3297 2047 3544 2117 Bythum
3573 2047 3794 2102 dissol-

2137 2149 2288 2187 vere.
2328 2155 2353 2180 ››
2387 2134 2606 2203 Bythus
2629 2135 2806 2206 igitur
2828 2140 2944 2188 tam
2976 2134 3051 2189 ad
3082 2140 3344 2190 veterum
3374 2137 3790 2193 Gnosticorum

2138 2238 2315 2292 quam
2350 2223 2423 2277 ad
2459 2223 3002 2278 Valentinianorum
3035 2225 3297 2296 regulam
3323 2227 3676 2296 pertinebat.
3697 2229 3790 2281 Ti-

2141 2310 2295 2365 tulus
2322 2314 2389 2365 32
2412 2313 2620 2382 capitis
2642 2312 2743 2366 lib.
2772 2330 2784 2365 ι
2811 2312 2904 2366 hic
2943 2319 3068 2366 est:
3105 2336 3132 2362 «
3165 2315 3303 2378 Quae
3336 2315 3456 2370 sint
3477 2317 3793 2371 Gnostico-

2136 2417 2268 2454 rum
2283 2407 2585 2472 genera,et
2604 2418 2732 2472 qua:
2751 2402 3079 2456 secundum
3100 2420 3200 2458 eos
3220 2406 3560 2472 sententiae;
3586 2429 3609 2452 ι)
3628 2412 3792 2461 certe

2136 2490 2207 2544 de
2241 2490 2602 2546 Simonianis
2653 2491 2732 2545 ibi
2788 2508 2959 2564 agere
2992 2492 3281 2548 Irenaeum
3315 2495 3461 2549 satis
3492 2513 3562 2551 ex
3591 2499 3793 2567 priore

2135 2581 2326 2651 capite
2358 2586 2538 2651 patet.
2591 2603 2618 2630 ‹‹
2654 2581 2769 2636 Alii
2811 2587 3032 2646 autem,
3065 2583 3278 2654 inquit,
3313 2602 3516 2641 rursus
3548 2594 3795 2658 porten-

2133 2675 2262 2725 tosa
2293 2670 2656 2740 loquuntur:
2687 2688 2820 2725 esse
2868 2671 3164 2742 quoddam
3198 2674 3456 2743 primum
3490 2674 3694 2731 lumen
3728 2678 3793 2732 in

2131 2759 2345 2814 virtute
2373 2759 2537 2831 Bythi
2557 2759 2883 2823 beatum,et
2900 2761 3351 2832 incorruptibile
3369 2769 3427 2817 et
3445 2763 3796 2822 intermina-

2132 2854 2278 2903 tum.
2313 2868 2336 2896 ι
2378 2849 2491 2903 Hos
2521 2854 2720 2903 autem
2762 2849 3135 2904 Simonianos
3166 2851 3472 2907 Valentino
3505 2855 3797 2910 vetustio-

2130 2955 2226 2994 res
2251 2938 2431 2992 fuisse
2464 2939 2606 2993 satis
2637 2937 2901 2992 indicant
2958 2939 3135 2994 verba
3189 2941 3399 3012 capitis
3442 2945 3747 3013 sequentis
3781 2962 3793 2999 :

2131 3048 2158 3076 ‹‹
2192 3031 2238 3080 Α
2271 3027 2484 3082 talibus
2518 3026 2892 3090 matribus,et
2917 3029 3188 3099 patribus
3220 3035 3277 3083 et
3299 3031 3530 3101 proavis
3563 3048 3665 3086 eos
3687 3035 3796 3103 qui

2136 3131 2170 3169 a
2195 3116 2500 3170 Valentino
2550 3120 2708 3183 sunt,
2765 3117 2918 3171 sicut
2948 3117 3089 3188 ipsas
3124 3120 3439 3174 sentnntiae
3487 3126 3545 3174 et
3575 3121 3796 3193 regulas

2136 3206 2458 3260 ostendunt
2489 3221 2609 3273 eos,
2644 3221 2887 3260 necesse
2945 3207 3058 3261 fuit
3112 3208 3425 3264 manifeste
3456 3227 3724 3282 arguere.
3764 3235 3793 3261 n

2135 3295 2252 3348 Hoc
2282 3299 2479 3349 autem
2511 3299 2570 3348 et
2597 3294 2712 3348 alio
2756 3295 2960 3349 lrenzei
3022 3295 3150 3350 loco
3209 3297 3310 3351 lib.
3345 3301 3385 3365 i,
3429 3315 3478 3352 c.
3514 3302 3600 3364 l9,
3631 3299 3796 3356 clare

2133 3383 2584 3454 comprobatur:
2612 3406 2638 3433 ‹‹
2665 3385 2807 3438 Cum
2835 3385 2909 3439 sit
2929 3385 3107 3455 igitur
3129 3385 3410 3442 adversus
3435 3405 3646 3443 omnes
3667 3389 3794 3444 ha)-

2131 3490 2295 3529 reses
2317 3473 2571 3528 detectio
2612 3478 2788 3544 atque
2815 3475 3148 3530 conviction
3174 3477 3335 3532 varia
3354 3483 3414 3531 et
3434 3478 3792 3545 multifaria,

2133 3566 2191 3616 et
2220 3561 2390 3616 nobis
2412 3562 2780 3633 propositum
2809 3566 2916 3628 est,
2943 3564 3222 3618 omnibus
3249 3565 3321 3619 iis
3345 3567 3674 3621 secundum
3703 3568 3789 3638 ip-

2131 3668 2332 3705 sorum
2360 3652 2762 3706 characterem
2795 3652 3223 3722 contradicere,
3257 3656 3662 3711 necessarium
3693 3674 3790 3712 ar-

2131 3741 2329 3795 bitrati
2348 3757 2552 3796 sumus
2567 3741 2729 3813 prius
2744 3742 2963 3797 referre
2978 3742 3204 3798 fontem
3223 3752 3278 3799 et
3291 3746 3553 3801 radicem
3577 3764 3791 3815 eorum,

2129 3836 2194 3884 ut
2217 3830 2713 3885 sublimissimum
2739 3847 2946 3885 eorum
2966 3832 3217 3902 Bythum
3241 3850 3606 3905 cognoscens
3623 3836 3795 3891 intel-

2127 3918 2275 3990 ligas
2289 3919 2561 3974 arborem
2576 3918 2647 3973 de
2666 3936 2781 3990 qua
2795 3919 3170 3975 defluxerunt
3187 3922 3334 3978 tales
3355 3923 3639 3979 fructus.»
3656 3927 3792 3980 Fuit

2127 4009 2305 4080 igitur
2327 4009 2388 4062 in
2414 4010 2573 4063 fonte
2595 4013 2654 4063 et
2681 4009 2879 4063 radice
2906 4009 3188 4065 doctrinas
3211 4013 3502 4068 Gnosticaa
3536 4015 3782 4085 Bythus.

2128 4099 2259 4153 Fuit
2289 4103 2486 4154 autem
2519 4098 2647 4169 Sige
2680 4104 2783 4153 aut
2813 4100 2995 4169 Bytho
3021 4117 3234 4167 coaava,
3261 4109 3364 4157 aut
3392 4103 3640 4159 fortasse
3674 4122 3784 4159 no-

2124 4202 2248 4241 men
2264 4187 2392 4258 ejus
2405 4187 2505 4241 illo
2521 4187 2685 4258 Bythi
2700 4188 3143 4261 antiquius;ipsi
3161 4196 3321 4246 certe
3337 4192 3561 4247 Simoni
3575 4193 3787 4249 aderat

2126 4279 2504 4346 Ennma,quaa
2527 4282 2584 4330 et
2599 4277 3070 4348 Sige,etquidem
3091 4278 3162 4334 ab
3181 4280 3352 4336 initio
3378 4281 3506 4353 Sige
3525 4283 3788 4354 appella-

2124 4365 2859 4430 ta,utostenditEusebius
2878 4368 2953 4422 De
2984 4367 3111 4422 θοοὶ.
3148 4369 3492 4438 theologiaJ.
3532 4388 3590 4436 ιι,
3625 4387 3673 4425 c.
3709 4374 3741 4425 9
3772 4389 3785 4426 :

2124 4457 2254 4509 Κατ’
2283 4453 2440 4508 αὐτὸν
2475 4451 2682 4507 ἐκεῖνον
2724 4453 2816 4507 τὸν
2847 4459 2954 4508 τῶν
3017 4454 3183 4519 ἀθέων
3223 4459 3554 4530 αἱρεσιωτῶν
3590 4459 3780 4536 ἀρχη-

369 4542 694 4597 characteri
725 4543 1020 4613 peculiare
1052 4541 1278 4596 fuisset.
1316 4540 1492 4594 Miror
1534 4539 1808 4609 equidem
1840 4539 2018 4594 talem

2233 4587 2246 4609 ,
2271 4543 2330 4605 ὃς
2354 4543 2419 4598 τὰ
2448 4543 2574 4606 ἄθεα
2597 4539 2942 4617 δογματίζων
2977 4545 3296 4621 ἀπεφαίνετο
3320 4545 3622 4621 λέγων,⁷Ην
3649 4548 3783 4610 Θεὸς

365 4631 822 4701 virum.qualem
846 4631 1027 4686 fuisse
1051 4628 1418 4684 Blondellum
1438 4627 1662 4692 volunt,
1699 4633 1816 4682 tam
1849 4645 2017 4682 secu-

367 4738 430 4776 re
463 4727 703 4791 tamque
754 4722 963 4792 supine
1013 4720 1294 4774 adversus
1346 4717 1787 4773 Armachanum
1817 4716 2016 4788 dispu-

363 4815 539 4865 tasse.
571 4811 793 4864 Asserit
836 4811 1094 4864 Irenaaus
1138 4807 1516 4861 Valentinum
1557 4806 1832 4876 antiquas
1865 4808 2012 4862 Gno-

365 4900 650 4954 sticorum
681 4899 980 4953 doctrinas
1020 4898 1082 4951 in
1114 4913 1287 4950 suum
1320 4897 1720 4950 characterem
1756 4901 2014 4952 transtu-

363 4989 534 5056 lisse;
554 5006 674 5044 non
696 4994 892 5044 autem
909 5004 1039 5042 eam
1063 4986 1383 5049 solam,sed
1404 4992 1462 5039 et
1481 4984 1740 5055 reliquas
1762 4986 2016 5041 breviter

361 5079 675 5150 percurrit,
718 5083 1020 5146 totamque
1060 5076 1350 5130 Valentini
1384 5075 1812 5147 mataaologiam
1847 5093 2009 5131 sum-

361 5167 568 5223 matim
599 5166 964 5239 perstringit.
999 5165 1056 5220 Si
1091 5164 1266 5235 igitur
1303 5182 1371 5219 eo
1404 5164 1516 5220 loci
1548 5166 1807 5220 Irenaeus
1839 5172 2013 5230 negat

357 5262 588 5312 veteres
603 5257 907 5311 Gnosticos
921 5254 1173 5325 primam
1189 5254 1691 5309 combinationem
1707 5253 2008 5310 induxisse

360 5345 520 5400 idem
548 5346 770 5416 pariter
790 5344 861 5399 de
884 5342 1160 5397 omnibus
1182 5343 1498 5398 dicendum
1523 5345 1652 5398 erit.
1679 5347 1751 5397 At
1773 5344 1820 5397 si
1849 5344 2012 5401 nulla

362 5451 433 5488 ex
455 5434 574 5488 illis
595 5431 1133 5488 combinationibus
1155 5448 1190 5486 a
1209 5433 1503 5488 veteribus
1525 5436 1767 5502 accepta
1794 5432 1892 5498 sit,
1907 5433 2009 5487 ubi

362 5527 538 5577 erunt
555 5521 669 5575 illa;
692 5523 954 5591 antiqum
970 5520 1428 5591 doctrinamquas
1446 5521 1507 5575 in
1527 5537 1698 5575 suum
1717 5521 2010 5576 characte-

358 5627 485 5668 rem
516 5610 894 5667 transtulisse
950 5610 1330 5668 Valentinum
1348 5611 1542 5666 Itradit
1569 5613 1830 5666 [renisus
1850 5612 1878 5666 τί
1904 5613 2004 5668 ubi

2124 4631 2213 4686 καὶ
2241 4635 2399 4706 Σιγή.
2424 4656 2452 4684 ‹‹
2475 4634 2810 4690 Secundum
2836 4635 3004 4689 illum
3025 4636 3342 4706 impiorum
3360 4639 3782 4694 hazreticorum

2123 4724 2474 4794 principem,
2509 4724 2608 4794 qui
2635 4723 2817 4794 impia
2841 4725 3241 4797 dogmatizans
3267 4729 3674 4798 pronuntiavit
3697 4729 3784 4783 di-

2125 4829 2301 4868 cens:
2336 4814 2472 4868 Erat
2502 4813 2655 4866 Deus
2679 4818 2737 4866 et
2759 4814 2912 4884 Sige.
2937 4838 2956 4865 ι
2988 4816 3056 4868 Et
3077 4814 3149 4870 de
3180 4816 3373 4885 prima
3403 4818 3635 4888 syzygia
3665 4819 3784 4889 By-

2125 4903 2208 4956 thi
2241 4907 2301 4956 et
2331 4902 2509 4973 Siges,
2550 4907 2830 4972 tanquam
2871 4905 2942 4958 ab
2990 4905 3267 4959 omnibus
3297 4905 3592 4961 veteribus
3625 4908 3783 4961 Gno-

2124 4991 2308 5058 sticis,
2343 5007 2463 5046 non
2510 4990 2936 5046 Valentinianis
2999 4998 3254 5060 tantum,
3287 4994 3485 5066 agnita
3514 4994 3784 5065 loquitur

2125 5082 2382 5134 lrenasus
2413 5079 2514 5133 lib.
2551 5097 2586 5148 ι,
2619 5097 2745 5151 cap.
2869 5083 3013 5136 Nam
3045 5099 3178 5137 cum
3211 5100 3422 5139 novam
3454 5085 3780 5155 quamdam

2121 5169 2493 5237 archegonon
2540 5169 2981 5224 octonationem
3030 5171 3100 5224 ab
3151 5172 3444 5241 aliquibus
3479 5173 3778 5229 Valentini

2119 5255 2424 5328 discipulis
2456 5257 2842 5327 excogitatam
2885 5264 3166 5326 notasset,
3203 5283 3230 5310 «
3277 5261 3383 5316 has
3421 5261 3648 5331 volunt,
3683 5263 3780 5317 in-

2119 5347 2264 5417 quit.
2299 5347 2541 5400 virtutes
2586 5346 2767 5401 fuisse
2826 5353 2964 5402 ante
3030 5350 3280 5419 Bythum
3312 5356 3370 5405 et
3400 5351 3594 5419 Sigen,
3628 5374 3657 5401 »
3687 5350 3779 5405 ἳνα

2113 5433 2340 5489 τελείων
2401 5433 2734 5505 τεΛειότεροι
2794 5440 3030 5510 φανῶσιν
3092 5433 3262 5506 ὄντες,
3319 5438 3410 5492 καὶ
3459 5445 3781 5514 γνωστικῐῦν

2117 5523 2578 5596 γνωστικώτεροι,
2635 5530 2805 5579 vetus
2865 5525 3159 5599 interpres
3191 5546 3296 5600 pro
3328 5546 3434 5584 sua
3465 5531 3528 5585 in
3561 5531 3781 5586 Graecis

2114 5613 2439 5685 imperitia,
2459 5635 2488 5662 α
2515 5617 2581 5670 ut
2601 5613 3001 5684 perfectorum
3024 5618 3408 5689 perfectiores
3427 5629 3779 5694 appareant,
