3974 6296
163 325 279 386 325

885 330 944 391 J.
987 329 1415 393 PEARSONII
1461 331 1836 393 VlNDlCI/E
1880 329 2370 390 lGNATIANAﬂ.
2415 364 2492 375 -—
2536 331 2736 391 PARS
2779 333 2861 392 II.

3455 330 3571 392 326

166 466 226 515 et
259 460 674 516 Gnosticorum
731 464 920 535 magis
953 465 1210 520 Gnostici
1269 465 1398 522 viri.
1433 487 1462 515 ››
1504 467 1573 519 Et
1619 464 1818 519 statim
1850 468 1895 529 A
1932 462 2054 518 dito
2074 463 2379 519 continere
2398 480 2504 535 per
2536 464 2860 520 silentium.
2881 486 2910 515 »
2933 466 3100 520 Certe
3135 465 3281 520 illud
3313 483 3470 537 «per
3494 467 3571 520 si-

163 551 459 606 exclan’lal'.
483 569 496 605 :
530 551 598 604 Ὦ
629 549 939 626 ληρολόγοι
969 554 1246 630 σοφισταί,
1264 555 1375 619 vel,
1398 560 1465 610 ut
1491 554 1550 609 in
1593 552 1815 609 Latinis

163 639 420 711 legimus
455 657 468 694 :
514 664 540 690 ‹‹
577 643 621 696 Ο
653 658 935 712 pepones,
968 644 1248 714 sophistae
1292 643 1726 716 vituperabiles,
1761 649 1820 696 et

163 746 283 784 non
315 730 444 783 viri.
482 751 510 778 υ
533 731 868 801 Respondet
899 731 974 786 ad
1004 733 1162 786 hunc
1180 732 1377 787 locum
1409 733 1480 788 ab
1503 733 1819 786 Hammon-

167 819 244 872 do
281 818 426 872 olim
487 818 811 874 adductum
868 820 1137 882 Dallaeus,
1173 827 1230 875 et
1260 821 1567 876 Gnosticos
1599 821 1693 874 hic
1727 836 1820 875 re-

171 908 414 979 stringit
441 908 518 962 ad
544 932 562 955 α
595 908 970 964 Valentinum
990 914 1047 963 et
1076 909 1299 966 similes
1328 909 1612 965 Axionioo
1645 910 1820 965 disci-

167 998 364 1068 pulos,
400 998 448 1050 si
483 997 716 1061 regulas
749 998 1010 1070 magistri
1042 1000 1302 1072 integras
1333 999 1510 1056 nullis
1541 999 1823 1054 anctariis

175 1087 572 1158 interpolatas
604 1087 1055 1142 custodiebant:
1093 1111 1120 1138 »
1171 1105 1353 1160 quare
1385 1094 1582 1144 autcm
1613 1089 1687 1144 ad
1715 1088 1822 1142 hos

178 1176 523 1246 restringat,
558 1177 851 1231 rationem
876 1177 1106 1232 nullam
1133 1179 1325 1232 affert.

244 1285 458 1338 Fateor
490 1283 764 1354 equidem
797 1284 1171 1341 Valentinum
1203 1291 1263 1340 et
1291 1286 1517 1341 similes
1550 1285 1824 1340 Axionico

187 1373 516 1444 discipulos
547 1373 774 1444 seipsos
804 1374 1137 1446 appellasse
1168 1377 1480 1443 Gnoticos;
1511 1375 1613 1430 sed
1644 1389 1824 1444 quare

174 1463 233 1517 hi
271 1463 383 1516 soli
418 1463 531 1516 hoc
565 1462 695 1518 loco
728 1463 834 1518 sub
868 1464 1108 1520 nomine
1139 1465 1400 1536 generali
1431 1465 1830 1536 perfectorum

178 1557 234 1605 et
267 1551 688 1606 Gnosticorum
719 1551 966 1624 intelligi
1000 1552 1383 1616 debeant,aut
1412 1553 1706 1624 quomodo
1738 1568 1827 1607 re-

177 1647 269 1695 cte
305 1641 564 1711 possint,
592 1657 711 1696 non
743 1641 927 1696 video.
959 1642 1304 1698 Valentinus
1335 1643 1547 1698 unicus
1606 1643 1735 1708 fuit,
1771 1646 1829 1696 et

171 1729 527 1802 hujusmodi
560 1729 831 1802 discipuli
864 1731 964 1801 qui
988 1748 1121 1787 eum
1145 1749 1252 1803 per
1272 1733 1473 1788 omnia
1503 1748 1827 1802 sequeren-

1926 551 2176 607 lentium
2206 581 2224 604 ›.
2255 554 2559 608 transtulit
2582 554 2773 608 ﬁdeiis
2796 553 2899 608 sed
2918 555 3229 626 imperitus
3253 556 3568 626 interpres,

1927 658 1992 698 ac
2018 642 2065 696 si
2095 643 2380 713 scriptum
2411 643 2620 698 fuisset
2645 644 2840 698 Grmce
2873 639 2960 696 διὰ
2997 650 3328 716 Σιγῆς,οιιῐη
3359 646 3569 701 verisi-

1929 732 2251 787 millimum
2285 733 2662 804 sitscrtptum
2694 733 2874 788 fuisse
2889 733 2960 788 ab
2994 734 3218 788 lrenmo
3240 728 3328 786 διὰ
3359 735 3454 800 τὴν
3481 739 3570 787 Σι-

1930 822 2057 897 γήν,
2087 821 2145 875 id
2177 828 2264 876 est
2289 829 2520 893 propter
2539 823 2710 893 Sigen
2735 839 2748 888 ;
2773 829 2836 878 ut
2864 823 3129 894 loquitur
3148 824 3566 890 Tertullianus;

1932 933 1960 962 ‹‹
1991 912 2101 967 Sed
2134 913 2469 968 intercessit
2498 919 2687 969 mater
2733 915 2882 985 Sige,
2916 914 3017 969 illa
3063 913 3309 980 scilicet,
3345 932 3475 985 quae
3507 919 3567 970 et

1931 1000 2077 1072 ipsis
2109 1003 2404 1058 haereticis
2437 1004 2558 1058 suis
2589 1008 2781 1058 tacere
2812 1004 3160 1074 prmscribit.
3199 1025 3226 1052 ››

2005 1101 2563 1157 Luculentissimum
2588 1103 2841 1174 denique
2874 1103 3278 1159 testimonium
3308 1109 3396 1159 est
3419 1105 3576 1174 quod

1931 1191 2102 1246 nobis
2132 1193 2354 1264 prmbet
2385 1194 2694 1264 Gregorius
2726 1193 3119 1248 Nazianzenus
3155 1195 3422 1249 oratione
3455 1195 3522 1247 23
3554 1211 3567 1248 :

1934 1277 2125 1333 Ἠνὶκα
2166 1278 2408 1350 Σίμωνες
2442 1279 2538 1352 μὲν
2594 1279 2683 1334 καὶ
2733 1279 3062 1351 Μαρκίωνες,
3114 1278 3462 1335 Οὐαλεντῖνοί
3515 1283 3574 1336 τέ

1934 1388 2071 1429 τινες
2109 1369 2200 1422 καὶ
2235 1366 2545 1423 Βασιλεῖδαι
2575 1369 2666 1423 καὶ
2721 1367 3015 1443 Κὲρδωνες,
3073 1370 3328 1442 Κήρινθοί
3375 1391 3434 1425 τε
3487 1375 3577 1426 καὶ

1937 1458 2340 1531 Καρποκρᾶτεις
2392 1458 2481 1512 καὶ
2529 1462 2673 1513 πᾶσα
2704 1460 2737 1525 ἡ
2772 1459 2892 1532 περῖ
2955 1458 3188 1519 ἐκείνους
3237 1458 3472 1537 φλυαρία
3520 1481 3578 1514 τε

1935 1545 2029 1600 καὶ
2058 1545 2304 1619 τερατεία
2332 1546 2417 1600 ἐπὶ
2447 1545 2700 1601 πλεῖστον
2732 1547 2824 1601 τὸν
2855 1552 2962 1601 τῶν
3019 1546 3162 1602 ὅλων
3211 1548 3337 1602 Θεὸν
3384 1550 3576 1620 τεμόν-

1935 1655 2043 1703 τες,
2075 1635 2161 1688 καὶ
2199 1635 2328 1705 ὑπὲρ
2359 1639 2454 1690 τοῦ
2489 1637 2716 1711 Ἀγαθοῦ
2744 1639 2823 1706 τῷ
2851 1633 3174 1710 δημιουργῷ
3221 1635 3579 1708 πολὲμήσαν-

1937 1745 2022 1786 τες
2056 1719 2241 1780 ἔπειτα
2272 1724 2644 1795 κατεπόθησαν
2677 1729 2755 1796 τῷ
2794 1725 2995 1779 ἑαυτῶν
3027 1727 3184 1796 Βυθῷ
3213 1725 3302 1779 καί
3332 1731 3400 1800 τῇ
3435 1731 3578 1802 Σιγῇ

173 1826 291 1886 tur,
325 1836 439 1874 nec
477 1819 700 1889 aliquid
723 1820 1119 1892 inventisejus
1141 1821 1663 1890 adderent,lrenasi
1687 1826 1828 1876 aeta-

1951 1811 2320 1888 παραδοθέντες
2341 1812 2524 1888 ὥσπερ
2553 1814 2620 1882 ἦν
2646 1814 2810 1884 ἄξιον.
2838 1839 2862 1864 ‹‹
2891 1818 3034 1870 Cum
3058 1816 3328 1871 Simones
3351 1822 3408 1872 et
3433 1821 3576 1872 Mar-

175 1915 255 1974 te,
280 1907 611 1963 admodum
640 1909 812 1980 pauci
835 1909 1073 1966 fuerunt
1102 1928 1114 1964 :
1147 1912 1492 1966 Tertulliani
1527 1917 1685 1966 certe
1709 1927 1828 1965 aevo

179 1998 342 2054 solus
365 1997 537 2052 exiis
560 1998 879 2054 Axionicus
907 2001 1404 2066 remansit.Quam
1427 2001 1635 2073 ignava
1655 2001 1834 2072 igitur

182 2093 340 2143 esset
379 2086 508 2142 haec
541 2087 938 2158 exprobratio,
969 2089 1127 2160 quod
1158 2091 1364 2161 paucis
1395 2090 1749 2161 quibusdam
1777 2091 1836 2144 et

182 2176 648 2249 particularibus
680 2177 974 2233 Gnosticis
1005 2178 1187 2233 videri
1219 2179 1435 2234 vellent
1450 2180 1833 2250 perfectiores

178 2273 235 2323 et
265 2266 460 2338 magis
492 2266 755 2322 Gnostici
785 2265 796 2320 l
827 2268 1166 2323 Praesertim
1197 2284 1332 2322 cum
1362 2268 1618 2340 objectio
1641 2269 1700 2324 in
1731 2270 1831 2324 Se-

176 2354 602 2417 cundianos,et
625 2357 667 2408 P
685 2355 1113 2424 tolemaicos,et
1141 2357 1457 2411 Marcosios
1488 2373 1554 2412 ac
1576 2357 1834 2428 reliquos

178 2460 414 2512 omnes,
449 2449 746 2514 quotquot
778 2443 1000 2516 aliquid
1036 2445 1330 2500 Valentini
1358 2445 1643 2501 doctrinas
1677 2445 1838 2500 addi-

181 2533 345 2602 dere,
381 2533 743 2604 quadraret;
778 2532 863 2587 illi
891 2534 1050 2588 enim
1083 2551 1288 2589 omnes
1332 2535 1612 2608 magistro
1644 2551 1748 2590 suo
1782 2541 1841 2589 et

185 2621 414 2677 talibus
447 2620 734 2690 discipuls
765 2622 1154 2693 sapientiores
1186 2628 1244 2677 et
1291 2620 1721 2695 γνωστικώτεροι
1751 2623 1838 2676 vi—

182 2710 314 2766 deri
355 2710 894 2775 voluerunt.Quare
927 2711 1106 2783 igitur
1132 2713 1393 2766 Irenaeus
1412 2712 1506 2766 his
1537 2711 1638 2782 qui
1657 2711 1837 2767 aliam

185 2800 637 2856 octonationem
672 2800 1098 2872 excogitarunt,
1125 2799 1269 2855 illud
1303 2800 1837 2872 exprobrat?Quare

177 2891 388 2946 statim
423 2890 486 2944 in
515 2889 1006 2945 exclamationem
1037 2889 1200 2944 illam
1234 2889 1509 2960 erumpit,
1543 2889 1591 2943 si
1635 2888 1838 2960 paucis

179 2987 426 3038 tantum
449 2980 806 3051 quibusdam
827 2980 1219 3052 sapientiores
1234 2997 1294 3035 se
1312 2979 1837 3035 venditarent‘ﬂmo

177 3090 318 3129 vero
344 3074 478 3126 haec
509 3073 876 3142 archegonos
907 3071 1204 3126 octonatio
1252 3087 1372 3125 non
1408 3076 1636 3125 tantum
1668 3086 1701 3124 a
1738 3071 1838 3124 Va-

177 3162 416 3218 lentino
450 3166 509 3215 et
556 3160 842 3216 Axionico
891 3159 1188 3215 similibus
1226 3159 1554 3230 discipulis,
1588 3158 1691 3213 sed
1724 3163 1783 3213 et
1807 3175 1841 3213 a

175 3250 730 3307 combinationibus
752 3249 1140 3320 reliquorum,
1163 3249 1265 3320 qui
1297 3265 1366 3303 ex
1398 3247 1611 3303 Schola
1631 3248 1838 3302 Valen-

184 3342 296 3396 tini
333 3339 702 3412 prodeuntes
731 3339 802 3394 ab
833 3355 900 3394 eo
931 3339 994 3393 in
1043 3339 1248 3394 multis
1291 3343 1683 3403 recesserunt,
1722 3343 1779 3391 et
1811 3353 1846 3391 a

182 3428 484 3486 doctrinis
502 3428 771 3482 omnium
785 3427 1172 3483 vetustiorum
1197 3425 1606 3480 Gnosticorum
1631 3425 1845 3478 discre-

180 3519 389 3591 pabat,
415 3524 478 3573 et
508 3534 577 3572 eo
609 3533 825 3589 genere
857 3516 1113 3571 ﬁctionis
1151 3516 1458 3570 universas
1479 3514 1648 3585 longe
1670 3528 1848 3583 supe-

187 3609 386 3664 rabat.
431 3606 758 3662 Voluerunt
787 3605 966 3678 igitur
995 3605 1080 3660 illi
1113 3605 1215 3676 qui
1262 3605 1386 3658 haec
1419 3603 1843 3673 excogitaruut,

189 3701 482 3757 omnibus
512 3700 756 3754 omnino
779 3705 916 3755 ante
938 3715 999 3754 se
1022 3698 1314 3753 Gnosticis
1344 3696 1735 3768 sapientiores
1763 3696 1846 3748 vi-

191 3791 322 3846 deri
350 3807 364 3844 :
399 3790 583 3860 idque
613 3805 746 3844 cum
777 3788 1182 3860 indignatione
1206 3785 1460 3857 quadam
1484 3791 1541 3838 et
1570 3784 1846 3839 irrisione

199 3879 544 3951 exprimere
577 3877 757 3932 voluit
786 3879 1061 3932 Irenaaus.
1099 3877 1163 3930 ln
1195 3875 1461 3931 eamdem
1485 3874 1843 3928 sententiam

189 3969 565 4039 interpretor
597 3983 726 4037 quae
780 3965 1144 4037 Epiphanius
1175 3962 1248 4018 de
1289 3963 1610 4018 Ptolemzeo
1642 3961 1844 4028 tradit,

185 4059 291 4130 qui
322 4063 429 4125 τῆς
468 4055 565 4127 μὲν
599 4055 778 4109 αὐτῶν
819 4052 1176 4124 καλουμένων
1209 4055 1549 4119 Γνωστικῶν,
1599 4051 1688 4105 καὶ
1733 4054 1841 4105 τῶν

177 4148 299 4202 κατ’
341 4141 708 4203 Οὐαλεντῖνον
769 4143 1031 4218 ὑπάρχων
1081 4143 1356 4216 αἱρέσεως,
1387 4160 1520 4198 cum
1583 4147 1640 4196 et
1689 4143 1842 4195 Gno~

185 4239 486 4293 sticorum
517 4241 576 4289 et
608 4235 1160 4290 Valentinianorum
1183 4233 1437 4288 hmresin
1456 4231 1850 4303 amplectere-

181 4332 303 4394 tur,
335 4324 502 4397 ’ἕτερα
551 4322 696 4397 παρὰ
725 4321 852 4383 τοὺς
886 4319 1050 4375 αὐτοῦ
1100 4317 1466 4380 διδασκάλους
1521 4320 1850 4392 ὑποτιθέμε-

180 4435 303 4483 νος,
338 4413 464 4469 alia
493 4419 797 4485 praeterea
827 4429 958 4484 quas
990 4428 1024 4467 a
1054 4409 1500 4483 magistris,sive
1533 4411 1844 4480 Gnosticis,

184 4507 309 4560 sive
345 4501 800 4570 Valentinianis,
834 4506 1142 4573 acceperat
1172 4500 1421 4572 ﬁngens,
1454 4495 1550 4552 δύο
1582 4496 1846 4574 συζύγους

1871 3204 1920 3270 C

1941 1905 2162 1972 ciones,
2181 1911 2236 1959 et
2264 1905 2557 1960 Valentini
2590 1909 2647 1958 et
2673 1903 2941 1958 Basiliden
2973 1910 3031 1958 et
3052 1905 3580 1972 Cerdones,Cerin—

1942 1995 2027 2049 thi
2059 1995 2235 2049 etiam
2256 2001 2312 2049 et
2343 1995 2809 2064 Carpocrates,et
2839 2010 3046 2048 omnes
3078 2011 3283 2048 eorum
3318 2011 3486 2067 nugas
3521 2002 3577 2051 et

1941 2085 2672 2156 prmstigiae,posteaquam
2705 2099 2902 2138 rerum
2935 2083 3202 2137 omnium
3236 2085 3420 2138 Deum
3446 2102 3578 2155 per-

1943 2175 2222 2229 diuturno
2255 2180 2518 2244 tempore
2552 2173 2901 2241 secuissent,
2925 2172 3269 2243 bellumque
3301 2190 3406 2244 pro
3426 2175 3584 2230 Bono

1942 2265 2220 2319 adversus
2251 2265 2588 2317 Creatorem
2619 2262 2941 2335 gessissent
2969 2269 3219 2325 suomet,
3240 2268 3306 2317 ut
3348 2281 3583 2335 aequum

1945 2360 2088 2424 erat,
2122 2353 2418 2408 Profundo
2477 2353 2769 2424 absorpta
2800 2370 2867 2407 ac
2915 2353 3161 2408 Silentio
3194 2354 3422 2410 traditae
3452 2356 3584 2410 fue-

1942 2449 2100 2499 runt.
2136 2466 2164 2493 »
2190 2443 2274 2498 Ad
2306 2459 2482 2513 quem
2513 2443 2709 2497 locum
2743 2442 2899 2498 Elias
2930 2443 3227 2498 Cretensis
3260 2446 3383 2501 hac
3402 2447 3586 2501 adno-

1944 2538 2029 2588 tat
2053 2550 2066 2588 :
2092 2554 2120 2582 «
2145 2535 2224 2587 Ac
2247 2531 2826 2602 Simonianiquidem
2855 2533 3223 2587 octonarium
3246 2552 3587 2604 numerum,

1945 2623 2018 2678 ob
2044 2625 2255 2677 onnes
2286 2639 2386 2676 eos
2418 2639 2565 2692 quos
2595 2621 3115 2686 colebant,honore
3146 2623 3588 2693 prosequeban-

1947 2718 2062 2768 tur.
2093 2712 2473 2784 Nugabantur
2505 2711 2664 2765 enim
2697 2711 2948 2782 Bythum
2984 2728 3117 2766 cum
3148 2728 3254 2766 sua
3286 2712 3418 2783 Sige
3441 2728 3584 2766 con-

1945 2818 2216 2876 gressum
2248 2803 2498 2855 Mentem
2532 2805 2589 2854 et
2625 2800 2941 2854 Veritatem
2975 2801 3272 2872 genuisse,
3306 2807 3417 2854 etc.
3454 2822 3482 2849 »
3513 2803 3582 2855 Et

1947 2893 2178 2947 Nicetas
2206 2890 2278 2945 ad
2302 2891 2703 2944 orationem“
2732 2905 2744 2942 :
2769 2911 2796 2938 ‹‹
2827 2889 3153 2943 Simoniani
3177 2889 3416 2960 quidem
3437 2895 3591 2944 octo-

1948 2980 2204 3043 narium,
2237 2984 2479 3050 propter
2500 2983 2630 3032 octo
2662 2977 2794 3032 illos
2825 2978 3083 3049 magistri
3117 2978 3207 3032 sui
3238 2978 3589 3040 Eones,ho-

1948 3068 2651 3124 norihabebant.Etenim
2678 3083 2748 3121 ex
2762 3067 2929 3138 Bythi
2956 3084 3092 3123 cum
3118 3067 3247 3134 Sige
3271 3083 3590 3139 congressu

1955 3161 2204 3213 Mentem
2225 3174 2290 3212 ac
2316 3156 2631 3211 Veritatem
2656 3161 2992 3227 procreatas
3011 3172 3137 3211 esse
3160 3155 3458 3210 fabulatus
3482 3161 3592 3223 est,

1957 3255 2134 3320 atque
2168 3249 2247 3302 ita
2277 3247 2500 3318 primos
2524 3251 2820 3318 parentes,
2854 3251 2919 3300 ut
2941 3246 3066 3317 jam
3099 3245 3320 3299 dictum
3353 3251 3461 3312 est,
3494 3247 3597 3318 By-

1956 3340 2121 3394 thum
2156 3343 2210 3392 et
2245 3338 2416 3408 Sigen
2450 3335 2759 3390 conﬁnxit.
2796 3356 2822 3383 »
2853 3335 3100 3406 Bythum
3139 3335 3317 3406 igitur
3337 3340 3396 3389 et
3426 3335 3598 3407 Sigen

1956 3429 2112 3484 inter
2141 3431 2351 3482 onnes
2365 3444 2503 3482 suos
2516 3426 2796 3481 habuisse
2819 3425 3194 3480 veteresillos
3227 3430 3362 3480 ante
3388 3426 3601 3481 Valen-

1955 3521 2147 3574 tinum
2203 3518 2528 3583 Gnosticos,
2564 3517 2763 3572 dixere
2815 3516 3278 3587 quamplurimi;
3326 3534 3447 3571 non
3496 3518 3595 3572 ha-

1955 3608 2175 3675 buisse,
2210 3612 2344 3663 ante
2391 3606 2786 3671 Blondellum,
2848 3606 3079 3676 opinor,
3111 3622 3286 3660 nemo
3328 3605 3494 3660 dixit.
3528 3607 3598 3661 Et

1958 3699 2197 3770 quidem
2249 3714 2368 3752 non
2419 3703 2650 3752 tantum
2680 3697 2902 3768 primas
2955 3697 3216 3767 syzygias
3247 3713 3279 3750 a
3308 3697 3592 3752 vetustio-

1955 3789 2119 3843 ribus
2166 3787 2460 3841 haereticis
2509 3787 2807 3856 accepisse
2850 3785 3247 3851 Valentinum,
3289 3787 3387 3839 sed
3423 3792 3481 3840 et
3506 3803 3598 3841 ea-

1955 3895 2088 3933 rum
2122 3878 2300 3932 etiam
2355 3875 2600 3930 nomina
2629 3874 3006 3929 continuasse
3037 3874 3129 3927 vel
3184 3874 3334 3929 illud
3366 3876 3598 3942 suadet,

1955 3968 2113 4039 quod
2170 3981 2302 4021 cum
2364 3980 2541 4019 novas
2599 3963 2718 4017 illis
2752 3961 3228 4017 nomenclaturas
3272 3962 3599 4018 addidisset

1953 4059 2312 4131 Epiphanes,
2374 4057 2673 4111 Monoteta
2730 4059 2788 4108 et
2857 4053 3164 4119 Henoteta,
3219 4053 3466 4108 Monada
3540 4059 3598 4110 et

1955 4150 2100 4216 Hen,
2132 4147 2331 4202 statim
2392 4145 2684 4200 exclamet
2739 4144 3018 4213 Irenmus,
3053 4140 3160 4196 Ἰοὺ
3207 4139 3313 4211 iob,
3347 4145 3442 4217 φεῦ
3475 4145 3597 4218 φεῦ,

1954 4240 2246 4295 rationem
2279 4237 2555 4301 reddens,
2590 4258 2615 4285 «
2652 4235 2931 4306 quoniam
2964 4235 3087 4306 ipse
3126 4234 3370 4289 nomina
3404 4235 3602 4305 posuit

1955 4331 2260 4400 figmento,
2306 4343 2438 4397 qua)
2471 4342 2505 4381 a
2563 4325 2801 4380 nemine
2853 4324 3038 4380 altero
3069 4325 3261 4396 posita
3296 4328 3452 4378 sunt.
3482 4326 3602 4380 Hoc

1961 4419 2122 4473 enim
2153 4421 2317 4472 tanta
2349 4415 2741 4471 admiratione
2765 4414 3006 4486 dignum
3034 4430 3155 4469 non
3175 4413 3458 4470 fuissetsi
3494 4415 3602 4468 Va-

1962 4507 2222 4563 lentinus
2279 4505 2455 4576 paulo
2506 4509 2644 4559 ante
2698 4503 3062 4575 Epiphanem
3117 4502 3310 4558 eidem
3367 4502 3601 4557 Tetradi

182 4598 264 4664 τῷ
329 4595 452 4662 Θεῷ
482 4595 562 4661 τῷ
603 4592 730 4664 παρ’
787 4588 971 4650 αὐτοῖς
1025 4586 1184 4660 Βυθῷ
1233 4585 1562 4659 καλουμένῳ
1593 4587 1827 4658 ἑπενόησ

1963 4613 2113 4652 nova
2143 4611 2386 4667 prorsus
2429 4593 2676 4648 nomina
2727 4597 2785 4646 et
2813 4598 2949 4647 ante
2981 4591 3246 4648 inaudita
3289 4593 3609 4664 imposuis-

181 4681 275 4736 καὶ
310 4678 636 4754 ἐχαρίσατο,
671 4703 698 4730 ‹‹
734 4679 880 4736 duas
911 4679 1193 4752 conjuges
1221 4679 1360 4746 Deo,
1386 4693 1564 4748 quem
1587 4677 1692 4746 illi,
1723 4683 1850 4733 tum

182 4770 459 4828 Gnostici
494 4777 620 4825 tum
653 4768 1344 4839 Valentiniani,Bythum
1363 4766 1844 4833 vocabant,attri-

182 4861 436 4916 buebat.
473 4881 502 4906 ››
536 4859 656 4914 Hoc
688 4859 906 4930 quippe
939 4857 1224 4913 doctrinm
1253 4855 1661 4912 Gnosticorum
1695 4862 1848 4911 vete-

185 4967 328 5006 rum
352 4955 412 5003 et
443 4947 999 5003 Valentinianorum
1023 4945 1248 5016 adjecit
1277 4943 1659 5010 Ptolemazus;
1693 4945 1852 5016 quod

187 5056 332 5094 cum
365 5037 464 5092 isti
517 5053 699 5092 unam
732 5041 962 5091 tantum
995 5035 1309 5107 conjugem
1359 5033 1541 5104 Bytho
1574 5049 1702 5100 suo,
1734 5035 1849 5088 En-

188 5143 394 5184 nceam
457 5126 690 5182 scilicet
726 5131 829 5181 aut
870 5125 1065 5197 Sigen,
1097 5123 1492 5184 afﬁnxissent,
1522 5121 1623 5177 ille
1672 5124 1850 5178 etiam

189 5217 481 5273 Thelema
511 5233 618 5272 seu
662 5215 1039 5270 Voluntatem
1086 5213 1277 5268 eidem
1311 5212 1604 5267 connubio
1630 5215 1846 5282 junxit.

197 5307 406 5376 Neque
439 5321 576 5360 vero
637 5320 743 5376 ego
774 5303 980 5358 dubito
1011 5302 1156 5373 quin
1199 5299 1477 5355 Basilides
1540 5302 1852 5357 Gnosticus

191 5403 334 5461 ante
371 5393 756 5449 Valentinum
783 5393 845 5446 in
869 5392 1059 5463 prima
1081 5389 1655 5447 suacombinatione
1679 5391 1852 5463 Sigen

189 5483 503 5542 habuerit.
540 5488 597 5537 et
652 5481 904 5537 ’Evvomv
963 5496 1133 5535 suam
1191 5479 1356 5552 Σιγήν
1405 5481 1712 5534 vocaverit.
1749 5481 1852 5536 Ille

189 5574 350 5628 enim
379 5573 610 5639 docuit,
645 5576 795 5626 teste
825 5571 1051 5624 Irenaeo
1073 5568 1186 5635 lib,
1206 5586 1242 5638 ι,
1271 5586 1321 5623 c.
1355 5571 1442 5637 23,
1473 5591 1500 5617 ‹‹
1536 5587 1656 5625 non
1686 5587 1856 5642 Opor-

187 5667 312 5720 tere
331 5663 588 5721 omnino
610 5663 885 5735 ipsorum
901 5657 1186 5732 mysteria
1205 5658 1506 5728 etiamsed
1526 5659 1590 5715 in
1608 5659 1851 5716 abscon-

1960 4690 2068 4740 set.

2033 4771 2324 4838 Secundo,
2357 4773 2552 4845 Logon
2593 4772 2771 4828 etiam
2813 4771 2994 4826 fuisse
3026 4771 3182 4826 inter
3211 4771 3417 4827 ﬁctitia
3446 4776 3604 4826 vete-

1965 4879 2095 4918 rum
2129 4862 2537 4917 Gnosticorum
2572 4861 2839 4927 numina,
2874 4865 2930 4913 et
2960 4876 3066 4930 per
3087 4859 3344 4930 syzygias
3375 4859 3605 4928 aliquas

1963 4969 1997 5007 a
2028 4953 2157 5023 Sige
2190 4951 2262 5006 ad
2296 4968 2431 5006 eum
2466 4955 2811 5021 perventum
2835 4952 3058 5003 esseut
3086 4948 3146 5001 in
3170 4947 3370 5001 schola
3393 4947 3603 5001 Valen-

1960 5040 2324 5111 tini,pariter
2363 5036 2936 5109 probabimuszquod
2967 5036 3108 5090 satis
3140 5040 3228 5090 est
3257 5034 3329 5088 ad
3366 5040 3601 5089 senten-

1963 5131 2106 5185 tiam
2139 5135 2401 5184 nostram
2436 5127 2714 5182 adversus
2747 5127 2948 5181 Dallaei
2981 5125 3348 5196 objectiones
3381 5124 3605 5180 conﬁr-

1962 5219 2259 5276 mandam.
2288 5219 2488 5287 Neque
2551 5216 2706 5271 enim
2741 5216 2998 5271 Gnostici
3031 5214 3331 5286 illi,neque
3354 5213 3610 5269 Valenti-

1964 5326 2078 5364 nus
2111 5309 2235 5378 ipse
2270 5306 2489 5361 diserte
2515 5320 2782 5374 unquam
2814 5304 2961 5358 dixit
2992 5305 3188 5359 Lohon
3220 5321 3250 5358 e
3283 5304 3411 5369 Sige
3439 5303 3609 5357 emis-

1965 5415 2096 5454 sum
2131 5412 2277 5451 esse.
2314 5392 2607 5449 Basilides
2643 5393 2800 5446 inter
2831 5393 3139 5447 Gnosticos
3160 5393 3271 5447 fuit
3297 5392 3608 5448 Valentino

1963 5486 2269 5551 vetustior,
2324 5490 2384 5540 at
2412 5482 2509 5537 ille
2565 5481 2636 5536 de
2687 5483 2838 5550 Logo
2891 5482 3114 5551 pariter
3155 5497 3221 5536 ac
3263 5481 3608 5538 Valentinus

1967 5576 2172 5630 sensit.
2231 5573 2636 5628 Theodoretus
2666 5571 2849 5626 Haeret
2895 5570 3009 5636 fab.
3040 5568 3142 5622 lib.
3179 5587 3228 5635 v,
3264 5587 3314 5625 c.
3357 5574 3441 5638 11,
3475 5587 3612 5627 cum

1961 5662 2259 5720 Valentini
2290 5663 2361 5718 de
2385 5661 2572 5719 Verbo
2605 5658 2961 5719 sententiam
2991 5657 3318 5727 recitasset,
3362 5659 3489 5716 haec
3510 5660 3610 5717 ad-
