3974 6296
159 385 277 448 329

885 385 942 449 «Ι.
989 387 1402 451 PEARSONll
1446 385 1828 449 VINDICLE
1869 385 2346 449 IGNATIANE.
2392 419 2470 434 —-
2511 385 2717 450 PARS
2760 386 2841 450 Ῑῐ.

3461 393 3583 464 330

162 521 443 578 dicuntur
475 520 910 594 Nicolaitaa,qui
943 527 1082 578 sunt
1111 521 1296 578 vulsio
1329 523 1460 595 ejus
1482 539 1613 595 qua)
1660 522 1810 578 falso
1841 523 1896 590 Α
1927 537 2004 577 no
2035 521 2181 578 dicit
2210 522 2367 594 quod
2397 539 2573 579 nemo
2597 529 2732 580 ante
2766 541 2902 582 eum
2924 524 3260 596 afﬁrmavit,
3287 529 3578 601 cujusque

161 611 620 684 cognominatur
643 611 896 666 scientia
919 626 933 678 ;
959 616 1026 667 ut
1053 611 1445 668 confunderet
1474 629 1574 668 eos
1601 616 1660 667 et
1682 628 1814 667 sua-

162 701 331 757 deret
361 701 781 771 eos,quoniam
809 718 964 758 unus
993 703 1148 757 Deus
1179 703 1276 774 qui
1311 702 1516 757 omnia
1545 701 1684 758 fecit
1712 717 1819 773 per

162 790 420 846 Verbum
447 797 713 860 suum,et
733 807 852 846 non
874 790 1375 862 quemadmodum
1400 791 1488 846 illi
1511 789 1819 858 dicunt,al-

164 884 361 936 terum
389 880 632 951 quidem
652 880 1103 950 ,fabricatorem,
1137 880 1322 937 alium
1353 885 1546 936 autem
1581 881 1819 936 Patrem

167 970 426 1025 Domini.
457 992 486 1019 »
514 970 573 1025 Si
607 971 770 1025 enim
792 969 1109 1025 Cerinthus
1134 975 1455 1041 antequam
1477 970 1532 1025 S.
1563 970 1819 1025 Joannes

168 1059 553 1131 Evangelium
603 1059 928 1131 scripserit,
976 1058 1439 1123 Fabricatoreni,
1471 1057 1531 1113 id
1563 1064 1672 1122 est,
1707 1059 1818 1113 De-

169 1151 472 1222 miurgum
512 1149 694 1204 alium
748 1166 783 1204 a
810 1151 981 1204 Patre
1015 1149 1290 1214 Domini;
1343 1148 1390 1203 si
1424 1147 1610 1203 multo
1651 1147 1816 1219 prius

167 1239 326 1295 idem
344 1239 664 1296 docuerint
683 1239 982 1295 Nicolaitaa
999 1239 1069 1306 ;si
1090 1239 1390 1294 Nicolaitaa
1411 1239 1820 1295 Gnosticorum

165 1329 359 1385 vulsio
385 1329 611 1384 fuerint
631 1329 766 1400 (hoc
789 1333 879 1383 est
920 1327 1302 1400 Ἀπόσπασμα,
1334 1334 1402 1384 ιιι
1429 1334 1571 1400 puto
1597 1344 1610 1394 ;
1661 1327 1818 1383 Glos.

170 1421 230 1477 ν.
268 1416 672 1484 Ἀποσπασθὲν,
705 1417 994 1487 avulsum,
1023 1417 1382 1486 Ἀπόσπασις,
1445 1417 1682 1473 avulsus
1713 1434 1726 1482 ;
1758 1420 1825 1472 ut

164 1526 321 1580 saepe
355 1509 626 1579 loquitur
655 1509 1042 1580 Epiphanius,
1078 1507 1301 1578 Ἀνέστη
1333 1504 1500 1562 πάλιν
1559 1504 1820 1568 Θεόδοτός

161 1619 246 1658 τις
279 1596 621 1669 ἀπόσπασμα
655 1595 919 1675 ὑπῃρχων
952 1596 1012 1651 ἐκ
1065 1602 1166 1665 τῆς
1225 1597 1630 1670 προειρημένης
1691 1595 1822 1650 ἀλό-

164 1708 268 1760 γου
298 1684 588 1758 αἱρέσεως,
625 1693 684 1743 et
715 1705 726 1742 :
753 1689 852 1742 Ἐκ
881 1684 1077 1741 τούτου
1107 1686 1160 1740 οἱ
1213 1687 1511 1756 Νοητιανοὶ
1569 1683 1822 1741 ἀπόσπα-

167 1796 281 1848 σμα
313 1771 470 1836 ὅντες
501 1773 708 1848 αὐτοῦ),
764 1781 1084 1846 utrumque
1116 1777 1404 1846 sequitur,
1456 1780 1515 1831 et
1541 1780 1678 1832 ante
1714 1777 1822 1830 Va-

1927 612 2290 668 contrarium
2322 613 2492 669 multi
2523 620 2927 671 asseruerunt.
2977 617 3303 673 Attulimus
3366 635 3577 674 eorum

1926 702 2396 773 testimonia,qui
2427 702 2646 759 diserte
2678 704 3011 760 docuerunt
3031 707 3287 778 primam
3317 707 3583 780 ogdoada

1929 807 1962 846 a
2001 791 2293 848 veteribus
2315 793 2607 847 Gnosticis
2637 793 2934 865 proditam
2980 795 3186 861 fuisse,
3237 798 3462 856 decada
3521 808 3582 859 et

1929 880 2273 937 duodecada
2302 898 2335 937 a
2360 881 2664 938 Valentino
2695 884 3332 944 additas.Ostendimus
3368 907 3439 946 ex
3459 893 3582 947 Ire-

1929 986 2058 1024 naeo
2087 972 2215 1025 Nun
2241 976 2300 1025 et
2319 971 2592 1028 Alethian
2620 989 2690 1027 ex
2721 974 2906 1044 Bytho
2928 979 2987 1028 et
3008 974 3137 1047 Sige
3160 977 3451 1048 prodiisse
3482 997 3575 1036 se-

1929 1058 2191 1115 cundum
2212 1065 2436 1116 veteres
2485 1062 2831 1129 Gnosticos;
2889 1062 3328 1122 Valentinianos
3388 1068 3574 1125 fuisse

1927 1149 2110 1216 fures,
2137 1153 2196 1203 et
2215 1149 2456 1220 quidem
2487 1150 2620 1206 ideo
2650 1151 2860 1218 malos,
2894 1169 3016 1208 non
3061 1155 3220 1224 quod
3270 1157 3423 1213 hanc
3481 1163 3573 1214 te-

1930 1238 2100 1294 trada
2129 1239 2202 1293 ab
2232 1239 2353 1294 illis
2383 1241 2743 1310 acceperint,
2774 1240 2878 1296 sed
2935 1241 3094 1312 quod
3139 1246 3458 1302 secundam
3492 1252 3577 1304 te-

1932 1326 2101 1382 trada
2131 1327 2285 1382 male
2317 1327 2857 1400 tradiderint,quod
2882 1345 2953 1383 ex
2990 1331 3138 1402 Logo
3164 1337 3221 1387 et
3246 1335 3355 1389 Zoe
3386 1337 3581 1395 Homi.

1931 1433 2070 1471 nem
2102 1422 2161 1471 et
2189 1416 2512 1472 Ecclesiam
2557 1417 2888 1474 eduxerint.
2929 1419 3015 1473 Ad
3045 1437 3152 1476 sua
3177 1424 3584 1481 conﬁrmanda

1929 1505 2080 1560 nihil
2111 1505 2274 1560 aliud
2297 1505 2538 1561 adducit
2566 1508 2654 1561 vir
2684 1507 3088 1577 doctissimus,
3124 1527 3301 1581 quam
3336 1515 3494 1584 quod
3518 1515 3580 1570 in

1932 1594 2210 1650 omnibus
2232 1594 2304 1649 ab
2327 1597 2551 1651 Irenaeo
2575 1597 2835 1652 recitatis
2849 1597 3263 1656 haareticorum
3282 1603 3585 1661 Valentino

1933 1685 2320 1739 vetustiorum
2351 1685 2705 1756 Theogoniis
2734 1703 2855 1741 non
2887 1694 3169 1759 appareat
3198 1691 3333 1762 Logi
3393 1709 3423 1746 e
3454 1694 3584 1766 Sige

1935 1773 2208 1840 emissio;
2238 1773 2319 1828 ita
2338 1774 2412 1828 ad
2442 1774 2500 1828 id
2523 1774 2679 1844 quod
2701 1775 2960 1831 afﬁrmat
2981 1778 3407 1836 stabiliendum
3431 1783 3584 1837 nihil

168 1869 478 1925 lentinum
509 1867 742 1940 aliquos
761 1867 1031 1924 docuisse
1054 1867 1239 1923 alium
1263 1869 1584 1924 esseDeum
1609 1872 1825 1939 prmter
1859 1899 1904 1965 Β
1935 1863 2179 1919 omnino
2211 1862 2550 1962 adducit,ad
2581 1862 2640 1917 id
2669 1865 2825 1965 quod
2848 1871 3024 1936 negat
3044 1867 3194 1922 nihil
3226 1868 3390 1925 aliud
3411 1871 3584 1927 affert

169 1961 606 2022 Creatorem,et
631 1958 938 2012 Gnosticos
963 1957 1291 2029 apostolica
1319 1962 1589 2029 tempora
1620 1962 1824 2012 conta-

171 2047 678 2112 minasse.Quales
710 2053 880 2103 erant
905 2048 1107 2102 Simon
1139 2053 1198 2101 et
1226 2047 1542 2102 Cerinthus
1569 2046 1822 2102 Nazian-

175 2155 348 2202 zeno,
378 2135 474 2190 τὸν
503 2138 612 2188 τῶν
644 2131 790 2189 ὅλων
824 2135 954 2190 Θεὸν
983 2136 1262 2207 τεμόντες,
1293 2136 1378 2190 καὶ
1415 2134 1545 2208 ὑπὲρ
1568 2138 1664 2190 τοῦ
1696 2136 1827 2208 ἀγα-

166 2228 260 2280 θοῦ
291 2229 376 2298 τῷ
408 2221 739 2298 δημιουργῷ
789 2222 1221 2297 πολεμήσαντες,
1281 2231 1346 2281 ut
1401 2224 1772 2282 ostendimus
1805 2240 1819 2292 ;

166 2318 376 2388 quales
400 2317 760 2388 Hymenaeus
776 2320 834 2371 et
856 2316 1122 2371 Philetus
1135 2316 1487 2388 Epiphanio,
1509 2312 1680 2370 ἃλλον
1697 2313 1822 2368 Θεὸν

170 2403 668 2480 καταγγέλλοντες,
702 2429 728 2456 ‹‹
756 2406 940 2462 alium
970 2405 1157 2462 Deum
1197 2406 1640 2475 annuntiantes,
1673 2426 1700 2459 ι
1735 2402 1827 2458 καί

174 2495 436 2569 λέγοντες
472 2494 549 2566 μή
581 2491 642 2547 ἒκ
681 2497 814 2548 Θεοῦ
871 2501 1191 2568 γεγενῆσθαι
1243 2493 1334 2548 τὸν
1393 2495 1622 2568 κόσμον,
1681 2491 1827 2548 ἀλλὰ

170 2585 274 2638 ὑπὸ
307 2585 502 2658 ἀρχῶν
534 2582 626 2637 ml
657 2581 936 2654 ἐξουσιῶν,
961 2606 989 2634 ‹‹
1013 2589 1072 2639 et
1099 2584 1368 2640 dicentes
1390 2585 1682 2641 mundum
1705 2601 1826 2640 non

167 2692 200 2730 a
231 2677 358 2730 Deo
393 2690 522 2728 esse
553 2672 907 2734 factum.sed
938 2689 970 2728 a
1000 2673 1429 2746 principatibus
1454 2691 1522 2729 ac
1545 2679 1828 2745 postesta—

172 2764 356 2819 tibus.
395 2784 423 2812 »
459 2762 728 2817 Posthaac
757 2761 904 2817 adeo
937 2769 1142 2834 aperta
1165 2763 1504 2818 testimonia
1533 2763 1666 2834 quis
1702 2779 1827 2818 cre-

167 2856 271 2911 det
301 2853 612 2910 neminem
636 2859 772 2908 ante
805 2852 1176 2909 Valentinum
1200 2853 1469 2910 docuisse
1495 2853 1678 2910 alium
1700 2870 1829 2909 esse

170 2947 364 3000 Deum
396 2949 616 3015 prmter
647 2944 1024 2999 Creatorem?
1052 2944 1385 3015 praasertim
1413 2961 1546 3000 cum
1580 2943 1653 2999 ad
1699 2960 1829 2999 eam

168 3033 651 3106 propositionem
674 3033 1142 3088 conﬁrmandam
1185 3033 1339 3088 nihil
1380 3034 1542 3088 aliud
1564 3033 1832 3089 attulerit

164 3128 253 3181 vir
276 3123 810 3188 doctissimus,nisi
833 3123 936 3179 illa
950 3124 1183 3190 verba,«
1198 3125 1255 3179 Si
1272 3123 1697 3180 Tertullianum
1720 3141 1828 3180 au-

168 3216 392 3271 dimus.
431 3235 462 3263 »
497 3217 571 3269 At
600 3213 942 3268 Tertulliani
975 3213 1150 3270 verba
1180 3219 1387 3270 contra
1407 3220 1669 3269 veterum
1687 3231 1829 3270 con-

166 3321 415 3360 sensum
451 3302 777 3375 premenda
807 3319 926 3358 non
953 3309 1092 3359 sunt
1117 3324 1132 3370 ;
1155 3320 1348 3374 neque
1373 3303 1830 3370 dicendum,Va-

164 3395 476 3451 lentinum
507 3399 567 3447 et
605 3393 963 3448 Marcionem
996 3393 1154 3448 solos
1185 3398 1243 3448 et
1272 3394 1499 3464 primos
1546 3394 1673 3448 hmc
1725 3392 1828 3446 do-

167 3485 390 3551 cuisse,
431 3500 504 3538 ex
538 3482 721 3537 solius
752 3482 1097 3538 Tertulliani
1130 3483 1502 3550 auctoritate,
1536 3487 1636 3554 qui
1687 3483 1830 3539 alibi

167 3575 440 3648 primum
473 3571 830 3627 Marcionem
854 3573 979 3627 haec
1006 3573 1329 3628 asseruisse
1352 3573 1598 3638 ait,cum
1631 3579 1830 3629 tamen

171 3664 300 3734 ipse
363 3659 696 3716 Cerdonem
768 3660 1078 3715 Marcionis
1127 3661 1472 3732 magistrum
1528 3666 1829 3734 agnoscat.

173 3777 197 3801 (ι
236 3751 484 3816 Habuit,
515 3749 730 3820 inquit,
764 3757 822 3804 et
843 3749 1174 3805 Cerdonem
1198 3751 1517 3820 quemdam
1547 3751 1832 3807 informa-

174 3847 372 3896 torem
405 3838 675 3894 scandali
697 3839 891 3909 hujus.
925 3861 954 3889 »
987 3841 1129 3894 Cum
1163 3841 1322 3894 enim
1357 3840 1752 3896 Valentiniani
1775 3848 1833 3898 et

177 3929 548 3986 Marcionita
567 3928 910 3983 Tertulliani
934 3945 1054 3984 aevo
1075 3929 1332 3984 maxime
1367 3929 1630 3986 celebres
1652 3932 1834 3988 haare-

178 4021 276 4075 tici
310 4019 562 4085 fuerint,
587 4016 820 4088 quoties
851 4016 922 4072 de
955 4018 1278 4073 haeresibus
1313 4019 1592 4090 disputat,
1627 4020 1700 4076 ad
1733 4038 1830 4079 eos

175 4111 302 4165 fere
337 4107 646 4174 collineat,
679 4112 737 4160 et
758 4106 1136 4161 Valentinum
1168 4124 1235 4162 ac
1287 4108 1640 4164 Marcionem
1664 4111 1833 4180 quasi

176 4200 487 4273 principes
506 4198 644 4253 ferit
667 4215 680 4264 ;
707 4199 973 4268 quamvis
997 4204 1054 4254 et
1075 4199 1200 4270 ipse
1222 4215 1568 4270 praecoquos
1593 4205 1647 4254 et
1669 4201 1836 4256 abor-

175 4292 328 4346 tivos
348 4289 728 4345 Marcionitas
760 4288 870 4344 sub
913 4288 1196 4360 apostolis
1228 4295 1527 4361 agnoscat,
1589 4291 1835 4346 Docetas

173 4380 411 4436 scilicet
435 4396 448 4445 ;
474 4383 706 4450 poterat
722 4383 922 4434 autem
944 4383 1003 4432 et
1023 4377 1172 4433 alios
1189 4395 1323 4434 cum
1346 4378 1642 4435 veteribus
1663 4396 1836 4452 agno-

176 4484 347 4525 scere
376 4465 761 4539 Demiurgum
793 4483 825 4521 a
857 4466 973 4520 Deo
1013 4466 1359 4534 dividentes,
1396 4467 1494 4537 qui
1546 4484 1664 4523 non
1725 4469 1837 4524 mi—

176 4575 294 4614 nus
323 4561 502 4613 erant
531 4554 888 4611 Marcionita
921 4555 1240 4628 praecoqui.

1859 3265 1906 3332 C

1936 1969 2114 2023 quam
2146 1951 2349 2007 lrenaai
2370 1952 2434 2006 in
2464 1952 2849 2008 contexendis
2871 1955 3231 2027 genealogiis
3256 1957 3579 2017 silentium.

1932 2044 2001 2098 Et
2029 2041 2268 2112 quidem
2299 2042 2347 2096 si
2377 2043 2637 2097 Irenmus
2683 2042 2897 2098 nullibi
2955 2044 3015 2099 id
3045 2045 3385 2116 indicasset,
3421 2051 3580 2121 quod

1931 2148 2039 2188 nos
2070 2130 2459 2198 afﬁrmamus,
2493 2131 2540 2186 si
2572 2132 2943 2204 genealogias
2974 2135 3242 2191 omnium
3273 2138 3580 2195 haaretico-

1933 2238 2064 2277 rum
2090 2221 2316 2293 integre
2348 2237 2483 2276 cum
2506 2221 2784 2277 omnibus
2807 2223 3086 2278 [Eonibus
3109 2241 3432 2299 eorumque
3456 2246 3579 2285 om-

1932 2310 2107 2366 nibus
2136 2308 2479 2365 nominibus
2507 2315 3020 2382 reprmsentasset,
3058 2314 3288 2386 aliquid
3345 2319 3577 2376 roboris

1930 2399 2069 2456 huic
2099 2403 2448 2471 argumento
2482 2398 2729 2468 inesset,
2763 2400 2837 2456 ad
2869 2401 3048 2456 ﬁdem
3070 2402 3323 2460 aliorum
3353 2407 3577 2464 Irenaao

1932 2488 2328 2562 posteriorum
2352 2489 2408 2543 in
2443 2489 2551 2544 hac
2570 2505 2633 2542 re
2667 2489 3031 2548 elevandam.
3061 2493 3205 2548 Cum
3236 2500 3432 2551 autem
3461 2516 3580 2555 non

1933 2583 2166 2635 tantum
2198 2578 2456 2632 Irenaaus
2490 2577 2614 2648 ipse
2647 2578 2833 2634 multa
2863 2579 3041 2646 dicat,
3076 2598 3206 2651 qua:
3238 2584 3313 2639 ad
3371 2603 3580 2644 eorum

1934 2666 2314 2734 sententiam,
2348 2666 2448 2736 qui
2480 2665 2733 2738 primam
2763 2669 3213 2726 Octonationem
3239 2672 3580 2732 Valentinia

1935 2756 2226 2812 Gnosticis
2257 2761 2554 2826 sumptam
2585 2756 2905 2824 tradidere,
2938 2759 3410 2818 conﬁrmandam
3442 2781 3579 2836 spe-

1935 2851 2116 2916 ctant,
2143 2844 2588 2900 utostendimus
2612 2862 2626 2912 ;
2650 2863 2786 2901 cum
2810 2846 3068 2920 integras
3081 2850 3346 2906 omnium
3367 2869 3580 2925 genea-

1934 2937 2118 3009 logias
2141 2936 2402 2990 Irenaeus
2433 2950 2552 2989 non
2585 2937 3116 3006 repraesentaverit,
3151 2944 3216 2994 ut
3228 2940 3354 3011 jam
3378 2949 3582 3000 osten-

1935 3027 2166 3094 demus,
2200 3024 2435 3080 nullum
2464 3041 2709 3096 prorsus
2739 3025 2879 3081 huic
2937 3035 3285 3100 argumento
3343 3033 3461 3088 vim
3491 3036 3578 3091 in-

1936 3133 2065 3172 esse
2097 3114 2348 3186 quilibet
2375 3114 2738 3170 fatebitur.Si
2763 3116 2922 3170 enim
2950 3117 3192 3190 integraa
3225 3137 3344 3176 non
3362 3122 3581 3179 fuerint

1935 3204 2292 3277 genealogis:
2321 3203 2711 3276 Singularium
2740 3204 3170 3267 Zhaareticoaum
3228 3209 3300 3265 ab
3353 3213 3578 3270 Irenaao

1937 3294 2274 3368 propositae,
2305 3294 2354 3348 si
2381 3292 2523 3348 alibi
2554 3292 2680 3365 ipse
2713 3293 3009 3351 haaleticis
3040 3298 3326 3355 attribuat
3354 3318 3484 3371 quas
3517 3305 3580 3359 in

1936 3383 2293 3457 genealogiis
2324 3399 2528 3439 eorum
2560 3399 2679 3438 non
2711 3384 3118 3453 inveniuntur,
3142 3389 3192 3443 si
3223 3389 3499 3446 similiter
3520 3393 3581 3449 in

1937 3474 2009 3529 iis
2037 3474 2214 3529 etiam
2239 3473 2339 3544 qui
2374 3472 2753 3528 Valentinum
2783 3475 2968 3529 secuti
2991 3481 3458 3536 suntsententiis
3479 3482 3582 3537 de-

1939 3563 2268 3620 scribendis
2281 3563 2980 3634 multaomittantu‘r,quaa
2995 3565 3112 3620 illis
3129 3567 3444 3626 tribuenda
3457 3589 3584 3628 esse

1939 3671 2114 3712 nemo
2147 3653 2572 3720 difﬁtebitur,si
2607 3653 2733 3707 haac
2764 3654 2967 3710 omnia
2997 3660 3336 3715 necessario
3367 3678 3434 3716 ex
3459 3663 3588 3734 ipsa

1939 3745 2166 3801 ratione
2201 3741 2518 3804 scribendi,
2538 3758 2715 3812 quam
2747 3742 2846 3796 ille
2879 3744 3186 3814 amplexus
3209 3754 3583 3820 est,sequan-

1940 3839 2038 3889 tur
2069 3851 2082 3899 ;
2116 3830 2282 3886 nulla
2310 3846 2445 3884 cum
2474 3830 2703 3885 ratione
2735 3845 2802 3884 ea
2823 3832 3024 3886 omnia
3054 3836 3299 3890 nomina
3327 3838 3584 3908 cuipiam

1941 3919 2290 3989 deneganda
2320 3922 2652 3987 erunt,quaa
2678 3918 2739 3972 in
2769 3917 2897 3988 ejus
2914 3920 3273 3993 genealogiis
3295 3925 3580 3994 apudlre-

1941 4027 2174 4068 neaeum
2205 4025 2324 4064 non
2355 4013 2662 4080 apparent.
2691 4009 2760 4063 Ut
2789 4013 2986 4064 autem
3008 4011 3158 4065 ratio
3190 4013 3486 4069 scribendi
3508 4019 3580 4073 ab

1941 4104 2165 4157 Irenaeo
2196 4098 2561 4161 observata.a
2595 4096 2811 4152 Dallwo
2840 4098 3086 4154 minime
3117 4118 3406 4173 perpensa
3421 4111 3582 4176 pate-

1944 4192 2047 4246 ﬁat
2081 4207 2094 4256 ;
2127 4188 2372 4244 observo
2400 4187 2508 4240 viri
2538 4186 2864 4242 doctissimi
2887 4189 3064 4245 verba
3095 4205 3107 4243 :
3134 4212 3162 4240 «
3195 4193 3457 4248 Primum
3485 4212 3580 4251 ca-

1943 4285 2048 4352 put
2079 4277 2150 4333 ad
2181 4276 2556 4332 Valentinum
2588 4276 2886 4347 pertinere
2918 4280 3176 4337 ostendit
3205 4287 3263 4338 et
3304 4285 3583 4354 praeﬁxus

1947 4369 1998 4423 ei
2029 4366 2324 4424 titulus.et
2352 4365 2482 4437 ipsa
2511 4366 2707 4436 operis
2738 4366 3024 4437 przefatio.
3058 4390 3087 4418 »

2021 4467 2140 4520 Imo
2164 4481 2302 4520 vero
2324 4462 2658 4536 etpraafatio
2673 4470 2729 4519 et
2746 4465 2954 4521 titulus
2973 4473 3030 4523 et
3051 4470 3258 4540 capitis
3274 4472 3457 4543 ipsius
3473 4479 3594 4531 tota

1949 4555 2132 4611 series
2154 4552 2518 4616 ostendit,ad
2543 4553 2730 4624 ipsius
2750 4555 3073 4628 discipulos
3095 4558 3242 4614 illud
3273 4563 3591 4632 pertinere,

247 4645 602 4703 Secundum
651 4645 857 4700 Dallaei
891 4652 1306 4716 argumentum
1353 4650 1444 4702 est
1472 4662 1533 4701 :«
1569 4647 1839 4704 Haaretici
1873 4631 1917 4696 D
1949 4662 2098 4717 quos
2121 4643 2191 4700 ab
2216 4643 2319 4697 illo
2345 4642 2408 4696 in
2428 4643 2887 4714 quamplurimis
2909 4645 3226 4703 descivisse
3257 4631 3466 4708 omnes
3488 4671 3595 4709 no-

176 4736 497 4794 Valentino
515 4736 867 4790 vetustiores
889 4751 1098 4790 omnes
1120 4752 1180 4790 se
1196 4735 1308 4807 ipsi
1325 4735 1625 4807 negabunt
1648 4737 1839 4810 Logon

177 4828 343 4900 Siges
364 4824 460 4881 vel
493 4824 685 4879 ﬁlium
715 4823 804 4879 vel
846 4829 1124 4895 nepotem
1159 4824 1537 4880 induxisse.»
1571 4826 1840 4880 Fortasse

173 4919 295 4971 Nos
327 4913 578 4985 quidem
607 4913 880 4980 fatemur,
906 4913 1024 4968 imo
1044 4913 1362 4984 probamus
1383 4930 1577 4984 neque
1611 4914 1840 4969 Gnosti-

176 5020 390 5060 corum
407 5008 897 5073 veterum,neque
914 5002 1460 5057 Valentinianorum
1479 5019 1839 5073 quemquam

180 5096 380 5166 Logon
404 5092 569 5164 Siges
604 5091 792 5146 ﬁlium
815 5090 1144 5158 induxisse,
1177 5090 1357 5161 idque
1388 5089 1702 5146 observatu
1745 5090 1837 5145 di-

172 5199 359 5256 gnum
372 5180 745 5237 ostendimus
765 5180 837 5236 ad
856 5181 1202 5236 sententiam
1217 5179 1418 5235 Dallaei
1438 5179 1841 5237 refellendam.

177 5273 294 5327 Sed
327 5287 526 5341 neque
561 5271 633 5325 de
664 5269 980 5340 nepotibus
1003 5271 1164 5343 Siges
1188 5274 1289 5324 aut
1308 5270 1564 5325 Gnostici
1599 5269 1686 5324 illi
1740 5277 1841 5328 aut

191 5359 594 5417 Valentiniani
629 5358 956 5430 quidquam
987 5358 1387 5431 philosophati
1410 5359 1718 5415 sunt.Cum
1740 5377 1840 5418 au-

191 5457 310 5507 tem
344 5449 534 5514 addit,
569 5465 700 5504 eam
733 5447 1000 5505 lauream
1061 5448 1353 5504 Valentini
1385 5465 1536 5516 esse,
1571 5471 1600 5499 »
1633 5450 1734 5520 qui
1766 5466 1839 5507 ex

191 5536 473 5592 omnibus
523 5534 933 5590 hmresiarchis
983 5534 1145 5589 illam
1203 5536 1451 5590 [Bonum
1511 5535 1836 5607 ogdoadem

181 5627 464 5699 princeps
499 5624 920 5691 instituerit,in
953 5641 1069 5696 qua
1097 5641 1164 5679 ex
1199 5625 1381 5710 Bytho
1441 5629 1498 5679 et
1549 5624 1679 5697 Sige
1738 5641 1842 5696 per

174 5717 309 5773 Nun
342 5723 402 5774 et
425 5713 932 5786 Alethianlogos
951 5731 1085 5772 cum
1118 5716 1228 5771 Zoe
1249 5713 1483 5787 prodit;
1509 5735 1536 5764 »
1559 5714 1618 5769 id
1647 5715 1841 5770 omni-

503 5835 780 5898 Punor.
829 5833 938 5894 GI.
985 5831 1060 5898 V.

1949 4731 2755 4802 taruntJnipsaPrmfatione
2785 4739 2989 4804 aperte
3033 4738 3366 4807 proﬁtetur,
3405 4761 3430 4793 α
3457 4759 3592 4798 cum

1949 4820 2669 4894 legissetCommentarios
2684 4821 3466 4894 ipsorum,quemadmodum
3481 4831 3590 4901 ipsi

1949 4912 2173 4979 dicunt,
2201 4910 2492 4964 Valentini
2522 4910 2970 4980 discipulorum,
3005 4913 3360 4984 quibusdam
3393 4924 3592 4974 autem

1949 5003 2213 5074 ipsorum
2233 5005 2292 5054 et
2313 5015 2664 5071 congressus
2687 5021 2714 5049 »
2741 4999 3175 5068 fuisset,eorum
3199 5005 3340 5061 velle
3365 5023 3425 5062 se
3455 5024 3590 5062 sen-

1947 5091 2193 5147 tcntiam
2226 5091 2875 5158 exponere,praasertim
2902 5092 3591 5166 Ptolemaicorum,quod

1949 5180 2140 5251 primo
2171 5177 2363 5247 capite
2394 5175 2762 5245 facit.Neque
2782 5179 2941 5234 enim
2959 5199 3092 5238 cum
3119 5182 3424 5239 Valentino
3448 5201 3592 5240 con-

1948 5285 2184 5341 gressus
2197 5279 2459 5335 unquam
2483 5268 2600 5328 est;
2629 5280 2824 5335 neque
2847 5268 2976 5338 ejus
2997 5272 3599 5341 Commentarios,sed

1949 5357 2252 5416 Ptolemmi
2275 5371 2345 5411 eo
2385 5354 2576 5425 capite
2599 5355 2876 5424 explicat.
2907 5360 3130 5415 Titulus
3156 5365 3368 5436 capitis
3399 5365 3482 5420 ita
3539 5377 3604 5419 se

1949 5448 2128 5504 habet
2162 5463 2224 5501 ;‹‹
2256 5443 2522 5501 Narratio
2540 5442 2735 5499 omnis
2756 5450 3089 5517 argumenti
3117 5452 3406 5510 Valentini
3433 5455 3606 5512 disci-

1950 5537 2247 5610 pulorum.
2291 5556 2320 5584 »
2351 5535 2536 5606 Caput
2565 5533 2761 5606 ipsum
2792 5534 2873 5589 ita
2912 5535 3144 5609 incipit,
3181 5542 3407 5616 Λέγουσι
3465 5545 3594 5617 γὰρ,

1952 5649 1980 5677 ‹‹
2011 5626 2217 5681 dicunt
2241 5623 2423 5689 enim,
2456 5646 2483 5672 »
2534 5624 2608 5681 ad
2638 5628 2938 5697 postrema
2990 5627 3367 5690 Praefationis
3423 5635 3600 5690 verba

1951 5713 2302 5787 respiciens,
2363 5710 2467 5765 ὑπὸ
2525 5713 2626 5782 τῆς
2679 5709 2893 5766 ἐκεινων
2969 5713 3358 5791 πιθανολογίας
3434 5724 3600 5790 οὔσης

3211 5837 3282 5898 11
