  <div class='ocr_page' id='page_1' title='image "/cluster/home/n/w/nwhite01/storage/ocr_20150623/5/pst.000005711819/174.png"; bbox 0 0 3974 6296; ppageno 0'>
   <div class='ocr_carea' id='block_1_1' title="bbox 220 369 339 429">
    <p class='ocr_par' dir='ltr' id='par_1_1' title="bbox 220 369 339 429">
     <span class='ocr_line' id='line_1_1' title="bbox 220 369 339 429; baseline -0.008 0"><span class='ocrx_word' id='word_1_1' title='bbox 220 369 339 429; x_wconf 84' lang='grc'>333</span> 
     </span>
    </p>
   </div>
   <div class='ocr_carea' id='block_1_2' title="bbox 949 366 2909 433">
    <p class='ocr_par' dir='ltr' id='par_1_2' title="bbox 949 366 2909 433">
     <span class='ocr_line' id='line_1_2' title="bbox 949 366 2909 433; baseline 0.002 -3"><span class='ocrx_word' id='word_1_2' title='bbox 949 368 1007 430; x_wconf 84' lang='lat' dir='ltr'>J.</span> <span class='ocrx_word' id='word_1_3' title='bbox 1052 367 1470 432; x_wconf 80' lang='lat' dir='ltr'>PEARSONII</span> <span class='ocrx_word' id='word_1_4' title='bbox 1517 366 1886 432; x_wconf 76' lang='lat' dir='ltr'>VINDICUE</span> <span class='ocrx_word' id='word_1_5' title='bbox 1925 369 2414 432; x_wconf 67' lang='lat' dir='ltr'>IGNATIANIE.</span> <span class='ocrx_word' id='word_1_6' title='bbox 2461 401 2540 418; x_wconf 92' lang='lat'><strong><em>—</em></strong></span> <span class='ocrx_word' id='word_1_7' title='bbox 2581 368 2780 432; x_wconf 82' lang='lat' dir='ltr'>PARS</span> <span class='ocrx_word' id='word_1_8' title='bbox 2823 369 2909 433; x_wconf 88' lang='lat' dir='ltr'>II.</span> 
     </span>
    </p>
   </div>
   <div class='ocr_carea' id='block_1_3' title="bbox 3530 370 3650 432">
    <p class='ocr_par' dir='ltr' id='par_1_3' title="bbox 3530 370 3650 432">
     <span class='ocr_line' id='line_1_3' title="bbox 3530 370 3650 432; baseline 0 -1"><span class='ocrx_word' id='word_1_9' title='bbox 3530 370 3650 432; x_wconf 78' lang='grc'>334</span> 
     </span>
    </p>
   </div>
   <div class='ocr_carea' id='block_1_4' title="bbox 207 500 3646 579">
    <p class='ocr_par' dir='ltr' id='par_1_4' title="bbox 207 500 3646 579">
     <span class='ocr_line' id='line_1_4' title="bbox 207 500 3646 579; baseline 0.001 -22"><span class='ocrx_word' id='word_1_10' title='bbox 207 501 404 576; x_wconf 86' lang='lat' dir='ltr'>primo</span> <span class='ocrx_word' id='word_1_11' title='bbox 434 501 637 574; x_wconf 90' lang='lat' dir='ltr'>capite</span> <span class='ocrx_word' id='word_1_12' title='bbox 664 500 1010 575; x_wconf 80' lang='lat' dir='ltr'>complexus</span> <span class='ocrx_word' id='word_1_13' title='bbox 1041 507 1151 573; x_wconf 88' lang='lat' dir='ltr'>est,</span> <span class='ocrx_word' id='word_1_14' title='bbox 1177 503 1540 571; x_wconf 82' lang='lat' dir='ltr'>Valentinus,</span> <span class='ocrx_word' id='word_1_15' title='bbox 1565 504 1869 572; x_wconf 81' lang='lat' dir='ltr'>nimirum,</span> <span class='ocrx_word' id='word_1_16' title='bbox 1901 508 1954 576; x_wconf 76' lang='grc' dir='ltr'><strong>Α</strong></span> <span class='ocrx_word' id='word_1_17' title='bbox 1987 504 2091 561; x_wconf 90' lang='lat' dir='ltr'>sed</span> <span class='ocrx_word' id='word_1_18' title='bbox 2112 505 2258 561; x_wconf 90' lang='lat' dir='ltr'>utiis</span> <span class='ocrx_word' id='word_1_19' title='bbox 2275 505 2632 562; x_wconf 87' lang='lat' dir='ltr'>sententiam</span> <span class='ocrx_word' id='word_1_20' title='bbox 2655 522 2823 572; x_wconf 84' lang='lat' dir='ltr'>suam</span> <span class='ocrx_word' id='word_1_21' title='bbox 2844 505 3320 563; x_wconf 86' lang='lat' dir='ltr'>illustrarent.De</span> <span class='ocrx_word' id='word_1_22' title='bbox 3338 505 3646 579; x_wconf 84' lang='lat' dir='ltr'>discipulis</span> 
     </span>
    </p>
   </div>
   <div class='ocr_carea' id='block_1_5' title="bbox 208 591 1871 667">
    <p class='ocr_par' dir='ltr' id='par_1_5' title="bbox 208 591 1871 667">
     <span class='ocr_line' id='line_1_5' title="bbox 208 591 1871 667; baseline 0.001 -18"><span class='ocrx_word' id='word_1_23' title='bbox 208 592 374 665; x_wconf 88' lang='lat' dir='ltr'>(nam</span> <span class='ocrx_word' id='word_1_24' title='bbox 405 592 478 648; x_wconf 89' lang='lat' dir='ltr'>de</span> <span class='ocrx_word' id='word_1_25' title='bbox 525 591 963 649; x_wconf 89' lang='lat' dir='ltr'>Valentinianis</span> <span class='ocrx_word' id='word_1_26' title='bbox 997 599 1056 650; x_wconf 89' lang='lat' dir='ltr'>et</span> <span class='ocrx_word' id='word_1_27' title='bbox 1083 595 1378 667; x_wconf 60' lang='lat' dir='ltr'>praecipue</span> <span class='ocrx_word' id='word_1_28' title='bbox 1407 595 1784 652; x_wconf 89' lang='lat' dir='ltr'>Ptolemaicis</span> <span class='ocrx_word' id='word_1_29' title='bbox 1803 613 1871 651; x_wconf 94' lang='lat' dir='ltr'>eo</span> 
     </span>
    </p>
   </div>
   <div class='ocr_carea' id='block_1_6' title="bbox 193 682 1870 765">
    <p class='ocr_par' dir='ltr' id='par_1_6' title="bbox 193 682 1870 765">
     <span class='ocr_line' id='line_1_6' title="bbox 193 682 1870 765; baseline -0.002 -26"><span class='ocrx_word' id='word_1_30' title='bbox 193 682 410 753; x_wconf 84' lang='lat' dir='ltr'>capite</span> <span class='ocrx_word' id='word_1_31' title='bbox 441 697 621 753; x_wconf 84' lang='lat' dir='ltr'>agere</span> <span class='ocrx_word' id='word_1_32' title='bbox 656 683 1277 754; x_wconf 88' lang='lat' dir='ltr'>instituerat,quorum</span> <span class='ocrx_word' id='word_1_33' title='bbox 1309 685 1666 765; x_wconf 81' lang='lat' dir='ltr'>sententiam</span> <span class='ocrx_word' id='word_1_34' title='bbox 1700 683 1870 739; x_wconf 78' lang='grc' dir='ltr'>ἀπάν-</span> 
     </span>
    </p>
   </div>
   <div class='ocr_carea' id='block_1_7' title="bbox 211 767 1873 846">
    <p class='ocr_par' dir='ltr' id='par_1_7' title="bbox 211 767 1873 846">
     <span class='ocr_line' id='line_1_7' title="bbox 211 767 1873 846; baseline 0.004 -23"><span class='ocrx_word' id='word_1_35' title='bbox 211 781 390 841; x_wconf 83' lang='grc' dir='ltr'>θισμα</span> <span class='ocrx_word' id='word_1_36' title='bbox 417 769 520 838; x_wconf 74' lang='grc' dir='ltr'>τῆς</span> <span class='ocrx_word' id='word_1_37' title='bbox 553 767 920 824; x_wconf 81' lang='grc' dir='ltr'>Οὐαλεντίνου</span> <span class='ocrx_word' id='word_1_38' title='bbox 944 768 1157 846; x_wconf 77' lang='grc' dir='ltr'>σχολῆς</span> <span class='ocrx_word' id='word_1_39' title='bbox 1189 773 1470 846; x_wconf 81' lang='lat' dir='ltr'>appellat)</span> <span class='ocrx_word' id='word_1_40' title='bbox 1490 796 1517 824; x_wconf 88' lang='lat'><strong>«</strong></span> <span class='ocrx_word' id='word_1_41' title='bbox 1545 774 1873 830; x_wconf 87' lang='lat' dir='ltr'>aGnostica</span> 
     </span>
    </p>
   </div>
   <div class='ocr_carea' id='block_1_8' title="bbox 159 859 1871 934">
    <p class='ocr_par' dir='ltr' id='par_1_8' title="bbox 159 859 1871 934">
     <span class='ocr_line' id='line_1_8' title="bbox 159 859 1871 934; baseline 0.002 -19"><span class='ocrx_word' id='word_1_42' title='bbox 159 929 165 934; x_wconf 89' lang='lat'>_</span> <span class='ocrx_word' id='word_1_43' title='bbox 209 859 430 915; x_wconf 72' lang='lat' dir='ltr'>hwresi</span> <span class='ocrx_word' id='word_1_44' title='bbox 451 860 732 932; x_wconf 85' lang='lat' dir='ltr'>antiquas</span> <span class='ocrx_word' id='word_1_45' title='bbox 748 859 811 915; x_wconf 91' lang='lat' dir='ltr'>in</span> <span class='ocrx_word' id='word_1_46' title='bbox 823 861 1129 933; x_wconf 88' lang='lat' dir='ltr'>proprium</span> <span class='ocrx_word' id='word_1_47' title='bbox 1152 860 1554 918; x_wconf 81' lang='lat' dir='ltr'>characterem</span> <span class='ocrx_word' id='word_1_48' title='bbox 1572 861 1871 918; x_wconf 75' lang='lat' dir='ltr'>doctrinas</span> 
     </span>
    </p>
   </div>
   <div class='ocr_carea' id='block_1_9' title="bbox 210 947 1868 1025">
    <p class='ocr_par' dir='ltr' id='par_1_9' title="bbox 210 947 1868 1025">
     <span class='ocr_line' id='line_1_9' title="bbox 210 947 1868 1025; baseline 0.001 -20"><span class='ocrx_word' id='word_1_49' title='bbox 210 949 606 1016; x_wconf 72' lang='lat' dir='ltr'>transferens,</span> <span class='ocrx_word' id='word_1_50' title='bbox 631 947 805 1010; x_wconf 64' lang='grc' dir='ltr'>οὕτως</span> <span class='ocrx_word' id='word_1_51' title='bbox 839 947 1267 1025; x_wconf 74' lang='grc' dir='ltr'>ἐξηρυφόρησε.»</span> <span class='ocrx_word' id='word_1_52' title='bbox 1302 952 1588 1024; x_wconf 87' lang='lat' dir='ltr'>Corrupta</span> <span class='ocrx_word' id='word_1_53' title='bbox 1617 969 1744 1020; x_wconf 82' lang='lat' dir='ltr'>vox,</span> <span class='ocrx_word' id='word_1_54' title='bbox 1778 953 1868 1007; x_wconf 87' lang='lat' dir='ltr'>in-</span> 
     </span>
    </p>
   </div>
   <div class='ocr_carea' id='block_1_10' title="bbox 210 1039 1868 1114">
    <p class='ocr_par' dir='ltr' id='par_1_10' title="bbox 210 1039 1868 1114">
     <span class='ocr_line' id='line_1_10' title="bbox 210 1039 1868 1114; baseline 0.002 -20"><span class='ocrx_word' id='word_1_55' title='bbox 210 1040 345 1110; x_wconf 88' lang='lat' dir='ltr'>quit</span> <span class='ocrx_word' id='word_1_56' title='bbox 375 1039 672 1106; x_wconf 81' lang='lat' dir='ltr'>Petavius,</span> <span class='ocrx_word' id='word_1_57' title='bbox 708 1039 769 1094; x_wconf 92' lang='lat' dir='ltr'>in</span> <span class='ocrx_word' id='word_1_58' title='bbox 829 1056 945 1112; x_wconf 87' lang='lat' dir='ltr'>qua</span> <span class='ocrx_word' id='word_1_59' title='bbox 977 1039 1401 1096; x_wconf 77' lang='lat' dir='ltr'>divinationem</span> <span class='ocrx_word' id='word_1_60' title='bbox 1460 1042 1713 1114; x_wconf 86' lang='lat' dir='ltr'>experiri</span> <span class='ocrx_word' id='word_1_61' title='bbox 1745 1058 1868 1097; x_wconf 90' lang='lat' dir='ltr'>non</span> 
     </span>
    </p>
   </div>
   <div class='ocr_carea' id='block_1_11' title="bbox 208 1128 1867 1206">
    <p class='ocr_par' dir='ltr' id='par_1_11' title="bbox 208 1128 1867 1206">
     <span class='ocr_line' id='line_1_11' title="bbox 208 1128 1867 1206; baseline 0.001 -24"><span class='ocrx_word' id='word_1_62' title='bbox 208 1134 402 1184; x_wconf 87' lang='lat' dir='ltr'>vacat.</span> <span class='ocrx_word' id='word_1_63' title='bbox 436 1131 550 1184; x_wconf 85' lang='lat' dir='ltr'>Pro</span> <span class='ocrx_word' id='word_1_64' title='bbox 585 1145 654 1184; x_wconf 92' lang='lat' dir='ltr'>ea</span> <span class='ocrx_word' id='word_1_65' title='bbox 682 1129 861 1202; x_wconf 82' lang='lat' dir='ltr'>igitur</span> <span class='ocrx_word' id='word_1_66' title='bbox 919 1129 1061 1201; x_wconf 82' lang='lat' dir='ltr'>legit</span> <span class='ocrx_word' id='word_1_67' title='bbox 1089 1131 1494 1186; x_wconf 83' lang='lat' dir='ltr'>Hammondus</span> <span class='ocrx_word' id='word_1_68' title='bbox 1524 1128 1867 1206; x_wconf 68' lang='grc' dir='ltr'>ἐξεφόρησεν,</span> 
     </span>
    </p>
   </div>
   <div class='ocr_carea' id='block_1_12' title="bbox 205 1216 1866 1297">
    <p class='ocr_par' dir='ltr' id='par_1_12' title="bbox 205 1216 1866 1297">
     <span class='ocr_line' id='line_1_12' title="bbox 205 1216 1866 1297; baseline 0.001 -24"><span class='ocrx_word' id='word_1_69' title='bbox 205 1220 451 1274; x_wconf 88' lang='lat' dir='ltr'>Isaacns</span> <span class='ocrx_word' id='word_1_70' title='bbox 466 1219 709 1274; x_wconf 81' lang='lat' dir='ltr'>Vossius</span> <span class='ocrx_word' id='word_1_71' title='bbox 737 1218 944 1274; x_wconf 81' lang='lat' dir='ltr'>leviori</span> <span class='ocrx_word' id='word_1_72' title='bbox 968 1220 1297 1276; x_wconf 83' lang='lat' dir='ltr'>mutatione</span> <span class='ocrx_word' id='word_1_73' title='bbox 1319 1216 1724 1297; x_wconf 76' lang='grc' dir='ltr'>ἒληροφόρησε.</span> <span class='ocrx_word' id='word_1_74' title='bbox 1755 1219 1866 1276; x_wconf 90' lang='lat' dir='ltr'>Sed</span> 
     </span>
    </p>
   </div>
   <div class='ocr_carea' id='block_1_13' title="bbox 209 1304 1862 1387">
    <p class='ocr_par' dir='ltr' id='par_1_13' title="bbox 209 1304 1862 1387">
     <span class='ocr_line' id='line_1_13' title="bbox 209 1304 1862 1387; baseline 0.001 -23"><span class='ocrx_word' id='word_1_75' title='bbox 209 1309 425 1365; x_wconf 90' lang='lat' dir='ltr'>Billius</span> <span class='ocrx_word' id='word_1_76' title='bbox 455 1314 627 1381; x_wconf 84' lang='lat' dir='ltr'>putat</span> <span class='ocrx_word' id='word_1_77' title='bbox 646 1314 902 1366; x_wconf 81' lang='lat' dir='ltr'>veterem</span> <span class='ocrx_word' id='word_1_78' title='bbox 934 1310 1320 1383; x_wconf 85' lang='lat' dir='ltr'>interpretem</span> <span class='ocrx_word' id='word_1_79' title='bbox 1349 1312 1560 1384; x_wconf 81' lang='lat' dir='ltr'>legisse</span> <span class='ocrx_word' id='word_1_80' title='bbox 1591 1304 1714 1387; x_wconf 74' lang='grc' dir='ltr'>ἔφη.</span> <span class='ocrx_word' id='word_1_81' title='bbox 1748 1313 1862 1384; x_wconf 85' lang='lat' dir='ltr'>Ego</span> 
     </span>
    </p>
   </div>
   <div class='ocr_carea' id='block_1_14' title="bbox 209 1398 1863 1472">
    <p class='ocr_par' dir='ltr' id='par_1_14' title="bbox 209 1398 1863 1472">
     <span class='ocr_line' id='line_1_14' title="bbox 209 1398 1863 1472; baseline 0 -18"><span class='ocrx_word' id='word_1_82' title='bbox 209 1399 414 1471; x_wconf 85' lang='lat' dir='ltr'>potius</span> <span class='ocrx_word' id='word_1_83' title='bbox 434 1398 710 1453; x_wconf 83' lang='lat' dir='ltr'>existimo</span> <span class='ocrx_word' id='word_1_84' title='bbox 725 1404 982 1454; x_wconf 81' lang='lat' dir='ltr'>veterem</span> <span class='ocrx_word' id='word_1_85' title='bbox 1000 1400 1385 1472; x_wconf 89' lang='lat' dir='ltr'>interpretem</span> <span class='ocrx_word' id='word_1_86' title='bbox 1405 1417 1535 1456; x_wconf 89' lang='lat' dir='ltr'>eam</span> <span class='ocrx_word' id='word_1_87' title='bbox 1549 1418 1725 1472; x_wconf 91' lang='lat' dir='ltr'>quam</span> <span class='ocrx_word' id='word_1_88' title='bbox 1741 1401 1863 1472; x_wconf 89' lang='lat' dir='ltr'>ipse</span> 
     </span>
    </p>
   </div>
   <div class='ocr_carea' id='block_1_15' title="bbox 206 1487 1860 1562">
    <p class='ocr_par' dir='ltr' id='par_1_15' title="bbox 206 1487 1860 1562">
     <span class='ocr_line' id='line_1_15' title="bbox 206 1487 1860 1562; baseline 0.002 -19"><span class='ocrx_word' id='word_1_89' title='bbox 206 1487 356 1560; x_wconf 89' lang='lat' dir='ltr'>legit</span> <span class='ocrx_word' id='word_1_90' title='bbox 378 1504 582 1543; x_wconf 87' lang='lat' dir='ltr'>vocem</span> <span class='ocrx_word' id='word_1_91' title='bbox 603 1488 850 1544; x_wconf 91' lang='lat' dir='ltr'>minime</span> <span class='ocrx_word' id='word_1_92' title='bbox 874 1488 1260 1558; x_wconf 86' lang='lat' dir='ltr'>intellexisse,</span> <span class='ocrx_word' id='word_1_93' title='bbox 1289 1491 1541 1562; x_wconf 89' lang='lat' dir='ltr'>ideoque</span> <span class='ocrx_word' id='word_1_94' title='bbox 1568 1490 1860 1555; x_wconf 91' lang='lat' dir='ltr'>omisisse,</span> 
     </span>
    </p>
   </div>
   <div class='ocr_carea' id='block_1_16' title="bbox 206 1579 1862 1654">
    <p class='ocr_par' dir='ltr' id='par_1_16' title="bbox 206 1579 1862 1654">
     <span class='ocr_line' id='line_1_16' title="bbox 206 1579 1862 1654; baseline 0.002 -20"><span class='ocrx_word' id='word_1_95' title='bbox 206 1580 370 1652; x_wconf 90' lang='lat' dir='ltr'>quod</span> <span class='ocrx_word' id='word_1_96' title='bbox 405 1579 464 1634; x_wconf 93' lang='lat' dir='ltr'>id</span> <span class='ocrx_word' id='word_1_97' title='bbox 496 1579 656 1636; x_wconf 91' lang='lat' dir='ltr'>salvo</span> <span class='ocrx_word' id='word_1_98' title='bbox 692 1597 874 1636; x_wconf 90' lang='lat' dir='ltr'>sensu</span> <span class='ocrx_word' id='word_1_99' title='bbox 901 1581 1308 1652; x_wconf 90' lang='lat' dir='ltr'>ﬁeripotuisse</span> <span class='ocrx_word' id='word_1_100' title='bbox 1330 1583 1862 1654; x_wconf 88' lang='lat' dir='ltr'>putavit.Vetustis-</span> 
     </span>
    </p>
   </div>
   <div class='ocr_carea' id='block_1_17' title="bbox 208 1668 1862 1747">
    <p class='ocr_par' dir='ltr' id='par_1_17' title="bbox 208 1668 1862 1747">
     <span class='ocr_line' id='line_1_17' title="bbox 208 1668 1862 1747; baseline -0.001 -23"><span class='ocrx_word' id='word_1_101' title='bbox 208 1670 429 1724; x_wconf 85' lang='lat' dir='ltr'>simam</span> <span class='ocrx_word' id='word_1_102' title='bbox 454 1669 637 1740; x_wconf 83' lang='lat' dir='ltr'>igitur</span> <span class='ocrx_word' id='word_1_103' title='bbox 667 1668 984 1725; x_wconf 87' lang='lat' dir='ltr'>lectionem</span> <span class='ocrx_word' id='word_1_104' title='bbox 1009 1671 1199 1726; x_wconf 88' lang='lat' dir='ltr'>sentio</span> <span class='ocrx_word' id='word_1_105' title='bbox 1223 1671 1409 1726; x_wconf 88' lang='lat' dir='ltr'>fuisse</span> <span class='ocrx_word' id='word_1_106' title='bbox 1439 1669 1862 1747; x_wconf 80' lang='grc' dir='ltr'>ὲξηροφόρησεν,</span> 
     </span>
    </p>
   </div>
   <div class='ocr_carea' id='block_1_18' title="bbox 210 1758 1866 1835">
    <p class='ocr_par' dir='ltr' id='par_1_18' title="bbox 210 1758 1866 1835">
     <span class='ocr_line' id='line_1_18' title="bbox 210 1758 1866 1835; baseline -0.002 -20"><span class='ocrx_word' id='word_1_107' title='bbox 210 1765 271 1815; x_wconf 92' lang='lat' dir='ltr'>et</span> <span class='ocrx_word' id='word_1_108' title='bbox 301 1758 559 1814; x_wconf 87' lang='lat' dir='ltr'>fortasse</span> <span class='ocrx_word' id='word_1_109' title='bbox 585 1758 660 1814; x_wconf 90' lang='lat' dir='ltr'>ab</span> <span class='ocrx_word' id='word_1_110' title='bbox 693 1760 820 1831; x_wconf 89' lang='lat' dir='ltr'>ipso</span> <span class='ocrx_word' id='word_1_111' title='bbox 858 1761 1077 1815; x_wconf 70' lang='lat' dir='ltr'>lrenaao</span> <span class='ocrx_word' id='word_1_112' title='bbox 1094 1761 1422 1832; x_wconf 83' lang='lat' dir='ltr'>profectam</span> <span class='ocrx_word' id='word_1_113' title='bbox 1447 1781 1461 1827; x_wconf 86' lang='lat'><strong>;</strong></span> <span class='ocrx_word' id='word_1_114' title='bbox 1487 1760 1866 1835; x_wconf 71' lang='grc' dir='ltr'>Πειωξηροιρο-</span> 
     </span>
    </p>
   </div>
   <div class='ocr_carea' id='block_1_19' title="bbox 210 1847 1936 1948">
    <p class='ocr_par' dir='ltr' id='par_1_19' title="bbox 210 1847 1936 1948">
     <span class='ocr_line' id='line_1_19' title="bbox 210 1847 1936 1948; baseline 0.001 -48"><span class='ocrx_word' id='word_1_115' title='bbox 210 1851 323 1919; x_wconf 85' lang='grc' dir='ltr'>ρεῖν</span> <span class='ocrx_word' id='word_1_116' title='bbox 358 1847 522 1948; x_wconf 81' lang='lat' dir='ltr'>idem</span> <span class='ocrx_word' id='word_1_117' title='bbox 555 1847 887 1919; x_wconf 79' lang='lat' dir='ltr'>signiﬁcare</span> <span class='ocrx_word' id='word_1_118' title='bbox 917 1854 1111 1920; x_wconf 89' lang='lat' dir='ltr'>potest</span> <span class='ocrx_word' id='word_1_119' title='bbox 1141 1849 1298 1920; x_wconf 89' lang='lat' dir='ltr'>quod</span> <span class='ocrx_word' id='word_1_120' title='bbox 1329 1849 1553 1920; x_wconf 88' lang='lat' dir='ltr'>aliquid</span> <span class='ocrx_word' id='word_1_121' title='bbox 1586 1865 1858 1904; x_wconf 89' lang='lat' dir='ltr'>enarrare</span> <span class='ocrx_word' id='word_1_122' title='bbox 1891 1884 1936 1948; x_wconf 75' lang='grc' dir='ltr'>Β</span> 
     </span>
    </p>
   </div>
   <div class='ocr_carea' id='block_1_20' title="bbox 205 1930 1854 2010">
    <p class='ocr_par' dir='ltr' id='par_1_20' title="bbox 205 1930 1854 2010">
     <span class='ocr_line' id='line_1_20' title="bbox 205 1930 1854 2010; baseline 0.001 -21"><span class='ocrx_word' id='word_1_123' title='bbox 205 1936 400 2008; x_wconf 79' lang='grc' dir='ltr'>ξηραῖς</span> <span class='ocrx_word' id='word_1_124' title='bbox 434 1930 664 2004; x_wconf 79' lang='grc' dir='ltr'>λέξεσιν,</span> <span class='ocrx_word' id='word_1_125' title='bbox 698 1942 766 1992; x_wconf 89' lang='grc' dir='ltr'>ιιι</span> <span class='ocrx_word' id='word_1_126' title='bbox 795 1938 978 1992; x_wconf 73' lang='grc' dir='ltr'>ϐπ·ωοί</span> <span class='ocrx_word' id='word_1_127' title='bbox 1020 1937 1362 2010; x_wconf 90' lang='lat' dir='ltr'>loquuntur.</span> <span class='ocrx_word' id='word_1_128' title='bbox 1417 1939 1726 2009; x_wconf 90' lang='lat' dir='ltr'>Utcunque</span> <span class='ocrx_word' id='word_1_129' title='bbox 1759 1938 1854 2005; x_wconf 88' lang='lat' dir='ltr'>sit,</span> 
     </span>
    </p>
   </div>
   <div class='ocr_carea' id='block_1_21' title="bbox 205 2025 1857 2100">
    <p class='ocr_par' dir='ltr' id='par_1_21' title="bbox 205 2025 1857 2100">
     <span class='ocr_line' id='line_1_21' title="bbox 205 2025 1857 2100; baseline 0.002 -22"><span class='ocrx_word' id='word_1_130' title='bbox 205 2025 561 2080; x_wconf 77' lang='lat' dir='ltr'>Valentinus</span> <span class='ocrx_word' id='word_1_131' title='bbox 581 2026 676 2081; x_wconf 92' lang='lat' dir='ltr'>hic</span> <span class='ocrx_word' id='word_1_132' title='bbox 697 2026 1041 2082; x_wconf 88' lang='lat' dir='ltr'>nominatur</span> <span class='ocrx_word' id='word_1_133' title='bbox 1053 2033 1118 2082; x_wconf 87' lang='lat' dir='ltr'>ut</span> <span class='ocrx_word' id='word_1_134' title='bbox 1132 2044 1336 2083; x_wconf 93' lang='lat' dir='ltr'>eorum</span> <span class='ocrx_word' id='word_1_135' title='bbox 1351 2028 1857 2100; x_wconf 87' lang='lat' dir='ltr'>primus,quorum</span> 
     </span>
    </p>
   </div>
   <div class='ocr_carea' id='block_1_22' title="bbox 205 2116 1858 2174">
    <p class='ocr_par' dir='ltr' id='par_1_22' title="bbox 205 2116 1858 2174">
     <span class='ocr_line' id='line_1_22' title="bbox 205 2116 1858 2174; baseline -0.001 -2"><span class='ocrx_word' id='word_1_136' title='bbox 205 2116 575 2172; x_wconf 87' lang='lat' dir='ltr'>sententiam</span> <span class='ocrx_word' id='word_1_137' title='bbox 603 2118 863 2173; x_wconf 71' lang='lat' dir='ltr'>Irenaaus</span> <span class='ocrx_word' id='word_1_138' title='bbox 883 2117 1243 2174; x_wconf 89' lang='lat' dir='ltr'>tradiderat:</span> <span class='ocrx_word' id='word_1_139' title='bbox 1275 2118 1561 2174; x_wconf 90' lang='lat' dir='ltr'>asseritur</span> <span class='ocrx_word' id='word_1_140' title='bbox 1590 2134 1726 2172; x_wconf 88' lang='lat' dir='ltr'>eum</span> <span class='ocrx_word' id='word_1_141' title='bbox 1758 2133 1858 2172; x_wconf 83' lang='lat' dir='ltr'>an-</span> 
     </span>
    </p>
   </div>
   <div class='ocr_carea' id='block_1_23' title="bbox 203 2205 1854 2276">
    <p class='ocr_par' dir='ltr' id='par_1_23' title="bbox 203 2205 1854 2276">
     <span class='ocr_line' id='line_1_23' title="bbox 203 2205 1854 2276; baseline 0 -16"><span class='ocrx_word' id='word_1_142' title='bbox 203 2207 402 2276; x_wconf 88' lang='lat' dir='ltr'>tiqnas</span> <span class='ocrx_word' id='word_1_143' title='bbox 426 2205 732 2261; x_wconf 87' lang='lat' dir='ltr'>doctrinas</span> <span class='ocrx_word' id='word_1_144' title='bbox 779 2223 849 2261; x_wconf 81' lang='lat' dir='ltr'>ex</span> <span class='ocrx_word' id='word_1_145' title='bbox 877 2207 1090 2262; x_wconf 71' lang='lat' dir='ltr'>haeresi</span> <span class='ocrx_word' id='word_1_146' title='bbox 1123 2209 1398 2263; x_wconf 89' lang='lat' dir='ltr'>Gnostica</span> <span class='ocrx_word' id='word_1_147' title='bbox 1428 2206 1488 2262; x_wconf 90' lang='lat' dir='ltr'>in</span> <span class='ocrx_word' id='word_1_148' title='bbox 1520 2223 1693 2262; x_wconf 90' lang='lat' dir='ltr'>suum</span> <span class='ocrx_word' id='word_1_149' title='bbox 1717 2205 1854 2261; x_wconf 89' lang='lat' dir='ltr'>cha-</span> 
     </span>
    </p>
   </div>
   <div class='ocr_carea' id='block_1_24' title="bbox 200 2295 1858 2368">
    <p class='ocr_par' dir='ltr' id='par_1_24' title="bbox 200 2295 1858 2368">
     <span class='ocr_line' id='line_1_24' title="bbox 200 2295 1858 2368; baseline -0.001 -19"><span class='ocrx_word' id='word_1_150' title='bbox 200 2306 316 2350; x_wconf 80' lang='lat' dir='ltr'>racl</span> <span class='ocrx_word' id='word_1_151' title='bbox 329 2312 500 2350; x_wconf 88' lang='lat' dir='ltr'>erem</span> <span class='ocrx_word' id='word_1_152' title='bbox 518 2299 649 2350; x_wconf 90' lang='lat' dir='ltr'>tran</span> <span class='ocrx_word' id='word_1_153' title='bbox 659 2295 1173 2368; x_wconf 90' lang='lat' dir='ltr'>stulisse;ejusque</span> <span class='ocrx_word' id='word_1_154' title='bbox 1189 2296 1494 2352; x_wconf 89' lang='lat' dir='ltr'>character</span> <span class='ocrx_word' id='word_1_155' title='bbox 1511 2296 1710 2351; x_wconf 90' lang='lat' dir='ltr'>statim</span> <span class='ocrx_word' id='word_1_156' title='bbox 1729 2295 1858 2349; x_wconf 86' lang='lat' dir='ltr'>bre-</span> 
     </span>
    </p>
   </div>
   <div class='ocr_carea' id='block_1_25' title="bbox 201 2381 1857 2455">
    <p class='ocr_par' dir='ltr' id='par_1_25' title="bbox 201 2381 1857 2455">
     <span class='ocr_line' id='line_1_25' title="bbox 201 2381 1857 2455; baseline 0 -19"><span class='ocrx_word' id='word_1_157' title='bbox 201 2382 351 2437; x_wconf 88' lang='lat' dir='ltr'>viter</span> <span class='ocrx_word' id='word_1_158' title='bbox 371 2381 728 2455; x_wconf 82' lang='lat' dir='ltr'>explicatur,</span> <span class='ocrx_word' id='word_1_159' title='bbox 761 2382 824 2437; x_wconf 90' lang='lat' dir='ltr'>in</span> <span class='ocrx_word' id='word_1_160' title='bbox 855 2400 969 2454; x_wconf 90' lang='lat' dir='ltr'>quo</span> <span class='ocrx_word' id='word_1_161' title='bbox 1003 2383 1203 2454; x_wconf 89' lang='lat' dir='ltr'>aliqua</span> <span class='ocrx_word' id='word_1_162' title='bbox 1234 2400 1304 2438; x_wconf 79' lang='lat' dir='ltr'>ex</span> <span class='ocrx_word' id='word_1_163' title='bbox 1334 2383 1626 2439; x_wconf 87' lang='lat' dir='ltr'>Gnosticis</span> <span class='ocrx_word' id='word_1_164' title='bbox 1645 2383 1857 2438; x_wconf 89' lang='lat' dir='ltr'>hausta</span> 
     </span>
    </p>
   </div>
   <div class='ocr_carea' id='block_1_26' title="bbox 199 2472 1854 2546">
    <p class='ocr_par' dir='ltr' id='par_1_26' title="bbox 199 2472 1854 2546">
     <span class='ocr_line' id='line_1_26' title="bbox 199 2472 1854 2546; baseline -0.001 -20"><span class='ocrx_word' id='word_1_165' title='bbox 199 2472 608 2545; x_wconf 87' lang='lat' dir='ltr'>reperiuntur.</span> <span class='ocrx_word' id='word_1_166' title='bbox 633 2473 892 2528; x_wconf 83' lang='lat' dir='ltr'>Tandem</span> <span class='ocrx_word' id='word_1_167' title='bbox 915 2473 1071 2529; x_wconf 89' lang='lat' dir='ltr'>clare</span> <span class='ocrx_word' id='word_1_168' title='bbox 1102 2474 1458 2546; x_wconf 87' lang='lat' dir='ltr'>perspicitur</span> <span class='ocrx_word' id='word_1_169' title='bbox 1482 2490 1660 2545; x_wconf 90' lang='lat' dir='ltr'>quam</span> <span class='ocrx_word' id='word_1_170' title='bbox 1678 2472 1854 2526; x_wconf 90' lang='lat' dir='ltr'>inﬁr-</span> 
     </span>
    </p>
   </div>
   <div class='ocr_carea' id='block_1_27' title="bbox 199 2560 1850 2636">
    <p class='ocr_par' dir='ltr' id='par_1_27' title="bbox 199 2560 1850 2636">
     <span class='ocr_line' id='line_1_27' title="bbox 199 2560 1850 2636; baseline -0.001 -18"><span class='ocrx_word' id='word_1_171' title='bbox 199 2579 370 2618; x_wconf 85' lang='lat' dir='ltr'>mum</span> <span class='ocrx_word' id='word_1_172' title='bbox 391 2561 471 2616; x_wconf 91' lang='lat' dir='ltr'>sit</span> <span class='ocrx_word' id='word_1_173' title='bbox 494 2560 694 2616; x_wconf 71' lang='lat' dir='ltr'>Dallaai</span> <span class='ocrx_word' id='word_1_174' title='bbox 716 2568 1127 2636; x_wconf 89' lang='lat' dir='ltr'>argumentum</span> <span class='ocrx_word' id='word_1_175' title='bbox 1153 2580 1223 2618; x_wconf 82' lang='lat' dir='ltr'>ex</span> <span class='ocrx_word' id='word_1_176' title='bbox 1253 2580 1390 2618; x_wconf 88' lang='lat' dir='ltr'>voce</span> <span class='ocrx_word' id='word_1_177' title='bbox 1420 2565 1638 2636; x_wconf 77' lang='grc' dir='ltr'>πρῶτος</span> <span class='ocrx_word' id='word_1_178' title='bbox 1667 2560 1850 2616; x_wconf 86' lang='lat' dir='ltr'>dedu-</span> 
     </span>
    </p>
   </div>
   <div class='ocr_carea' id='block_1_28' title="bbox 202 2651 1855 2724">
    <p class='ocr_par' dir='ltr' id='par_1_28' title="bbox 202 2651 1855 2724">
     <span class='ocr_line' id='line_1_28' title="bbox 202 2651 1855 2724; baseline -0.002 -17"><span class='ocrx_word' id='word_1_179' title='bbox 202 2657 390 2707; x_wconf 86' lang='lat' dir='ltr'>ctum.</span> <span class='ocrx_word' id='word_1_180' title='bbox 407 2651 497 2705; x_wconf 71' lang='lat' dir='ltr'>cSi</span> <span class='ocrx_word' id='word_1_181' title='bbox 510 2652 1231 2724; x_wconf 64' lang='lat' dir='ltr'>haec,inqnit,Valentinus</span> <span class='ocrx_word' id='word_1_182' title='bbox 1245 2671 1315 2708; x_wconf 81' lang='lat' dir='ltr'>ex</span> <span class='ocrx_word' id='word_1_183' title='bbox 1326 2651 1616 2708; x_wconf 87' lang='lat' dir='ltr'>Gnosticis</span> <span class='ocrx_word' id='word_1_184' title='bbox 1628 2651 1855 2723; x_wconf 90' lang='lat' dir='ltr'>primus</span> 
     </span>
    </p>
   </div>
   <div class='ocr_carea' id='block_1_29' title="bbox 199 2739 1853 2809">
    <p class='ocr_par' dir='ltr' id='par_1_29' title="bbox 199 2739 1853 2809">
     <span class='ocr_line' id='line_1_29' title="bbox 199 2739 1853 2809; baseline -0.002 -12"><span class='ocrx_word' id='word_1_185' title='bbox 199 2741 667 2809; x_wconf 88' lang='lat' dir='ltr'>deﬁnivit,certe</span> <span class='ocrx_word' id='word_1_186' title='bbox 685 2743 883 2798; x_wconf 90' lang='lat' dir='ltr'>nullus</span> <span class='ocrx_word' id='word_1_187' title='bbox 904 2749 1041 2800; x_wconf 87' lang='lat' dir='ltr'>ante</span> <span class='ocrx_word' id='word_1_188' title='bbox 1066 2759 1201 2799; x_wconf 90' lang='lat' dir='ltr'>eum</span> <span class='ocrx_word' id='word_1_189' title='bbox 1219 2743 1529 2798; x_wconf 83' lang='lat' dir='ltr'>Gnosticus</span> <span class='ocrx_word' id='word_1_190' title='bbox 1541 2741 1625 2796; x_wconf 90' lang='lat' dir='ltr'>sic</span> <span class='ocrx_word' id='word_1_191' title='bbox 1642 2739 1853 2795; x_wconf 89' lang='lat' dir='ltr'>deﬁni-</span> 
     </span>
    </p>
   </div>
   <div class='ocr_carea' id='block_1_30' title="bbox 196 2831 1853 2906">
    <p class='ocr_par' dir='ltr' id='par_1_30' title="bbox 196 2831 1853 2906">
     <span class='ocr_line' id='line_1_30' title="bbox 196 2831 1853 2906; baseline 0.002 -23"><span class='ocrx_word' id='word_1_192' title='bbox 196 2839 378 2887; x_wconf 85' lang='lat' dir='ltr'>verat.</span> <span class='ocrx_word' id='word_1_193' title='bbox 393 2832 595 2904; x_wconf 80' lang='lat' dir='ltr'>Logon</span> <span class='ocrx_word' id='word_1_194' title='bbox 616 2831 762 2888; x_wconf 91' lang='lat' dir='ltr'>adeo</span> <span class='ocrx_word' id='word_1_195' title='bbox 783 2851 851 2888; x_wconf 85' lang='lat' dir='ltr'>ex</span> <span class='ocrx_word' id='word_1_196' title='bbox 875 2834 1003 2906; x_wconf 88' lang='lat' dir='ltr'>Sige</span> <span class='ocrx_word' id='word_1_197' title='bbox 1024 2833 1446 2890; x_wconf 87' lang='lat' dir='ltr'>fructiﬁcatum</span> <span class='ocrx_word' id='word_1_198' title='bbox 1465 2832 1648 2906; x_wconf 86' lang='lat' dir='ltr'>(quod</span> <span class='ocrx_word' id='word_1_199' title='bbox 1669 2848 1853 2889; x_wconf 89' lang='lat' dir='ltr'>unum</span> 
     </span>
    </p>
   </div>
   <div class='ocr_carea' id='block_1_31' title="bbox 193 2920 1851 2996">
    <p class='ocr_par' dir='ltr' id='par_1_31' title="bbox 193 2920 1851 2996">
     <span class='ocr_line' id='line_1_31' title="bbox 193 2920 1851 2996; baseline 0.001 -20"><span class='ocrx_word' id='word_1_200' title='bbox 193 2927 282 2976; x_wconf 89' lang='lat' dir='ltr'>est</span> <span class='ocrx_word' id='word_1_201' title='bbox 301 2937 374 2976; x_wconf 85' lang='lat' dir='ltr'>ex</span> <span class='ocrx_word' id='word_1_202' title='bbox 404 2920 529 2974; x_wconf 90' lang='lat' dir='ltr'>illis</span> <span class='ocrx_word' id='word_1_203' title='bbox 553 2920 638 2976; x_wconf 89' lang='lat' dir='ltr'>sic</span> <span class='ocrx_word' id='word_1_204' title='bbox 669 2939 702 2976; x_wconf 90' lang='lat' dir='ltr'>a</span> <span class='ocrx_word' id='word_1_205' title='bbox 721 2921 1028 2978; x_wconf 85' lang='lat' dir='ltr'>Valentino</span> <span class='ocrx_word' id='word_1_206' title='bbox 1051 2923 1335 2996; x_wconf 89' lang='lat' dir='ltr'>deﬁnitis)</span> <span class='ocrx_word' id='word_1_207' title='bbox 1357 2940 1533 2979; x_wconf 91' lang='lat' dir='ltr'>nemo</span> <span class='ocrx_word' id='word_1_208' title='bbox 1557 2928 1693 2979; x_wconf 88' lang='lat' dir='ltr'>ante</span> <span class='ocrx_word' id='word_1_209' title='bbox 1712 2939 1851 2979; x_wconf 91' lang='lat' dir='ltr'>eum</span> 
     </span>
    </p>
   </div>
   <div class='ocr_carea' id='block_1_32' title="bbox 189 3009 1852 3085">
    <p class='ocr_par' dir='ltr' id='par_1_32' title="bbox 189 3009 1852 3085">
     <span class='ocr_line' id='line_1_32' title="bbox 189 3009 1852 3085; baseline 0.001 -19"><span class='ocrx_word' id='word_1_210' title='bbox 189 3011 515 3066; x_wconf 87' lang='lat' dir='ltr'>Gnosticus</span> <span class='ocrx_word' id='word_1_211' title='bbox 538 3009 908 3068; x_wconf 86' lang='lat' dir='ltr'>deliraverat.</span> <span class='ocrx_word' id='word_1_212' title='bbox 930 3036 958 3063; x_wconf 84' lang='lat'><strong>»</strong></span> <span class='ocrx_word' id='word_1_213' title='bbox 989 3014 1205 3070; x_wconf 81' lang='lat' dir='ltr'>Nititur</span> <span class='ocrx_word' id='word_1_214' title='bbox 1227 3014 1385 3068; x_wconf 89' lang='lat' dir='ltr'>enim</span> <span class='ocrx_word' id='word_1_215' title='bbox 1407 3012 1852 3085; x_wconf 87' lang='lat' dir='ltr'>interpretatio-</span> 
     </span>
    </p>
   </div>
   <div class='ocr_carea' id='block_1_33' title="bbox 185 3102 1849 3171">
    <p class='ocr_par' dir='ltr' id='par_1_33' title="bbox 185 3102 1849 3171">
     <span class='ocr_line' id='line_1_33' title="bbox 185 3102 1849 3171; baseline 0.001 -16"><span class='ocrx_word' id='word_1_216' title='bbox 185 3117 283 3165; x_wconf 89' lang='lat' dir='ltr'>ne,</span> <span class='ocrx_word' id='word_1_217' title='bbox 323 3117 462 3171; x_wconf 69' lang='lat' dir='ltr'>qua:</span> <span class='ocrx_word' id='word_1_218' title='bbox 497 3102 858 3157; x_wconf 91' lang='lat' dir='ltr'>sententiam</span> <span class='ocrx_word' id='word_1_219' title='bbox 889 3105 1099 3159; x_wconf 70' lang='lat' dir='ltr'>Irenaai</span> <span class='ocrx_word' id='word_1_220' title='bbox 1141 3105 1289 3160; x_wconf 89' lang='lat' dir='ltr'>mire</span> <span class='ocrx_word' id='word_1_221' title='bbox 1315 3103 1648 3170; x_wconf 80' lang='lat' dir='ltr'>confundit,</span> <span class='ocrx_word' id='word_1_222' title='bbox 1684 3110 1741 3157; x_wconf 92' lang='lat' dir='ltr'>et</span> <span class='ocrx_word' id='word_1_223' title='bbox 1776 3103 1849 3159; x_wconf 91' lang='lat' dir='ltr'>ab</span> 
     </span>
    </p>
   </div>
   <div class='ocr_carea' id='block_1_34' title="bbox 185 3191 1846 3262">
    <p class='ocr_par' dir='ltr' id='par_1_34' title="bbox 185 3191 1846 3262">
     <span class='ocr_line' id='line_1_34' title="bbox 185 3191 1846 3262; baseline 0.001 -17"><span class='ocrx_word' id='word_1_224' title='bbox 185 3192 318 3262; x_wconf 84' lang='lat' dir='ltr'>ejus</span> <span class='ocrx_word' id='word_1_225' title='bbox 357 3194 566 3245; x_wconf 88' lang='lat' dir='ltr'>mente</span> <span class='ocrx_word' id='word_1_226' title='bbox 600 3208 840 3261; x_wconf 85' lang='lat' dir='ltr'>prorsus</span> <span class='ocrx_word' id='word_1_227' title='bbox 867 3191 1059 3250; x_wconf 89' lang='lat' dir='ltr'>aliena</span> <span class='ocrx_word' id='word_1_228' title='bbox 1089 3200 1212 3250; x_wconf 91' lang='lat' dir='ltr'>est:</span> <span class='ocrx_word' id='word_1_229' title='bbox 1266 3200 1325 3250; x_wconf 90' lang='lat' dir='ltr'>et</span> <span class='ocrx_word' id='word_1_230' title='bbox 1354 3193 1560 3250; x_wconf 88' lang='lat' dir='ltr'>statuit</span> <span class='ocrx_word' id='word_1_231' title='bbox 1589 3216 1616 3243; x_wconf 87' lang='grc'><strong>‹‹</strong></span> <span class='ocrx_word' id='word_1_232' title='bbox 1652 3193 1846 3261; x_wconf 81' lang='lat' dir='ltr'>Logon</span> 
     </span>
    </p>
   </div>
   <div class='ocr_carea' id='block_1_35' title="bbox 187 3259 1930 3352">
    <p class='ocr_par' dir='ltr' id='par_1_35' title="bbox 187 3259 1930 3352">
     <span class='ocr_line' id='line_1_35' title="bbox 187 3259 1930 3352; baseline 0.002 -17"><span class='ocrx_word' id='word_1_233' title='bbox 187 3297 257 3335; x_wconf 81' lang='lat' dir='ltr'>ex</span> <span class='ocrx_word' id='word_1_234' title='bbox 290 3280 426 3352; x_wconf 90' lang='lat' dir='ltr'>Sige</span> <span class='ocrx_word' id='word_1_235' title='bbox 453 3278 876 3338; x_wconf 79' lang='lat' dir='ltr'>l&#39;ructiﬁcatum</span> <span class='ocrx_word' id='word_1_236' title='bbox 910 3305 938 3332; x_wconf 89' lang='grc'><strong>››</strong></span> <span class='ocrx_word' id='word_1_237' title='bbox 967 3301 1094 3339; x_wconf 90' lang='lat' dir='ltr'>esse</span> <span class='ocrx_word' id='word_1_238' title='bbox 1118 3301 1306 3342; x_wconf 87' lang='lat' dir='ltr'>unum</span> <span class='ocrx_word' id='word_1_239' title='bbox 1338 3302 1408 3340; x_wconf 83' lang='lat' dir='ltr'>ex</span> <span class='ocrx_word' id='word_1_240' title='bbox 1440 3283 1557 3340; x_wconf 90' lang='lat' dir='ltr'>illis</span> <span class='ocrx_word' id='word_1_241' title='bbox 1589 3299 1623 3338; x_wconf 89' lang='lat' dir='ltr'>a</span> <span class='ocrx_word' id='word_1_242' title='bbox 1644 3282 1848 3338; x_wconf 90' lang='lat' dir='ltr'>Valen-</span> <span class='ocrx_word' id='word_1_243' title='bbox 1886 3259 1930 3326; x_wconf 64' lang='grc' dir='ltr'>(ἶ</span> 
     </span>
    </p>
   </div>
   <div class='ocr_carea' id='block_1_36' title="bbox 189 3367 1854 3444">
    <p class='ocr_par' dir='ltr' id='par_1_36' title="bbox 189 3367 1854 3444">
     <span class='ocr_line' id='line_1_36' title="bbox 189 3367 1854 3444; baseline 0.002 -22"><span class='ocrx_word' id='word_1_244' title='bbox 189 3369 312 3422; x_wconf 88' lang='lat' dir='ltr'>tino</span> <span class='ocrx_word' id='word_1_245' title='bbox 346 3367 640 3437; x_wconf 90' lang='lat' dir='ltr'>deﬁnitis,</span> <span class='ocrx_word' id='word_1_246' title='bbox 674 3387 809 3425; x_wconf 91' lang='lat' dir='ltr'>cum</span> <span class='ocrx_word' id='word_1_247' title='bbox 846 3371 1183 3428; x_wconf 85' lang='lat' dir='ltr'>Valentinus</span> <span class='ocrx_word' id='word_1_248' title='bbox 1217 3390 1337 3428; x_wconf 91' lang='lat' dir='ltr'>non</span> <span class='ocrx_word' id='word_1_249' title='bbox 1368 3372 1524 3429; x_wconf 91' lang='lat' dir='ltr'>dicat</span> <span class='ocrx_word' id='word_1_250' title='bbox 1556 3373 1751 3444; x_wconf 82' lang='lat' dir='ltr'>Logon</span> <span class='ocrx_word' id='word_1_251' title='bbox 1785 3387 1854 3425; x_wconf 81' lang='lat' dir='ltr'>ex</span> 
     </span>
    </p>
   </div>
   <div class='ocr_carea' id='block_1_37' title="bbox 189 3456 1849 3530">
    <p class='ocr_par' dir='ltr' id='par_1_37' title="bbox 189 3456 1849 3530">
     <span class='ocr_line' id='line_1_37' title="bbox 189 3456 1849 3530; baseline 0.004 -19"><span class='ocrx_word' id='word_1_252' title='bbox 189 3457 347 3530; x_wconf 80' lang='lat' dir='ltr'>Sige,</span> <span class='ocrx_word' id='word_1_253' title='bbox 385 3456 495 3512; x_wconf 92' lang='lat' dir='ltr'>sed</span> <span class='ocrx_word' id='word_1_254' title='bbox 525 3478 554 3506; x_wconf 85' lang='lat'><strong><em>«</em></strong></span> <span class='ocrx_word' id='word_1_255' title='bbox 586 3474 655 3512; x_wconf 83' lang='lat' dir='ltr'>ex</span> <span class='ocrx_word' id='word_1_256' title='bbox 685 3460 877 3529; x_wconf 90' lang='lat' dir='ltr'>prima</span> <span class='ocrx_word' id='word_1_257' title='bbox 899 3463 1126 3517; x_wconf 89' lang='lat' dir='ltr'>tetrade</span> <span class='ocrx_word' id='word_1_258' title='bbox 1154 3461 1638 3528; x_wconf 72' lang='lat' dir='ltr'>fructil&#39;icatum,»</span> <span class='ocrx_word' id='word_1_259' title='bbox 1661 3459 1722 3514; x_wconf 84' lang='grc' dir='ltr'>ἐκ</span> <span class='ocrx_word' id='word_1_260' title='bbox 1749 3464 1849 3528; x_wconf 80' lang='grc' dir='ltr'>τῆς</span> 
     </span>
    </p>
   </div>
   <div class='ocr_carea' id='block_1_38' title="bbox 187 3544 1854 3626">
    <p class='ocr_par' dir='ltr' id='par_1_38' title="bbox 187 3544 1854 3626">
     <span class='ocr_line' id='line_1_38' title="bbox 187 3544 1854 3626; baseline 0.002 -26"><span class='ocrx_word' id='word_1_261' title='bbox 187 3545 452 3618; x_wconf 70' lang='grc' dir='ltr'>τετράδος</span> <span class='ocrx_word' id='word_1_262' title='bbox 485 3544 686 3616; x_wconf 71' lang='grc' dir='ltr'><strong>ταύτης</strong></span> <span class='ocrx_word' id='word_1_263' title='bbox 730 3552 1214 3626; x_wconf 66' lang='grc' dir='ltr'>καρποφορεῖσθαι,</span> <span class='ocrx_word' id='word_1_264' title='bbox 1248 3553 1424 3623; x_wconf 89' lang='lat' dir='ltr'>idque</span> <span class='ocrx_word' id='word_1_265' title='bbox 1477 3568 1597 3607; x_wconf 87' lang='lat' dir='ltr'>non</span> <span class='ocrx_word' id='word_1_266' title='bbox 1628 3549 1788 3621; x_wconf 90' lang='lat' dir='ltr'>quod</span> <span class='ocrx_word' id='word_1_267' title='bbox 1819 3565 1854 3604; x_wconf 81' lang='lat'>8.</span> 
     </span>
    </p>
   </div>
   <div class='ocr_carea' id='block_1_39' title="bbox 189 3636 1849 3713">
    <p class='ocr_par' dir='ltr' id='par_1_39' title="bbox 189 3636 1849 3713">
     <span class='ocr_line' id='line_1_39' title="bbox 189 3636 1849 3713; baseline 0.002 -23"><span class='ocrx_word' id='word_1_268' title='bbox 189 3637 346 3709; x_wconf 87' lang='lat' dir='ltr'>Sige,</span> <span class='ocrx_word' id='word_1_269' title='bbox 380 3636 490 3691; x_wconf 91' lang='lat' dir='ltr'>sed</span> <span class='ocrx_word' id='word_1_270' title='bbox 521 3638 682 3708; x_wconf 90' lang='lat' dir='ltr'>quod</span> <span class='ocrx_word' id='word_1_271' title='bbox 712 3638 783 3694; x_wconf 89' lang='lat' dir='ltr'>ab</span> <span class='ocrx_word' id='word_1_272' title='bbox 817 3640 1050 3696; x_wconf 75' lang='lat' dir='ltr'>Alethia</span> <span class='ocrx_word' id='word_1_273' title='bbox 1079 3643 1330 3698; x_wconf 89' lang='lat' dir='ltr'>emissus</span> <span class='ocrx_word' id='word_1_274' title='bbox 1389 3646 1568 3706; x_wconf 89' lang='lat' dir='ltr'>esset,</span> <span class='ocrx_word' id='word_1_275' title='bbox 1624 3657 1756 3713; x_wconf 66' lang='lat' dir='ltr'>quas</span> <span class='ocrx_word' id='word_1_276' title='bbox 1788 3639 1849 3694; x_wconf 93' lang='lat' dir='ltr'>in</span> 
     </span>
    </p>
   </div>
   <div class='ocr_carea' id='block_1_40' title="bbox 188 3727 1850 3804">
    <p class='ocr_par' dir='ltr' id='par_1_40' title="bbox 188 3727 1850 3804">
     <span class='ocr_line' id='line_1_40' title="bbox 188 3727 1850 3804; baseline 0.002 -22"><span class='ocrx_word' id='word_1_277' title='bbox 188 3727 403 3782; x_wconf 87' lang='lat' dir='ltr'>eadem</span> <span class='ocrx_word' id='word_1_278' title='bbox 440 3727 668 3783; x_wconf 87' lang='lat' dir='ltr'>tetrade</span> <span class='ocrx_word' id='word_1_279' title='bbox 699 3737 834 3801; x_wconf 91' lang='lat' dir='ltr'>post</span> <span class='ocrx_word' id='word_1_280' title='bbox 864 3731 1037 3804; x_wconf 87' lang='lat' dir='ltr'>Sigen</span> <span class='ocrx_word' id='word_1_281' title='bbox 1060 3731 1192 3788; x_wconf 81' lang='lat' dir='ltr'>fuit.</span> <span class='ocrx_word' id='word_1_282' title='bbox 1228 3733 1353 3788; x_wconf 89' lang='lat' dir='ltr'>Non</span> <span class='ocrx_word' id='word_1_283' title='bbox 1386 3737 1586 3788; x_wconf 90' lang='lat' dir='ltr'>autem</span> <span class='ocrx_word' id='word_1_284' title='bbox 1619 3731 1744 3786; x_wconf 66' lang='lat' dir='ltr'>haec</span> <span class='ocrx_word' id='word_1_285' title='bbox 1767 3731 1850 3785; x_wconf 91' lang='lat' dir='ltr'>ita</span> 
     </span>
    </p>
   </div>
   <div class='ocr_carea' id='block_1_41' title="bbox 187 3816 1851 3888">
    <p class='ocr_par' dir='ltr' id='par_1_41' title="bbox 187 3816 1851 3888">
     <span class='ocr_line' id='line_1_41' title="bbox 187 3816 1851 3888; baseline 0.003 -17"><span class='ocrx_word' id='word_1_286' title='bbox 187 3816 685 3888; x_wconf 87' lang='lat' dir='ltr'>intelligimus,ut</span> <span class='ocrx_word' id='word_1_287' title='bbox 713 3821 874 3875; x_wconf 88' lang='lat' dir='ltr'>nulla</span> <span class='ocrx_word' id='word_1_288' title='bbox 886 3821 1004 3877; x_wconf 89' lang='lat' dir='ltr'>alia</span> <span class='ocrx_word' id='word_1_289' title='bbox 1025 3822 1297 3877; x_wconf 88' lang='lat' dir='ltr'>doctrina</span> <span class='ocrx_word' id='word_1_290' title='bbox 1317 3823 1379 3876; x_wconf 91' lang='lat' dir='ltr'>in</span> <span class='ocrx_word' id='word_1_291' title='bbox 1399 3821 1689 3877; x_wconf 83' lang='lat' dir='ltr'>Valentini</span> <span class='ocrx_word' id='word_1_292' title='bbox 1710 3822 1851 3877; x_wconf 90' lang='lat' dir='ltr'>cha-</span> 
     </span>
    </p>
   </div>
   <div class='ocr_carea' id='block_1_42' title="bbox 185 3907 1848 3983">
    <p class='ocr_par' dir='ltr' id='par_1_42' title="bbox 185 3907 1848 3983">
     <span class='ocr_line' id='line_1_42' title="bbox 185 3907 1848 3983; baseline 0.004 -23"><span class='ocrx_word' id='word_1_293' title='bbox 185 3912 419 3962; x_wconf 86' lang='lat' dir='ltr'>ractere</span> <span class='ocrx_word' id='word_1_294' title='bbox 449 3907 882 3979; x_wconf 88' lang='lat' dir='ltr'>contineretur,</span> <span class='ocrx_word' id='word_1_295' title='bbox 917 3916 1132 3983; x_wconf 62' lang='lat' dir='ltr'>printer</span> <span class='ocrx_word' id='word_1_296' title='bbox 1162 3913 1440 3983; x_wconf 90' lang='lat' dir='ltr'>antiquas</span> <span class='ocrx_word' id='word_1_297' title='bbox 1473 3911 1601 3966; x_wconf 89' lang='lat' dir='ltr'>illas</span> <span class='ocrx_word' id='word_1_298' title='bbox 1633 3929 1667 3967; x_wconf 92' lang='lat' dir='ltr'>a</span> <span class='ocrx_word' id='word_1_299' title='bbox 1696 3912 1848 3966; x_wconf 87' lang='lat' dir='ltr'>Gno-</span> 
     </span>
    </p>
   </div>
   <div class='ocr_carea' id='block_1_43' title="bbox 185 3997 1848 4065">
    <p class='ocr_par' dir='ltr' id='par_1_43' title="bbox 185 3997 1848 4065">
     <span class='ocr_line' id='line_1_43' title="bbox 185 3997 1848 4065; baseline 0.004 -14"><span class='ocrx_word' id='word_1_300' title='bbox 185 3998 356 4052; x_wconf 89' lang='lat' dir='ltr'>sticis</span> <span class='ocrx_word' id='word_1_301' title='bbox 387 3997 659 4065; x_wconf 88' lang='lat' dir='ltr'>haustas,</span> <span class='ocrx_word' id='word_1_302' title='bbox 694 4008 797 4056; x_wconf 90' lang='lat' dir='ltr'>ant</span> <span class='ocrx_word' id='word_1_303' title='bbox 853 4002 1017 4057; x_wconf 89' lang='lat' dir='ltr'>illius</span> <span class='ocrx_word' id='word_1_304' title='bbox 1075 4003 1320 4058; x_wconf 64' lang='lat' dir='ltr'>haeresis</span> <span class='ocrx_word' id='word_1_305' title='bbox 1372 4003 1523 4058; x_wconf 90' lang='lat' dir='ltr'>nihil</span> <span class='ocrx_word' id='word_1_306' title='bbox 1556 4003 1848 4059; x_wconf 77' lang='lat' dir='ltr'>Gnosticae</span> 
     </span>
    </p>
   </div>
   <div class='ocr_carea' id='block_1_44' title="bbox 181 4085 1848 4164">
    <p class='ocr_par' dir='ltr' id='par_1_44' title="bbox 181 4085 1848 4164">
     <span class='ocr_line' id='line_1_44' title="bbox 181 4085 1848 4164; baseline 0.004 -24"><span class='ocrx_word' id='word_1_307' title='bbox 181 4085 399 4142; x_wconf 77' lang='lat' dir='ltr'>haeresi</span> <span class='ocrx_word' id='word_1_308' title='bbox 429 4086 748 4143; x_wconf 87' lang='lat' dir='ltr'>addiderit.</span> <span class='ocrx_word' id='word_1_309' title='bbox 786 4090 1004 4146; x_wconf 89' lang='lat' dir='ltr'>Fabula</span> <span class='ocrx_word' id='word_1_310' title='bbox 1031 4092 1270 4164; x_wconf 86' lang='lat' dir='ltr'>triginta</span> <span class='ocrx_word' id='word_1_311' title='bbox 1300 4094 1550 4147; x_wconf 65' lang='lat' dir='ltr'>onnum</span> <span class='ocrx_word' id='word_1_312' title='bbox 1581 4092 1668 4146; x_wconf 87' lang='lat' dir='ltr'>illi</span> <span class='ocrx_word' id='word_1_313' title='bbox 1709 4110 1848 4163; x_wconf 91' lang='lat' dir='ltr'>pro-</span> 
     </span>
    </p>
   </div>
   <div class='ocr_carea' id='block_1_45' title="bbox 181 4176 1844 4253">
    <p class='ocr_par' dir='ltr' id='par_1_45' title="bbox 181 4176 1844 4253">
     <span class='ocr_line' id='line_1_45' title="bbox 181 4176 1844 4253; baseline 0.003 -23"><span class='ocrx_word' id='word_1_314' title='bbox 181 4177 315 4248; x_wconf 86' lang='lat' dir='ltr'>pria</span> <span class='ocrx_word' id='word_1_315' title='bbox 347 4176 486 4241; x_wconf 81' lang='lat' dir='ltr'>fuit,</span> <span class='ocrx_word' id='word_1_316' title='bbox 519 4177 746 4234; x_wconf 79' lang='lat' dir='ltr'>decada</span> <span class='ocrx_word' id='word_1_317' title='bbox 778 4186 836 4234; x_wconf 91' lang='lat' dir='ltr'>et</span> <span class='ocrx_word' id='word_1_318' title='bbox 893 4179 1258 4249; x_wconf 88' lang='lat' dir='ltr'>duodecada,</span> <span class='ocrx_word' id='word_1_319' title='bbox 1311 4183 1545 4253; x_wconf 89' lang='lat' dir='ltr'>opinor,</span> <span class='ocrx_word' id='word_1_320' title='bbox 1605 4181 1844 4252; x_wconf 83' lang='lat' dir='ltr'>adjecit.</span> 
     </span>
    </p>
   </div>
   <div class='ocr_carea' id='block_1_46' title="bbox 182 4267 1848 4344">
    <p class='ocr_par' dir='ltr' id='par_1_46' title="bbox 182 4267 1848 4344">
     <span class='ocr_line' id='line_1_46' title="bbox 182 4267 1848 4344; baseline 0.002 -22"><span class='ocrx_word' id='word_1_321' title='bbox 182 4267 456 4322; x_wconf 88' lang='lat' dir='ltr'>Primam</span> <span class='ocrx_word' id='word_1_322' title='bbox 490 4268 755 4340; x_wconf 86' lang='lat' dir='ltr'>ogdoada</span> <span class='ocrx_word' id='word_1_323' title='bbox 784 4270 907 4342; x_wconf 88' lang='lat' dir='ltr'>ipse</span> <span class='ocrx_word' id='word_1_324' title='bbox 932 4287 1052 4326; x_wconf 92' lang='lat' dir='ltr'>non</span> <span class='ocrx_word' id='word_1_325' title='bbox 1084 4273 1563 4344; x_wconf 84' lang='lat' dir='ltr'>excogitavit,sed</span> <span class='ocrx_word' id='word_1_326' title='bbox 1587 4272 1848 4328; x_wconf 90' lang='lat' dir='ltr'>aveteri-</span> 
     </span>
    </p>
   </div>
   <div class='ocr_carea' id='block_1_47' title="bbox 183 4357 1846 4426">
    <p class='ocr_par' dir='ltr' id='par_1_47' title="bbox 183 4357 1846 4426">
     <span class='ocr_line' id='line_1_47' title="bbox 183 4357 1846 4426; baseline 0.003 -15"><span class='ocrx_word' id='word_1_327' title='bbox 183 4357 297 4412; x_wconf 88' lang='lat' dir='ltr'>bus</span> <span class='ocrx_word' id='word_1_328' title='bbox 331 4358 866 4426; x_wconf 72' lang='lat' dir='ltr'>accepit,ordinem</span> <span class='ocrx_word' id='word_1_329' title='bbox 893 4366 1122 4416; x_wconf 87' lang='lat' dir='ltr'>tantum</span> <span class='ocrx_word' id='word_1_330' title='bbox 1156 4362 1432 4418; x_wconf 63' lang='lat' dir='ltr'>secunda:</span> <span class='ocrx_word' id='word_1_331' title='bbox 1455 4362 1700 4418; x_wconf 88' lang='lat' dir='ltr'>tetradis</span> <span class='ocrx_word' id='word_1_332' title='bbox 1722 4380 1846 4416; x_wconf 91' lang='lat' dir='ltr'>mu-</span> 
     </span>
    </p>
   </div>
   <div class='ocr_carea' id='block_1_48' title="bbox 185 4446 1847 4523">
    <p class='ocr_par' dir='ltr' id='par_1_48' title="bbox 185 4446 1847 4523">
     <span class='ocr_line' id='line_1_48' title="bbox 185 4446 1847 4523; baseline 0.004 -23"><span class='ocrx_word' id='word_1_333' title='bbox 185 4446 332 4501; x_wconf 84' lang='lat' dir='ltr'>tavit</span> <span class='ocrx_word' id='word_1_334' title='bbox 357 4462 371 4511; x_wconf 89' lang='lat'>;</span> <span class='ocrx_word' id='word_1_335' title='bbox 406 4446 470 4499; x_wconf 92' lang='lat' dir='ltr'>in</span> <span class='ocrx_word' id='word_1_336' title='bbox 498 4462 613 4517; x_wconf 89' lang='lat' dir='ltr'>quo</span> <span class='ocrx_word' id='word_1_337' title='bbox 635 4447 819 4519; x_wconf 87' lang='lat' dir='ltr'>aliqui</span> <span class='ocrx_word' id='word_1_338' title='bbox 842 4449 1029 4521; x_wconf 90' lang='lat' dir='ltr'>ipsius</span> <span class='ocrx_word' id='word_1_339' title='bbox 1059 4449 1336 4523; x_wconf 89' lang='lat' dir='ltr'>discipuli</span> <span class='ocrx_word' id='word_1_340' title='bbox 1368 4468 1502 4506; x_wconf 91' lang='lat' dir='ltr'>eum</span> <span class='ocrx_word' id='word_1_341' title='bbox 1527 4452 1847 4507; x_wconf 86' lang='lat' dir='ltr'>secutinon</span> 
     </span>
    </p>
   </div>
   <div class='ocr_carea' id='block_1_49' title="bbox 180 4535 1848 4614">
    <p class='ocr_par' dir='ltr' id='par_1_49' title="bbox 180 4535 1848 4614">
     <span class='ocr_line' id='line_1_49' title="bbox 180 4535 1848 4614; baseline 0.002 -23"><span class='ocrx_word' id='word_1_342' title='bbox 180 4541 350 4591; x_wconf 89' lang='lat' dir='ltr'>sunt.</span> <span class='ocrx_word' id='word_1_343' title='bbox 406 4536 472 4590; x_wconf 91' lang='lat' dir='ltr'>ln</span> <span class='ocrx_word' id='word_1_344' title='bbox 504 4535 610 4592; x_wconf 91' lang='lat' dir='ltr'>illa</span> <span class='ocrx_word' id='word_1_345' title='bbox 667 4537 928 4608; x_wconf 87' lang='lat' dir='ltr'>ogdoade</span> <span class='ocrx_word' id='word_1_346' title='bbox 963 4545 1134 4595; x_wconf 91' lang='lat' dir='ltr'>erant</span> <span class='ocrx_word' id='word_1_347' title='bbox 1166 4546 1225 4596; x_wconf 92' lang='lat' dir='ltr'>et</span> <span class='ocrx_word' id='word_1_348' title='bbox 1257 4541 1408 4614; x_wconf 83' lang='lat' dir='ltr'>Sige,</span> <span class='ocrx_word' id='word_1_349' title='bbox 1437 4547 1496 4597; x_wconf 90' lang='lat' dir='ltr'>et</span> <span class='ocrx_word' id='word_1_350' title='bbox 1545 4543 1754 4614; x_wconf 78' lang='lat' dir='ltr'>Logus,</span> <span class='ocrx_word' id='word_1_351' title='bbox 1791 4544 1848 4596; x_wconf 91' lang='lat' dir='ltr'>et</span> 
     </span>
    </p>
   </div>
   <div class='ocr_carea' id='block_1_50' title="bbox 1988 590 3642 665">
    <p class='ocr_par' dir='ltr' id='par_1_50' title="bbox 1988 590 3642 665">
     <span class='ocr_line' id='line_1_50' title="bbox 1988 590 3642 665; baseline -0.002 -15"><span class='ocrx_word' id='word_1_352' title='bbox 1988 593 2171 650; x_wconf 87' lang='lat' dir='ltr'>Marci</span> <span class='ocrx_word' id='word_1_353' title='bbox 2195 595 2353 650; x_wconf 90' lang='lat' dir='ltr'>idem</span> <span class='ocrx_word' id='word_1_354' title='bbox 2383 597 2508 651; x_wconf 72' lang='lat' dir='ltr'>haec</span> <span class='ocrx_word' id='word_1_355' title='bbox 2541 597 2740 663; x_wconf 87' lang='lat' dir='ltr'>tradit,</span> <span class='ocrx_word' id='word_1_356' title='bbox 2802 595 2911 650; x_wconf 92' lang='lat' dir='ltr'>lib.</span> <span class='ocrx_word' id='word_1_357' title='bbox 2953 613 2993 665; x_wconf 76' lang='grc' dir='ltr'>ι,</span> <span class='ocrx_word' id='word_1_358' title='bbox 3045 613 3095 651; x_wconf 93' lang='lat' dir='ltr'>c.</span> <span class='ocrx_word' id='word_1_359' title='bbox 3133 596 3197 650; x_wconf 81' lang='grc'>17</span> <span class='ocrx_word' id='word_1_360' title='bbox 3233 613 3247 651; x_wconf 90' lang='lat'>:</span> <span class='ocrx_word' id='word_1_361' title='bbox 3277 594 3433 650; x_wconf 80' lang='grc' dir='ltr'>Ἔνιοι</span> <span class='ocrx_word' id='word_1_362' title='bbox 3466 590 3523 648; x_wconf 77' lang='grc' dir='ltr'>δὲ</span> <span class='ocrx_word' id='word_1_363' title='bbox 3552 593 3642 648; x_wconf 87' lang='grc' dir='ltr'>καὶ</span> 
     </span>
    </p>
   </div>
   <div class='ocr_carea' id='block_1_51' title="bbox 1982 681 3640 759">
    <p class='ocr_par' dir='ltr' id='par_1_51' title="bbox 1982 681 3640 759">
     <span class='ocr_line' id='line_1_51' title="bbox 1982 681 3640 759; baseline 0 -21"><span class='ocrx_word' id='word_1_364' title='bbox 1982 687 2091 738; x_wconf 84' lang='grc' dir='ltr'>τῶν</span> <span class='ocrx_word' id='word_1_365' title='bbox 2130 681 2181 738; x_wconf 84' lang='grc' dir='ltr'>ἐν</span> <span class='ocrx_word' id='word_1_366' title='bbox 2213 688 2293 755; x_wconf 82' lang='grc' dir='ltr'>τῷ</span> <span class='ocrx_word' id='word_1_367' title='bbox 2327 681 2644 759; x_wconf 72' lang='grc' dir='ltr'>Εὐαγγελίῳ</span> <span class='ocrx_word' id='word_1_368' title='bbox 2674 681 2940 756; x_wconf 75' lang='grc' dir='ltr'>κειμένων</span> <span class='ocrx_word' id='word_1_369' title='bbox 2973 682 3050 744; x_wconf 81' lang='grc' dir='ltr'>εἷς</span> <span class='ocrx_word' id='word_1_370' title='bbox 3099 687 3288 738; x_wconf 80' lang='grc' dir='ltr'>τοῦτον</span> <span class='ocrx_word' id='word_1_371' title='bbox 3340 684 3432 738; x_wconf 87' lang='grc' dir='ltr'>τὸν</span> <span class='ocrx_word' id='word_1_372' title='bbox 3462 703 3640 759; x_wconf 85' lang='grc' dir='ltr'>χαρα-</span> 
     </span>
    </p>
   </div>
   <div class='ocr_carea' id='block_1_52' title="bbox 1983 773 3638 848">
    <p class='ocr_par' dir='ltr' id='par_1_52' title="bbox 1983 773 3638 848">
     <span class='ocr_line' id='line_1_52' title="bbox 1983 773 3638 848; baseline 0.004 -22"><span class='ocrx_word' id='word_1_373' title='bbox 1983 779 2158 847; x_wconf 73' lang='grc' dir='ltr'>κτῆρα</span> <span class='ocrx_word' id='word_1_374' title='bbox 2191 773 2650 848; x_wconf 75' lang='grc' dir='ltr'>μεθαρμόζουσιν.</span> <span class='ocrx_word' id='word_1_375' title='bbox 2685 797 2709 825; x_wconf 75' lang='grc' dir='ltr'>α</span> <span class='ocrx_word' id='word_1_376' title='bbox 2747 775 3025 840; x_wconf 69' lang='lat' dir='ltr'>Quaedam</span> <span class='ocrx_word' id='word_1_377' title='bbox 3047 780 3246 830; x_wconf 89' lang='lat' dir='ltr'>autem</span> <span class='ocrx_word' id='word_1_378' title='bbox 3269 793 3478 832; x_wconf 90' lang='lat' dir='ltr'>eorum</span> <span class='ocrx_word' id='word_1_379' title='bbox 3507 793 3638 848; x_wconf 68' lang='lat' dir='ltr'>quas</span> 
     </span>
    </p>
   </div>
   <div class='ocr_carea' id='block_1_53' title="bbox 1982 862 3638 936">
    <p class='ocr_par' dir='ltr' id='par_1_53' title="bbox 1982 862 3638 936">
     <span class='ocr_line' id='line_1_53' title="bbox 1982 862 3638 936; baseline 0.003 -19"><span class='ocrx_word' id='word_1_380' title='bbox 1982 862 2042 918; x_wconf 90' lang='lat' dir='ltr'>in</span> <span class='ocrx_word' id='word_1_381' title='bbox 2075 863 2388 936; x_wconf 87' lang='lat' dir='ltr'>Evangelio</span> <span class='ocrx_word' id='word_1_382' title='bbox 2447 864 2641 935; x_wconf 89' lang='lat' dir='ltr'>posita</span> <span class='ocrx_word' id='word_1_383' title='bbox 2679 873 2836 931; x_wconf 86' lang='lat' dir='ltr'>sunt,</span> <span class='ocrx_word' id='word_1_384' title='bbox 2897 865 2957 918; x_wconf 90' lang='lat' dir='ltr'>in</span> <span class='ocrx_word' id='word_1_385' title='bbox 3017 865 3174 918; x_wconf 92' lang='lat' dir='ltr'>hunc</span> <span class='ocrx_word' id='word_1_386' title='bbox 3232 865 3638 922; x_wconf 88' lang='lat' dir='ltr'>characterem</span> 
     </span>
    </p>
   </div>
   <div class='ocr_carea' id='block_1_54' title="bbox 1986 952 3642 1025">
    <p class='ocr_par' dir='ltr' id='par_1_54' title="bbox 1986 952 3642 1025">
     <span class='ocr_line' id='line_1_54' title="bbox 1986 952 3642 1025; baseline 0.002 -17"><span class='ocrx_word' id='word_1_387' title='bbox 1986 954 2416 1025; x_wconf 87' lang='lat' dir='ltr'>transﬁgurant</span> <span class='ocrx_word' id='word_1_388' title='bbox 2430 969 2444 1020; x_wconf 88' lang='lat'>;</span> <span class='ocrx_word' id='word_1_389' title='bbox 2469 971 2620 1008; x_wconf 69' lang='lat' dir='ltr'>anon</span> <span class='ocrx_word' id='word_1_390' title='bbox 2634 958 2699 1008; x_wconf 90' lang='lat' dir='ltr'>ut</span> <span class='ocrx_word' id='word_1_391' title='bbox 2720 952 3094 1024; x_wconf 87' lang='lat' dir='ltr'>Evangelium</span> <span class='ocrx_word' id='word_1_392' title='bbox 3117 953 3642 1021; x_wconf 89' lang='lat' dir='ltr'>emendarent,aut</span> 
     </span>
    </p>
   </div>
   <div class='ocr_carea' id='block_1_55' title="bbox 1978 1042 3642 1115">
    <p class='ocr_par' dir='ltr' id='par_1_55' title="bbox 1978 1042 3642 1115">
     <span class='ocr_line' id='line_1_55' title="bbox 1978 1042 3642 1115; baseline 0.003 -19"><span class='ocrx_word' id='word_1_393' title='bbox 1978 1042 2153 1097; x_wconf 91' lang='lat' dir='ltr'>verba</span> <span class='ocrx_word' id='word_1_394' title='bbox 2184 1043 2312 1115; x_wconf 83' lang='lat' dir='ltr'>ejus</span> <span class='ocrx_word' id='word_1_395' title='bbox 2336 1048 2658 1110; x_wconf 87' lang='lat' dir='ltr'>mutarent,</span> <span class='ocrx_word' id='word_1_396' title='bbox 2694 1042 2796 1098; x_wconf 91' lang='lat' dir='ltr'>sed</span> <span class='ocrx_word' id='word_1_397' title='bbox 2849 1048 2915 1097; x_wconf 90' lang='lat' dir='ltr'>ut</span> <span class='ocrx_word' id='word_1_398' title='bbox 2970 1059 3091 1098; x_wconf 71' lang='lat' dir='ltr'>sua)</span> <span class='ocrx_word' id='word_1_399' title='bbox 3149 1042 3435 1098; x_wconf 70' lang='lat' dir='ltr'>doctrinas</span> <span class='ocrx_word' id='word_1_400' title='bbox 3463 1045 3642 1101; x_wconf 84' lang='lat' dir='ltr'>verba</span> 
     </span>
    </p>
   </div>
   <div class='ocr_carea' id='block_1_56' title="bbox 1980 1131 3636 1204">
    <p class='ocr_par' dir='ltr' id='par_1_56' title="bbox 1980 1131 3636 1204">
     <span class='ocr_line' id='line_1_56' title="bbox 1980 1131 3636 1204; baseline 0.002 -18"><span class='ocrx_word' id='word_1_401' title='bbox 1980 1132 2317 1204; x_wconf 86' lang='lat' dir='ltr'>evangelica</span> <span class='ocrx_word' id='word_1_402' title='bbox 2338 1133 2690 1188; x_wconf 88' lang='lat' dir='ltr'>insererent.</span> <span class='ocrx_word' id='word_1_403' title='bbox 2715 1131 2877 1188; x_wconf 89' lang='lat' dir='ltr'>Idem</span> <span class='ocrx_word' id='word_1_404' title='bbox 2907 1131 2977 1186; x_wconf 92' lang='lat' dir='ltr'>de</span> <span class='ocrx_word' id='word_1_405' title='bbox 3000 1131 3433 1188; x_wconf 87' lang='lat' dir='ltr'>Valentinianis</span> <span class='ocrx_word' id='word_1_406' title='bbox 3456 1135 3636 1190; x_wconf 89' lang='lat' dir='ltr'>etiam</span> 
     </span>
    </p>
   </div>
   <div class='ocr_carea' id='block_1_57' title="bbox 1978 1217 3635 1298">
    <p class='ocr_par' dir='ltr' id='par_1_57' title="bbox 1978 1217 3635 1298">
     <span class='ocr_line' id='line_1_57' title="bbox 1978 1217 3635 1298; baseline -0.001 -20"><span class='ocrx_word' id='word_1_407' title='bbox 1978 1220 2106 1278; x_wconf 81' lang='lat' dir='ltr'>aliis</span> <span class='ocrx_word' id='word_1_408' title='bbox 2128 1221 2320 1277; x_wconf 84' lang='lat' dir='ltr'>verbis</span> <span class='ocrx_word' id='word_1_409' title='bbox 2346 1222 2674 1294; x_wconf 85' lang='lat' dir='ltr'>docet,cap.</span> <span class='ocrx_word' id='word_1_410' title='bbox 2713 1226 2734 1276; x_wconf 90' lang='grc'><strong>1</strong></span> <span class='ocrx_word' id='word_1_411' title='bbox 2769 1239 2780 1276; x_wconf 91' lang='lat'>:</span> <span class='ocrx_word' id='word_1_412' title='bbox 2808 1220 2904 1274; x_wconf 86' lang='grc' dir='ltr'>Καὶ</span> <span class='ocrx_word' id='word_1_413' title='bbox 2930 1217 2981 1274; x_wconf 86' lang='grc' dir='ltr'>ἔν</span> <span class='ocrx_word' id='word_1_414' title='bbox 3012 1217 3232 1276; x_wconf 72' lang='grc' dir='ltr'>ἕκαστον</span> <span class='ocrx_word' id='word_1_415' title='bbox 3264 1225 3373 1276; x_wconf 84' lang='grc' dir='ltr'>τῶν</span> <span class='ocrx_word' id='word_1_416' title='bbox 3406 1219 3635 1298; x_wconf 65' lang='grc' dir='ltr'>εἰρημέ-</span> 
     </span>
    </p>
   </div>
   <div class='ocr_carea' id='block_1_58' title="bbox 1975 1305 3637 1384">
    <p class='ocr_par' dir='ltr' id='par_1_58' title="bbox 1975 1305 3637 1384">
     <span class='ocr_line' id='line_1_58' title="bbox 1975 1305 3637 1384; baseline 0.003 -24"><span class='ocrx_word' id='word_1_417' title='bbox 1975 1327 2080 1360; x_wconf 87' lang='grc' dir='ltr'>νων</span> <span class='ocrx_word' id='word_1_418' title='bbox 2125 1305 2346 1382; x_wconf 79' lang='grc' dir='ltr'>ἄραντες</span> <span class='ocrx_word' id='word_1_419' title='bbox 2398 1307 2503 1362; x_wconf 85' lang='grc' dir='ltr'>ἀπὸ</span> <span class='ocrx_word' id='word_1_420' title='bbox 2542 1314 2641 1377; x_wconf 85' lang='grc' dir='ltr'>τῆς</span> <span class='ocrx_word' id='word_1_421' title='bbox 2704 1305 2963 1377; x_wconf 73' lang='grc' dir='ltr'>ἀληθείας</span> <span class='ocrx_word' id='word_1_422' title='bbox 3011 1307 3101 1361; x_wconf 71' lang='grc' dir='ltr'>καὶ</span> <span class='ocrx_word' id='word_1_423' title='bbox 3154 1310 3637 1384; x_wconf 79' lang='grc' dir='ltr'>καταχρησάμενοι</span> 
     </span>
    </p>
   </div>
   <div class='ocr_carea' id='block_1_59' title="bbox 1973 1393 3633 1472">
    <p class='ocr_par' dir='ltr' id='par_1_59' title="bbox 1973 1393 3633 1472">
     <span class='ocr_line' id='line_1_59' title="bbox 1973 1393 3633 1472; baseline 0.003 -22"><span class='ocrx_word' id='word_1_424' title='bbox 1973 1400 2090 1455; x_wconf 85' lang='grc' dir='ltr'>τοῖς</span> <span class='ocrx_word' id='word_1_425' title='bbox 2131 1395 2389 1469; x_wconf 82' lang='grc' dir='ltr'>ὀνόμασιν</span> <span class='ocrx_word' id='word_1_426' title='bbox 2421 1395 2498 1456; x_wconf 68' lang='grc' dir='ltr'>εἷς</span> <span class='ocrx_word' id='word_1_427' title='bbox 2529 1398 2627 1466; x_wconf 77' lang='grc' dir='ltr'>τήν</span> <span class='ocrx_word' id='word_1_428' title='bbox 2663 1393 2804 1451; x_wconf 77' lang='grc' dir='ltr'>ἰδίαν</span> <span class='ocrx_word' id='word_1_429' title='bbox 2833 1395 3084 1450; x_wconf 85' lang='grc' dir='ltr'>ὑπόθεσιν</span> <span class='ocrx_word' id='word_1_430' title='bbox 3120 1399 3466 1472; x_wconf 69' lang='grc' dir='ltr'>μετήνεγναν.</span> <span class='ocrx_word' id='word_1_431' title='bbox 3504 1421 3528 1452; x_wconf 72' lang='grc' dir='ltr'><strong><em>α</em></strong></span> <span class='ocrx_word' id='word_1_432' title='bbox 3562 1401 3633 1455; x_wconf 87' lang='lat' dir='ltr'>Et</span> 
     </span>
    </p>
   </div>
   <div class='ocr_carea' id='block_1_60' title="bbox 1976 1486 3627 1559">
    <p class='ocr_par' dir='ltr' id='par_1_60' title="bbox 1976 1486 3627 1559">
     <span class='ocr_line' id='line_1_60' title="bbox 1976 1486 3627 1559; baseline 0.001 -18"><span class='ocrx_word' id='word_1_433' title='bbox 1976 1486 2441 1557; x_wconf 87' lang='lat' dir='ltr'>unumquodque</span> <span class='ocrx_word' id='word_1_434' title='bbox 2464 1504 2670 1542; x_wconf 89' lang='lat' dir='ltr'>eorum</span> <span class='ocrx_word' id='word_1_435' title='bbox 2703 1504 2835 1558; x_wconf 70' lang='lat' dir='ltr'>quae</span> <span class='ocrx_word' id='word_1_436' title='bbox 2867 1486 3023 1542; x_wconf 91' lang='lat' dir='ltr'>dicta</span> <span class='ocrx_word' id='word_1_437' title='bbox 3054 1491 3193 1542; x_wconf 91' lang='lat' dir='ltr'>sunt</span> <span class='ocrx_word' id='word_1_438' title='bbox 3222 1487 3302 1559; x_wconf 90' lang='lat' dir='ltr'>(in</span> <span class='ocrx_word' id='word_1_439' title='bbox 3333 1488 3627 1559; x_wconf 90' lang='lat' dir='ltr'>principio</span> 
     </span>
    </p>
   </div>
   <div class='ocr_carea' id='block_1_61' title="bbox 1975 1575 3633 1653">
    <p class='ocr_par' dir='ltr' id='par_1_61' title="bbox 1975 1575 3633 1653">
     <span class='ocr_line' id='line_1_61' title="bbox 1975 1575 3633 1653; baseline 0.002 -23"><span class='ocrx_word' id='word_1_440' title='bbox 1975 1576 2274 1653; x_wconf 83' lang='lat' dir='ltr'>Evangelii</span> <span class='ocrx_word' id='word_1_441' title='bbox 2309 1577 2364 1632; x_wconf 93' lang='lat' dir='ltr'>S.</span> <span class='ocrx_word' id='word_1_442' title='bbox 2395 1576 2665 1646; x_wconf 82' lang='lat' dir='ltr'>Joannis)</span> <span class='ocrx_word' id='word_1_443' title='bbox 2691 1575 3026 1632; x_wconf 82' lang='lat' dir='ltr'>auferentes</span> <span class='ocrx_word' id='word_1_444' title='bbox 3058 1593 3092 1632; x_wconf 91' lang='lat' dir='ltr'>a</span> <span class='ocrx_word' id='word_1_445' title='bbox 3120 1577 3388 1643; x_wconf 88' lang='lat' dir='ltr'>veritate,</span> <span class='ocrx_word' id='word_1_446' title='bbox 3408 1582 3468 1633; x_wconf 91' lang='lat' dir='ltr'>et</span> <span class='ocrx_word' id='word_1_447' title='bbox 3485 1577 3633 1633; x_wconf 87' lang='lat' dir='ltr'>abu-</span> 
     </span>
    </p>
   </div>
   <div class='ocr_carea' id='block_1_62' title="bbox 1976 1666 3629 1738">
    <p class='ocr_par' dir='ltr' id='par_1_62' title="bbox 1976 1666 3629 1738">
     <span class='ocr_line' id='line_1_62' title="bbox 1976 1666 3629 1738; baseline -0.001 -17"><span class='ocrx_word' id='word_1_448' title='bbox 1976 1671 2166 1721; x_wconf 87' lang='lat' dir='ltr'>tentes</span> <span class='ocrx_word' id='word_1_449' title='bbox 2198 1666 2542 1721; x_wconf 89' lang='lat' dir='ltr'>nominibus</span> <span class='ocrx_word' id='word_1_450' title='bbox 2575 1666 3409 1738; x_wconf 84' lang='lat' dir='ltr'>insuamargumentationem</span> <span class='ocrx_word' id='word_1_451' title='bbox 3431 1672 3629 1722; x_wconf 88' lang='lat' dir='ltr'>trans-</span> 
     </span>
    </p>
   </div>
   <div class='ocr_carea' id='block_1_63' title="bbox 1976 1755 3628 1828">
    <p class='ocr_par' dir='ltr' id='par_1_63' title="bbox 1976 1755 3628 1828">
     <span class='ocr_line' id='line_1_63' title="bbox 1976 1755 3628 1828; baseline 0.002 -19"><span class='ocrx_word' id='word_1_452' title='bbox 1976 1755 2261 1810; x_wconf 89' lang='lat' dir='ltr'>tulerunt.</span> <span class='ocrx_word' id='word_1_453' title='bbox 2297 1776 2325 1805; x_wconf 87' lang='grc'>››</span> <span class='ocrx_word' id='word_1_454' title='bbox 2369 1755 2677 1810; x_wconf 89' lang='lat' dir='ltr'>Enimvero</span> <span class='ocrx_word' id='word_1_455' title='bbox 2737 1755 2983 1810; x_wconf 88' lang='lat' dir='ltr'>assertio</span> <span class='ocrx_word' id='word_1_456' title='bbox 3034 1755 3206 1810; x_wconf 90' lang='lat' dir='ltr'>tertia</span> <span class='ocrx_word' id='word_1_457' title='bbox 3261 1757 3628 1828; x_wconf 86' lang='lat' dir='ltr'>argumentis</span> 
     </span>
    </p>
   </div>
   <div class='ocr_carea' id='block_1_64' title="bbox 1976 1844 3624 1916">
    <p class='ocr_par' dir='ltr' id='par_1_64' title="bbox 1976 1844 3624 1916">
     <span class='ocr_line' id='line_1_64' title="bbox 1976 1844 3624 1916; baseline 0.001 -17"><span class='ocrx_word' id='word_1_458' title='bbox 1976 1845 2197 1900; x_wconf 89' lang='lat' dir='ltr'>nostris</span> <span class='ocrx_word' id='word_1_459' title='bbox 2220 1845 2363 1900; x_wconf 89' lang='lat' dir='ltr'>satis</span> <span class='ocrx_word' id='word_1_460' title='bbox 2393 1845 2764 1912; x_wconf 89' lang='lat' dir='ltr'>conﬁrmata,</span> <span class='ocrx_word' id='word_1_461' title='bbox 2801 1849 2858 1898; x_wconf 91' lang='lat' dir='ltr'>et</span> <span class='ocrx_word' id='word_1_462' title='bbox 2885 1848 2957 1899; x_wconf 81' lang='lat' dir='ltr'>ab</span> <span class='ocrx_word' id='word_1_463' title='bbox 2991 1844 3426 1916; x_wconf 87' lang='lat' dir='ltr'>odjectionibus</span> <span class='ocrx_word' id='word_1_464' title='bbox 3449 1845 3624 1900; x_wconf 86' lang='lat' dir='ltr'>Blon-</span> 
     </span>
    </p>
   </div>
   <div class='ocr_carea' id='block_1_65' title="bbox 1970 1933 3622 2004">
    <p class='ocr_par' dir='ltr' id='par_1_65' title="bbox 1970 1933 3622 2004">
     <span class='ocr_line' id='line_1_65' title="bbox 1970 1933 3622 2004; baseline 0.001 -15"><span class='ocrx_word' id='word_1_465' title='bbox 1970 1934 2243 1990; x_wconf 89' lang='lat' dir='ltr'>dellianis</span> <span class='ocrx_word' id='word_1_466' title='bbox 2268 1939 2445 2004; x_wconf 91' lang='lat' dir='ltr'>atque</span> <span class='ocrx_word' id='word_1_467' title='bbox 2476 1933 2790 1989; x_wconf 66' lang='lat' dir='ltr'>Dallaaanis</span> <span class='ocrx_word' id='word_1_468' title='bbox 2822 1933 3307 2003; x_wconf 88' lang='lat' dir='ltr'>liberata,manet</span> <span class='ocrx_word' id='word_1_469' title='bbox 3336 1935 3622 1991; x_wconf 91' lang='lat' dir='ltr'>hactenus</span> 
     </span>
    </p>
   </div>
   <div class='ocr_carea' id='block_1_66' title="bbox 1969 2022 3617 2094">
    <p class='ocr_par' dir='ltr' id='par_1_66' title="bbox 1969 2022 3617 2094">
     <span class='ocr_line' id='line_1_66' title="bbox 1969 2022 3617 2094; baseline 0.001 -16"><span class='ocrx_word' id='word_1_470' title='bbox 1969 2022 2342 2092; x_wconf 87' lang='lat' dir='ltr'>inconcussa,</span> <span class='ocrx_word' id='word_1_471' title='bbox 2366 2023 2517 2078; x_wconf 91' lang='lat' dir='ltr'>hanc</span> <span class='ocrx_word' id='word_1_472' title='bbox 2548 2022 2738 2094; x_wconf 89' lang='lat' dir='ltr'>ipsam</span> <span class='ocrx_word' id='word_1_473' title='bbox 2756 2022 3034 2089; x_wconf 69' lang='lat' dir='ltr'>haaresin,</span> <span class='ocrx_word' id='word_1_474' title='bbox 3068 2039 3246 2094; x_wconf 90' lang='lat' dir='ltr'>quam</span> <span class='ocrx_word' id='word_1_475' title='bbox 3276 2023 3481 2079; x_wconf 90' lang='lat' dir='ltr'>volunt</span> <span class='ocrx_word' id='word_1_476' title='bbox 3510 2041 3617 2080; x_wconf 87' lang='lat' dir='ltr'>au—</span> 
     </span>
    </p>
   </div>
   <div class='ocr_carea' id='block_1_67' title="bbox 1968 2111 3618 2185">
    <p class='ocr_par' dir='ltr' id='par_1_67' title="bbox 1968 2111 3618 2185">
     <span class='ocr_line' id='line_1_67' title="bbox 1968 2111 3618 2185; baseline 0 -16"><span class='ocrx_word' id='word_1_477' title='bbox 1968 2118 2191 2170; x_wconf 90' lang='lat' dir='ltr'>ctorem</span> <span class='ocrx_word' id='word_1_478' title='bbox 2216 2111 2479 2185; x_wconf 68' lang='lat' dir='ltr'>epistolas</span> <span class='ocrx_word' id='word_1_479' title='bbox 2513 2112 2586 2167; x_wconf 89' lang='lat' dir='ltr'>ad</span> <span class='ocrx_word' id='word_1_480' title='bbox 2604 2113 3008 2185; x_wconf 86' lang='lat' dir='ltr'>Magnesianos</span> <span class='ocrx_word' id='word_1_481' title='bbox 3025 2112 3380 2184; x_wconf 83' lang='lat' dir='ltr'>respexisse,</span> <span class='ocrx_word' id='word_1_482' title='bbox 3407 2113 3618 2170; x_wconf 89' lang='lat' dir='ltr'>Valen-</span> 
     </span>
    </p>
   </div>
   <div class='ocr_carea' id='block_1_68' title="bbox 1968 2200 3615 2274">
    <p class='ocr_par' dir='ltr' id='par_1_68' title="bbox 1968 2200 3615 2274">
     <span class='ocr_line' id='line_1_68' title="bbox 1968 2200 3615 2274; baseline 0 -17"><span class='ocrx_word' id='word_1_483' title='bbox 1968 2203 2094 2258; x_wconf 93' lang='lat' dir='ltr'>tino</span> <span class='ocrx_word' id='word_1_484' title='bbox 2116 2202 2516 2274; x_wconf 87' lang='lat' dir='ltr'>antiquiorem</span> <span class='ocrx_word' id='word_1_485' title='bbox 2537 2200 2808 2269; x_wconf 84' lang='lat' dir='ltr'>fuisse,et</span> <span class='ocrx_word' id='word_1_486' title='bbox 2827 2219 2862 2257; x_wconf 88' lang='lat' dir='ltr'>a</span> <span class='ocrx_word' id='word_1_487' title='bbox 2893 2201 3310 2258; x_wconf 90' lang='lat' dir='ltr'>vetustioribus</span> <span class='ocrx_word' id='word_1_488' title='bbox 3324 2203 3615 2258; x_wconf 89' lang='lat' dir='ltr'>Gnosticis</span> 
     </span>
    </p>
   </div>
   <div class='ocr_carea' id='block_1_69' title="bbox 1967 2291 3622 2363">
    <p class='ocr_par' dir='ltr' id='par_1_69' title="bbox 1967 2291 3622 2363">
     <span class='ocr_line' id='line_1_69' title="bbox 1967 2291 3622 2363; baseline -0.001 -15"><span class='ocrx_word' id='word_1_489' title='bbox 1967 2291 2559 2358; x_wconf 88' lang='lat' dir='ltr'>derivatam;saltem</span> <span class='ocrx_word' id='word_1_490' title='bbox 2595 2297 2888 2363; x_wconf 89' lang='lat' dir='ltr'>quatenus</span> <span class='ocrx_word' id='word_1_491' title='bbox 2941 2292 3002 2346; x_wconf 91' lang='lat' dir='ltr'>in</span> <span class='ocrx_word' id='word_1_492' title='bbox 3062 2308 3268 2347; x_wconf 91' lang='lat' dir='ltr'>eorum</span> <span class='ocrx_word' id='word_1_493' title='bbox 3327 2293 3622 2348; x_wconf 89' lang='lat' dir='ltr'>Gnostico-</span> 
     </span>
    </p>
   </div>
   <div class='ocr_carea' id='block_1_70' title="bbox 1967 2380 3619 2455">
    <p class='ocr_par' dir='ltr' id='par_1_70' title="bbox 1967 2380 3619 2455">
     <span class='ocr_line' id='line_1_70' title="bbox 1967 2380 3619 2455; baseline 0.001 -19"><span class='ocrx_word' id='word_1_494' title='bbox 1967 2399 2099 2438; x_wconf 92' lang='lat' dir='ltr'>rum</span> <span class='ocrx_word' id='word_1_495' title='bbox 2132 2381 2362 2455; x_wconf 84' lang='lat' dir='ltr'>syzygia</span> <span class='ocrx_word' id='word_1_496' title='bbox 2391 2380 2585 2454; x_wconf 90' lang='lat' dir='ltr'>prima</span> <span class='ocrx_word' id='word_1_497' title='bbox 2613 2381 2794 2437; x_wconf 87' lang='lat' dir='ltr'>fuerit</span> <span class='ocrx_word' id='word_1_498' title='bbox 2824 2382 2975 2454; x_wconf 85' lang='lat' dir='ltr'>Sige,</span> <span class='ocrx_word' id='word_1_499' title='bbox 3010 2382 3070 2436; x_wconf 91' lang='lat' dir='ltr'>in</span> <span class='ocrx_word' id='word_1_500' title='bbox 3123 2380 3390 2438; x_wconf 82' lang='lat' dir='ltr'>inferiori</span> <span class='ocrx_word' id='word_1_501' title='bbox 3421 2387 3619 2438; x_wconf 89' lang='lat' dir='ltr'>autem</span> 
     </span>
    </p>
   </div>
   <div class='ocr_carea' id='block_1_71' title="bbox 1968 2468 3620 2543">
    <p class='ocr_par' dir='ltr' id='par_1_71' title="bbox 1968 2468 3620 2543">
     <span class='ocr_line' id='line_1_71' title="bbox 1968 2468 3620 2543; baseline -0.002 -17"><span class='ocrx_word' id='word_1_502' title='bbox 1968 2471 2198 2543; x_wconf 84' lang='lat' dir='ltr'>syzygia</span> <span class='ocrx_word' id='word_1_503' title='bbox 2227 2472 2441 2543; x_wconf 85' lang='lat' dir='ltr'>Logos;</span> <span class='ocrx_word' id='word_1_504' title='bbox 2502 2470 2661 2542; x_wconf 90' lang='lat' dir='ltr'>quod</span> <span class='ocrx_word' id='word_1_505' title='bbox 2719 2475 2837 2527; x_wconf 90' lang='lat' dir='ltr'>tam</span> <span class='ocrx_word' id='word_1_506' title='bbox 2869 2471 3024 2526; x_wconf 90' lang='lat' dir='ltr'>valet</span> <span class='ocrx_word' id='word_1_507' title='bbox 3065 2471 3138 2526; x_wconf 90' lang='lat' dir='ltr'>ad</span> <span class='ocrx_word' id='word_1_508' title='bbox 3193 2488 3263 2527; x_wconf 89' lang='lat' dir='ltr'>ea</span> <span class='ocrx_word' id='word_1_509' title='bbox 3312 2471 3490 2526; x_wconf 89' lang='lat' dir='ltr'>verba</span> <span class='ocrx_word' id='word_1_510' title='bbox 3522 2468 3620 2524; x_wconf 82' lang='grc' dir='ltr'>οὐκ</span> 
     </span>
    </p>
   </div>
   <div class='ocr_carea' id='block_1_72' title="bbox 1965 2561 3614 2638">
    <p class='ocr_par' dir='ltr' id='par_1_72' title="bbox 1965 2561 3614 2638">
     <span class='ocr_line' id='line_1_72' title="bbox 1965 2561 3614 2638; baseline 0 -20"><span class='ocrx_word' id='word_1_511' title='bbox 1965 2561 2252 2638; x_wconf 81' lang='grc' dir='ltr'>ἀπὸΣιγῆς</span> <span class='ocrx_word' id='word_1_512' title='bbox 2283 2561 2666 2636; x_wconf 70' lang='grc' dir='ltr'>προελθών,θι</span> <span class='ocrx_word' id='word_1_513' title='bbox 2698 2581 2902 2619; x_wconf 89' lang='lat' dir='ltr'>eorum</span> <span class='ocrx_word' id='word_1_514' title='bbox 2920 2567 3118 2618; x_wconf 89' lang='lat' dir='ltr'>mente</span> <span class='ocrx_word' id='word_1_515' title='bbox 3151 2563 3614 2635; x_wconf 86' lang='lat' dir='ltr'>interpretanda,</span> 
     </span>
    </p>
   </div>
   <div class='ocr_carea' id='block_1_73' title="bbox 1968 2653 3038 2727">
    <p class='ocr_par' dir='ltr' id='par_1_73' title="bbox 1968 2653 3038 2727">
     <span class='ocr_line' id='line_1_73' title="bbox 1968 2653 3038 2727; baseline -0.002 -17"><span class='ocrx_word' id='word_1_516' title='bbox 1968 2670 2147 2727; x_wconf 90' lang='lat' dir='ltr'>quam</span> <span class='ocrx_word' id='word_1_517' title='bbox 2176 2653 2415 2725; x_wconf 88' lang='lat' dir='ltr'>propria</span> <span class='ocrx_word' id='word_1_518' title='bbox 2443 2653 2734 2708; x_wconf 88' lang='lat' dir='ltr'>Valentini</span> <span class='ocrx_word' id='word_1_519' title='bbox 2775 2653 3038 2709; x_wconf 83' lang='lat' dir='ltr'>haeresis.</span> 
     </span>
    </p>
   </div>
   <div class='ocr_carea' id='block_1_74' title="bbox 2608 2761 2966 2816">
    <p class='ocr_par' dir='ltr' id='par_1_74' title="bbox 2608 2761 2966 2816">
     <span class='ocr_line' id='line_1_74' title="bbox 2608 2761 2966 2816; baseline 0 0"><span class='ocrx_word' id='word_1_520' title='bbox 2608 2761 2838 2816; x_wconf 78' lang='lat' dir='ltr'>CAPUT</span> <span class='ocrx_word' id='word_1_521' title='bbox 2852 2762 2966 2816; x_wconf 91' lang='lat' dir='ltr'>VII.</span> 
     </span>
    </p>
   </div>
   <div class='ocr_carea' id='block_1_75' title="bbox 1963 2848 3612 2922">
    <p class='ocr_par' dir='ltr' id='par_1_75' title="bbox 1963 2848 3612 2922">
     <span class='ocr_line' id='line_1_75' title="bbox 1963 2848 3612 2922; baseline 0 -16"><span class='ocrx_word' id='word_1_522' title='bbox 1963 2855 2172 2918; x_wconf 84' lang='lat' dir='ltr'>Quarta</span> <span class='ocrx_word' id='word_1_523' title='bbox 2199 2848 2428 2906; x_wconf 81' lang='lat' dir='ltr'>assertio</span> <span class='ocrx_word' id='word_1_524' title='bbox 2450 2851 2808 2920; x_wconf 77' lang='lat' dir='ltr'>proponitur,</span> <span class='ocrx_word' id='word_1_525' title='bbox 2855 2850 3092 2922; x_wconf 86' lang='lat' dir='ltr'>probari</span> <span class='ocrx_word' id='word_1_526' title='bbox 3138 2855 3283 2906; x_wconf 88' lang='lat' dir='ltr'>certo</span> <span class='ocrx_word' id='word_1_527' title='bbox 3321 2865 3431 2904; x_wconf 89' lang='lat' dir='ltr'>non</span> <span class='ocrx_word' id='word_1_528' title='bbox 3454 2865 3612 2921; x_wconf 83' lang='lat' dir='ltr'>posse</span> 
     </span>
    </p>
   </div>
   <div class='ocr_carea' id='block_1_76' title="bbox 2033 2922 3610 2994">
    <p class='ocr_par' dir='ltr' id='par_1_76' title="bbox 2033 2922 3610 2994">
     <span class='ocr_line' id='line_1_76' title="bbox 2033 2922 3610 2994; baseline -0.001 -16"><span class='ocrx_word' id='word_1_529' title='bbox 2033 2922 2178 2994; x_wconf 83' lang='lat' dir='ltr'>ipsos</span> <span class='ocrx_word' id='word_1_530' title='bbox 2223 2922 2509 2977; x_wconf 77' lang='lat' dir='ltr'>Valentini</span> <span class='ocrx_word' id='word_1_531' title='bbox 2539 2937 2745 2977; x_wconf 85' lang='lat' dir='ltr'>errores</span> <span class='ocrx_word' id='word_1_532' title='bbox 2774 2923 2997 2994; x_wconf 81' lang='lat' dir='ltr'>lgnatio</span> <span class='ocrx_word' id='word_1_533' title='bbox 3048 2923 3218 2990; x_wconf 83' lang='lat' dir='ltr'>fuisse</span> <span class='ocrx_word' id='word_1_534' title='bbox 3265 2924 3490 2993; x_wconf 79' lang='lat' dir='ltr'>penitus</span> <span class='ocrx_word' id='word_1_535' title='bbox 3520 2924 3610 2976; x_wconf 85' lang='lat' dir='ltr'>in-</span> 
     </span>
    </p>
   </div>
   <div class='ocr_carea' id='block_1_77' title="bbox 2033 2993 3608 3064">
    <p class='ocr_par' dir='ltr' id='par_1_77' title="bbox 2033 2993 3608 3064">
     <span class='ocr_line' id='line_1_77' title="bbox 2033 2993 3608 3064; baseline 0 -15"><span class='ocrx_word' id='word_1_536' title='bbox 2033 2996 2296 3064; x_wconf 83' lang='lat' dir='ltr'>cognitas.</span> <span class='ocrx_word' id='word_1_537' title='bbox 2346 2995 2495 3048; x_wconf 80' lang='lat' dir='ltr'>Fieri</span> <span class='ocrx_word' id='word_1_538' title='bbox 2537 2994 2784 3064; x_wconf 85' lang='lat' dir='ltr'>potuisse</span> <span class='ocrx_word' id='word_1_539' title='bbox 2815 2999 2878 3047; x_wconf 89' lang='lat' dir='ltr'>ut</span> <span class='ocrx_word' id='word_1_540' title='bbox 2945 2993 3192 3063; x_wconf 85' lang='lat' dir='ltr'>lgnatius</span> <span class='ocrx_word' id='word_1_541' title='bbox 3249 3001 3608 3063; x_wconf 86' lang='lat' dir='ltr'>cognosceret,</span> 
     </span>
    </p>
   </div>
   <div class='ocr_carea' id='block_1_78' title="bbox 2027 3065 3611 3138">
    <p class='ocr_par' dir='ltr' id='par_1_78' title="bbox 2027 3065 3611 3138">
     <span class='ocr_line' id='line_1_78' title="bbox 2027 3065 3611 3138; baseline 0 -18"><span class='ocrx_word' id='word_1_542' title='bbox 2027 3066 2306 3138; x_wconf 81' lang='lat' dir='ltr'>probatur</span> <span class='ocrx_word' id='word_1_543' title='bbox 2335 3081 2403 3119; x_wconf 78' lang='lat' dir='ltr'>ea:</span> <span class='ocrx_word' id='word_1_544' title='bbox 2432 3070 2592 3138; x_wconf 55' lang='lat' dir='ltr'>atate</span> <span class='ocrx_word' id='word_1_545' title='bbox 2627 3065 2916 3138; x_wconf 82' lang='lat' dir='ltr'>Valentini</span> <span class='ocrx_word' id='word_1_546' title='bbox 2943 3081 3063 3138; x_wconf 86' lang='lat' dir='ltr'>cum</span> <span class='ocrx_word' id='word_1_547' title='bbox 3093 3065 3193 3120; x_wconf 87' lang='lat' dir='ltr'>illa</span> <span class='ocrx_word' id='word_1_548' title='bbox 3222 3065 3280 3120; x_wconf 92' lang='lat' dir='ltr'>S.</span> <span class='ocrx_word' id='word_1_549' title='bbox 3314 3065 3611 3136; x_wconf 83' lang='lat' dir='ltr'>Polycarpi</span> 
     </span>
    </p>
   </div>
   <div class='ocr_carea' id='block_1_79' title="bbox 2033 3137 3614 3207">
    <p class='ocr_par' dir='ltr' id='par_1_79' title="bbox 2033 3137 3614 3207">
     <span class='ocr_line' id='line_1_79' title="bbox 2033 3137 3614 3207; baseline 0 -15"><span class='ocrx_word' id='word_1_550' title='bbox 2033 3137 2377 3207; x_wconf 86' lang='lat' dir='ltr'>comparata.</span> <span class='ocrx_word' id='word_1_551' title='bbox 2416 3137 2769 3191; x_wconf 80' lang='lat' dir='ltr'>Valentinum</span> <span class='ocrx_word' id='word_1_552' title='bbox 2779 3142 2905 3206; x_wconf 86' lang='lat' dir='ltr'>post</span> <span class='ocrx_word' id='word_1_553' title='bbox 2934 3137 3214 3191; x_wconf 82' lang='lat' dir='ltr'>Anicetum</span> <span class='ocrx_word' id='word_1_554' title='bbox 3229 3138 3325 3191; x_wconf 77' lang='lat' dir='ltr'>via:</span> <span class='ocrx_word' id='word_1_555' title='bbox 3333 3139 3428 3192; x_wconf 85' lang='lat' dir='ltr'>isse</span> <span class='ocrx_word' id='word_1_556' title='bbox 3443 3153 3614 3206; x_wconf 86' lang='lat' dir='ltr'>nega-</span> 
     </span>
    </p>
   </div>
   <div class='ocr_carea' id='block_1_80' title="bbox 2035 3207 3613 3277">
    <p class='ocr_par' dir='ltr' id='par_1_80' title="bbox 2035 3207 3613 3277">
     <span class='ocr_line' id='line_1_80' title="bbox 2035 3207 3613 3277; baseline -0.001 -13"><span class='ocrx_word' id='word_1_557' title='bbox 2035 3211 2322 3264; x_wconf 89' lang='lat' dir='ltr'>tur.Locus</span> <span class='ocrx_word' id='word_1_558' title='bbox 2348 3207 2676 3263; x_wconf 83' lang='lat' dir='ltr'>Tertulliani</span> <span class='ocrx_word' id='word_1_559' title='bbox 2693 3207 3278 3263; x_wconf 65' lang='lat' dir='ltr'>excutitur-.Blondelli</span> <span class='ocrx_word' id='word_1_560' title='bbox 3292 3214 3613 3277; x_wconf 86' lang='lat' dir='ltr'>argumento</span> 
     </span>
    </p>
   </div>
   <div class='ocr_carea' id='block_1_81' title="bbox 2031 3280 3614 3350">
    <p class='ocr_par' dir='ltr' id='par_1_81' title="bbox 2031 3280 3614 3350">
     <span class='ocr_line' id='line_1_81' title="bbox 2031 3280 3614 3350; baseline -0.002 -14"><span class='ocrx_word' id='word_1_561' title='bbox 2031 3281 2410 3350; x_wconf 86' lang='lat' dir='ltr'>respondetur.</span> <span class='ocrx_word' id='word_1_562' title='bbox 2443 3281 2766 3348; x_wconf 83' lang='lat' dir='ltr'>Antiquitas</span> <span class='ocrx_word' id='word_1_563' title='bbox 2826 3280 3218 3334; x_wconf 63' lang='lat' dir='ltr'>Valentinianz</span> <span class='ocrx_word' id='word_1_564' title='bbox 3257 3280 3515 3335; x_wconf 69' lang='lat' dir='ltr'>haereseos</span> <span class='ocrx_word' id='word_1_565' title='bbox 3544 3296 3614 3333; x_wconf 70' lang='lat' dir='ltr'>ex</span> 
     </span>
    </p>
   </div>
   <div class='ocr_carea' id='block_1_82' title="bbox 2033 3351 3610 3407">
    <p class='ocr_par' dir='ltr' id='par_1_82' title="bbox 2033 3351 3610 3407">
     <span class='ocr_line' id='line_1_82' title="bbox 2033 3351 3610 3407; baseline -0.002 0"><span class='ocrx_word' id='word_1_566' title='bbox 2033 3359 2275 3407; x_wconf 81' lang='lat' dir='ltr'>veterum</span> <span class='ocrx_word' id='word_1_567' title='bbox 2317 3352 2680 3406; x_wconf 86' lang='lat' dir='ltr'>monumentis</span> <span class='ocrx_word' id='word_1_568' title='bbox 2733 3353 2968 3406; x_wconf 83' lang='lat' dir='ltr'>eruitur.</span> <span class='ocrx_word' id='word_1_569' title='bbox 3005 3354 3078 3406; x_wconf 90' lang='lat' dir='ltr'>De</span> <span class='ocrx_word' id='word_1_570' title='bbox 3135 3357 3292 3406; x_wconf 64' lang='lat' dir='ltr'>astate</span> <span class='ocrx_word' id='word_1_571' title='bbox 3349 3351 3610 3406; x_wconf 82' lang='lat' dir='ltr'>Basilidis</span> 
     </span>
    </p>
   </div>
   <div class='ocr_carea' id='block_1_83' title="bbox 2031 3422 3606 3492">
    <p class='ocr_par' dir='ltr' id='par_1_83' title="bbox 2031 3422 3606 3492">
     <span class='ocr_line' id='line_1_83' title="bbox 2031 3422 3606 3492; baseline -0.001 -15"><span class='ocrx_word' id='word_1_572' title='bbox 2031 3440 2150 3478; x_wconf 87' lang='lat' dir='ltr'>cum</span> <span class='ocrx_word' id='word_1_573' title='bbox 2183 3422 2385 3477; x_wconf 70' lang='lat' dir='ltr'>Dallaeo</span> <span class='ocrx_word' id='word_1_574' title='bbox 2417 3422 2751 3492; x_wconf 85' lang='lat' dir='ltr'>disputatur.</span> <span class='ocrx_word' id='word_1_575' title='bbox 2789 3425 2928 3477; x_wconf 89' lang='lat' dir='ltr'>Eum</span> <span class='ocrx_word' id='word_1_576' title='bbox 2984 3423 3228 3478; x_wconf 75' lang='lat' dir='ltr'>haeresim</span> <span class='ocrx_word' id='word_1_577' title='bbox 3293 3438 3447 3477; x_wconf 90' lang='lat' dir='ltr'>suam</span> <span class='ocrx_word' id='word_1_578' title='bbox 3501 3423 3606 3476; x_wconf 83' lang='lat' dir='ltr'>do-</span> 
     </span>
    </p>
   </div>
   <div class='ocr_carea' id='block_1_84' title="bbox 2030 3493 3606 3564">
    <p class='ocr_par' dir='ltr' id='par_1_84' title="bbox 2030 3493 3606 3564">
     <span class='ocr_line' id='line_1_84' title="bbox 2030 3493 3606 3564; baseline -0.001 -15"><span class='ocrx_word' id='word_1_579' title='bbox 2030 3497 2201 3550; x_wconf 85' lang='lat' dir='ltr'>cuisse</span> <span class='ocrx_word' id='word_1_580' title='bbox 2229 3500 2357 3548; x_wconf 87' lang='lat' dir='ltr'>ante</span> <span class='ocrx_word' id='word_1_581' title='bbox 2386 3494 2626 3548; x_wconf 86' lang='lat' dir='ltr'>Adriani</span> <span class='ocrx_word' id='word_1_582' title='bbox 2653 3493 2952 3564; x_wconf 81' lang='lat' dir='ltr'>imperium</span> <span class='ocrx_word' id='word_1_583' title='bbox 2995 3494 3320 3551; x_wconf 85' lang='lat' dir='ltr'>ostenditur.</span> <span class='ocrx_word' id='word_1_584' title='bbox 3349 3496 3606 3550; x_wconf 85' lang='lat' dir='ltr'>Testimo-</span> 
     </span>
    </p>
   </div>
   <div class='ocr_carea' id='block_1_85' title="bbox 2028 3565 3284 3636">
    <p class='ocr_par' dir='ltr' id='par_1_85' title="bbox 2028 3565 3284 3636">
     <span class='ocr_line' id='line_1_85' title="bbox 2028 3565 3284 3636; baseline -0.002 -15"><span class='ocrx_word' id='word_1_585' title='bbox 2028 3569 2137 3621; x_wconf 87' lang='lat' dir='ltr'>niis</span> <span class='ocrx_word' id='word_1_586' title='bbox 2165 3583 2200 3621; x_wconf 89' lang='lat' dir='ltr'>a</span> <span class='ocrx_word' id='word_1_587' title='bbox 2227 3567 2431 3620; x_wconf 65' lang='lat' dir='ltr'>Dallwo</span> <span class='ocrx_word' id='word_1_588' title='bbox 2460 3565 2711 3620; x_wconf 83' lang='lat' dir='ltr'>adductis</span> <span class='ocrx_word' id='word_1_589' title='bbox 2756 3568 2878 3634; x_wconf 79' lang='lat' dir='ltr'>fuse</span> <span class='ocrx_word' id='word_1_590' title='bbox 2904 3567 3284 3636; x_wconf 84' lang='lat' dir='ltr'>respondetur.</span> 
     </span>
    </p>
   </div>
   <div class='ocr_carea' id='block_1_86' title="bbox 2031 3653 3608 3726">
    <p class='ocr_par' dir='ltr' id='par_1_86' title="bbox 2031 3653 3608 3726">
     <span class='ocr_line' id='line_1_86' title="bbox 2031 3653 3608 3726; baseline -0.001 -15"><span class='ocrx_word' id='word_1_591' title='bbox 2031 3656 2087 3711; x_wconf 89' lang='lat' dir='ltr'>Si</span> <span class='ocrx_word' id='word_1_592' title='bbox 2115 3656 2247 3726; x_wconf 92' lang='lat' dir='ltr'>quis</span> <span class='ocrx_word' id='word_1_593' title='bbox 2279 3661 2478 3710; x_wconf 89' lang='lat' dir='ltr'>tamen</span> <span class='ocrx_word' id='word_1_594' title='bbox 2498 3670 2608 3710; x_wconf 90' lang='lat' dir='ltr'>nec</span> <span class='ocrx_word' id='word_1_595' title='bbox 2635 3653 2728 3708; x_wconf 90' lang='lat' dir='ltr'>his</span> <span class='ocrx_word' id='word_1_596' title='bbox 2759 3655 3118 3725; x_wconf 89' lang='lat' dir='ltr'>acquiescat,</span> <span class='ocrx_word' id='word_1_597' title='bbox 3153 3660 3210 3710; x_wconf 91' lang='lat' dir='ltr'>et</span> <span class='ocrx_word' id='word_1_598' title='bbox 3232 3655 3608 3710; x_wconf 90' lang='lat' dir='ltr'>Valentinum</span> 
     </span>
    </p>
   </div>
   <div class='ocr_carea' id='block_1_87' title="bbox 1959 3743 3616 3817">
    <p class='ocr_par' dir='ltr' id='par_1_87' title="bbox 1959 3743 3616 3817">
     <span class='ocr_line' id='line_1_87' title="bbox 1959 3743 3616 3817; baseline -0.002 -16"><span class='ocrx_word' id='word_1_599' title='bbox 1959 3746 2153 3817; x_wconf 90' lang='lat' dir='ltr'>ipsum</span> <span class='ocrx_word' id='word_1_600' title='bbox 2185 3744 2256 3798; x_wconf 89' lang='lat' dir='ltr'>ab</span> <span class='ocrx_word' id='word_1_601' title='bbox 2280 3747 2519 3799; x_wconf 88' lang='lat' dir='ltr'>auctore</span> <span class='ocrx_word' id='word_1_602' title='bbox 2543 3743 2808 3814; x_wconf 61' lang='lat' dir='ltr'>epistolas</span> <span class='ocrx_word' id='word_1_603' title='bbox 2835 3744 3089 3814; x_wconf 90' lang='lat' dir='ltr'>petitum</span> <span class='ocrx_word' id='word_1_604' title='bbox 3108 3744 3354 3808; x_wconf 92' lang='lat' dir='ltr'>velit,ne</span> <span class='ocrx_word' id='word_1_605' title='bbox 3378 3745 3464 3799; x_wconf 89' lang='lat' dir='ltr'>sic</span> <span class='ocrx_word' id='word_1_606' title='bbox 3486 3745 3616 3815; x_wconf 89' lang='lat' dir='ltr'>qui-</span> 
     </span>
    </p>
   </div>
   <div class='ocr_carea' id='block_1_88' title="bbox 1957 3830 3619 3895">
    <p class='ocr_par' dir='ltr' id='par_1_88' title="bbox 1957 3830 3619 3895">
     <span class='ocr_line' id='line_1_88' title="bbox 1957 3830 3619 3895; baseline -0.002 -5"><span class='ocrx_word' id='word_1_607' title='bbox 1957 3835 2092 3890; x_wconf 90' lang='lat' dir='ltr'>dem</span> <span class='ocrx_word' id='word_1_608' title='bbox 2123 3850 2218 3889; x_wconf 92' lang='lat' dir='ltr'>res</span> <span class='ocrx_word' id='word_1_609' title='bbox 2247 3830 2576 3888; x_wconf 90' lang='lat' dir='ltr'>secundum</span> <span class='ocrx_word' id='word_1_610' title='bbox 2608 3832 2966 3887; x_wconf 90' lang='lat' dir='ltr'>sententiam</span> <span class='ocrx_word' id='word_1_611' title='bbox 2997 3831 3471 3887; x_wconf 89' lang='lat' dir='ltr'>adversariorum</span> <span class='ocrx_word' id='word_1_612' title='bbox 3494 3834 3619 3895; x_wconf 77' lang='lat' dir='ltr'>erit</span> 
     </span>
    </p>
   </div>
   <div class='ocr_carea' id='block_1_89' title="bbox 1957 3920 3607 3990">
    <p class='ocr_par' dir='ltr' id='par_1_89' title="bbox 1957 3920 3607 3990">
     <span class='ocr_line' id='line_1_89' title="bbox 1957 3920 3607 3990; baseline -0.002 -12"><span class='ocrx_word' id='word_1_613' title='bbox 1957 3924 2226 3978; x_wconf 80' lang='lat' dir='ltr'>confecta</span> <span class='ocrx_word' id='word_1_614' title='bbox 2249 3939 2261 3988; x_wconf 92' lang='lat'>;</span> <span class='ocrx_word' id='word_1_615' title='bbox 2293 3921 2485 3976; x_wconf 88' lang='lat' dir='ltr'>adhuc</span> <span class='ocrx_word' id='word_1_616' title='bbox 2506 3920 2666 3975; x_wconf 92' lang='lat' dir='ltr'>enim</span> <span class='ocrx_word' id='word_1_617' title='bbox 2696 3925 2881 3974; x_wconf 88' lang='lat' dir='ltr'>restat</span> <span class='ocrx_word' id='word_1_618' title='bbox 2901 3926 3114 3990; x_wconf 89' lang='lat' dir='ltr'>quarta</span> <span class='ocrx_word' id='word_1_619' title='bbox 3144 3923 3418 3984; x_wconf 85' lang='lat' dir='ltr'>assertio,</span> <span class='ocrx_word' id='word_1_620' title='bbox 3441 3921 3607 3975; x_wconf 90' lang='lat' dir='ltr'>scili-</span> 
     </span>
    </p>
   </div>
   <div class='ocr_carea' id='block_1_90' title="bbox 1955 4009 3608 4082">
    <p class='ocr_par' dir='ltr' id='par_1_90' title="bbox 1955 4009 3608 4082">
     <span class='ocr_line' id='line_1_90' title="bbox 1955 4009 3608 4082; baseline -0.003 -13"><span class='ocrx_word' id='word_1_621' title='bbox 1955 4019 2048 4069; x_wconf 93' lang='lat' dir='ltr'>cet</span> <span class='ocrx_word' id='word_1_622' title='bbox 2082 4029 2095 4066; x_wconf 88' lang='lat'><strong>:</strong></span> <span class='ocrx_word' id='word_1_623' title='bbox 2129 4011 2371 4067; x_wconf 89' lang='lat' dir='ltr'>Probari</span> <span class='ocrx_word' id='word_1_624' title='bbox 2423 4015 2584 4066; x_wconf 93' lang='lat' dir='ltr'>certo</span> <span class='ocrx_word' id='word_1_625' title='bbox 2641 4026 2760 4064; x_wconf 90' lang='lat' dir='ltr'>non</span> <span class='ocrx_word' id='word_1_626' title='bbox 2818 4026 3012 4080; x_wconf 90' lang='lat' dir='ltr'>posse,</span> <span class='ocrx_word' id='word_1_627' title='bbox 3074 4009 3260 4082; x_wconf 89' lang='lat' dir='ltr'>ipsius</span> <span class='ocrx_word' id='word_1_628' title='bbox 3313 4009 3608 4064; x_wconf 88' lang='lat' dir='ltr'>Valentini</span> 
     </span>
    </p>
   </div>
   <div class='ocr_carea' id='block_1_91' title="bbox 1955 4097 3608 4173">
    <p class='ocr_par' dir='ltr' id='par_1_91' title="bbox 1955 4097 3608 4173">
     <span class='ocr_line' id='line_1_91' title="bbox 1955 4097 3608 4173; baseline -0.002 -15"><span class='ocrx_word' id='word_1_629' title='bbox 1955 4118 2186 4158; x_wconf 91' lang='lat' dir='ltr'>errores</span> <span class='ocrx_word' id='word_1_630' title='bbox 2219 4100 2437 4173; x_wconf 89' lang='lat' dir='ltr'>lgnatio</span> <span class='ocrx_word' id='word_1_631' title='bbox 2484 4099 2730 4170; x_wconf 81' lang='lat' dir='ltr'>martyri</span> <span class='ocrx_word' id='word_1_632' title='bbox 2761 4099 2941 4154; x_wconf 85' lang='lat' dir='ltr'>fuisse</span> <span class='ocrx_word' id='word_1_633' title='bbox 2970 4099 3208 4171; x_wconf 92' lang='lat' dir='ltr'>penitus</span> <span class='ocrx_word' id='word_1_634' title='bbox 3246 4097 3608 4169; x_wconf 87' lang='lat' dir='ltr'>incognitos.</span> 
     </span>
    </p>
   </div>
   <div class='ocr_carea' id='block_1_92' title="bbox 1955 4188 3608 4260">
    <p class='ocr_par' dir='ltr' id='par_1_92' title="bbox 1955 4188 3608 4260">
     <span class='ocr_line' id='line_1_92' title="bbox 1955 4188 3608 4260; baseline -0.002 -14"><span class='ocrx_word' id='word_1_635' title='bbox 1955 4192 2208 4246; x_wconf 72' lang='lat' dir='ltr'>Haeresis</span> <span class='ocrx_word' id='word_1_636' title='bbox 2225 4189 2523 4246; x_wconf 88' lang='lat' dir='ltr'>Valentini</span> <span class='ocrx_word' id='word_1_637' title='bbox 2541 4188 2882 4244; x_wconf 89' lang='lat' dir='ltr'>aveteribus</span> <span class='ocrx_word' id='word_1_638' title='bbox 2899 4189 3038 4243; x_wconf 89' lang='lat' dir='ltr'>satis</span> <span class='ocrx_word' id='word_1_639' title='bbox 3067 4189 3333 4260; x_wconf 84' lang='lat' dir='ltr'>exposita</span> <span class='ocrx_word' id='word_1_640' title='bbox 3345 4193 3433 4242; x_wconf 77' lang='lat' dir='ltr'>est</span> <span class='ocrx_word' id='word_1_641' title='bbox 3454 4205 3466 4255; x_wconf 89' lang='lat'><strong>;</strong></span> <span class='ocrx_word' id='word_1_642' title='bbox 3491 4189 3608 4242; x_wconf 88' lang='lat' dir='ltr'>vita</span> 
     </span>
    </p>
   </div>
   <div class='ocr_carea' id='block_1_93' title="bbox 1954 4279 3610 4352">
    <p class='ocr_par' dir='ltr' id='par_1_93' title="bbox 1954 4279 3610 4352">
     <span class='ocr_line' id='line_1_93' title="bbox 1954 4279 3610 4352; baseline -0.002 -16"><span class='ocrx_word' id='word_1_643' title='bbox 1954 4281 2083 4352; x_wconf 87' lang='lat' dir='ltr'>ejus</span> <span class='ocrx_word' id='word_1_644' title='bbox 2115 4287 2174 4335; x_wconf 91' lang='lat' dir='ltr'>et</span> <span class='ocrx_word' id='word_1_645' title='bbox 2202 4279 2452 4334; x_wconf 89' lang='lat' dir='ltr'>historia</span> <span class='ocrx_word' id='word_1_646' title='bbox 2469 4279 2655 4350; x_wconf 84' lang='lat' dir='ltr'>magis</span> <span class='ocrx_word' id='word_1_647' title='bbox 2683 4279 2929 4334; x_wconf 87' lang='lat' dir='ltr'>incerta.</span> <span class='ocrx_word' id='word_1_648' title='bbox 2964 4281 3044 4333; x_wconf 79' lang='lat' dir='ltr'>Ex</span> <span class='ocrx_word' id='word_1_649' title='bbox 3076 4279 3148 4332; x_wconf 89' lang='lat' dir='ltr'>iis</span> <span class='ocrx_word' id='word_1_650' title='bbox 3177 4279 3439 4350; x_wconf 81' lang='lat' dir='ltr'>profecto</span> <span class='ocrx_word' id='word_1_651' title='bbox 3461 4284 3610 4333; x_wconf 86' lang='lat' dir='ltr'>vete-</span> 
     </span>
    </p>
   </div>
   <div class='ocr_carea' id='block_1_94' title="bbox 1954 4366 3611 4438">
    <p class='ocr_par' dir='ltr' id='par_1_94' title="bbox 1954 4366 3611 4438">
     <span class='ocr_line' id='line_1_94' title="bbox 1954 4366 3611 4438; baseline -0.002 -13"><span class='ocrx_word' id='word_1_652' title='bbox 1954 4386 2086 4425; x_wconf 89' lang='lat' dir='ltr'>rum</span> <span class='ocrx_word' id='word_1_653' title='bbox 2120 4367 2524 4422; x_wconf 89' lang='lat' dir='ltr'>monumentis</span> <span class='ocrx_word' id='word_1_654' title='bbox 2557 4383 2688 4436; x_wconf 66' lang='lat' dir='ltr'>quaa</span> <span class='ocrx_word' id='word_1_655' title='bbox 2721 4371 3240 4437; x_wconf 88' lang='lat' dir='ltr'>supersunt,certo</span> <span class='ocrx_word' id='word_1_656' title='bbox 3272 4366 3469 4438; x_wconf 83' lang='lat' dir='ltr'>colligi</span> <span class='ocrx_word' id='word_1_657' title='bbox 3491 4383 3611 4421; x_wconf 91' lang='lat' dir='ltr'>non</span> 
     </span>
    </p>
   </div>
   <div class='ocr_carea' id='block_1_95' title="bbox 1954 4449 3611 4533">
    <p class='ocr_par' dir='ltr' id='par_1_95' title="bbox 1954 4449 3611 4533">
     <span class='ocr_line' id='line_1_95' title="bbox 1954 4449 3611 4533; baseline -0.002 -18"><span class='ocrx_word' id='word_1_658' title='bbox 1954 4464 2168 4533; x_wconf 89' lang='lat' dir='ltr'>potest,</span> <span class='ocrx_word' id='word_1_659' title='bbox 2201 4465 2322 4513; x_wconf 88' lang='lat' dir='ltr'>tam</span> <span class='ocrx_word' id='word_1_660' title='bbox 2355 4473 2486 4511; x_wconf 88' lang='lat' dir='ltr'>sero</span> <span class='ocrx_word' id='word_1_661' title='bbox 2521 4449 2899 4511; x_wconf 84' lang='lat' dir='ltr'>Valentinum</span> <span class='ocrx_word' id='word_1_662' title='bbox 2931 4457 3167 4523; x_wconf 86' lang='lat' dir='ltr'>vixisse,</span> <span class='ocrx_word' id='word_1_663' title='bbox 3201 4465 3302 4512; x_wconf 89' lang='lat' dir='ltr'>aut</span> <span class='ocrx_word' id='word_1_664' title='bbox 3357 4456 3418 4511; x_wconf 91' lang='lat' dir='ltr'>in</span> <span class='ocrx_word' id='word_1_665' title='bbox 3480 4473 3611 4512; x_wconf 89' lang='lat' dir='ltr'>eam</span> 
     </span>
    </p>
   </div>
   <div class='ocr_carea' id='block_1_96' title="bbox 1953 4545 3605 4618">
    <p class='ocr_par' dir='ltr' id='par_1_96' title="bbox 1953 4545 3605 4618">
     <span class='ocr_line' id='line_1_96' title="bbox 1953 4545 3605 4618; baseline -0.004 -13"><span class='ocrx_word' id='word_1_666' title='bbox 1953 4549 2211 4605; x_wconf 71' lang='lat' dir='ltr'>hmresin</span> <span class='ocrx_word' id='word_1_667' title='bbox 2237 4545 2580 4618; x_wconf 89' lang='lat' dir='ltr'>prolapsum</span> <span class='ocrx_word' id='word_1_668' title='bbox 2610 4551 2832 4613; x_wconf 90' lang='lat' dir='ltr'>esse,ut</span> <span class='ocrx_word' id='word_1_669' title='bbox 2863 4545 2992 4616; x_wconf 82' lang='lat' dir='ltr'>ejus</span> <span class='ocrx_word' id='word_1_670' title='bbox 3023 4545 3295 4601; x_wconf 86' lang='lat' dir='ltr'>doctrina</span> <span class='ocrx_word' id='word_1_671' title='bbox 3319 4545 3605 4618; x_wconf 87' lang='lat' dir='ltr'>S.lgnatio</span> 
     </span>
    </p>
   </div>
   <div class='ocr_carea' id='block_1_97' title="bbox 183 4632 3607 4710">
    <p class='ocr_par' dir='ltr' id='par_1_97' title="bbox 183 4632 3607 4710">
     <span class='ocr_line' id='line_1_97' title="bbox 183 4632 3607 4710; baseline -0.001 -22"><span class='ocrx_word' id='word_1_672' title='bbox 183 4632 512 4703; x_wconf 88' lang='lat' dir='ltr'>utrobique</span> <span class='ocrx_word' id='word_1_673' title='bbox 545 4649 616 4687; x_wconf 84' lang='lat' dir='ltr'>ex</span> <span class='ocrx_word' id='word_1_674' title='bbox 645 4632 751 4690; x_wconf 89' lang='lat' dir='ltr'>illa</span> <span class='ocrx_word' id='word_1_675' title='bbox 781 4635 1006 4691; x_wconf 88' lang='lat' dir='ltr'>tetrade</span> <span class='ocrx_word' id='word_1_676' title='bbox 1038 4636 1098 4691; x_wconf 91' lang='lat' dir='ltr'>in</span> <span class='ocrx_word' id='word_1_677' title='bbox 1130 4654 1244 4707; x_wconf 90' lang='lat' dir='ltr'>qua</span> <span class='ocrx_word' id='word_1_678' title='bbox 1273 4637 1387 4692; x_wconf 87' lang='lat' dir='ltr'>fuit</span> <span class='ocrx_word' id='word_1_679' title='bbox 1421 4637 1570 4710; x_wconf 85' lang='lat' dir='ltr'>Sige,</span> <span class='ocrx_word' id='word_1_680' title='bbox 1596 4637 1842 4692; x_wconf 90' lang='lat' dir='ltr'>eductus</span> <span class='ocrx_word' id='word_1_681' title='bbox 1878 4634 1918 4697; x_wconf 91' lang='lat' dir='ltr'><strong>D</strong></span> <span class='ocrx_word' id='word_1_682' title='bbox 1954 4639 2326 4694; x_wconf 90' lang='lat' dir='ltr'>innotescere</span> <span class='ocrx_word' id='word_1_683' title='bbox 2348 4633 2514 4690; x_wconf 92' lang='lat' dir='ltr'>nullo</span> <span class='ocrx_word' id='word_1_684' title='bbox 2549 4634 2723 4689; x_wconf 90' lang='lat' dir='ltr'>modo</span> <span class='ocrx_word' id='word_1_685' title='bbox 2747 4634 3198 4705; x_wconf 89' lang='lat' dir='ltr'>potuerit.Qnod</span> <span class='ocrx_word' id='word_1_686' title='bbox 3227 4635 3277 4689; x_wconf 87' lang='lat' dir='ltr'>si</span> <span class='ocrx_word' id='word_1_687' title='bbox 3313 4633 3607 4689; x_wconf 78' lang='lat' dir='ltr'>Valentini</span> 
     </span>
    </p>
   </div>
   <div class='ocr_carea' id='block_1_98' title="bbox 183 4723 1846 4798">
    <p class='ocr_par' dir='ltr' id='par_1_98' title="bbox 183 4723 1846 4798">
     <span class='ocr_line' id='line_1_98' title="bbox 183 4723 1846 4798; baseline 0.001 -20"><span class='ocrx_word' id='word_1_688' title='bbox 183 4727 277 4779; x_wconf 91' lang='lat' dir='ltr'>est</span> <span class='ocrx_word' id='word_1_689' title='bbox 308 4723 524 4795; x_wconf 85' lang='lat' dir='ltr'>Logus,</span> <span class='ocrx_word' id='word_1_690' title='bbox 549 4739 669 4778; x_wconf 91' lang='lat' dir='ltr'>non</span> <span class='ocrx_word' id='word_1_691' title='bbox 700 4729 900 4779; x_wconf 89' lang='lat' dir='ltr'>autem</span> <span class='ocrx_word' id='word_1_692' title='bbox 922 4741 956 4780; x_wconf 90' lang='lat' dir='ltr'>a</span> <span class='ocrx_word' id='word_1_693' title='bbox 977 4725 1241 4798; x_wconf 86' lang='lat' dir='ltr'>Sige,sed</span> <span class='ocrx_word' id='word_1_694' title='bbox 1272 4727 1344 4781; x_wconf 89' lang='lat' dir='ltr'>ab</span> <span class='ocrx_word' id='word_1_695' title='bbox 1373 4726 1846 4798; x_wconf 72' lang='lat' dir='ltr'>Alethia,quaain</span> 
     </span>
    </p>
   </div>
   <div class='ocr_carea' id='block_1_99' title="bbox 182 4811 1848 4880">
    <p class='ocr_par' dir='ltr' id='par_1_99' title="bbox 182 4811 1848 4880">
     <span class='ocr_line' id='line_1_99' title="bbox 182 4811 1848 4880; baseline 0 -12"><span class='ocrx_word' id='word_1_696' title='bbox 182 4811 402 4868; x_wconf 84' lang='lat' dir='ltr'>eadem</span> <span class='ocrx_word' id='word_1_697' title='bbox 434 4811 685 4880; x_wconf 86' lang='lat' dir='ltr'>tetrade,</span> <span class='ocrx_word' id='word_1_698' title='bbox 721 4813 824 4868; x_wconf 90' lang='lat' dir='ltr'>sed</span> <span class='ocrx_word' id='word_1_699' title='bbox 855 4815 1115 4870; x_wconf 89' lang='lat' dir='ltr'>secunda</span> <span class='ocrx_word' id='word_1_700' title='bbox 1145 4815 1337 4871; x_wconf 90' lang='lat' dir='ltr'>duade</span> <span class='ocrx_word' id='word_1_701' title='bbox 1369 4815 1500 4872; x_wconf 85' lang='lat' dir='ltr'>fuit.</span> <span class='ocrx_word' id='word_1_702' title='bbox 1533 4815 1705 4871; x_wconf 86' lang='lat' dir='ltr'>Nulla</span> <span class='ocrx_word' id='word_1_703' title='bbox 1734 4816 1848 4870; x_wconf 92' lang='lat' dir='ltr'>alia</span> 
     </span>
    </p>
   </div>
   <div class='ocr_carea' id='block_1_100' title="bbox 185 4901 1845 4976">
    <p class='ocr_par' dir='ltr' id='par_1_100' title="bbox 185 4901 1845 4976">
     <span class='ocr_line' id='line_1_100' title="bbox 185 4901 1845 4976; baseline -0.001 -19"><span class='ocrx_word' id='word_1_704' title='bbox 185 4902 288 4957; x_wconf 90' lang='lat' dir='ltr'>hic</span> <span class='ocrx_word' id='word_1_705' title='bbox 319 4901 667 4956; x_wconf 83' lang='lat' dir='ltr'>immutatio</span> <span class='ocrx_word' id='word_1_706' title='bbox 689 4909 974 4974; x_wconf 88' lang='lat' dir='ltr'>apparet;</span> <span class='ocrx_word' id='word_1_707' title='bbox 1009 4920 1202 4976; x_wconf 90' lang='lat' dir='ltr'>neque</span> <span class='ocrx_word' id='word_1_708' title='bbox 1233 4921 1302 4960; x_wconf 89' lang='lat' dir='ltr'>ea</span> <span class='ocrx_word' id='word_1_709' title='bbox 1331 4905 1415 4960; x_wconf 88' lang='lat' dir='ltr'>vis</span> <span class='ocrx_word' id='word_1_710' title='bbox 1457 4907 1614 4960; x_wconf 88' lang='lat' dir='ltr'>vocis</span> <span class='ocrx_word' id='word_1_711' title='bbox 1648 4914 1845 4976; x_wconf 79' lang='grc' dir='ltr'>μεθαρ·</span> 
     </span>
    </p>
   </div>
   <div class='ocr_carea' id='block_1_101' title="bbox 189 4989 1850 5063">
    <p class='ocr_par' dir='ltr' id='par_1_101' title="bbox 189 4989 1850 5063">
     <span class='ocr_line' id='line_1_101' title="bbox 189 4989 1850 5063; baseline 0.003 -20"><span class='ocrx_word' id='word_1_712' title='bbox 189 4989 370 5063; x_wconf 71' lang='grc' dir='ltr'>μὸσεις</span> <span class='ocrx_word' id='word_1_713' title='bbox 403 4994 516 5057; x_wconf 87' lang='lat' dir='ltr'>est,</span> <span class='ocrx_word' id='word_1_714' title='bbox 547 4995 613 5046; x_wconf 93' lang='lat' dir='ltr'>ut</span> <span class='ocrx_word' id='word_1_715' title='bbox 672 4992 874 5047; x_wconf 90' lang='lat' dir='ltr'>omnia</span> <span class='ocrx_word' id='word_1_716' title='bbox 928 4995 1177 5048; x_wconf 67' lang='lat' dir='ltr'>Aﬂonum</span> <span class='ocrx_word' id='word_1_717' title='bbox 1234 4999 1498 5050; x_wconf 90' lang='lat' dir='ltr'>veterum</span> <span class='ocrx_word' id='word_1_718' title='bbox 1543 4993 1788 5049; x_wconf 90' lang='lat' dir='ltr'>nomina</span> <span class='ocrx_word' id='word_1_719' title='bbox 1817 5009 1850 5047; x_wconf 91' lang='lat' dir='ltr'>a</span> 
     </span>
    </p>
   </div>
   <div class='ocr_carea' id='block_1_102' title="bbox 190 5079 1853 5157">
    <p class='ocr_par' dir='ltr' id='par_1_102' title="bbox 190 5079 1853 5157">
     <span class='ocr_line' id='line_1_102' title="bbox 190 5079 1853 5157; baseline 0.003 -25"><span class='ocrx_word' id='word_1_720' title='bbox 190 5079 514 5135; x_wconf 83' lang='lat' dir='ltr'>Valentino</span> <span class='ocrx_word' id='word_1_721' title='bbox 538 5084 929 5147; x_wconf 87' lang='lat' dir='ltr'>mutarentur,</span> <span class='ocrx_word' id='word_1_722' title='bbox 966 5089 1025 5138; x_wconf 94' lang='lat' dir='ltr'>et</span> <span class='ocrx_word' id='word_1_723' title='bbox 1044 5083 1288 5157; x_wconf 73' lang='lat' dir='ltr'>syzygiaa</span> <span class='ocrx_word' id='word_1_724' title='bbox 1321 5101 1529 5139; x_wconf 91' lang='lat' dir='ltr'>omnes</span> <span class='ocrx_word' id='word_1_725' title='bbox 1560 5083 1618 5137; x_wconf 91' lang='lat' dir='ltr'>in</span> <span class='ocrx_word' id='word_1_726' title='bbox 1655 5083 1853 5138; x_wconf 88' lang='lat' dir='ltr'>melio-</span> 
     </span>
    </p>
   </div>
   <div class='ocr_carea' id='block_1_103' title="bbox 189 5169 1850 5247">
    <p class='ocr_par' dir='ltr' id='par_1_103' title="bbox 189 5169 1850 5247">
     <span class='ocr_line' id='line_1_103' title="bbox 189 5169 1850 5247; baseline 0.002 -23"><span class='ocrx_word' id='word_1_727' title='bbox 189 5187 322 5226; x_wconf 88' lang='lat' dir='ltr'>rem</span> <span class='ocrx_word' id='word_1_728' title='bbox 356 5169 610 5225; x_wconf 83' lang='lat' dir='ltr'>formam</span> <span class='ocrx_word' id='word_1_729' title='bbox 661 5171 1092 5243; x_wconf 88' lang='lat' dir='ltr'>redigerentur.</span> <span class='ocrx_word' id='word_1_730' title='bbox 1126 5175 1270 5229; x_wconf 90' lang='lat' dir='ltr'>Nam</span> <span class='ocrx_word' id='word_1_731' title='bbox 1301 5170 1659 5247; x_wconf 81' lang='grc' dir='ltr'>μεθαρμόζειν</span> <span class='ocrx_word' id='word_1_732' title='bbox 1695 5189 1850 5244; x_wconf 74' lang='lat' dir='ltr'>saape</span> 
     </span>
    </p>
   </div>
   <div class='ocr_carea' id='block_1_104' title="bbox 190 5260 1850 5336">
    <p class='ocr_par' dir='ltr' id='par_1_104' title="bbox 190 5260 1850 5336">
     <span class='ocr_line' id='line_1_104' title="bbox 190 5260 1850 5336; baseline 0.001 -20"><span class='ocrx_word' id='word_1_733' title='bbox 190 5260 554 5333; x_wconf 83' lang='lat' dir='ltr'>simpliciter</span> <span class='ocrx_word' id='word_1_734' title='bbox 571 5282 599 5310; x_wconf 86' lang='lat'><strong>«</strong></span> <span class='ocrx_word' id='word_1_735' title='bbox 624 5262 1006 5328; x_wconf 84' lang='lat' dir='ltr'>transferre,»</span> <span class='ocrx_word' id='word_1_736' title='bbox 1031 5270 1133 5319; x_wconf 90' lang='lat' dir='ltr'>aut</span> <span class='ocrx_word' id='word_1_737' title='bbox 1149 5288 1175 5314; x_wconf 87' lang='lat'><strong>«</strong></span> <span class='ocrx_word' id='word_1_738' title='bbox 1202 5264 1480 5336; x_wconf 89' lang='lat' dir='ltr'>adaptare</span> <span class='ocrx_word' id='word_1_739' title='bbox 1502 5263 1850 5334; x_wconf 76' lang='lat' dir='ltr'>nsigniﬁcat,</span> 
     </span>
    </p>
   </div>
   <div class='ocr_carea' id='block_1_105' title="bbox 193 5352 1852 5422">
    <p class='ocr_par' dir='ltr' id='par_1_105' title="bbox 193 5352 1852 5422">
     <span class='ocr_line' id='line_1_105' title="bbox 193 5352 1852 5422; baseline 0.003 -19"><span class='ocrx_word' id='word_1_740' title='bbox 193 5365 316 5404; x_wconf 92' lang='lat' dir='ltr'>non</span> <span class='ocrx_word' id='word_1_741' title='bbox 357 5365 617 5422; x_wconf 88' lang='lat' dir='ltr'>semper,</span> <span class='ocrx_word' id='word_1_742' title='bbox 652 5373 680 5400; x_wconf 91' lang='grc'>‹‹</span> <span class='ocrx_word' id='word_1_743' title='bbox 703 5357 957 5418; x_wconf 89' lang='lat' dir='ltr'>mutare,</span> <span class='ocrx_word' id='word_1_744' title='bbox 993 5375 1020 5403; x_wconf 87' lang='grc'><strong>››</strong></span> <span class='ocrx_word' id='word_1_745' title='bbox 1068 5353 1254 5408; x_wconf 89' lang='lat' dir='ltr'>multo</span> <span class='ocrx_word' id='word_1_746' title='bbox 1298 5353 1498 5409; x_wconf 90' lang='lat' dir='ltr'>minus</span> <span class='ocrx_word' id='word_1_747' title='bbox 1547 5353 1609 5408; x_wconf 91' lang='lat' dir='ltr'>in</span> <span class='ocrx_word' id='word_1_748' title='bbox 1639 5352 1852 5408; x_wconf 88' lang='lat' dir='ltr'>melius</span> 
     </span>
    </p>
   </div>
   <div class='ocr_carea' id='block_1_106' title="bbox 192 5439 1852 5509">
    <p class='ocr_par' dir='ltr' id='par_1_106' title="bbox 192 5439 1852 5509">
     <span class='ocr_line' id='line_1_106' title="bbox 192 5439 1852 5509; baseline 0.002 -15"><span class='ocrx_word' id='word_1_749' title='bbox 192 5439 550 5509; x_wconf 77' lang='lat' dir='ltr'>«corrigere,</span> <span class='ocrx_word' id='word_1_750' title='bbox 585 5461 614 5488; x_wconf 83' lang='grc'><strong>››</strong></span> <span class='ocrx_word' id='word_1_751' title='bbox 636 5441 886 5509; x_wconf 91' lang='lat' dir='ltr'>scilicet,</span> <span class='ocrx_word' id='word_1_752' title='bbox 919 5449 1023 5498; x_wconf 88' lang='lat' dir='ltr'>aut</span> <span class='ocrx_word' id='word_1_753' title='bbox 1045 5465 1073 5492; x_wconf 76' lang='grc' dir='ltr'>ιι</span> <span class='ocrx_word' id='word_1_754' title='bbox 1094 5443 1424 5498; x_wconf 88' lang='lat' dir='ltr'>emendare.</span> <span class='ocrx_word' id='word_1_755' title='bbox 1453 5465 1480 5492; x_wconf 86' lang='grc'><strong><em>››</em></strong></span> <span class='ocrx_word' id='word_1_756' title='bbox 1513 5443 1852 5498; x_wconf 87' lang='lat' dir='ltr'>Basilidiani</span> 
     </span>
    </p>
   </div>
   <div class='ocr_carea' id='block_1_107' title="bbox 183 5530 1854 5604">
    <p class='ocr_par' dir='ltr' id='par_1_107' title="bbox 183 5530 1854 5604">
     <span class='ocr_line' id='line_1_107' title="bbox 183 5530 1854 5604; baseline 0.002 -19"><span class='ocrx_word' id='word_1_757' title='bbox 183 5530 754 5586; x_wconf 86' lang='lat' dir='ltr'>mathematicorum</span> <span class='ocrx_word' id='word_1_758' title='bbox 780 5553 808 5581; x_wconf 90' lang='grc'>‹‹</span> <span class='ocrx_word' id='word_1_759' title='bbox 837 5533 1204 5588; x_wconf 87' lang='lat' dir='ltr'>theoremata</span> <span class='ocrx_word' id='word_1_760' title='bbox 1225 5533 1657 5604; x_wconf 90' lang='lat' dir='ltr'>accipientesin</span> <span class='ocrx_word' id='word_1_761' title='bbox 1679 5549 1854 5588; x_wconf 81' lang='lat' dir='ltr'>suum</span> 
     </span>
    </p>
   </div>
   <div class='ocr_carea' id='block_1_108' title="bbox 184 5619 1856 5691">
    <p class='ocr_par' dir='ltr' id='par_1_108' title="bbox 184 5619 1856 5691">
     <span class='ocr_line' id='line_1_108' title="bbox 184 5619 1856 5691; baseline 0.001 -18"><span class='ocrx_word' id='word_1_762' title='bbox 184 5619 599 5676; x_wconf 87' lang='lat' dir='ltr'>characterem</span> <span class='ocrx_word' id='word_1_763' title='bbox 652 5619 941 5677; x_wconf 75' lang='lat' dir='ltr'>doctrina)</span> <span class='ocrx_word' id='word_1_764' title='bbox 1003 5623 1511 5691; x_wconf 85' lang='lat' dir='ltr'>transtulerunt,»</span> <span class='ocrx_word' id='word_1_765' title='bbox 1564 5627 1629 5676; x_wconf 88' lang='lat' dir='ltr'>ut</span> <span class='ocrx_word' id='word_1_766' title='bbox 1676 5621 1856 5676; x_wconf 78' lang='lat' dir='ltr'>refert</span> 
     </span>
    </p>
   </div>
   <div class='ocr_carea' id='block_1_109' title="bbox 151 5709 1856 5790">
    <p class='ocr_par' dir='ltr' id='par_1_109' title="bbox 151 5709 1856 5790">
     <span class='ocr_line' id='line_1_109' title="bbox 151 5709 1856 5790; baseline 0 -24"><span class='ocrx_word' id='word_1_767' title='bbox 151 5710 454 5786; x_wconf 42' lang='lat' dir='ltr'>‘Ireniaus</span> <span class='ocrx_word' id='word_1_768' title='bbox 488 5709 596 5767; x_wconf 87' lang='lat' dir='ltr'>lib.</span> <span class='ocrx_word' id='word_1_769' title='bbox 633 5728 672 5775; x_wconf 83' lang='grc' dir='ltr'>ι,</span> <span class='ocrx_word' id='word_1_770' title='bbox 694 5729 743 5766; x_wconf 93' lang='lat' dir='ltr'>c.</span> <span class='ocrx_word' id='word_1_771' title='bbox 775 5713 1190 5789; x_wconf 21' lang='lat' dir='ltr'>23,‘nonutea</span> <span class='ocrx_word' id='word_1_772' title='bbox 1212 5711 1856 5790; x_wconf 86' lang='lat' dir='ltr'>emendarent,opinor,</span> 
     </span>
    </p>
   </div>
   <div class='ocr_carea' id='block_1_110' title="bbox 1957 4723 3605 4800">
    <p class='ocr_par' dir='ltr' id='par_1_110' title="bbox 1957 4723 3605 4800">
     <span class='ocr_line' id='line_1_110' title="bbox 1957 4723 3605 4800; baseline -0.004 -18"><span class='ocrx_word' id='word_1_773' title='bbox 1957 4728 2144 4800; x_wconf 89' lang='lat' dir='ltr'>ipsius</span> <span class='ocrx_word' id='word_1_774' title='bbox 2174 4724 2452 4781; x_wconf 89' lang='lat' dir='ltr'>delirium</span> <span class='ocrx_word' id='word_1_775' title='bbox 2486 4740 2520 4778; x_wconf 90' lang='lat' dir='ltr'>a</span> <span class='ocrx_word' id='word_1_776' title='bbox 2552 4723 2606 4777; x_wconf 93' lang='lat' dir='ltr'>S.</span> <span class='ocrx_word' id='word_1_777' title='bbox 2655 4728 2913 4794; x_wconf 87' lang='lat' dir='ltr'>martyre</span> <span class='ocrx_word' id='word_1_778' title='bbox 2972 4730 3108 4778; x_wconf 87' lang='lat' dir='ltr'>ante</span> <span class='ocrx_word' id='word_1_779' title='bbox 3161 4728 3412 4778; x_wconf 89' lang='lat' dir='ltr'>mortem</span> <span class='ocrx_word' id='word_1_780' title='bbox 3443 4723 3605 4777; x_wconf 90' lang='lat' dir='ltr'>nullo</span> 
     </span>
    </p>
   </div>
   <div class='ocr_carea' id='block_1_111' title="bbox 1955 4811 3614 4886">
    <p class='ocr_par' dir='ltr' id='par_1_111' title="bbox 1955 4811 3614 4886">
     <span class='ocr_line' id='line_1_111' title="bbox 1955 4811 3614 4886; baseline -0.005 -14"><span class='ocrx_word' id='word_1_781' title='bbox 1955 4816 2132 4872; x_wconf 88' lang='lat' dir='ltr'>modo</span> <span class='ocrx_word' id='word_1_782' title='bbox 2162 4813 2436 4886; x_wconf 86' lang='lat' dir='ltr'>cognosci</span> <span class='ocrx_word' id='word_1_783' title='bbox 2485 4813 2748 4884; x_wconf 91' lang='lat' dir='ltr'>potuisse</span> <span class='ocrx_word' id='word_1_784' title='bbox 2779 4811 3032 4883; x_wconf 89' lang='lat' dir='ltr'>probare</span> <span class='ocrx_word' id='word_1_785' title='bbox 3063 4828 3184 4867; x_wconf 91' lang='lat' dir='ltr'>non</span> <span class='ocrx_word' id='word_1_786' title='bbox 3217 4812 3422 4883; x_wconf 83' lang='lat' dir='ltr'>possit,</span> <span class='ocrx_word' id='word_1_787' title='bbox 3457 4812 3614 4882; x_wconf 89' lang='lat' dir='ltr'>perit</span> 
     </span>
    </p>
   </div>
   <div class='ocr_carea' id='block_1_112' title="bbox 1957 4899 3611 4978">
    <p class='ocr_par' dir='ltr' id='par_1_112' title="bbox 1957 4899 3611 4978">
     <span class='ocr_line' id='line_1_112' title="bbox 1957 4899 3611 4978; baseline -0.005 -17"><span class='ocrx_word' id='word_1_788' title='bbox 1957 4909 2369 4978; x_wconf 83' lang='lat' dir='ltr'>argumentum</span> <span class='ocrx_word' id='word_1_789' title='bbox 2395 4918 2430 4957; x_wconf 89' lang='lat' dir='ltr'>a</span> <span class='ocrx_word' id='word_1_790' title='bbox 2455 4901 2774 4956; x_wconf 87' lang='lat' dir='ltr'>violatione</span> <span class='ocrx_word' id='word_1_791' title='bbox 2824 4901 3108 4972; x_wconf 88' lang='lat' dir='ltr'>temporis</span> <span class='ocrx_word' id='word_1_792' title='bbox 3138 4900 3403 4963; x_wconf 90' lang='lat' dir='ltr'>ductum,</span> <span class='ocrx_word' id='word_1_793' title='bbox 3439 4899 3611 4968; x_wconf 84' lang='lat' dir='ltr'>cujus</span> 
     </span>
    </p>
   </div>
   <div class='ocr_carea' id='block_1_113' title="bbox 1958 4987 3609 5062">
    <p class='ocr_par' dir='ltr' id='par_1_113' title="bbox 1958 4987 3609 5062">
     <span class='ocr_line' id='line_1_113' title="bbox 1958 4987 3609 5062; baseline -0.005 -12"><span class='ocrx_word' id='word_1_794' title='bbox 1958 4996 2074 5050; x_wconf 89' lang='lat' dir='ltr'>vim</span> <span class='ocrx_word' id='word_1_795' title='bbox 2105 4995 2167 5048; x_wconf 92' lang='lat' dir='ltr'>in</span> <span class='ocrx_word' id='word_1_796' title='bbox 2199 5010 2268 5048; x_wconf 94' lang='lat' dir='ltr'>eo</span> <span class='ocrx_word' id='word_1_797' title='bbox 2299 4997 2533 5047; x_wconf 87' lang='lat' dir='ltr'>tantum</span> <span class='ocrx_word' id='word_1_798' title='bbox 2562 4990 2880 5060; x_wconf 88' lang='lat' dir='ltr'>collocant,</span> <span class='ocrx_word' id='word_1_799' title='bbox 2914 4990 3072 5062; x_wconf 92' lang='lat' dir='ltr'>quod</span> <span class='ocrx_word' id='word_1_800' title='bbox 3100 4993 3313 5062; x_wconf 92' lang='lat' dir='ltr'>putent</span> <span class='ocrx_word' id='word_1_801' title='bbox 3339 5005 3399 5044; x_wconf 91' lang='lat' dir='ltr'>se</span> <span class='ocrx_word' id='word_1_802' title='bbox 3425 4987 3609 5042; x_wconf 88' lang='lat' dir='ltr'>ﬁrmi-</span> 
     </span>
    </p>
   </div>
   <div class='ocr_carea' id='block_1_114' title="bbox 1958 5077 3615 5151">
    <p class='ocr_par' dir='ltr' id='par_1_114' title="bbox 1958 5077 3615 5151">
     <span class='ocr_line' id='line_1_114' title="bbox 1958 5077 3615 5151; baseline -0.007 -11"><span class='ocrx_word' id='word_1_803' title='bbox 1958 5090 2050 5140; x_wconf 90' lang='lat' dir='ltr'>ter</span> <span class='ocrx_word' id='word_1_804' title='bbox 2079 5083 2486 5138; x_wconf 88' lang='lat' dir='ltr'>demonstrare</span> <span class='ocrx_word' id='word_1_805' title='bbox 2515 5096 2689 5150; x_wconf 93' lang='lat' dir='ltr'>posse</span> <span class='ocrx_word' id='word_1_806' title='bbox 2704 5079 3084 5135; x_wconf 83' lang='lat' dir='ltr'>Valentinum</span> <span class='ocrx_word' id='word_1_807' title='bbox 3117 5078 3218 5134; x_wconf 92' lang='lat' dir='ltr'>diu</span> <span class='ocrx_word' id='word_1_808' title='bbox 3243 5081 3378 5151; x_wconf 90' lang='lat' dir='ltr'>post</span> <span class='ocrx_word' id='word_1_809' title='bbox 3398 5077 3615 5131; x_wconf 83' lang='lat' dir='ltr'>S.mar-</span> 
     </span>
    </p>
   </div>
   <div class='ocr_carea' id='block_1_115' title="bbox 1959 5166 3538 5244">
    <p class='ocr_par' dir='ltr' id='par_1_115' title="bbox 1959 5166 3538 5244">
     <span class='ocr_line' id='line_1_115' title="bbox 1959 5166 3538 5244; baseline -0.007 -15"><span class='ocrx_word' id='word_1_810' title='bbox 1959 5174 2105 5244; x_wconf 86' lang='lat' dir='ltr'>tyris</span> <span class='ocrx_word' id='word_1_811' title='bbox 2134 5176 2388 5226; x_wconf 90' lang='lat' dir='ltr'>mortem</span> <span class='ocrx_word' id='word_1_812' title='bbox 2413 5183 2534 5222; x_wconf 61' lang='lat' dir='ltr'>suae</span> <span class='ocrx_word' id='word_1_813' title='bbox 2566 5168 2860 5223; x_wconf 65' lang='lat' dir='ltr'>haereseos</span> <span class='ocrx_word' id='word_1_814' title='bbox 2889 5169 3279 5225; x_wconf 87' lang='lat' dir='ltr'>fundamenta</span> <span class='ocrx_word' id='word_1_815' title='bbox 3301 5166 3538 5238; x_wconf 90' lang='lat' dir='ltr'>jecisse.</span> 
     </span>
    </p>
   </div>
   <div class='ocr_carea' id='block_1_116' title="bbox 2031 5254 3612 5333">
    <p class='ocr_par' dir='ltr' id='par_1_116' title="bbox 2031 5254 3612 5333">
     <span class='ocr_line' id='line_1_116' title="bbox 2031 5254 3612 5333; baseline -0.006 -16"><span class='ocrx_word' id='word_1_816' title='bbox 2031 5265 2146 5333; x_wconf 86' lang='lat' dir='ltr'>Ego</span> <span class='ocrx_word' id='word_1_817' title='bbox 2176 5264 2374 5314; x_wconf 88' lang='lat' dir='ltr'>autem</span> <span class='ocrx_word' id='word_1_818' title='bbox 2388 5254 2678 5328; x_wconf 85' lang='lat' dir='ltr'>Ignatium</span> <span class='ocrx_word' id='word_1_819' title='bbox 2698 5257 2990 5311; x_wconf 88' lang='lat' dir='ltr'>Valentini</span> <span class='ocrx_word' id='word_1_820' title='bbox 3014 5256 3372 5312; x_wconf 88' lang='lat' dir='ltr'>sententiam</span> <span class='ocrx_word' id='word_1_821' title='bbox 3395 5270 3612 5325; x_wconf 86' lang='lat' dir='ltr'>cogno-</span> 
     </span>
    </p>
   </div>
   <div class='ocr_carea' id='block_1_117' title="bbox 1961 5343 3620 5420">
    <p class='ocr_par' dir='ltr' id='par_1_117' title="bbox 1961 5343 3620 5420">
     <span class='ocr_line' id='line_1_117' title="bbox 1961 5343 3620 5420; baseline -0.007 -13"><span class='ocrx_word' id='word_1_822' title='bbox 1961 5367 2124 5407; x_wconf 89' lang='lat' dir='ltr'>scere</span> <span class='ocrx_word' id='word_1_823' title='bbox 2154 5345 2417 5420; x_wconf 89' lang='lat' dir='ltr'>potuisse</span> <span class='ocrx_word' id='word_1_824' title='bbox 2462 5343 2546 5398; x_wconf 90' lang='lat' dir='ltr'>sic</span> <span class='ocrx_word' id='word_1_825' title='bbox 2577 5343 2806 5415; x_wconf 86' lang='lat' dir='ltr'>colligo.</span> <span class='ocrx_word' id='word_1_826' title='bbox 2836 5345 2892 5397; x_wconf 90' lang='lat' dir='ltr'>Si</span> <span class='ocrx_word' id='word_1_827' title='bbox 2921 5345 3230 5416; x_wconf 88' lang='lat' dir='ltr'>Polycarpi</span> <span class='ocrx_word' id='word_1_828' title='bbox 3263 5343 3531 5400; x_wconf 89' lang='lat' dir='ltr'>doctrina</span> <span class='ocrx_word' id='word_1_829' title='bbox 3559 5347 3620 5396; x_wconf 87' lang='lat' dir='ltr'>et</span> 
     </span>
    </p>
   </div>
   <div class='ocr_carea' id='block_1_118' title="bbox 1962 5429 3620 5514">
    <p class='ocr_par' dir='ltr' id='par_1_118' title="bbox 1962 5429 3620 5514">
     <span class='ocr_line' id='line_1_118' title="bbox 1962 5429 3620 5514; baseline -0.006 -18"><span class='ocrx_word' id='word_1_830' title='bbox 1962 5437 2275 5514; x_wconf 84' lang='lat' dir='ltr'>lgnatio.et</span> <span class='ocrx_word' id='word_1_831' title='bbox 2301 5432 2597 5502; x_wconf 79' lang='lat' dir='ltr'>SJoanni,</span> <span class='ocrx_word' id='word_1_832' title='bbox 2630 5438 2690 5488; x_wconf 90' lang='lat' dir='ltr'>et</span> <span class='ocrx_word' id='word_1_833' title='bbox 2719 5431 2853 5487; x_wconf 90' lang='lat' dir='ltr'>aliis</span> <span class='ocrx_word' id='word_1_834' title='bbox 2876 5434 3055 5488; x_wconf 87' lang='lat' dir='ltr'>etiam</span> <span class='ocrx_word' id='word_1_835' title='bbox 3079 5434 3363 5507; x_wconf 82' lang='lat' dir='ltr'>apostolis</span> <span class='ocrx_word' id='word_1_836' title='bbox 3385 5429 3620 5504; x_wconf 81' lang='lat' dir='ltr'>cognita</span> 
     </span>
    </p>
   </div>
   <div class='ocr_carea' id='block_1_119' title="bbox 1961 5521 3620 5596">
    <p class='ocr_par' dir='ltr' id='par_1_119' title="bbox 1961 5521 3620 5596">
     <span class='ocr_line' id='line_1_119' title="bbox 1961 5521 3620 5596; baseline -0.007 -11"><span class='ocrx_word' id='word_1_837' title='bbox 1961 5529 2158 5596; x_wconf 88' lang='lat' dir='ltr'>fuerit,</span> <span class='ocrx_word' id='word_1_838' title='bbox 2188 5524 2488 5580; x_wconf 88' lang='lat' dir='ltr'>Valentini</span> <span class='ocrx_word' id='word_1_839' title='bbox 2521 5524 2700 5579; x_wconf 89' lang='lat' dir='ltr'>etiam</span> <span class='ocrx_word' id='word_1_840' title='bbox 2755 5523 3025 5578; x_wconf 89' lang='lat' dir='ltr'>doctrina</span> <span class='ocrx_word' id='word_1_841' title='bbox 3055 5523 3370 5584; x_wconf 8' lang='lat' dir='ltr'>saltemvab</span> <span class='ocrx_word' id='word_1_842' title='bbox 3398 5521 3620 5594; x_wconf 83' lang='lat' dir='ltr'>lgnatio</span> 
     </span>
    </p>
   </div>
   <div class='ocr_carea' id='block_1_120' title="bbox 1963 5610 3616 5691">
    <p class='ocr_par' dir='ltr' id='par_1_120' title="bbox 1963 5610 3616 5691">
     <span class='ocr_line' id='line_1_120' title="bbox 1963 5610 3616 5691; baseline -0.006 -16"><span class='ocrx_word' id='word_1_843' title='bbox 1963 5617 2233 5691; x_wconf 86' lang='lat' dir='ltr'>cognosci</span> <span class='ocrx_word' id='word_1_844' title='bbox 2275 5615 2484 5688; x_wconf 84' lang='lat' dir='ltr'>potuit.</span> <span class='ocrx_word' id='word_1_845' title='bbox 2520 5618 2593 5670; x_wconf 87' lang='lat' dir='ltr'>At</span> <span class='ocrx_word' id='word_1_846' title='bbox 2621 5611 2929 5688; x_wconf 84' lang='lat' dir='ltr'>Polycarpi</span> <span class='ocrx_word' id='word_1_847' title='bbox 2961 5610 3231 5666; x_wconf 89' lang='lat' dir='ltr'>doctrina</span> <span class='ocrx_word' id='word_1_848' title='bbox 3262 5619 3321 5666; x_wconf 90' lang='lat' dir='ltr'>et</span> <span class='ocrx_word' id='word_1_849' title='bbox 3367 5612 3616 5685; x_wconf 86' lang='lat' dir='ltr'>lgnatio,</span> 
     </span>
    </p>
   </div>
   <div class='ocr_carea' id='block_1_121' title="bbox 1969 5699 3618 5778">
    <p class='ocr_par' dir='ltr' id='par_1_121' title="bbox 1969 5699 3618 5778">
     <span class='ocr_line' id='line_1_121' title="bbox 1969 5699 3618 5778; baseline -0.006 -12"><span class='ocrx_word' id='word_1_850' title='bbox 1969 5716 2027 5767; x_wconf 88' lang='lat' dir='ltr'>et</span> <span class='ocrx_word' id='word_1_851' title='bbox 2056 5710 2111 5766; x_wconf 91' lang='lat' dir='ltr'>S.</span> <span class='ocrx_word' id='word_1_852' title='bbox 2136 5707 2376 5778; x_wconf 88' lang='lat' dir='ltr'>Joanni,</span> <span class='ocrx_word' id='word_1_853' title='bbox 2426 5711 2485 5762; x_wconf 91' lang='lat' dir='ltr'>et</span> <span class='ocrx_word' id='word_1_854' title='bbox 2537 5704 2672 5762; x_wconf 85' lang='lat' dir='ltr'>aliis</span> <span class='ocrx_word' id='word_1_855' title='bbox 2703 5699 2984 5778; x_wconf 89' lang='lat' dir='ltr'>apostolis</span> <span class='ocrx_word' id='word_1_856' title='bbox 3016 5699 3114 5770; x_wconf 86' lang='lat' dir='ltr'>qui</span> <span class='ocrx_word' id='word_1_857' title='bbox 3149 5703 3283 5754; x_wconf 83' lang='lat' dir='ltr'>ante</span> <span class='ocrx_word' id='word_1_858' title='bbox 3332 5702 3618 5758; x_wconf 85' lang='lat' dir='ltr'>Joannem</span> 
     </span>
    </p>
   </div>
  </div>
