3974 6296
184 396 289 456 33⁸1

911 390 969 453 J.
1016 389 1431 455 PEARSONII
1483 383 1858 454 VINDICME
1898 381 2378 453 IGNATIANE.
2431 427 2505 438 --
2545 384 2752 456 PARS
2794 395 2872 457 ΙΙ.

3489 390 3606 462 338

181 526 452 583 novitatis
484 525 770 584 convinci
795 531 1038 600 putatur
1064 527 1092 582 ‘l
1121 528 1213 582 An
1267 525 1366 582 ille
1415 526 1476 580 in
1531 523 1838 580 catholicas
1868 531 1918 598 Α
1952 523 2196 581 tandum
2225 528 2670 597 est,praasertim
2700 528 2747 582 si
2779 525 3045 586 Cedreno
3069 529 3508 604 credamus,qui
3529 535 3599 593 de

183 618 514 673 doctrinam
547 619 752 674 [tome
782 617 1034 674 credidit
1061 616 1170 672 sub
1194 617 1536 688 episcopatu
1569 613 1842 670 Eleuthe-

183 710 258 764 rii
281 709 310 764 ‘l
337 725 412 764 an
443 709 544 764 ille
578 714 708 765 tum
740 709 979 765 demum
1011 709 1070 763 in
1112 711 1465 782 perpetuum
1524 704 1840 760 discidium

184 799 484 870 relegatus
533 815 829 854 venenum
886 798 1171 854 doctrina
1242 813 1362 852 sua)
1412 795 1839 863 disseminavit,

183 895 398 944 contra
428 888 601 958 cujus
633 888 818 943 libros
835 889 1165 954 hwreticos,
1201 891 1259 941 et
1285 890 1374 940 tot
1403 885 1532 956 ejus
1585 884 1840 956 discipu-

183 977 381 1034 lorum
415 979 882 1035 commentarios
914 978 1022 1034 sub
1045 977 1253 1033 eodem
1287 975 1564 1048 episcopo
1606 975 1842 1045 scripsit

181 1068 446 1123 lrenmus
476 1069 506 1123 Ἰ
536 1068 638 1140 qui
671 1069 853 1123 etiam
884 1068 1102 1123 diserte
1126 1064 1439 1138 distinguit
1460 1064 1840 1119 Valentinum

177 1156 250 1211 ab
293 1157 386 1212 iis.
425 1157 528 1228 qui
560 1163 734 1213 astate
760 1173 868 1212 sua
899 1156 1153 1212 haeresin
1185 1171 1316 1211 eam
1345 1155 1838 1225 docuerunt,ipso

178 1249 383 1302 statim
414 1247 552 1301 libri
579 1247 752 1318 primi
774 1247 943 1302 initio
965 1245 993 1300 ?
1017 1248 1106 1300 An
1131 1245 1474 1300 Valentinus
1505 1244 1630 1316 ipse
1662 1248 1837 1298 sectaa

183 1341 354 1408 pater
377 1336 488 1391 sub
518 1335 854 1391 Eleutherio
884 1335 944 1390 in
969 1333 1273 1390 catholicae
1301 1333 1629 1389 doctrinam
1653 1331 1838 1387 credi-

184 1425 440 1488 dit,cum
470 1432 679 1480 contra
717 1424 1163 1480 Valentinianos
1223 1423 1529 1495 scripserit
1569 1422 1836 1477 Justinus

177 1519 433 1586 martyr,
467 1514 596 1585 ipso
620 1514 840 1569 fatente
867 1513 1246 1582 Tertulliano,
1278 1512 1468 1584 capite
1488 1515 1518 1566 5
1540 1512 1568 1567 ?
1590 1511 1838 1582 Scripsit

171 1609 378 1657 autem
413 1602 513 1656 ille
545 1608 683 1657 ante
713 1603 1141 1670 Eleutherium,
1175 1606 1313 1657 ante
1372 1601 1661 1667 Soterem,
1713 1600 1832 1654 imo

169 1698 308 1745 ante
341 1691 686 1760 anicetum,
715 1698 780 1746 ut
809 1691 1208 1746 nuncAniceti
1233 1696 1498 1761 tempora
1519 1707 1553 1744 a
1575 1691 1828 1744 chrono-

170 1779 322 1853 logis
357 1798 427 1835 ex
452 1781 705 1837 Eusebio
729 1782 1143 1854 disponuntur.
1174 1781 1321 1835 Vera
1351 1780 1530 1852 igitur
1547 1780 1672 1833 huic
1703 1795 1830 1833 esse

166 1886 290 1924 non
316 1876 573 1940 possunt
593 1887 786 1942 neque
805 1871 876 1926 de
900 1871 1431 1940 Valentino.neque
1456 1868 1526 1922 de
1541 1868 1829 1936 Cerdone,
1867 1891 1909 1956 Β

166 1976 243 2015 ne
277 1960 529 2032 quidem
561 1961 632 2016 de
664 1963 1164 2032 Marcione,quem
1198 1965 1480 2030 tanquam
1505 1959 1831 2014 manifesta

169 2048 474 2105 hereseos
506 2052 929 2107 convictum.et
960 2048 1418 2122 primogenitum
1455 2049 1683 2104 Satanan
1721 2047 1828 2101 sub

169 2140 425 2194 Aniceto
459 2145 564 2194 aut
592 2146 728 2195 ante
785 2140 1049 2212 fugiebat
1107 2140 1157 2196 S.
1219 2138 1595 2210 Polycarpus,
1659 2138 1829 2205 cujus

171 2227 540 2300 discipulum
570 2229 979 2301 Apellemjam
1011 2227 1175 2284 valde
1200 2244 1404 2284 senem
1445 2226 1692 2282 Rhodon
1722 2228 1826 2282 Ta-

167 2317 310 2373 tiani
345 2317 702 2389 discipulus,
737 2320 958 2374 Irenaeo
992 2316 1686 2390 synchronus,allocutus
1717 2321 1826 2382 est,

172 2407 558 2478 aliorumque
615 2407 1039 2479 discipulorum
1110 2405 1436 2477 discipulos
1484 2405 1824 2477 descripsit.

166 2500 368 2570 Apage
392 2499 575 2569 igitur
604 2497 710 2552 illa
741 2515 813 2553 ex
841 2496 1189 2552 Tertulliani
1222 2497 1350 2551 loco
1394 2496 1645 2550 somnia.
1708 2495 1827 2550 Sub

162 2586 341 2640 initio
367 2587 756 2658 pontiﬁcatus
777 2587 1004 2641 Aniceti
1037 2591 1304 2641 mortuus
1337 2591 1426 2640 est
1454 2584 1822 2640 Valentinus:

163 2683 221 2730 et
252 2692 327 2730 ex
363 2676 478 2731 hac
511 2684 678 2748 parte
712 2677 949 2732 firmum
974 2681 1065 2732 est
1084 2680 1502 2748 argumentum
1532 2681 1823 2739 nostrum;

164 2765 236 2820 de
269 2765 449 2820 initio
483 2766 616 2820 vita)
647 2772 749 2821 aut
777 2766 1073 2821 haereseos
1105 2769 1334 2820 tantum
1366 2763 1551 2835 quaeri
1609 2767 1822 2834 potest.

229 2855 730 2926 Blondellus.qui
762 2856 822 2910 in
858 2861 1188 2927 temporum
1221 2854 1638 2926 supputatione
1669 2852 1826 2906 ultra

160 2945 508 3008 modum,et
537 2943 638 3000 ubi
672 2962 821 3016 opus
851 2962 971 3000 non
995 2951 1105 3012 est,
1129 2949 1438 3000 accuratus
1461 2958 1590 2998 esse
1652 2941 1821 3011 solet,

162 3033 276 3089 hac
309 3032 775 3088 ratiocinatione
797 3039 1109 3089 contentus
1131 3038 1256 3088 est:
1282 3055 1309 3082 «
1332 3031 1679 3087 Valentinus
1701 3047 1822 3086 non

159 3129 298 3178 ante
333 3139 568 3177 annum
600 3124 934 3194 amartyrio
968 3123 1178 3196 lgnatii
1201 3122 1290 3177 vel
1316 3125 1384 3176 40
1415 3121 1507 3176 vel
1529 3124 1594 3176 36
1629 3122 1820 3176 hmre-

1949 630 2016 669 eo
2049 615 2405 686 imperatore
2436 617 2701 672 scribens
2733 618 2817 672 ait
2849 635 2862 672 :
2901 615 3024 671 Ἐπί
3062 617 3259 674 τούτου
3310 621 3596 682 Ἰουστῖνος

1949 703 1977 756 ὁ
2008 702 2308 780 φιλόσοφος
2329 705 2464 758 κατᾶ
2493 708 2677 759 πασῶν
2727 705 2982 779 αἱρέσεων
3040 704 3350 777 ἡνδρίζετο.
3389 735 3408 761 ι
3473 711 3590 766 Sub

1947 793 2057 849 hoc
2085 794 2348 849 Justinus
2378 794 2767 867 phi1050phus
2811 802 3019 852 contra
3077 815 3282 854 omnes
3335 801 3591 856 haereses

1945 883 2196 938 viriliter
2224 900 2284 938 se
2317 884 2515 954 gessit.
2549 905 2576 934 »
2608 885 2674 938 In
2706 901 2774 939 eo
2801 886 2981 957 igitur
3008 886 3159 941 libro
3189 889 3426 960 scripsit
3455 906 3591 946 con-

1947 978 2037 1028 tra
2059 971 2504 1028 Valentinianos
2530 974 2886 1044 Justinus,ut
2907 977 3586 1043 testaturTertullianus,

1949 1078 2083 1134 ergo
2117 1067 2253 1117 ante
2275 1079 2498 1119 annum
2535 1066 2635 1117 144
2665 1081 2783 1119 non
2816 1070 3047 1120 tantum
3095 1066 3338 1122 refutari
3373 1069 3584 1139 potuit,

1948 1151 2049 1206 sed
2084 1158 2140 1205 et
2171 1153 2294 1223 ipse
2325 1151 2614 1208 refutatus
2647 1159 2736 1208 est
2753 1159 2810 1207 et
2825 1155 3100 1226 discipuli
3124 1157 3427 1230 ejus.Ergo
3451 1163 3586 1214 ante

1948 1259 2083 1298 eum
2115 1259 2334 1298 annum
2370 1244 2683 1300 haereticus
2720 1246 2952 1316 agnitus
2983 1251 3091 1310 est,
3125 1252 3182 1302 et
3213 1247 3315 1302 diu
3346 1249 3588 1320 quidem

1945 1337 2102 1387 ante.
2137 1334 2280 1388 Nam
2311 1334 2574 1388 Justinus
2605 1340 2830 1406 martyr
2876 1335 2936 1389 in
3005 1337 3236 1406 Dialogo
3286 1355 3407 1392 cum
3465 1342 3590 1408 Try-

1938 1421 2126 1491 phone
2155 1422 2364 1479 Judaeo.
2402 1421 2508 1476 sub
2541 1423 2711 1477 initio
2741 1424 3025 1478 Antonini
3051 1425 3134 1479 Pii
3169 1426 3588 1498 scripto,disci-

1944 1511 2219 1582 pulcrum
2245 1511 2542 1566 Valentini
2559 1517 2840 1582 tanquam
2862 1513 3275 1568 hmreticorum
3293 1516 3583 1583 meminit,

1943 1617 2090 1670 quos
2121 1606 2290 1655 vocat
2319 1598 2504 1660 ἀθέους
2537 1599 2624 1652 καὶ
2675 1595 2905 1661 ἀσεϐεῖς,
2966 1608 3023 1656 et
3077 1603 3430 1672 quibuscum
3484 1621 3585 1660 ca-

1942 1689 2193 1743 tholicos
2225 1690 2706 1744 communionem
2739 1690 2963 1745 nullam
2997 1692 3275 1748 habuisse
3309 1699 3578 1749 testatur.

1941 1779 2043 1833 Καὶ
2077 1777 2209 1832 εἰσιν
2259 1779 2456 1842 αὐτῶν,
2518 1781 2729 1850 inquit.
2791 1780 2842 1832 οἱ
2905 1781 2999 1852 μὶν
3057 1801 3192 1840 τινες
3250 1781 3580 1852 καλούμενοι

1944 1867 2264 1940 Μαρκιανοί,
2298 1868 2348 1921 οἱ
2382 1864 2439 1920 δὲ
2470 1865 2939 1934 Οὺαλεντινιανοῖ,
2973 1871 3024 1922 οἱ
3065 1867 3122 1922 δὲ
3183 1867 3578 1944 Βασιλιδιανοῖ,

1942 1957 1992 2011 οἱ
2021 1955 2077 2012 δὲ
2111 1954 2672 2032 Σατορνιλιανοὶ,γαὶ
2731 1955 2896 2011 ἄλλοι
2952 1955 3108 2031 ἂλλῳ
3163 1959 3414 2032 ὀνόματι,
3475 1961 3580 2016 ἀπὸ

1937 2050 2037 2101 τοῦ
2081 2044 2394 2120 ἀρχηγέτου
2434 2049 2530 2110 νῆς
2588 2046 2816 2119 γνώμης
2885 2039 3105 2107 Exacto:
3156 2047 3581 2120 ὀνομαζόμενος.

1941 2160 1967 2186 ‹‹
1999 2139 2068 2190 Et
2099 2141 2458 2191 sunteorum
2483 2136 2723 2206 quidam
2756 2137 2855 2206 qui
2894 2143 3172 2192 vocantur
3204 2141 3582 2208 Marcionitaa,

1940 2224 2182 2295 quidam
2214 2241 2347 2279 vero
2377 2224 3583 2297 Valentiniani,Basilidiani,Saturniliani,

1939 2331 1973 2369 ο.
1999 2314 2261 2385 principe
2293 2315 2600 2369 sententias
2651 2315 2901 2385 quisque
2950 2333 3170 2371 nomen
3228 2318 3525 2375 obtinens.
3559 2343 3579 2368 ι

1939 2404 2049 2458 Diu
2081 2404 2277 2474 itaque
2310 2410 2449 2458 ante
2481 2405 2714 2476 agnitus
2737 2411 2826 2458 est
2885 2405 3233 2462 Valentinus
3295 2413 3579 2480 tanquam

1938 2492 2302 2563 blasphemaa
2336 2492 2629 2548 haereseos
2654 2493 2929 2565 princeps
2962 2500 3021 2548 et
3050 2495 3120 2549 ab
3153 2495 3414 2553 Ecclesia
3461 2499 3586 2568 eje-

1938 2583 2219 2638 ctus.Non
2242 2587 2438 2636 autem
2463 2599 2622 2637 nunc
2654 2584 3204 2654 quaeritur,quando
3240 2586 3582 2641 Valentinus

1937 2676 2220 2742 tanquam
2253 2671 2647 2726 haeresiarcha
2679 2674 2876 2726 Romaa
2907 2674 3162 2744 agnitus,
3191 2674 3294 2728 sed
3345 2676 3582 2745 quando

1936 2761 2195 2831 primum
2227 2761 2289 2814 in
2319 2761 2573 2815 haeresim
2605 2761 2809 2831 lapsus
2842 2762 3195 2832 est,quando
3225 2763 3418 2834 prima
3449 2780 3581 2820 sen-

1935 2850 2134 2905 tentias
2168 2867 2287 2904 sum
2319 2849 2657 2905 rudimenta
2686 2850 2954 2922 protulit.

2004 2961 2305 3033 Originem
2353 2960 2649 3016 Valentini
2708 2961 3020 3018 obscuram
3074 2964 3255 3020 fuisse
3315 2964 3586 3022 observat

1932 3053 2034 3124 Ερὶ
2044 3051 2483 3124 phanius,quod
2503 3068 2624 3106 non
2636 3051 2951 3108 minimum
2972 3054 3279 3110 vetustatis
3293 3055 3584 3110 indicium

1942 3147 2048 3198 est.
2073 3143 2137 3196 In
2159 3143 2400 3213 Egypto
2428 3141 2688 3213 primum
2719 3142 2975 3197 haeresin
3005 3160 3171 3198 suam
3217 3146 3582 3213 elformasse,

159 3212 314 3267 ιίεηε
348 3211 597 3283 agnitus
627 3217 736 3268 εει·
769 3215 916 3312 Ειιηεο
948 3218 1084 3324 illi?
1105 3229 1240 3324 θυίξι
1269 3227 1493 3324 θξξξυξη
1525 3211 1766 3324 fern-mf}
1787 3228 1822 3266 δ’
1859 3257 1902 3324 C
1944 3248 2194 3301 eamque
2217 3211 2446 3288 veneno
2474 3248 2578 3286 suo
2603 3231 2879 3287 infecisse
2910 3232 3126 3300 tradit;
3163 3251 3278 3304 quo
3311 3239 3576 3306 tempore

155 3318 472 3374 quoquam
504 3319 623 3357 non
655 3303 864 3373 potuit.
901 3325 929 3354 »
964 3303 1073 3359 Sed
1105 3302 1263 3358 unde
1295 3302 1382 3356 illi
1424 3301 1685 3357 innotuit
1715 3303 1817 3357 Va-

156 3391 466 3448 lentinum
498 3408 620 3447 non
651 3398 788 3448 ante
820 3409 1045 3449 annum
1075 3410 1108 3449 a
1137 3393 1420 3464 martyrio
1480 3392 1689 3464 Ignatii
1747 3395 1816 3446 40

156 3483 247 3538 vel
277 3486 348 3538 36
382 3484 735 3539 hmreticum
794 3484 1060 3556 agnitum
1090 3483 1271 3538 fuisse
1292 3483 1320 3538 ‘2
1368 3483 1533 3552 Quia,
1567 3483 1814 3551 scilicet,

151 3572 518 3628 Valentinus
550 3577 686 3627 ante
718 3589 941 3628 annum
970 3575 1071 3628 144
1097 3573 1408 3628 haareticus
1434 3573 1667 3645 agnitus
1697 3589 1816 3627 non

151 3667 261 3716 est.
297 3663 388 3716 lta
422 3661 587 3715 enim
620 3661 906 3716 Eusebius
929 3661 1002 3717 ad
1016 3678 1151 3717 eum
1173 3678 1396 3717 annum
1418 3662 1480 3716 in
1503 3662 1812 3717 Chronico:

148 3750 573 3805 «Valentinus
625 3751 940 3806 haereticus
995 3752 1355 3824 agnoscitur,
1397 3756 1454 3806 et
1508 3757 1819 3823 permanet

155 3855 355 3910 usque
389 3838 468 3894 ad
499 3838 888 3895 Anicetum.»
921 3841 1003 3895 Ita
1051 3839 1291 3910 quidem
1344 3841 1652 3910 Eusebius,
1713 3841 1815 3897 sed

156 3945 281 3984 non
305 3929 471 3984 idem
507 3929 652 3984 dicit
681 3929 839 4000 quod
869 3928 1374 3997 Blondellus,ante
1405 3930 1562 3986 hunc
1593 3948 1814 3987 annum

155 4035 296 4073 eum
329 4018 680 4074 bzereticum
706 4018 966 4091 agnitum
1001 4036 1122 4074 non
1143 4019 1478 4076 fuisse.lmo
1496 4036 1634 4075 vero
1657 4021 1813 4076 idem

153 4107 458 4162 Eusebius
481 4105 844 4162 Blondellum
875 4106 1033 4163 clare
1055 4107 1295 4162 refellit.
1328 4108 1472 4163 Nam
1513 4109 1575 4162 in
1598 4110 1814 4165 Graecis

154 4196 229 4251 ad
261 4212 497 4251 annum
520 4196 803 4250 Antonini
839 4196 922 4250 Pii
957 4197 1195 4251 tertium
1218 4196 1415 4266 habet,
1449 4199 1578 4250 κανᾶ
1619 4197 1811 4274 ’Υγιειο

149 4287 244 4338 νὸν
273 4284 510 4355 Ῥώμης
567 4281 858 4338 ἐπίσκοπον
918 4281 1276 4346 Οὐαλεντῖνος
1333 4281 1496 4356 ἴδίας,
1555 4285 1812 4359 αἱρέσεως

153 4372 470 4450 εἰσηγητὴς
500 4371 589 4427 ἐπὶ
619 4376 718 4438 τῆς
775 4374 998 4447 Ῥώμης
1063 4371 1404 4450 ἐγνωρίζετο.
1439 4399 1466 4427 ‹‹
1529 4377 1647 4433 Sub
1706 4379 1813 4450 Hy-

150 4465 292 4535 gino
320 4465 525 4518 Roma:
549 4464 825 4536 episc0po
852 4463 1191 4520 Valentinus
1220 4465 1476 4538 propria:
1516 4465 1812 4523 haereseos

149 4552 433 4608 conditor
467 4553 666 4608 Romae
697 4555 930 4626 agnitus
965 4560 1073 4608 est.
1105 4575 1132 4603 »
1188 4546 1460 4627 Agnitus
1495 4561 1584 4611 est
1633 4556 1812 4628 igitur

156 4641 516 4698 Valentinus
544 4625 825 4714 tanquam
847 4625 1374 4699 haaresiarchaisub
1400 4645 1623 4717 Hygino
1655 4625 1812 4701 anno
1847 4625 1890 4690 ἶ)

154 4731 251 4786 141
283 4731 616 4787 secundum
645 4731 984 4788 Eusebium.
1019 4733 1098 4790 Eo
1128 4732 1356 4788 scilicet
1392 4749 1550 4788 anno
1610 4736 1810 4790 Romae

151 4821 396 4894 agnitus
422 4823 862 4888 est,secundum
886 4825 1177 4881 calculum
1201 4823 1601 4880 Eusebianum
1626 4843 1640 4892 ;
1669 4825 1807 4880 alibi

152 4919 316 4981 ante,
345 4913 467 4968 imo
498 4920 636 4970 ante
666 4931 890 4971 annum
923 4917 1127 4972 Méita
1152 4916 1384 4989 agnitus
1400 4920 1508 4981 est,
1543 4921 1608 4971 ut
1628 4917 1805 4972 etiam

145 5003 448 5058 refutatus
480 5003 574 5072 sit,
599 5003 760 5075 quod
782 5004 910 5061 fieri
942 5022 1063 5061 non
1095 5006 1358 5078 potuisse
1379 5006 1593 5061 asserit
1637 5006 1802 5064 Blon-

144 5092 364 5148 dellus.
427 5093 717 5150 Eusebius
775 5095 837 5149 in
895 5095 1207 5164 Chronico,
1242 5095 1315 5152 ad
1366 5113 1590 5152 annum
1649 5099 1800 5156 1422

146 5203 176 5231 «ε
207 5182 480 5236 Justinus
507 5182 896 5254 philosophus
925 5183 1143 5240 librum
1166 5201 1272 5256 pro
1295 5191 1500 5240 nostra
1515 5186 1802 5259 religione

146 5272 559 5343 conscriptum
592 5273 892 5328 Antonino
923 5272 1203 5328 reddidit.
1237 5297 1266 5325 »
1290 5275 1357 5329 In
1388 5292 1455 5331 eo
1488 5275 1625 5348 ipso.
1646 5275 1799 5332 libro

142 5361 413 5417 Justinus
445 5361 572 5418 haec
605 5361 1032 5417 scribitz'Ec-u
1080 5358 1137 5416 δὲ
1196 5363 1331 5434 ἡμῖν
1377 5363 1468 5418 καὶ
1524 5362 1798 5440 σύνταγμα

139 5448 278 5502 κατὰ
333 5454 520 5504 πασῶν
575 5453 686 5504 τῶν
763 5447 1136 5525 γεγενημένων
1204 5451 1462 5525 αἱρέσεων
1545 5473 1796 5508 συντετα-

139 5537 372 5613 γμὲνονς
409 5563 439 5590 ‹‹
469 5541 571 5595 Est
603 5544 803 5595 autem
835 5540 1008 5596 nobis
1037 5539 1190 5596 liber
1211 5547 1416 5598 contra
1450 5543 1708 5599 haereses
1739 5550 1796 5599 et

132 5636 325 5686 sectas
346 5646 564 5687 omnes
595 5630 986 5701 compositus.
1022 5652 1049 5679 »
1111 5631 1257 5685 Eum
1317 5637 1514 5688 autem
1573 5632 1792 5690 librum

134 5721 426 5797 scriptum
461 5720 650 5776 tuisse
684 5717 793 5775 sub
827 5719 946 5774 ﬁne
974 5720 1205 5791 imperii
1234 5720 1474 5777 Adriani
1505 5723 1596 5778 vix
1629 5723 1794 5779 dubi-

1931 3321 2044 3376 hoc
2074 3322 2296 3376 factum
2326 3326 2436 3390 est,
2469 3337 2712 3377 narrare
2745 3339 2864 3376 non
2892 3323 3102 3393 potuit.
3138 3323 3357 3378 Eodem
3390 3325 3580 3380 tendit

1936 3411 2205 3479 historia,
2238 3427 2415 3482 quam
2447 3416 2650 3466 narrat
2690 3411 3090 3468 Tertullianus
3122 3430 3136 3478 ;
3171 3435 3198 3463 α
3231 3413 3579 3485 Speraverat

1929 3501 2335 3573 episcopatum
2367 3500 2878 3572 Valentinus,quia
2909 3502 3224 3575 etingenio
3257 3508 3487 3575 poterat
3517 3509 3578 3559 et

1929 3592 2164 3664 eloquio
2190 3609 2203 3659 ;
2228 3591 2331 3647 sed
2362 3591 2547 3647 alium
2581 3609 2652 3646 ex
2701 3593 2970 3664 martyrii
3028 3594 3418 3666 praerogativa
3456 3593 3571 3650 loci

1925 3681 2180 3751 potitum
2211 3681 2652 3754 indignatus.de
2682 3681 2946 3736 Ecclesia
2974 3684 3330 3739 authenticaa
3353 3683 3566 3756 regulae

1926 3761 2184 3833 abrupit,
2215 3760 2290 3816 ad
2321 3761 2773 3834 expugnandam
2809 3779 3127 3819 conversus
3173 3766 3502 3821 veritatem.
3539 3787 3569 3817 ››

1926 3853 2046 3908 Hoc
2104 3851 2264 3907 enim
2323 3852 2384 3906 in
2442 3853 2682 3923 Egypto
2741 3851 2962 3907 factum
3021 3869 3129 3923 par
3169 3859 3257 3908 est
3303 3854 3568 3924 credere,

1925 3940 2162 4014 quando
2185 3945 2386 3996 autem
2404 3940 2623 3995 factum
2655 3945 2744 3995 est
2764 3957 2876 3994 nec
2892 3939 2989 3995 ille
3009 3942 3568 3998 narrat.Admodum

1925 4037 2122 4088 autem
2153 4031 2462 4102 antiquum
2487 4029 2670 4085 fuisse
2697 4030 3072 4086 Valentinum
3094 4032 3286 4102 primo
3321 4032 3570 4088 Valenti-

1923 4121 2087 4176 niani
2118 4120 2231 4191 ipsi
2258 4119 2618 4186 asserebant,
2649 4119 2788 4174 dein
2849 4122 3123 4174 Veterum
3181 4129 3569 4179 monumenta

1923 4216 2082 4266 recte
2102 4211 2410 4267 observata
2439 4210 3096 4283 persuadent.Clemens
3126 4211 3566 4270 Alexandrinus

1921 4302 2186 4356 Stromat.
2244 4299 2347 4356 lib.
2410 4316 2526 4355 vn:
2586 4298 2856 4361 Ὡσαύτως
2926 4295 2983 4352 δὲ
3038 4300 3126 4355 καὶ
3204 4298 3559 4358 Οὖαλεντῖνον

1923 4384 2148 4443 Θεοδάδι
2181 4385 2470 4458 ἆκηκοὲνάι
2503 4383 2745 4462 φέρουσι,
2778 4387 3060 4463 γνώριμος
3112 4385 3168 4444 δέ
3224 4389 3382 4452 οὗτος
3439 4388 3562 4468 ἐγε-

1919 4477 2064 4552 γόνει
2098 4473 2342 4533 Παύλου.
2378 4500 2406 4528 ‹‹
2441 4477 2728 4534 Similiter
2756 4483 2954 4534 autem
2987 4479 3366 4536 Valentinum
3412 4499 3561 4553 quo-

1924 4584 2036 4639 que
2067 4567 2266 4623 ferunt
2296 4567 2590 4624 audivisse
2623 4566 2996 4624 Theodadem
3022 4587 3035 4636 ;
3064 4574 3188 4626 erat
3219 4576 3418 4626 autem
3466 4571 3563 4628 hic

1924 4656 2090 4712 Pauli
2121 4657 2465 4729 discipulus.
2499 4680 2526 4708 »
2561 4657 2618 4712 Si
2647 4657 2774 4713 huic
2804 4675 2940 4714 vera
2971 4659 3188 4725 sint,de
3211 4661 3562 4732 antiquitate

1921 4745 2218 4801 Valentini
2253 4745 2512 4803 dubitari
2536 4747 2794 4818 amplius
2835 4764 2955 4802 non
3007 4754 3222 4819 potest.
3284 4751 3564 4823 Suspicor

1919 4835 2159 4906 quidem
2195 4853 2313 4902 eos,
2349 4836 2450 4907 qui
2473 4836 2601 4891 haec
2630 4835 3020 4902 tradiderunt,
3061 4837 3243 4894 fuisse
3302 4841 3566 4896 Valenti-

1917 4925 2128 4980 nianos
2154 4943 2168 4981 :
2202 4925 2457 4996 quilicet
2485 4925 2547 4979 in
2578 4941 2644 4980 ea
2675 4942 2736 4980 re
2769 4926 2861 4979 vix
2883 4925 3002 4980 falli
3027 4927 3562 4997 potuerint,fallere

1915 5018 2115 5070 tamen
2146 5021 2304 5070 certe
2336 5019 2676 5086 potuerunt.
2710 5015 2855 5069 Cum
2886 5019 3086 5070 tamen
3117 5031 3150 5069 a
3171 5017 3342 5072 nobis
3369 5017 3558 5073 refelli

1913 5119 2034 5158 non
2055 5102 2614 5175 possint,videamus
2645 5119 2721 5157 an
2753 5103 2910 5173 quod
2940 5103 3028 5157 illi
3073 5104 3389 5172 tradidere,
3421 5125 3556 5163 cum

1911 5192 1983 5247 iis
2015 5193 2468 5262 cohaareat,qua3
2499 5208 2534 5246 a
2553 5190 2859 5246 catholicis
2881 5191 3115 5263 prodita
3136 5197 3559 5253 suntlrenaaus

1908 5280 2383 5338 Prtefationelib.
2419 5297 2508 5336 1v:
2540 5301 2568 5330 «
2595 5280 2662 5349 Ii,
2695 5279 2913 5352 inquit,
2945 5281 3044 5352 qui
3078 5288 3214 5337 ante
3261 5300 3371 5340 nos
3427 5285 3559 5341 fue-

1906 5377 2068 5441 runt,
2093 5379 2151 5428 et
2181 5372 2422 5444 quidem
2454 5370 2638 5428 multo
2671 5371 2842 5427 nobis
2872 5372 3173 5434 meliores.
3207 5391 3326 5430 non
3358 5380 3557 5433 tamen

1909 5463 2049 5518 satis
2079 5469 2401 5536 potuerunt
2430 5462 2832 5520 contradicere
2857 5462 2947 5519 his
2975 5463 3075 5534 qui
3108 5471 3245 5520 sunt
3274 5481 3308 5520 a
3341 5466 3554 5521 Valen-

1905 5551 2055 5620 tino,
2089 5551 2228 5622 quia
2259 5552 2610 5624 ignorabant
2636 5549 2899 5623 regulam
2924 5551 3209 5623 ipsorum.
3237 5553 3555 5625 »[.oquitur

1904 5640 1976 5695 de
2008 5640 2101 5706 iis,
2135 5640 2236 5712 qui
2258 5648 2393 5697 ante
2425 5647 2658 5698 aetatem
2690 5657 2858 5696 suam
2905 5642 3194 5710 vixerunt,
3229 5659 3448 5714 eosque
3471 5647 3555 5702 ait

1907 5745 2030 5786 non
2053 5730 2196 5786 satis
2228 5731 2494 5803 potuisse
2553 5730 2997 5788 Valentinianos
3053 5728 3381 5799 confutare,
3417 5732 3557 5790 licet
