3974 6296
385 408 500 470 330

1451 397 1511 458 s.
1557 395 1944 459 IGNATIUS.
1993 427 2066 441 —
2107 368 2730 455 PROLEGOMENA.

3675 386 3792 449 340

385 543 492 598 viri
513 545 711 598 essent
727 536 1487 612 prmstantissimijrenzeus
1502 536 1697 589 autem
1717 547 1835 586 non
1856 529 2030 603 longe
2059 532 2118 597 Α
2149 525 2478 598 scripsisse,
2513 523 2616 580 sed
2642 521 2856 579 vixisse
2877 524 3131 579 tantum.
3155 523 3369 578 Verum
3391 535 3510 578 non
3535 521 3637 576 diu
3657 528 3794 602 post

387 650 421 688 a
452 631 818 703 temporibus
850 628 1247 700 apostolorum
1285 625 1412 689 fuit,
1445 631 1512 678 ut
1540 621 1803 691 loquitur
1833 623 2033 690 Augu-

400 723 612 789 stinus,
645 718 810 795 ἐγγῦς
852 723 958 770 τῶν
1017 714 1336 770 ἀποστόλων
1392 711 1699 786 γεννῖμενος,
1759 713 1822 763 ut
1875 708 2034 762 Basi-

386 811 500 866 lius
534 829 546 876 ;
583 827 761 881 prope
787 809 963 880 igitur
995 805 1316 878 apostolica
1342 808 1606 873 tempora
1627 801 1790 855 fuere
1821 797 2034 852 Valen-

389 900 620 960 tiniani,
653 905 710 952 et
737 915 871 952 cum
928 894 1266 966 apostolicis
1326 893 1464 946 viris
1523 895 1901 946 conversatus
1950 892 2038 942 est

391 989 516 1060 ipse
553 987 916 1042 Valentinus.
952 985 1111 1039 Idem
1144 983 1331 1038 multo
1354 981 1545 1036 adhuc
1580 980 1808 1035 ﬁrmius
1832 984 1889 1032 et
1911 993 2035 1032 cer-

391 1078 510 1132 tius
543 1077 736 1147 colligi
770 1081 963 1148 potest
986 1092 1056 1129 ex
1090 1079 1260 1128 aetate
1292 1071 1622 1135 Marcionis,
1659 1069 1705 1124 si
1737 1069 1863 1123 haec
1895 1066 2037 1122 satis

394 1169 566 1223 ﬁrma
596 1185 715 1222 non
746 1167 1078 1233 videantur,
1114 1165 1468 1219 Marcionem
1505 1161 1745 1233 quidem
1779 1161 2037 1214 Irenaaus

392 1257 574 1311 tradit
596 1257 704 1310 sub
737 1257 982 1311 Aniceto
1028 1253 1361 1315 invaluisse,
1411 1253 1508 1322 qui
1573 1251 1679 1305 sub
1738 1249 2036 1305 Antonino

392 1345 496 1400 Pio
524 1344 798 1400 Ecclesiae
828 1348 1109 1399 Romanae
1140 1342 1377 1414 praefuit
1411 1339 1587 1408 ;unde
1616 1357 1750 1395 eum
1786 1337 2036 1394 Antoni-

391 1435 643 1489 nianum
675 1434 1032 1489 Marcionem
1065 1432 1327 1503 appellat
1356 1430 1750 1484 Tertullianus
1780 1429 1882 1482 lib.
1917 1444 1950 1480 v
1981 1430 2038 1482 et

392 1523 496 1578 lib.
530 1540 584 1578 ιε
625 1544 652 1573 α
683 1525 763 1577 De
795 1539 910 1594 quo
946 1529 1144 1577 tamen
1177 1526 1426 1586 constat,
1453 1518 1888 1574 Antoninianus
1917 1516 2040 1570 hai-

393 1614 614 1668 reticus
650 1619 758 1674 est,
791 1611 900 1666 sub
932 1611 1033 1666 Pio
1065 1611 1306 1682 impius.
1358 1632 1384 1659 ››
1447 1609 1558 1664 Sed
1617 1626 1731 1679 quo
1780 1608 2040 1679 primum

397 1709 662 1774 tempore
699 1704 756 1756 in
786 1702 1038 1756 haeresin
1065 1702 1263 1772 lapsus
1292 1699 1689 1771 est,quoniam
1723 1697 1878 1770 apud
1923 1699 2039 1752 Ire-

397 1809 594 1847 naaum
626 1810 746 1847 non
780 1793 1106 1858 invenerat,
1130 1790 1432 1860 inquirere
1466 1787 1749 1860 neglexit.
1797 1810 1822 1839 α
1855 1786 2039 1850 Quoto

2142 615 2470 670 Adrianum
2504 613 2610 668 sub
2634 613 2882 685 imperio
2911 612 3188 668 Antonini
3213 612 3298 666 Pii
3321 611 3630 684 scripsisse
3653 627 3789 666 eum

2143 707 2319 762 verba
2338 704 2607 778 Origenis
2629 705 2875 760 omnino
2896 704 3144 760 innuere
3165 703 3475 759 videntur:
3502 709 3670 759 erant
3693 720 3792 759 au-

2145 802 2261 852 tem
2294 802 2435 851 tunc
2469 794 2780 850 Marcionis
2810 793 3080 866 discipuli
3114 793 3257 849 satis
3305 793 3587 849 celebres.
3621 794 3792 849 Certe

2143 887 2620 943 Marcionitarum
2652 883 2926 939 meminit
2967 884 3233 939 Justinus
3291 889 3516 956 martyr
3568 883 3793 953 Dialngo

2145 994 2264 1033 cum
2299 975 2592 1046 Tryphone
2617 974 2829 1041 Iudaeo,
2885 974 3102 1046 scripto
3140 980 3206 1028 ut
3253 974 3531 1038 diximus,
3590 974 3791 1028 statim

2148 1065 2255 1122 sub
2289 1064 2458 1120 initio
2492 1063 2772 1119 Antonini
2805 1063 2929 1131 Pii;
2967 1063 3012 1118 si
3047 1063 3405 1134 Scaligerum
3454 1063 3791 1129 audiamus,

2146 1156 2255 1210 sub
2289 1155 2404 1209 fine
2437 1153 2702 1209 Adriani.
2735 1154 2821 1208 Ita
2852 1153 3007 1208 enim
3040 1153 3138 1208 ille
3171 1153 3243 1208 ad
3273 1153 3510 1208 Eusebii
3542 1155 3794 1208 Chroni-

2146 1261 2278 1301 con.
2311 1266 2338 1293 ‹‹
2383 1243 2523 1298 Belli
2575 1243 2802 1298 Judaici
2862 1248 3126 1316 tempore
3185 1243 3423 1314 scripsit
3476 1244 3796 1316 Tryphona

2146 1334 2467 1406 dialogum,
2500 1334 2612 1388 hoc
2643 1340 2730 1388 est
2757 1333 2864 1388 sub
2899 1333 3181 1402 Adriano,
3203 1339 3266 1389 ut
3294 1333 3418 1404 ipse
3450 1333 3730 1388 ostendit.
3767 1355 3795 1384 »

2145 1423 2579 1501 Τρ’3ς›ων,φησῖ,
2620 1420 2915 1493 καλοῦμαιο
2950 1421 3063 1494 εθμὶ
3112 1419 3167 1476 δὲ
3223 1416 3476 1496 Ἐϐραῖος
3531 1419 3591 1475 ἐκ
3641 1441 3801 1496 περι-

2147 1519 2351 1585 τομῆς,
2383 1513 2570 1590 τρυγὼν
2600 1511 2688 1565 νὸκ·
2724 1515 2816 1565 νῦν
2845 1511 3118 1584 πόΛεμον,
3177 1510 3230 1566 ἐν
3288 1515 3356 1586 τῇ
3418 1508 3642 1567 Ἐλλάδι
3704 1510 3796 1566 καὶ

2143 1604 2214 1671 τῆ
2257 1602 2505 1677 Κορίνθῳ
2561 1601 2628 1656 τὰ
2679 1599 2864 1655 πολλᾶ
2914 1597 3133 1675 διάγων.
3196 1625 3216 1652 α
3269 1602 3522 1674 Trypho,
3573 1603 3793 1674 inquit,

2147 1709 2350 1749 vocor:
2388 1709 2518 1748 sum
2551 1699 2750 1748 autem
2782 1709 2851 1746 ex
2889 1692 3338 1748 circumcisione
3389 1691 3691 1758 Hebraeus,
3728 1709 3797 1748 ex

2149 1799 2374 1854 nupero
2407 1782 2559 1838 bello
2592 1782 2893 1856 profugus,
2920 1789 3096 1854 atque
3129 1781 3423 1838 inGrmcia
3443 1787 3502 1836 et
3530 1782 3796 1838 Corinthi

396 1883 635 1954 quidem
668 1898 824 1936 anno
845 1880 1128 1935 Antonini
1151 1879 1392 1950 majoris
1415 1877 1486 1933 de
1517 1879 1703 1932 Ponto
1737 1892 1842 1930 suo
1869 1874 2042 1929 exha-
2072 1904 2117 1968 Β
2150 1873 2473 1944 plurimum
2507 1872 2717 1946 degere
2751 1872 2980 1928 solitus.
3019 1895 3046 1921 ››
3078 1874 3258 1927 Erant
3281 1872 3461 1944 igitur
3482 1873 3553 1927 iis
3573 1878 3800 1945 tempo-

395 1972 605 2027 laverit
633 1987 779 2027 aura
811 1967 1184 2034 canicularis,
1219 1986 1341 2023 non
1369 1968 1564 2024 curavi
1599 1966 1971 2038 investigare.
2005 1986 2034 2014 »

389 2059 525 2123 Quae
561 2074 697 2114 cum
720 2063 840 2113 tam
863 2057 1019 2112 clare
1071 2055 1328 2110 fateatur
1373 2053 1791 2121 Tertullianus,
1854 2049 2040 2105 miror

391 2149 711 2205 Baronium
742 2151 1213 2215 asserentem,ex
1243 2147 1371 2218 ejus
1404 2145 1600 2201 verbis
1648 2149 1875 2199 certum
1932 2159 2040 2197 an-

391 2256 538 2295 num
595 2238 751 2294 initii
797 2237 1104 2293 Marcionis
1158 2235 1402 2290 haeresis
1449 2233 1785 2307 consignari
1844 2249 2038 2305 posse.

394 2328 585 2384 Verba
615 2327 857 2398 quidem
884 2325 1042 2398 apud
1074 2341 1210 2381 eum
1238 2325 1364 2380 hac
1398 2328 1729 2395 sequuntur
1760 2341 1773 2378 :
1809 2345 1836 2372 ‹‹
1871 2325 1917 2377 A
1947 2321 2040 2375 Ti-

392 2418 556 2474 berio
581 2424 781 2473 autem
813 2433 1000 2488 usque
1031 2415 1106 2471 ad
1125 2415 1489 2470 Antoninum
1535 2413 1676 2469 anni
1706 2413 1826 2468 fere
1855 2414 1954 2466 120
1985 2415 2044 2466 et

394 2507 708 2564 dimidium
740 2507 878 2563 anni
907 2523 1040 2562 cum
1073 2504 1322 2560 dimidio
1357 2503 1600 2560 mensis.
1652 2501 2041 2558 Tantumdem

391 2597 680 2669 temporis
711 2601 944 2669 ponunt
974 2595 1132 2650 inter
1154 2593 1453 2650 Christum
1485 2599 1542 2648 et
1591 2592 1969 2648 Marcionem.
2016 2612 2042 2639 »

395 2686 509 2744 Sed
543 2703 678 2743 cum
708 2702 742 2741 δ.
772 2685 986 2740 Christi
1027 2685 1185 2741 exitu
1237 2683 1667 2740 Tertullianum
1727 2695 2042 2737 numerare

398 2777 557 2844 velit,
591 2776 651 2831 id
683 2781 884 2848 aperte
916 2775 1132 2831 falsum
1163 2791 1291 2830 esse
1324 2791 1394 2829 ex
1432 2771 1904 2845 prmcedentibus
1942 2786 2046 2825 co-

397 2865 698 2938 gnoscitur
728 2883 743 2932 ;
778 2881 913 2920 cum
940 2881 1163 2919 annum
1197 2868 1424 2919 certum
1457 2860 1725 2917 denotari
1760 2859 2047 2924 docet,se-

398 2955 676 3027 ptimum,
708 2953 956 3019 scilicet,
989 2952 1295 3020 Antonini,
1328 2955 1536 3008 contra
1567 2954 1829 3006 mentem
1860 2948 2047 3020 ipsius

397 3045 828 3101 Tertullianum
859 3043 1241 3116 explicat,qui
1263 3042 1337 3098 ad
1366 3041 1558 3114 prima
1579 3038 1866 3095 Antonini
1892 3043 2046 3093 tem-

398 3152 544 3208 pora
566 3133 975 3191 tantummodo
999 3132 1296 3189 calculum
1321 3130 1697 3198 deducit,nec
1713 3128 1894 3185 ullius
1907 3125 2050 3182 anni

398 3225 526 3298 ejus
557 3224 792 3296 imperii
821 3224 1115 3279 rationem
1146 3221 1495 3276 habet.Nam
1527 3224 1584 3274 et
1610 3218 1710 3290 qui
1743 3223 1875 3274 ante
1908 3218 2048 3271 Ter-

398 3314 714 3370 tullianum
743 3313 1034 3384 scripsere
1067 3309 1384 3366 Christiani
1414 3309 1612 3381 plures
1665 3308 1840 3363 etiam
1867 3322 2046 3378 quam

404 3407 504 3458 115
535 3419 727 3458 annos
758 3418 792 3457 a
825 3402 886 3455 15
918 3399 1134 3456 Tiberii
1164 3398 1238 3454 ad
1269 3397 1506 3454 initium
1533 3396 1815 3453 Antonini
1838 3411 2051 3452 nume-

406 3495 638 3551 rabant.
681 3493 994 3549 Videamus
1021 3493 1197 3564 igitur
1225 3509 1298 3547 an
1329 3508 1440 3546 nos
1471 3490 1697 3563 aliquid
1728 3489 1947 3546 certius
1977 3489 2049 3545 de

405 3584 633 3657 origine
648 3583 806 3638 illius
824 3583 1086 3637 haeretici
1111 3600 1180 3638 ex
1198 3579 1630 3652 antiquissimis
1643 3586 1902 3636 veterum
1929 3596 2051 3635 mo-

405 3671 710 3728 numentis
737 3687 944 3726 eruere
972 3671 1270 3743 possimus
1295 3688 1309 3736 ;
1338 3685 1475 3725 nam
1499 3669 1598 3742 qui
1621 3667 2049 3741 posterioribus

405 3763 617 3831 ﬁdunt,
651 3760 803 3817 nihil
843 3761 1130 3816 hectenus
1186 3759 1329 3816 certi
1379 3759 1642 3816 invenire
1703 3761 2045 3831 potuerunt.

403 3851 698 3925 Origenes,
724 3858 916 3907 contra
946 3851 1158 3908 Celsum
1198 3849 1300 3908 lib.
1334 3868 1366 3904 v
1397 3867 1411 3906 :
1447 3849 1728 3922 Ἐμνήσθη
1763 3843 1818 3901 δὲ
1849 3846 1876 3900 ὁ
1908 3842 2048 3900 Κέλ-

403 3962 494 4002 σος
557 3939 645 3996 καὶ
703 3944 1130 4015 Μαρκιωνιστῶν
1223 3939 1640 4014 προϊσταμένων
1725 3935 2042 4002 Μαρκίωνα.

401 4055 429 4084 ‹‹
460 4031 727 4087 Meminit
757 4037 957 4086 autem
988 4029 1190 4086 Celsus
1222 4029 1702 4086 Marcionitarum
1736 4025 2050 4082 Marcionis

401 4127 778 4178 sectatorum.
814 4144 841 4173 »
874 4122 1206 4192 Antequam
1257 4121 1432 4193 igitur
1483 4119 1770 4174 scriberet
1825 4115 2045 4185 Celsus,

400 4212 760 4267 Marcionita)
791 4211 1052 4266 haeretici
1090 4215 1259 4265 erant
1313 4209 1589 4264 omnibus
1648 4224 1768 4262 non
1818 4211 2046 4262 tantum

400 4299 771 4366 Christianis,
807 4298 908 4354 sed
932 4299 1110 4354 etiam
1143 4297 1460 4370 gentilibus
1486 4295 1668 4368 probe
1701 4296 1842 4350 noti.
1893 4297 2048 4350 jEtas

400 4395 598 4446 autem
627 4388 779 4444 Celsi
807 4389 978 4444 istius
1010 4389 1093 4444 ita
1114 4388 1185 4443 ab
1219 4387 1466 4459 Origene
1498 4385 1854 4441 describitur
1887 4403 1898 4440 :
1943 4382 2048 4437 Δῦο

401 4476 458 4533 δὲ
515 4475 930 4554 παρειλήφαμεν
994 4477 1230 4538 Κέλσους
1288 4475 1559 4552 γεγονέναι
1619 4472 2046 4547 Ἐπικουρείουςο

399 4569 490 4625 τὸν
553 4567 648 4642 μὲν
709 4567 973 4644 πρότερον
1031 4588 1166 4622 κατα
1215 4565 1454 4641 Νέρωνα,
1526 4568 1716 4620 τοῦτον
1774 4560 1829 4617 δὲ
1916 4560 2050 4617 κατὰ

2147 1964 2312 2020 ribus
2343 1961 2609 2018 celebres
2631 1962 2891 2017 haeretici
2916 1962 3228 2017 Marcionis
3251 1962 3634 2034 discipuli.De
3657 1964 3800 2017 Mar-

2147 2055 2316 2109 cione
2347 2052 2475 2124 ipso
2510 2051 2668 2106 idem
2701 2053 2759 2105 in
2790 2051 3069 2123 Apologia
3088 2052 3298 2122 prima,
3319 2069 3450 2122 quae
3482 2053 3542 2106 in
3589 2051 3800 2107 editio-

2148 2144 2323 2199 nibus
2347 2141 2500 2198 male
2532 2159 2636 2212 pro
2671 2141 2931 2196 secunda
2948 2141 3290 2205 habetur,ut
3310 2141 3416 2196 viri
3440 2141 3596 2197 docti
3615 2141 3801 2198 adno-

2150 2236 2352 2289 tarunt
2386 2249 2398 2286 :
2431 2227 2726 2302 Μαρκῖιυνα
2759 2224 2814 2282 δὲ
2843 2249 2960 2282 τινα
2985 2229 3270 2296 Ποντικὸν,
3321 2227 3381 2292 ὅς
3434 2229 3522 2283 καὶ
3581 2233 3673 2284 νῦν
3721 2229 3798 2285 ἔτι

2149 2320 2260 2377 ἐστὶ
2320 2316 2587 2374 διδάσκων
2637 2318 2763 2381 τοὺς
2817 2321 3199 2390 πειθομένους.
3238 2341 3266 2368 ‹‹
3318 2321 3671 2376 Marcionem
3705 2338 3807 2377 au-

2151 2418 2270 2468 tem
2304 2409 2621 2483 quemdam
2655 2409 3108 2480 Ponticum,qui
3135 2408 3311 2465 etiam
3343 2410 3539 2466 adhuc
3564 2411 3803 2466 exsistit

2153 2502 2373 2556 docens
2403 2499 2725 2572 discipulos
2748 2517 2897 2554 suos.
2939 2523 2966 2550 ‹‹
3001 2500 3123 2565 Quo
3151 2499 3278 2555 loco
3311 2499 3533 2555 indicat
3559 2501 3805 2556 Marcio-

2154 2608 2287 2647 nem
2320 2589 2421 2646 diu
2453 2589 2707 2646 haaresin
2749 2606 2914 2645 suam
2965 2590 3274 2661 sparsisse,
3334 2595 3654 2661 antequam
3708 2590 3812 2645 illa

2155 2682 2461 2756 scripserit
2489 2682 2774 2738 Justinus.
2803 2682 2882 2736 Ea
2905 2686 3100 2737 antem
3135 2682 3372 2754 scripsit
3403 2699 3558 2739 anno
3575 2683 3812 2755 [quarto

2161 2773 2446 2828 Antonini
2477 2772 2586 2839 Pii,
2617 2776 2682 2826 ut
2714 2771 2893 2826 tradit
2923 2771 3208 2825 Eusebius
3229 2772 3291 2825 in
3323 2772 3614 2827 Chronico
3650 2789 3666 2838 ;
3701 2789 3814 2827 ne-

2161 2879 2275 2934 que
2298 2861 2591 2934 posterius
2625 2877 2752 2916 eam
2777 2861 3086 2931 scripsisse
3117 2859 3368 2925 videtur,
3400 2877 3538 2915 nam
3578 2860 3813 2916 bellum

2158 2950 2727 3006 Barchochebaesub
2761 2950 3019 3005 Adriano
3055 2949 3574 3022 finitum,appellat
3599 2949 3696 3004 τὸν
3724 2952 3818 3003 νῦν

2157 3038 2521 3118 γεγενημένον
2557 3034 2852 3096 Ἰουδαϊγὸν
2885 3035 3128 3110 πόλεμον
3164 3039 3221 3094 in
3257 3039 3463 3096 eadem
3496 3039 3810 3114 Apologia.

2160 3132 2350 3196 Quare
2387 3147 2523 3186 cum
2551 3129 2817 3186 Justinus
2840 3129 2947 3184 sub
2979 3128 3146 3184 initio
3178 3130 3299 3186 fere
3333 3130 3566 3202 imperii
3630 3133 3814 3185 Anto-

2161 3222 2289 3278 nini
2314 3221 2581 3294 majoris,
2615 3220 2956 3276 meminerit
2985 3220 3296 3276 Marcionis
3318 3219 3816 3292 discipulorum,a

2163 3311 2584 3369 communione
2614 3309 2888 3365 Ecclesiae
2944 3309 3291 3382 ejectorum,
3352 3315 3410 3364 et
3452 3310 3815 3366 Marcionem

2149 3406 2276 3477 jam
2309 3403 2411 3458 diu
2441 3402 2723 3458 haeretica
2753 3417 2858 3457 sua
2889 3400 3164 3473 dogmata
3193 3401 3600 3474 promulgasse
3622 3419 3816 3457 enun-

2159 3493 2390 3549 tiaverit
2413 3509 2426 3560 ;
2452 3491 2846 3564 quisquamne
2879 3491 3077 3546 induci
3102 3492 3291 3563 possit
3320 3497 3384 3546 ut
3413 3491 3615 3546 credat
3661 3493 3813 3548 Mar-

2156 3586 2387 3642 cionem
2417 3583 2620 3656 paucis
2651 3587 2782 3655 post
2813 3581 3047 3637 initium
3076 3581 3316 3638 Adriani
3344 3582 3530 3651 lannis
3561 3583 3804 3638 haereti-

2156 3692 2290 3731 cum
2322 3690 2442 3728 non
2471 3672 2653 3728 fuisse
2674 3673 2701 3727 ’ἶ
2722 3673 2844 3727 Non
2873 3671 3146 3743 equidem
3171 3678 3311 3744 puto
3339 3688 3475 3727 vera
3507 3688 3633 3727 esse
3667 3689 3805 3744 quas

2156 3764 2228 3819 de
2260 3763 2551 3818 Marcione
2585 3761 2818 3834 scripsit
2869 3761 3258 3816 Philastrius:
3293 3784 3320 3810 ‹‹
3371 3762 3479 3828 Qui
3531 3761 3804 3818 devictus

2155 3859 2330 3925 atque
2352 3852 2586 3924 fugatus
2613 3867 2646 3906 a
2677 3851 2848 3906 beato
2879 3852 3100 3906 Joanne
3135 3850 3494 3924 evangelista
3525 3857 3583 3906 et
3611 3869 3646 3907 a
3668 3869 3810 3924 pre-

2155 3943 2408 4015 sbyteris
2439 3942 2511 3997 de
2533 3940 2766 3996 civitate
2797 3940 3236 4011 Ephesi,Romae
3269 3941 3419 3996 hanc
3442 3940 3696 3996 haeresim
3718 3958 3810 3996 se-

2157 4031 2438 4086 minavit:
2467 4054 2487 4084 ι
2527 4030 2800 4085 existimo
2831 4034 3029 4085 tamen
3063 4046 3130 4086 ea
3161 4047 3289 4086 esse
3323 4029 3481 4086 illius
3503 4029 3803 4086 haereseos

2154 4121 2529 4192 antiquitatis
2556 4119 2794 4191 aliquod
2841 4125 3275 4192 argumentum.
3309 4121 3377 4174 Et
3424 4137 3497 4174 ex
3526 4119 3616 4174 his
3667 4137 3804 4192 quas

2154 4211 2314 4266 dicta
2343 4217 2484 4266 sunt
2513 4209 2706 4265 obiter
2734 4208 3504 4275 observo,verisimillimum
3541 4226 3670 4265 esse
3703 4227 3806 4281 pa-

2155 4306 2303 4356 trem
2320 4299 2632 4356 Marcionis
2645 4305 2781 4354 ante
2800 4299 3151 4370 martyrium
3169 4298 3378 4372 Ignatii
3399 4299 3460 4354 in
3483 4299 3664 4354 Ponto
3683 4299 3808 4370 epi-

2159 4407 2401 4462 scopum
2424 4390 2694 4458 fuisse,et
2725 4388 2965 4460 quidem
2989 4383 3349 4462 διαπρέποντα
3380 4387 3431 4442 ὲν
3463 4391 3532 4460 τῇ
3586 4386 3810 4442 ἐπισκο-

2155 4485 2263 4549 πῆς
2297 4477 2627 4554 λειτουργίᾳ,
2652 4485 2718 4536 ut
2751 4479 3013 4551 loquitur
3041 4479 3444 4552 Epiphanius:
3481 4484 3582 4535 aut
3639 4486 3804 4536 certe

2157 4570 2257 4625 diu
2288 4576 2425 4626 ante
2458 4569 2555 4625 illa
2586 4575 2854 4641 tempora
2884 4569 3097 4641 quibus
3134 4569 3456 4642 primulum
3502 4574 3678 4642 caput
3711 4587 3806 4625 er-

404 4656 708 4734 Ἀδριανὸν,
739 4643 830 4714 καὶ
860 4659 1172 4733 κατωτέρω.
1209 4681 1235 4708 ‹‹
1269 4660 1427 4713 Duos
1459 4662 1656 4712 autem
1687 4655 1867 4710 fuisse
1917 4653 2042 4711 Cel-

2154 4659 2359 4716 tulisse
2379 4660 2780 4732 episcopatum
2803 4658 3131 4715 decernunt
3149 4659 3490 4715 Blondellus
3509 4665 3566 4714 et
3585 4658 3810 4716 Salma-

404 4768 499 4808 sos
521 4751 836 4824 Epicureos
887 4751 1267 4823 accepimus:
1329 4747 1590 4820 priorem
1641 4745 1882 4817 quidem
1940 4744 2048 4800 sub

401 4845 654 4908 Nerone,
698 4842 856 4898 hunc
913 4845 1114 4897 autem
1159 4838 1268 4894 sub
1319 4836 1600 4906 Adriano,
1647 4842 1705 4892 et
1758 4841 2046 4908 postea.»

399 4932 601 4989 Celsus
651 4931 828 5004 igitur
877 4930 976 5002 qui
1031 4927 1507 4984 Marcionitarum
1562 4925 1856 4997 meminit,
1939 4924 2046 4982 sub

398 5019 658 5079 Adriano
681 5021 860 5088 vixit;
896 5018 1204 5090 scripsisse
1236 5015 1478 5089 quidem
1510 5015 1616 5072 sub
1648 5016 1903 5072 Adriano
1925 5033 2046 5072 non

399 5117 652 5176 constat,
683 5110 822 5180 quia
850 5113 982 5179 post
1022 5106 1261 5161 Adriani
1322 5105 1638 5178 imperium
1695 5106 2041 5178 permansit.

399 5204 524 5257 Non
557 5201 716 5254 enim
742 5198 840 5252 illa
872 5195 1055 5268 probo
1089 5211 1218 5266 quas
1252 5193 1487 5266 scripsit
1555 5196 1876 5252 Baroniusf
1912 5219 1938 5245 ‹‹
1983 5194 2044 5250 Si

399 5289 634 5362 Origeni
670 5287 986 5347 cuedimus,
1035 5284 1133 5354 qui
1168 5283 1344 5340 tradit
1399 5284 1632 5340 Celsum
1691 5285 2043 5357 Epicureum

400 5380 507 5434 sub
539 5377 798 5433 Adriano
821 5373 1131 5444 scripsisse
1163 5373 1444 5428 adversus
1483 5373 1850 5430 Christianos
1881 5375 2046 5430 Com-

399 5467 724 5523 mentarios
748 5462 970 5531 suos,in
1005 5461 1218 5533 quibus
1243 5463 1607 5518 mentionem
1641 5464 1780 5519 facit
1798 5463 2044 5519 haeresis

398 5558 746 5614 Marcionis:
779 5570 1020 5610 necesse
1052 5560 1141 5608 est
1168 5553 1382 5619 dicere,
1408 5553 1534 5625 jam
1580 5559 1714 5609 ante
1756 5553 2043 5609 Antonini

398 5655 671 5719 tempora
712 5661 838 5701 esse
889 5642 1202 5700 Marcionis
1252 5643 1509 5698 haereses
1559 5643 1978 5715 promulgatas.
2017 5667 2037 5693 ι

398 5741 526 5795 Non
575 5736 733 5793 enim
779 5735 923 5792 dixit
978 5734 1260 5805 Origenes
1317 5732 1553 5788 Celsum
1616 5733 1724 5788 sub
1782 5731 2041 5788 Adriano

2159 4750 2300 4805 sius.
2338 4750 2471 4804 Haec
2498 4754 2694 4804 autem
2729 4748 2801 4803 de
2833 4753 3002 4804 actate
3034 4749 3344 4805 Marcionis
3366 4767 3434 4805 ex
3455 4749 3809 4820 antiquissi-

2157 4839 2268 4893 mis
2299 4843 2562 4893 veterum
2584 4837 2989 4892 monumentis
3021 4837 3299 4910 decerpta
3355 4838 3428 4893 ad
3475 4837 3810 4893 eruendum

2159 4927 2449 4982 Valentini
2504 4943 2691 4982 aevum
2749 4925 3257 4998 quamplurimum
3289 4927 3507 4986 valent.
3568 4928 3814 4984 Veteres

2157 5018 2316 5073 enim
2347 5033 2554 5073 omnes
2581 5015 2795 5072 docent
2826 5033 2961 5072 eum
2981 5016 3162 5073 fuisse
3185 5017 3480 5073 Marciane
3503 5018 3808 5089 antiquio-

2155 5123 2319 5174 rem;
2371 5113 2588 5178 quanto
2657 5112 2854 5161 autem
2923 5106 3225 5179 antiquior
3285 5106 3414 5174 fuit,
3499 5108 3611 5163 hoc
3677 5123 3810 5163 mo-

2155 5197 2228 5253 do
2275 5197 2338 5252 ni
2370 5195 2559 5265 fallor,
2593 5195 2820 5252 discere
2843 5196 3217 5267 aliquatenus
3244 5197 3591 5270 poterimus.
3619 5198 3807 5252 Nemo

2155 5294 2243 5342 est
2273 5286 2372 5359 qui
2405 5303 2524 5341 non
2555 5285 2734 5340 tradit
2765 5285 3094 5341 Cerdonem
3119 5287 3429 5342 Marcionis
3449 5287 3807 5360 magistrum

2154 5370 2609 5448 fuisse;Ké98wv
2645 5369 2752 5427 8ὶὸ
2803 5372 2908 5448 πρὸ
2952 5372 3300 5449 Μαρκίωνος,
3333 5400 3359 5427 α
3420 5376 3649 5432 Cerdon
3710 5393 3814 5433 au-

2154 5470 2272 5521 tem
2305 5466 2404 5534 qui
2440 5470 2576 5520 ante
2609 5463 2988 5531 Marcionem,
3029 5487 3052 5512 n
3088 5471 3146 5520 et
3177 5482 3190 5520 :
3229 5488 3255 5516 ε(
3296 5466 3553 5522 Marcion
3601 5471 3808 5522 autem

2153 5553 2238 5609 illi
2273 5553 2617 5620 succedens,
2656 5576 2677 5602 ι
2712 5552 2906 5624 inquit
2947 5554 3206 5609 Irenaeus
3263 5554 3366 5612 lib.
3419 5571 3504 5621 πη,
3563 5573 3693 5628 cap.
3750 5558 3807 5628 4,

2154 5643 2254 5714 qui
2288 5649 2344 5699 et
2374 5643 2477 5699 lib.
2513 5660 2530 5699 ι
2593 5642 2766 5698 docet
2811 5641 3138 5699 Cerdonem
3189 5660 3295 5700 sua
3350 5660 3382 5699 a
3420 5644 3810 5714 ;Simonianis

2157 5713 2462 5790 hausisse:
2498 5727 2908 5805 Διαδεξάμενος,
2937 5727 2993 5786 Si
3023 5731 3204 5803 αὐτὸν,
3237 5713 3451 5807 inquit,
3483 5733 3512 5789 ὁ
3539 5713 3813 5806 Ποντικὸς
