3974 6296
181 358 298 419 341

909 358 943 422 J
953 401 970 421 .
1012 356 1434 422 PEARSONII
1479 357 1605 422 VIN
1614 357 1838 423 DICIJE

1947 357 2366 428 ἓΝΑἿἹΑΝῶ.
2415 392 2492 405 -
2533 359 2738 422 PARS
2782 358 2862 421 II.

3487 359 3605 421 3η

183 487 449 562 Μαρκίων
483 489 691 562 ηὔξησε
747 487 810 545 τὸ
851 485 1252 550 διδασκαλεῖον.
1304 515 1332 543 ‹‹
1367 492 1700 549 Succedens
1748 509 1838 549 au-

1964 491 2149 546 Verba
2170 491 2349 546 etiam
2374 492 2684 562 sequentia
2708 491 2867 550 idem
2915 489 3219 547 evincunt:
3246 512 3275 542 ‹‹
3307 491 3431 557 Qua
3455 497 3604 547 tem-

184 582 308 634 tem
340 583 399 633 et
427 579 691 634 Marcion
722 579 1000 636 Ponticus
1032 579 1296 636 scholam
1329 581 1511 637 auxit.
1547 605 1574 632 »
1600 583 1687 638 lta
1706 583 1841 637 Ter-

184 666 468 724 tullianus
493 686 507 734 ;
531 669 616 725 ita
639 667 872 740 reliqui.
900 671 971 725 Et
992 670 1235 742 quidem
1257 669 1634 727 Valentinum
1650 670 1843 744 primo

182 758 296 812 sub
330 759 559 831 Hygino
592 761 840 815 Romam
874 760 1124 827 venisse,
1155 760 1291 816 dein
1315 760 1642 816 Cerdonem
1666 760 1846 816 tradit

179 851 471 903 Irenazus.
507 847 651 904 lnde
683 855 880 904 autem
913 847 1063 904 nihil
1087 850 1231 904 certi
1248 848 1321 904 de
1353 856 1616 922 tempore
1648 848 1840 922 colligi

177 943 396 1008 potest.
424 937 633 992 Nullos
656 938 818 994 enim
841 937 1222 1011 pontificibus
1241 940 1523 995 Romanis
1545 955 1734 994 annos
1757 955 1844 994 as-

178 1026 396 1098 signat,
459 1044 656 1099 nequc
709 1045 808 1084 eos
865 1045 998 1084 cum
1049 1029 1332 1084 Romanis
1383 1028 1841 1101 imperatoribus

181 1123 494 1188 comparat
519 1119 800 1173 Irenaeus.
834 1117 1122 1174 Eusebius
1154 1117 1398 1190 quidem
1433 1117 1492 1172 in
1547 1117 1840 1173 Chronico

177 1207 445 1277 primum
458 1223 687 1262 annum
706 1207 915 1280 Hygini
936 1207 1196 1263 secundo
1213 1207 1494 1262 Antonini
1509 1206 1596 1261 Pii
1614 1206 1838 1276 tribuit,

179 1296 509 1366 Eutychius
541 1303 740 1351 autem
774 1302 936 1352 sexto
971 1296 1232 1352 Adriani.
1274 1295 1481 1351 Tribus
1526 1296 1698 1350 annis
1754 1312 1840 1350 se-

177 1386 339 1442 disse
370 1387 500 1442 vult
529 1387 822 1459 Hyginum
854 1387 1142 1443 Eusebius
1169 1405 1181 1442 :
1224 1410 1250 1437 ‹‹
1284 1387 1474 1442 Annis
1524 1385 1837 1442 duodecim

174 1476 491 1532 mensibus
527 1477 736 1543 tribus,
772 1475 982 1533 diebus
1006 1495 1128 1544 sex,
1164 1500 1192 1528 »
1223 1482 1429 1533 auctor
1458 1475 1836 1532 vetustissimi

175 1567 431 1636 catalogi
463 1566 622 1637 apud
654 1566 1028 1623 Bucherium.
1071 1569 1142 1622 Et
1187 1583 1324 1623 vera
1371 1566 1613 1637 quidem
1667 1565 1839 1620 initia

175 1661 298 1710 tum
330 1655 593 1722 Aniceti,
628 1661 754 1710 tum
788 1656 894 1719 Pii,
949 1661 1071 1712 tum
1124 1656 1332 1728 Hygini
1379 1655 1836 1726 pontiﬁcatuum

175 1751 318 1817 puto
344 1762 480 1800 esse
503 1745 790 1800 hactenus
821 1747 1136 1819 incognita.
1158 1748 1237 1800 Ex
1261 1744 1636 1802 successione
1660 1744 1838 1815 igitur

180 1834 604 1890 haereticorum
625 1833 697 1890 de
713 1835 881 1889 initio
901 1835 1196 1890 Valentini
1216 1833 1830 1906 potiusjudicandum,
1867 1875 1912 1940 Β

174 1924 310 1978 talis
368 1929 570 1978 autem
618 1940 652 1978 a
705 1923 1000 1979 veteribus
1058 1941 1264 1979 eorum
1314 1923 1609 1978 successio
1662 1921 1834 1976 nobis

177 2013 399 2068 tradita
432 2019 523 2067 est
551 2031 565 2079 ;
599 2012 786 2068 Cerdo
819 2014 1106 2068 successit
1155 2012 1524 2081 Heracleoni,
1575 2013 1658 2066 ita
1705 2011 1836 2082 Epi-

175 2104 439 2173 phanius
473 2120 487 2157 :
519 2098 740 2176 Κέρὸων
797 2122 878 2163 τις
929 2102 1156 2163 τούτους
1215 2101 1303 2155 καὶ
1350 2102 1441 2156 τὸν
1489 2097 1836 2173 Ἡρακλέωνα

178 2187 503 2268 διαδέχεται
534 2190 593 2244 ἐκ
623 2197 723 2259 τῆς
755 2189 929 2244 αὐτῶν
984 2188 1198 2264 σχολῆς
1237 2186 1330 2248 ὥν.
1379 2213 1406 2242 ‹‹
1439 2190 1669 2245 Ccrdon
1715 2189 1838 2260 qui-

177 2281 308 2336 dem
344 2282 441 2336 his
475 2281 900 2338 etHeracleoni
933 2281 1216 2351 succedit,
1258 2297 1326 2336 ex
1376 2297 1581 2336 eorum
1633 2279 1837 2334 schola

172 2372 439 2425 existens
467 2386 481 2424 :
518 2393 545 2420 »
578 2369 904 2426 Heracleon
947 2371 1285 2439 Colarbaso,
1318 2370 1668 2425 Colarbasus
1699 2370 1837 2423 Pto—

170 2461 410 2527 lemaeo,
447 2460 802 2516 Ptolemaeus
832 2461 1145 2533 Epiphani,
1173 2460 1510 2532 Epiphanes
1543 2457 1834 2526 Secundo,

179 2549 493 2606 Secundus
529 2549 836 2604 Valentino
869 2551 1174 2605 successit.
1210 2548 1557 2604 Valentinus
1581 2548 1778 2620 igitur,
1805 2565 1836 2603 e

172 2640 343 2711 cujus
378 2638 588 2694 schola
619 2639 834 2709 reliqui
865 2638 1236 2711 prodierunt,
1271 2655 1393 2693 non
1426 2638 1630 2710 paucis
1661 2638 1836 2692 annis

172 2729 446 2784 Cerdone
482 2728 756 2799 superior
785 2729 913 2783 fuit.
949 2729 1005 2783 Si
1038 2733 1234 2783 autem
1259 2728 1589 2782 Cerdonem
1618 2733 1836 2782 statua-

169 2833 299 2872 mus
335 2816 386 2871 si
424 2833 546 2871 non
579 2823 734 2886 ante,
769 2815 893 2887 ipso
927 2820 1127 2871 tamen
1163 2815 1364 2870 statim
1396 2813 1568 2868 initio
1591 2813 1836 2869 Adriani

171 2924 277 2962 sua
310 2905 534 2960 deliria
566 2904 1008 2968 disseminasse,
1043 2904 1200 2976 quod
1234 2903 1487 2982 maxime
1531 2901 1836 2974 probabile

169 2995 579 3062 reddidimus,
615 3011 790 3050 nemo
821 2994 1061 3067 negabit
1091 2993 1270 3049 etiam
1323 2992 1698 3048 Valentinum
1731 3009 1839 3048 sua

169 3101 454 3158 spargere
471 3084 734 3154 potuisse
756 3090 892 3140 ante
925 3083 1312 3140 undecimum
1329 3099 1554 3138 annum
1575 3082 1702 3152 Traj
1714 3082 1834 3148 ani;

170 3191 362 3245 eaque
395 3190 578 3229 nemo
611 3191 730 3229 non
764 3173 1052 3230 concedet
1083 3173 1153 3229 ab
1187 3172 1410 3246 Ignatio
1443 3177 1578 3227 ante
1612 3177 1830 3243 marty-

166 3267 325 3322 rium
361 3267 631 3338 potuisse
662 3267 954 3339 cognosci.

238 3377 378 3431 Alio
412 3377 599 3431 etiam
623 3380 972 3445 argumento
996 3376 1184 3431 utitur
1228 3374 1518 3430 Dallaaus:
1575 3396 1603 3424 «
1640 3374 1838 3429 Satur-

171 3465 332 3520 nilus
385 3470 449 3519 et
499 3465 784 3520 Basilides
823 3465 998 3520 annis
1045 3464 1314 3536 pluribus
1365 3479 1542 3534 quam
1591 3466 1660 3517 20
1708 3464 1841 3533 post

169 3554 386 3625 Ignatii
420 3554 780 3625 martyrium
811 3571 920 3609 sua
940 3553 1152 3608 deliria
1181 3569 1458 3625 spargere
1511 3555 1834 3622 coeperunt.

175 3643 534 3698 Valentinus
573 3647 774 3698 autem
804 3648 938 3714 post
963 3643 1072 3696 hos
1103 3641 1251 3696 duos
1305 3640 1520 3712 erupit.
1557 3661 1586 3688 »
1641 3639 1836 3694 Primo

172 3732 422 3803 quidem
456 3732 650 3787 fateor
683 3731 1060 3786 Valentinum
1090 3737 1225 3802 post
1245 3746 1346 3784 eos
1377 3729 1526 3784 duos
1549 3729 1835 3800 erupisse,

173 3820 280 3876 sed
313 3837 441 3876 non
473 3837 686 3893 magno
714 3820 1044 3875 intervallo.
1079 3819 1351 3874 Secundo
1385 3819 1564 3873 etiam
1586 3833 1838 3890 agnosco

176 3909 554 3968 Saturnilum
575 3909 741 3980 prius
763 3924 930 3962 suam
951 3907 1209 3962 haaresin
1232 3905 1505 3961 docuisse
1526 3921 1705 3976 quam
1738 3906 1841 3960 Ba-

176 4001 450 4066 silidem,
483 3997 642 4069 quod
671 3997 880 4052 frivola
908 3996 1244 4066 suspicione
1289 3995 1499 4050 ductus
1553 3994 1839 4050 Baronius

177 4089 438 4162 negavit.
466 4085 581 4142 Sed
607 4087 852 4140 interim
877 4091 1078 4156 aperte
1103 4099 1250 4154 nego
1269 4082 1391 4138 ullo
1412 4081 1586 4137 modo
1600 4080 1837 4154 probari

177 4195 378 4250 posse,
407 4176 728 4232 Basilidem
751 4179 837 4230 tot
865 4175 1039 4229 annis
1069 4179 1200 4245 post
1231 4173 1439 4245 lgnatii
1471 4178 1716 4228 mortem
1735 4187 1842 4226 sua

173 4266 396 4325 deliria
422 4280 702 4335 spargere
732 4263 1000 4333 caapisse.
1036 4262 1243 4316 Plures
1269 4277 1448 4332 quam
1480 4261 1680 4333 viginti
1731 4276 1836 4315 an-

175 4375 286 4412 nos
316 4357 432 4410 hoc
466 4354 596 4408 loco
628 4351 917 4420 nominat,
961 4350 1151 4421 capite
1195 4356 1392 4406 autem
1446 4353 1511 4403 10
1559 4348 1633 4404 ad
1682 4347 1838 4420 quod

171 4463 287 4502 nos
321 4443 599 4506 remittit,
634 4441 920 4513 epocham
952 4441 1249 4495 haereseos
1289 4438 1658 4493 Basilidianaa
1692 4438 1834 4509 figit,

176 4551 373 4592 annos
393 4535 463 4585 27
491 4529 848 4603 postlgnatii
872 4529 1221 4600 martyrium
1244 4534 1540 4591 numerat.
1569 4533 1627 4582 et
1664 4527 1840 4583 verba

177 4623 424 4682 Eusebii
462 4623 524 4676 in
555 4620 846 4676 Chronico
877 4618 952 4674 ad
981 4634 1206 4674 annum
1237 4617 1479 4672 Adriani
1515 4617 1578 4671 17
1601 4617 1834 4672 Domini
1871 4605 1913 4671 D

178 4730 317 4769 vero
352 4713 456 4766 134
487 4708 658 4781 quasi
704 4706 955 4762 fundum
1006 4706 1318 4762 sententias
1370 4705 1590 4761 laudat.
1651 4705 1838 4761 Verba
1888 4703 1892 4706 ’

176 4801 426 4858 Eusebii
459 4804 598 4854 sunt
631 4815 644 4852 :
679 4820 706 4848 «
739 4795 1024 4852 Basilides
1057 4795 1480 4850 haeresiarches
1501 4793 1562 4848 in
1582 4792 1834 4849 Alexan-

178 4892 316 4947 dria
347 4893 773 4956 commoratur,
807 4903 841 4941 a
871 4902 986 4956 quo
1020 4884 1299 4940 Gnostici.
1323 4903 1350 4934 ι
1381 4883 1492 4938 Sed
1512 4900 1688 4954 quam
1709 4901 1838 4955 per-

177 4997 394 5053 peram
427 4979 554 5034 haec
579 4976 652 5033 ad
682 4975 923 5031 initium
955 4975 1253 5030 haereseos
1297 4972 1653 5040 trahuntur;
1706 4990 1836 5044 qum

177 5070 384 5143 potius
417 5068 640 5122 exitum
669 5063 937 5119 hxeretici
959 5060 1272 5117 indicant?
1305 5063 1382 5116 Eo
1408 5061 1649 5132 quidem
1680 5079 1836 5118 anno

177 5157 559 5216 Alexandriae
591 5155 784 5212 adhuc
803 5152 1158 5210 commorari
1180 5151 1523 5224 dicitur,qui
1547 5157 1680 5223 post
1700 5169 1837 5208 eum

178 5265 412 5305 annum
433 5262 730 5318 nusquam
753 5242 1101 5315 comparuit.
1115 5241 1198 5296 lta
1216 5240 1534 5296 Eusebium
1553 5241 1838 5312 interpre-

176 5349 338 5398 tatus
370 5347 479 5408 est,
513 5339 614 5411 qui
656 5355 725 5394 ea
754 5335 932 5392 verba
961 5351 992 5390 e
1024 5336 1223 5390 Grzeco
1268 5333 1590 5400 transtulit,
1639 5333 1838 5388 Hiero-

181 5449 424 5504 nymus.
456 5432 521 5485 ln
552 5427 831 5499 Catalogo
864 5426 1045 5491 enim,
1077 5439 1216 5478 voce
1267 5445 1295 5474 «
1325 5422 1600 5494 Agrippa,
1635 5445 1661 5472 ››
1710 5423 1836 5478 haec

179 5522 400 5578 habet;
437 5544 464 5571 (ι
498 5520 763 5574 Mortuus
795 5521 886 5570 est
914 5519 1110 5569 autem
1136 5511 1443 5580 Basilides,
1469 5529 1502 5566 a
1541 5527 1655 5583 quo
1685 5513 1838 5567 Gno—

181 5611 342 5678 stici,
373 5610 434 5665 in
493 5603 858 5664 Alexandria
904 5600 1271 5675 temporibus
1319 5599 1584 5671 Adriani.
1623 5624 1644 5651 -
1697 5601 1837 5667 Quis

180 5706 385 5764 autem
407 5716 527 5758 non
549 5696 715 5753 videt
737 5710 872 5753 eum
897 5692 970 5748 ad
990 5689 1322 5748 Eusebiana
1347 5690 1463 5746 alia
1493 5689 1788 5764 respicere
1811 5691 1839 5746 ‘2

1861 3240 1912 3306 ϐ

1964 587 2188 653 pestate
2221 586 2277 636 et
2307 581 2646 638 Chochebas
2677 581 2796 636 dux
2826 581 3082 637 Iudaicae
3125 581 3403 637 factionis
3437 581 3605 636 Chri-

1957 672 2180 726 stianos
2213 671 2386 726 variis
2419 671 2726 744 suppliciis
2775 671 3061 729 enecavit.
3097 694 3125 722 »
3184 671 3272 727 Ad
3326 669 3603 727 eumdem

1957 763 2114 817 enim
2134 763 2374 817 Adriani
2394 780 2616 819 annum
2636 764 2697 819 in
2719 763 3009 818 Chronico
3034 763 3264 818 Eusebii
3286 763 3409 817 haac
3426 761 3604 817 verba

1955 852 2253 923 prioribus
2286 853 2724 924 subjunguntur
2747 870 2760 907 :
2787 875 2812 902 «
2839 851 3180 907 Chochebas
3203 851 3318 906 dux
3344 851 3599 907 Judaicee

1953 941 2229 997 factionis
2258 942 2528 998 nolentes
2560 941 2670 996 sibi
2715 942 3078 997 Christianos
3131 941 3443 997 adversum
3493 944 3602 997 Bo-

1953 1048 2196 1087 manum
2211 1031 2462 1088 militem
2485 1032 2638 1087 ferre
2661 1031 2992 1088 subsidium
3009 1031 3369 1086 omnimodis
3383 1031 3600 1086 crucia-

1952 1123 2109 1178 tibus
2141 1130 2333 1179 necat.
2367 1147 2396 1174 »
2427 1125 2574 1178 Eum
2605 1123 2782 1196 igitur
2833 1139 3076 1188 annum,
3127 1139 3304 1194 quem
3346 1121 3597 1176 Dallaaus

1952 1230 2055 1284 pro
2088 1229 2195 1268 sua
2225 1213 2518 1268 sententia
2547 1213 2816 1284 arripuit,
2840 1229 2946 1284 pro
2979 1209 3596 1266 nostraafundamento

1953 1317 2142 1371 pono:
2174 1307 2231 1355 et
2256 1299 2570 1356 Basilidem
2600 1317 2756 1355 anno
2792 1303 2855 1353 17
2882 1298 3149 1369 Adriani,
3183 1303 3316 1370 post
3345 1298 3399 1351 S.
3434 1299 3600 1370 lgna-

1949 1391 2016 1444 tii
2056 1392 2407 1462 martyrium
2448 1391 2684 1446 circiter
2730 1393 2797 1443 27
2847 1394 3146 1444 mortuum
3195 1404 3325 1442 esse
3378 1393 3596 1442 statuo.

1953 1481 2096 1536 Dum
2128 1488 2326 1537 autem
2360 1480 2610 1538 schedas
2642 1483 2924 1536 Notarum
2951 1479 3194 1534 Joannis
3229 1477 3504 1533 Cotelerii
3533 1478 3600 1533 in

1948 1571 2410 1626 Constitutiones
2439 1570 2793 1642 apostolicas
2825 1569 3173 1624 festinanter
3193 1567 3400 1636 lustro,
3425 1567 3596 1622 video

1947 1677 2082 1715 eum
2113 1660 2284 1715 aliter
2314 1660 2736 1730 Hieronymum
2770 1658 3122 1731 intelligere,
3157 1663 3214 1711 et
3245 1674 3350 1727 pro
3387 1677 3414 1709 ιι
3435 1674 3592 1711 mor-

1946 1755 2082 1804 tuus
2113 1755 2202 1804 est
2235 1775 2254 1801 ι
2293 1749 2488 1822 legere
2522 1773 2541 1796 ι
2578 1754 2844 1803 moratus
2875 1754 2983 1802 est.
3009 1771 3034 1798 υ
3071 1746 3234 1812 Quod
3257 1753 3322 1801 ut
3350 1746 3588 1812 faceret,

1948 1838 2060 1892 tria
2089 1837 2276 1893 virum
2312 1836 2476 1892 illum
2505 1837 2799 1890 eruditum
2831 1840 3268 1907 permoverunt.
3302 1834 3590 1902 Primum,

1949 1927 2106 1998 quod
2137 1926 2302 1980 locus
2333 1925 2589 1997 Catalogi
2623 1925 2709 1978 illi
2742 1924 2898 1994 apud
2929 1923 3262 1978 Chronicon
3301 1927 3421 1976 tam
3453 1926 3587 1993 apte

1944 2015 2232 2087 quadret:
2268 2015 2614 2083 secundum,
2650 2013 2808 2085 quod
2859 2015 2920 2068 in
2979 2014 3241 2084 quinque
3282 2011 3586 2067 codicibus

1946 2105 2230 2176 scriptum
2258 2105 2597 2175 reperisset,
2623 2129 2647 2154 ι(
2679 2110 2942 2159 moratus
2974 2109 3058 2158 est
3085 2121 3098 2170 ;
3135 2126 3162 2151 »
3193 2101 3434 2156 tertium
3457 2101 3554 2156 Cle

1945 2193 2161 2248 mentis
2191 2193 2574 2249 Alexandrini
2606 2193 2800 2248 locum
2820 2197 3064 2264 spectat.
3095 2191 3208 2247 Sed
3237 2191 3362 2245 haac
3393 2205 3586 2260 neque

1943 2287 2178 2355 cogunt,
2213 2299 2406 2354 neque
2437 2281 2817 2355 persuadent,
2852 2287 2917 2336 ut
2944 2279 3235 2353 vulgatam
3267 2279 3586 2334 lectionem

1942 2372 2308 2442 deseramus,
2341 2377 2442 2427 aut
2471 2371 2782 2427 Basilidem
2816 2377 2949 2443 post
2979 2387 3114 2425 eum
3137 2386 3360 2425 annum
3377 2369 3588 2423 vixisse

1941 2462 2271 2517 credamus.
2308 2463 2434 2517 Non
2466 2462 2747 2534 primum,
2781 2462 2920 2531 quia
2950 2460 3160 2516 eodem
3191 2476 3347 2514 anno
3379 2463 3436 2513 et
3462 2475 3590 2512 mo-

1941 2552 2058 2607 rari
2109 2551 2302 2623 potuit
2351 2551 2728 2606 Alexandriae
2769 2550 3083 2606 haereticus
3131 2549 3256 2617 ille,
3292 2552 3351 2604 et
3397 2547 3587 2616 mori;

1941 2657 2126 2695 unum
2160 2640 2421 2695 indicare
2455 2640 2646 2712 potuit
2676 2640 2984 2710 Eusebius,
3017 2640 3268 2695 alterum
3301 2639 3592 2707 Hierony-

1941 2748 2074 2785 mus
2103 2746 2116 2796 ;
2151 2736 2208 2785 et
2237 2748 2373 2786 cum
2405 2730 2475 2784 de
2507 2737 2679 2785 mtate
2729 2731 3000 2802 Agrippa:
3048 2728 3304 2784 Castoris
3354 2733 3486 2798 agat
3528 2725 3590 2782 in

1942 2819 2235 2892 Catalogo,
2262 2818 2457 2891 potius
2490 2819 2562 2874 ad
2586 2825 2836 2874 mortem
2862 2818 3156 2888 Basilidis,
3184 2822 3389 2874 contra
3410 2833 3590 2888 quem

1940 2910 2196 2982 Agrippa
2226 2907 2333 2964 sub
2363 2908 2622 2963 Adriano
2657 2907 2911 2980 scripsit,
2940 2907 3234 2980 respicere
3291 2905 3591 2978 putandus

1943 3004 2052 3064 est,
2083 3015 2259 3070 quam
2283 2997 2353 3053 ad
2383 3014 2642 3064 moram;
2674 3002 2732 3052 et
2754 2997 3074 3052 verisimile
3105 3003 3195 3052 est
3216 3013 3350 3051 eum
3373 2995 3456 3050 ita
3479 3000 3590 3050 Eu-

1942 3088 2172 3144 sebium
2205 3087 2591 3151 intellexisse,
2626 3093 2691 3142 ut
2721 3103 2910 3158 usque
2943 3086 3017 3142 ad
3050 3103 3277 3142 annum
3308 3085 3369 3139 in
3410 3085 3594 3138 Chro-

1943 3178 2076 3233 nico
2111 3183 2378 3232 notatum
2412 3176 2729 3231 Basilidem
2755 3176 2968 3231 vixisse
2998 3175 3268 3241 voluerit,
3306 3175 3353 3228 si
3386 3189 3593 3228 revera

1945 3269 2005 3322 in
2027 3266 2316 3322 Chronico
2333 3266 2727 3338 Hieronymus
2753 3263 3058 3337 scripserit
3077 3287 3101 3314 ‹‹
3124 3268 3542 3319 commoratur.
3562 3283 3589 3310 >›

1943 3359 2087 3413 Nam
2119 3373 2228 3411 nec
2258 3357 2370 3411 hoc
2401 3361 2627 3410 certum
2663 3360 2785 3421 est;
2821 3355 3102 3426 quoniam
3133 3371 3199 3408 eo
3231 3353 3344 3408 loci
3376 3352 3592 3424 legitur

1944 3456 2121 3510 etiam
2157 3477 2184 3503 ‹‹
2212 3459 2716 3508 commemoratur
2747 3469 2760 3507 :
2787 3474 2813 3501 ››
2846 3458 2905 3507 et
2924 3453 3189 3524 quamvis
3211 3454 3502 3508 Pontacus
3530 3452 3592 3507 in

1942 3544 2242 3613 aliquibus
2273 3560 2414 3598 mss.
2452 3565 2480 3592 ‹‹
2512 3547 2913 3598 commoratur
2938 3565 2964 3592 ι)
2995 3542 3107 3616 legi
3138 3543 3366 3608 doceat,
3413 3545 3501 3610 (ut
3529 3541 3591 3596 in

1944 3651 2060 3690 uno
2093 3633 2555 3706 Cantabrigiensi
2589 3632 2791 3687 codiee
2823 3633 3109 3704 scriptum
3136 3633 3313 3688 etiam
3372 3629 3588 3703 reperi)

1942 3723 2101 3779 idem
2135 3730 2334 3779 tamen
2365 3722 2425 3776 in
2456 3721 2725 3791 pluribus
2751 3742 2772 3772 ι
2809 3727 3308 3776 commemoratur
3332 3743 3358 3769 ››
3381 3720 3590 3776 haberi

1943 3813 2175 3868 innuit:
2210 3829 2341 3884 quae
2372 3828 2480 3866 vox
2513 3811 2561 3864 si
2595 3810 2932 3882 recipiatur,
2967 3809 3296 3864 similitudo
3319 3809 3589 3864 locorum

1943 3903 2114 3975 perit.
2148 3903 2349 3972 Neque
2391 3899 2719 3954 secundum
2752 3899 3074 3969 quidquam
3116 3899 3308 3962 valet;
3361 3899 3501 3967 quia
3531 3903 3589 3952 et

1944 3990 2255 4056 editiones,
2288 3993 2347 4042 et
2398 3985 2512 4042 duo
2573 3986 2733 4057 apud
2781 3991 3016 4040 nostros
3074 3984 3588 4055 Cantabrigienses

1952 4097 2094 4135 mss.
2128 4077 2380 4144 codices,
2415 4093 2585 4146 quos,
2617 4075 2758 4130 dum
2790 4074 3004 4145 scribo,
3050 4073 3343 4145 inspicere
3397 4073 3587 4138 licuit,

1943 4168 2267 4242 praeferunt
2290 4172 2560 4221 mortuus
2578 4171 2684 4232 cst,
2709 4171 2767 4219 et
2785 4165 2984 4219 Grmca
3006 4164 3194 4218 versio
3208 4162 3315 4217 sub
3339 4162 3592 4233 Sophro-

1943 4257 2026 4312 nii
2050 4255 2583 4326 nomine,quinque
2607 4253 2724 4309 illis
2748 4253 3051 4310 codicibus
3069 4254 3195 4307 sine
3217 4251 3396 4308 dubio
3415 4252 3589 4323 longe

1943 4346 2266 4417 antiquior,
2291 4347 2443 4400 hanc
2463 4344 2757 4416 vulgatam
2781 4343 3083 4398 lectionem
3102 4347 3510 4413 repraesentat,
3533 4345 3592 4396 et

1943 4443 2162 4493 tuetur.
2192 4437 2566 4496 Τελευτῶντος
2598 4429 2920 4488 Βασιλείὸου
2949 4429 3249 4485 Γνωστικοὶ
3291 4429 3342 4485 ἐν
3404 4428 3592 4502 Ἀλεξ-

1943 4521 2160 4597 ανδρεῖᾳ
2242 4519 2552 4592 ἔκλήθησαν
2637 4520 2688 4576 ἐν
2769 4526 2886 4582 τοῖς
2961 4520 3187 4596 χρόνοις
3282 4516 3591 4594 Ἀὂριανοῦο

1947 4611 2241 4670 «Mortuo
2275 4612 2526 4668 Basilide
2585 4612 2842 4667 Gnostici
2893 4612 2955 4665 in
3003 4610 3362 4666 Alexandria
3406 4609 3594 4665 vocati

1947 4709 2087 4759 sunt
2125 4702 2492 4774 temporibus
2522 4701 2784 4757 Adriani.
2809 4722 2837 4751 »
2872 4701 2950 4754 De
2973 4701 3145 4755 tertio
3168 4700 3448 4756 adversus
3468 4697 3596 4755 Dal-

1947 4795 2124 4850 laeum
2156 4795 2404 4866 agimus.
2426 4792 2542 4848 Sud
2571 4791 2824 4847 Dallaaus
2845 4790 3036 4845 nescit
3063 4791 3174 4846 hoc
3200 4808 3377 4861 quam
3391 4805 3596 4844 verum

1948 4885 2060 4952 sit;
2096 4907 2123 4936 ‹‹
2153 4891 2309 4939 certe
2342 4901 2462 4938 non
2495 4883 2723 4938 videtur
2752 4883 3070 4944 cohaerere,
3121 4881 3335 4951 inquit,
3360 4897 3494 4935 cum
3523 4879 3595 4933 iis

1947 4991 2078 5045 qum
2101 4974 2372 5028 Clemens
2395 4972 2654 5034 tradidit.
2681 4969 3244 5039 scilicet,Basilidem
3259 4969 3595 5039 pervenisse

1948 5064 2020 5119 ad
2049 5061 2335 5118 Antonini
2362 5060 2450 5115 Pii
2483 5078 2692 5116 aevum.
2729 5082 2756 5110 ››
2789 5059 2902 5116 Sed
2927 5076 3036 5114 nec
3067 5059 3178 5113 hoc
3199 5058 3419 5113 diserte
3451 5057 3596 5110 dicit

1947 5152 2219 5208 Clemens
2243 5150 2304 5204 in
2327 5149 2454 5204 loco
2474 5149 2578 5203 illo
2603 5150 2875 5214 obscuro,
2892 5165 3069 5220 quem
3092 5165 3230 5203 mox
3252 5146 3596 5202 considera-

1946 5243 2140 5297 bimus
2166 5258 2180 5307 ;
2214 5256 2325 5294 nec
2365 5239 2412 5293 si
2446 5237 2505 5291 id
2536 5237 2803 5302 dixisset,
2831 5237 3083 5293 multum
3107 5254 3299 5293 causae
3323 5236 3594 5291 adversa-

1946 5332 2171 5387 riorum
2202 5328 2511 5386 accederet
2542 5344 2556 5393 ;
2590 5343 2701 5382 nec
2734 5328 2896 5382 enim
2929 5329 3064 5384 inde
3097 5327 3334 5399 probari
3367 5329 3588 5396 posset.

1945 5420 2103 5476 ultra
2133 5416 2607 5490 quinquennium
2638 5421 2772 5487 post
2803 5431 2939 5470 eum
2998 5433 3222 5472 annum
3273 5413 3591 5470 Basilidem

1947 5510 2180 5565 vixisse.
2225 5507 2362 5562 lnde
2412 5505 2591 5561 etiam
2636 5503 2846 5571 infero,
2906 5505 3143 5576 probari
3195 5505 3361 5559 nullo
3415 5504 3590 5559 modo

1945 5604 2280 5672 posse,post
2294 5597 2504 5672 Ignatii
2526 5601 2777 5653 mortem
2790 5594 3048 5650 haeresin
3075 5610 3241 5649 suam
3266 5595 3327 5648 in
3348 5597 3591 5666 Angpto

1948 5707 2084 5746 eum
2118 5689 2424 5762 sparsisse.
2459 5688 2644 5753 Quam
2677 5684 3034 5741 sententiam
3065 5700 3134 5739 ex
3159 5684 3433 5738 Veterum
3465 5699 3595 5740 mo-
