3974 6296
412 359 527 425 343

1475 370 1537 430 S.
1585 365 1984 430 IGNATIUS.
2037 398 2111 412 —
2151 357 2774 430 PROLEGOMENA.

3704 357 3830 423 3M

414 498 718 555 numentis
737 498 820 555 sic
834 501 1137 557 confirmo.
1151 501 1266 558 Sub
1286 501 1536 574 imperio
1549 502 1792 559 Adriani
1809 503 2066 576 Agrippa
2094 501 2146 569 Α
2171 501 2433 558 fatentur
2450 501 2808 573 discipulum
2830 497 3011 555 fuisse
3025 495 3282 555 Simonis
3304 495 3448 569 Magi
3473 509 3487 563 ;
3511 500 3669 553 certe
3691 511 3829 551 eum

415 587 622 642 Castor
671 590 941 645 Basilidis
994 591 1353 646 luculentam
1405 593 1872 648 confutationem
1923 593 2064 648 scri-

413 677 550 746 psit,
584 677 646 731 in
677 695 793 748 qua
825 685 882 733 et
915 681 1275 736 mentionem
1304 680 1444 736 fecit
1473 685 1540 736 24
1572 682 1861 737 librorum
1893 681 1964 737 ab
1990 698 2055 736 eo

411 765 470 819 in
525 767 899 838 Evangelium
962 771 1335 841 scriptorUm,
1403 777 1549 826 teste
1598 772 1871 832 Eusebio.
1923 772 2060 826 Hist.

414 853 518 909 lib.
553 872 624 924 ιν,
652 873 779 927 cap.
816 862 867 925 7,
902 875 1095 929 neque
1127 867 1358 916 tantum
1391 860 1671 916 adversus
1721 861 2061 928 Basilidem,

415 943 516 997 sed
541 949 599 999 ot
622 944 812 1000 ﬁlium
837 947 966 1018 ejus
989 965 1057 1003 ac
1086 949 1443 1020 discipulum
1482 951 1772 1006 Isidorum
1805 950 2063 1022 scripsit,

413 1036 561 1086 teste
601 1035 987 1091 Theodoreto.
1021 1039 1127 1102 Qui
1160 1040 1266 1093 sub
1295 1040 1553 1094 Adriano
1588 1046 1673 1095 tot
1721 1040 1905 1094 libros
1947 1039 2068 1095 edi-

415 1123 604 1193 derat,
634 1127 940 1198 ﬁliumque
976 1147 1041 1186 ac
1073 1131 1434 1202 discipulum
1465 1137 1673 1188 notum
1707 1133 1893 1188 etiam
1919 1131 2069 1187 scri-

417 1219 650 1284 ptorem
675 1221 813 1271 tunc
837 1218 1063 1286 habuit,
1090 1237 1223 1274 eum
1259 1221 1366 1276 sub
1400 1223 1650 1294 Trajano
1674 1238 1778 1276 sua
1797 1221 2067 1277 docuisse

409 1320 518 1374 par
574 1311 662 1359 est
693 1307 953 1362 credere.
987 1309 1165 1363 Joelis
1227 1311 1404 1382 igitur
1458 1312 1941 1384 chronographus
1997 1311 2067 1365 de

415 1392 668 1463 Trajano
700 1394 1060 1464 imperatore
1092 1415 1294 1470 agens,
1330 1401 1453 1454 haec
1487 1401 1664 1456 habet
1692 1417 1704 1455 :
1740 1400 1855 1475 Ἐφ’
1887 1397 1948 1452 οὐ
1978 1399 2063 1452 καὶ

419 1480 645 1551 Συμεὼν
679 1484 706 1534 ὸ
734 1487 831 1535 τοῦ
864 1481 1104 1538 Κλεωπᾶ
1153 1487 1241 1540 καὶ
1292 1489 1550 1564 Ἰγνάτιος
1583 1490 1609 1543 ὁ
1642 1489 1931 1563 Θεοφόρος,
1980 1487 2070 1542 καὶ

423 1565 774 1640 Βασιλείδης,
801 1572 889 1625 καὶ
924 1571 1221 1643 Νικόλαος,
1257 1577 1344 1630 καὶ
1380 1571 1698 1640 Ἐϐιωναῖος
1732 1579 1782 1632 οἱ
1804 1577 2075 1650 αἱρεσιάρ-

426 1675 522 1731 χαι
554 1657 642 1711 καὶ
677 1657 868 1734 ἐχθροὶ
896 1664 994 1730 τῆς
1027 1662 1287 1734 ἀληθείας
1328 1665 1701 1741 ἐγνωρίζοντο,
1749 1690 1773 1720 ι
1809 1669 1924 1724 Sub
1956 1685 2071 1739 quo

423 1752 483 1802 et
504 1749 738 1805 Simeon
762 1751 992 1824 Cleopaa
1018 1755 1194 1821 ﬁlius,
1221 1761 1279 1810 et
1297 1759 1558 1829 lgnatius
1584 1760 1860 1824 Deifer,et
1879 1757 2076 1813 Basili-

2179 593 2426 664 μαθητῆν
2483 594 2581 645 τοῦ
2648 590 2895 662 Σίμωνος
2980 595 3148 645 vocat
3225 589 3491 644 Justinus
3576 590 3831 658 martyr.

2177 685 2500 753 Utrumque
2534 681 2749 754 igitur;
2783 679 2940 751 quod
2972 679 3047 736 ad
3066 679 3348 751 temporis
3369 678 3662 733 rationem
3691 690 3831 746 spe-

2175 778 2316 838 ctat,
2351 771 2552 828 audire
2571 771 2760 843 potuit
2790 777 2846 824 et
2869 770 3170 825 Glauciam
3193 775 3253 824 et
3283 767 3833 835 Menandrum,nisi

2177 866 2574 936 praematurus
2599 860 2759 916 illius
2782 859 3036 916 Glauciae
3059 859 3254 914 obitus
3285 858 3462 914 alicui
3491 857 3617 929 jam
3651 865 3837 914 notus

2180 951 2274 1006 sit.
2299 952 2558 1005 Mortuus
2583 955 2671 1004 est
2689 949 2890 1004 Simon
2913 949 3020 1003 sub
3041 949 3304 1014 Nerone;
3332 948 3439 1003 sub
3473 949 3839 1018 Vespasiano

2179 1040 2359 1112 igitur
2389 1039 2591 1094 floruit
2622 1038 2963 1106 Menander,
2998 1038 3104 1094 sub
3138 1039 3474 1093 Domitiano
3501 1038 3681 1110 igitur
3712 1055 3836 1093 cre-

2181 1129 2362 1184 dibile
2397 1134 2485 1184 est
2516 1145 2648 1183 eum
2683 1129 2974 1184 audivisse
3008 1128 3369 1183 Saturnilum
3406 1133 3464 1183 et
3493 1128 3836 1194 Basilidem,

2180 1219 2288 1275 sub
2320 1219 2568 1290 Trajano
2612 1235 2747 1274 suas
2773 1219 3030 1274 haereses
3063 1219 3406 1273 ell‘ormasse
3431 1223 3608 1289 atque
3632 1218 3840 1290 prodi-

2181 1308 2360 1377 disse,
2409 1308 2642 1363 scholas
2699 1308 2878 1362 etiam
2923 1324 3028 1363 seu
3078 1307 3355 1363 ecclesias
3410 1307 3518 1362 sub
3573 1308 3837 1364 Adriano

2183 1397 2543 1453 condidisse.
2598 1399 2676 1451 De
2718 1397 2932 1466 quibus
2982 1397 3309 1451 Eusebius:
3356 1396 3451 1449 Ὧν
3484 1395 3511 1448 ὁ
3547 1395 3646 1468 μὲν
3705 1395 3839 1468 μετὰ

2183 1483 2381 1556 Συρίαν
2428 1485 2455 1538 ὁ
2490 1480 2546 1538 δὲ
2597 1484 2714 1538 κατ’
2776 1485 3043 1556 Α’ἰγυπτον
3115 1485 3506 1554 συνεστήσαντο
3561 1487 3839 1557 θεομισῶν

2181 1573 2436 1647 αἱρέσεων
2464 1569 2868 1628 διδασκαλεῖα.«
2896 1575 3154 1639 Quorum
3179 1574 3279 1629 ille
3306 1574 3544 1646 quidem
3572 1576 3634 1630 in
3650 1577 3839 1647 Syria,

2183 1666 2278 1720 hic
2309 1681 2442 1719 vero
2471 1663 2626 1735 apud
2656 1665 2962 1734 Egyplum
2986 1665 3306 1735 impiarum
3334 1663 3639 1720 haireseon
3665 1667 3838 1721 scho-

2184 1753 2268 1809 las
2301 1753 2583 1808 condidit.
2621 1774 2648 1800 ιι
2682 1753 2844 1808 Unde
2879 1753 3087 1824 probat
3109 1752 3377 1809 Clemens
3404 1754 3839 1811 Alexandrinus

421 1836 610 1903 des,et
634 1841 1324 1910 Nicolaus,etEbion:£us
1346 1847 1756 1904 haeresiarchas
1781 1855 1839 1903 et
1860 1848 2055 1902 verita

2189 1841 2640 1916 μεταγενεστέρας
2693 1847 2795 1910 τῆς
2843 1839 3141 1906 καθολικῆς
3200 1840 3534 1912 Ἑκκλησίας
3585 1843 3681 1905 τὰς
3740 1843 3839 1897 ἀν-

419 1927 495 1982 tis
527 1929 727 1984 hostes
783 1934 966 2004 agniti
1028 1941 1264 1993 sunt.»
1324 1939 1402 1993 De
1459 1939 1665 1994 eodem
1716 1940 2073 2011 imperatore

420 2031 598 2089 agens
621 2018 1000 2078 Abull‘araius
1030 2040 1042 2077 :
1081 2039 1105 2068 ι(
1138 2027 1255 2080 Ηοο
1289 2031 1553 2100 tempore
1601 2027 1824 2100 prodtit
1861 2029 2070 2084 Antio-

423 2107 572 2161 chiaa
605 2109 847 2179 quidam
899 2114 1140 2169 nomine
1188 2116 1515 2186 Soterinus,
1547 2118 1666 2172 sive
1699 2119 2071 2174 Saturninus.

425 2196 652 2251 Prodiit
677 2200 854 2254 etiam
880 2202 1184 2258 Basilides.
1213 2226 1239 2253 ››
1267 2206 1466 2277 Neque
1493 2207 1711 2260 mirum
1744 2207 1850 2262 hos
1877 2225 2076 2263 recen-

428 2283 609 2340 tiores
642 2285 767 2342 haac
797 2289 1150 2359 prodidisse,
1186 2310 1318 2348 cum
1351 2295 1589 2350 Veteres
1621 2297 1787 2366 paria
1819 2296 2073 2352 tradide-

427 2374 566 2430 rint.
603 2377 968 2448 Epiphanius
1007 2381 1218 2437 haeresi
1276 2385 1380 2440 3l:
1433 2381 1788 2446 Οὖαλεντῖνος
1837 2385 1930 2458 μὶν
1981 2384 2071 2437 οὖν

426 2462 584 2524 οὗτος
613 2469 692 2536 τῷ
726 2465 915 2541 χρόνῳ
948 2465 1255 2545 διαδέχεται
1281 2470 1410 2534 τοὺς
1449 2473 1553 2547 πρὸ
1599 2473 1764 2528 αὐτοῦ
1812 2495 2075 2549 προτετα-

419 2551 672 2629 γμένοκς,
706 2554 1028 2628 Βασιλείδην
1086 2580 1144 2614 τε
1199 2561 1288 2615 καὶ
1345 2563 1696 2637 Σατορνῖλον,
1757 2558 1987 2618 Ἐϐίωνά
2018 2584 2074 2619 τε

417 2642 507 2695 καὶ
535 2645 812 2718 Κήρινθον
844 2647 934 2700 καὶ
983 2650 1284 2722 Μήρινθον,
1342 2653 1433 2706 καὶ
1493 2653 1620 2716 τοὺς
1669 2653 1803 2730 ἀμφ’
1850 2653 2070 2716 αὐτοὺς.

418 2728 582 2788 Οὗτοι
617 2733 720 2808 γὰρ
751 2733 940 2797 πάντες
971 2734 1022 2790 ἐν
1071 2738 1146 2792 ἑνὶ
1198 2745 1371 2814 καιρῷ
1402 2745 1480 2814 τῷ
1535 2742 1640 2817 βίῳ
1688 2728 1868 2804 mitti);
1913 2743 2074 2821 ἐφύη-

419 2841 536 2893 σαν,
570 2821 744 2897 ὀλίγῳ
776 2821 832 2878 δὲ
861 2825 1090 2900 πρόσθεν
1126 2827 1340 2902 μᾶλλον
1375 2831 1427 2884 οἱ
1473 2830 1595 2907 περὶ
1643 2833 1930 2907 Κήρινθον,
1979 2832 2070 2887 καὶ

418 2915 719 2987 Μήρινθον,
753 2917 842 2971 καὶ
877 2912 1128 2974 Ἐϐίωνα.
1188 2945 1215 2972 ‹‹
1249 2923 1598 2980 Valentinus
1630 2925 1742 2980 iste
1773 2925 2070 2998 prioribus

417 3005 539 3060 illis
570 3021 604 3061 a
632 3024 725 3062 me
759 3013 931 3064 antea
963 3013 1446 3069 commemoratis
1477 3020 1743 3086 tempore
1772 3021 1860 3070 est
1882 3021 2073 3086 poste-

415 3094 560 3164 rior,
595 3096 870 3166 Basilide,
903 3099 1210 3168 nimirum,
1237 3118 1304 3157 ac
1334 3103 1652 3173 Saturnilo,
1686 3103 1929 3170 Ebione,
1963 3105 2070 3159 Ce-

414 3185 615 3240 rintho
646 3202 713 3241 ac
771 3188 1060 3244 Merintho
1120 3207 1444 3262 eorumque
1505 3192 1702 3248 sociis.
1761 3193 2066 3264 Siquidem

417 3291 626 3332 omnes
685 3293 804 3331 non
861 3283 1128 3348 tempore
1188 3279 1261 3334 ad
1319 3280 1567 3336 humani
1634 3282 1866 3354 generis
1951 3282 2069 3339 exi-

416 3362 566 3418 tium
624 3365 850 3435 profusi
906 3372 1091 3421 sunt:
1161 3385 1500 3440 quanquam
1582 3370 1918 3440 Cerinthus,
2003 3388 2070 3428 ac

419 3452 746 3509 Merintbus
779 3462 837 3509 et
881 3455 1067 3510 Ebion
1118 3458 1427 3528 paululum
1478 3461 1801 3532 antegressi
1846 3467 2003 3517 sunt.
2039 3484 2069 3513 »

419 3543 548 3597 Non
580 3543 834 3599 multum
869 3547 1147 3616 temporis
1179 3547 1358 3620 igitur
1399 3549 1736 3606 intercessit
1784 3551 1942 3607 inter
1969 3552 2070 3608 Ce-

410 3631 680 3686 rinthum
712 3633 1057 3689 haireticum
1116 3636 1175 3690 in
1224 3637 1363 3693 Asia
1411 3640 1697 3710 agnitum,
1747 3647 2067 3712 antequam

415 3721 475 3776 S.
506 3722 760 3778 Joannes
790 3725 1164 3797 Evangelium
1193 3728 1555 3800 scripserat,
1608 3735 1665 3785 et
1723 3731 2066 3799 Basilidem,

414 3813 564 3866 teste
594 3814 944 3886 Epiphanio.
977 3816 1309 3881 Quinetiam
1337 3819 1464 3890 ipse
1488 3820 1880 3892 Hieronymus
1905 3821 2068 3877 Basi-

412 3902 594 3960 lidem
628 3906 784 3962 inter
797 3908 1106 3965 haereticos
1129 3912 1940 3986 apostolicorumtemporum
1963 3931 2067 3970 nu-

415 3996 944 4068 merat,disputans
970 3997 1249 4055 adversus
1270 4000 1668 4058 Luciferianos
1694 4020 1706 4058 :
1734 4027 1760 4053 «
1781 4003 1893 4059 Sed
1922 4003 2062 4076 quid

414 4082 484 4161 de
525 4087 955 4156 posterioribus
981 4087 1173 4143 adhuc
1193 4089 1406 4160 loquor
1423 4091 1450 4145 ‘?
1472 4093 1770 4163 Apostolis
1789 4093 1981 4148 adhuc
2002 4093 2063 4148 in

414 4175 631 4230 saeculo
643 4176 1244 4248 superstitibus,apud
1267 4178 1533 4237 Judzeam
1545 4182 1761 4236 Christi
1777 4184 2062 4255 sanguine

409 4267 635 4320 recenti
670 4265 1023 4336 phantasma
1055 4267 1287 4322 Domini
1315 4287 1527 4342 corpus
1558 4271 2064 4330 asserebatur.Ga—

411 4353 560 4410 latas
592 4355 666 4410 ad
696 4355 1170 4413 observationem
1198 4358 1343 4431 legis
1387 4359 1688 4417 traductos
1741 4363 2061 4434 Apostolus

409 4445 626 4500 iterum
657 4447 928 4517 parturit.
965 4447 1299 4502 Corinthios
1329 4451 1832 4506 resurrectionem
1864 4454 2060 4508 carnis

409 4551 529 4591 non
561 4535 870 4592 credentes
902 4536 1172 4608 pluribus
1205 4539 1570 4610 argumentis
1601 4539 1674 4595 ad
1706 4556 1908 4596 verum
1947 4545 2062 4597 iter

409 4625 642 4681 trahere
675 4632 943 4682 conatur.
974 4626 1138 4681 Tunc
1173 4627 1377 4682 Simon
1409 4629 1604 4700 Magus
1636 4636 1692 4684 et
1734 4630 2054 4687 Menander

410 4716 738 4789 discipulus
762 4718 889 4790 ejus
911 4717 1013 4771 Dei
1043 4733 1103 4772 se
1140 4734 1445 4772 asseruere
1475 4719 1748 4786 virtutes;
1777 4726 1914 4776 tunc
1947 4722 2048 4777 Ba-

407 4806 611 4863 silides
633 4823 931 4863 summum
949 4807 1133 4862 Deum
1155 4805 1416 4862 Abraxas
1429 4823 1563 4862 cum
1579 4809 1858 4865 trecentis
1885 4827 2048 4866 sexa-

405 4898 568 4970 ginta
600 4899 861 4969 quinque
892 4897 1170 4951 Eonibus
1199 4904 1631 4953 commentatus
1655 4905 1760 4954 est.
1797 4921 1824 4949 ››
1857 4901 1911 4956 Si
1946 4900 2049 4957 Ba-

407 4987 701 5043 silidianis
731 4987 875 5058 ipsis
908 4985 1240 5049 credamus,
1293 4985 1502 5041 habuit
1534 4988 1817 5044 Basilides
1866 4991 2046 5062 magi-

407 5082 595 5132 strum
626 5075 947 5139 Glauciam,
984 5074 1212 5143 fuitque
1245 5073 1344 5128 ille
1376 5075 1644 5132 Glaucias
1679 5078 1730 5133 S.
1767 5079 1922 5134 Petri
1956 5080 2049 5134 in-

401 5170 648 5237 terpres.
697 5164 968 5220 Clemens
1001 5162 1459 5233 Alexandrinus,
1492 5167 1756 5224 Stromat.
1797 5167 1900 5226 lib.
1926 5185 1998 5223 vn
2031 5186 2044 5224 :

399 5252 728 5326 KaOimpo
789 5249 1128 5322 Βασιλείδης,
1197 5249 1292 5306 κᾶἱν
1352 5251 1617 5310 Γλαυκίαν
1679 5253 2048 5332 ἐπιγράφηται

401 5343 750 5402 διδάσκαλον.
785 5343 858 5404 ὡς
902 5342 1166 5416 αὐχοῦσιν
1199 5342 1374 5413 αὐτοὶ,
1408 5345 1499 5399 τὸν
1531 5345 1736 5420 Πέτρου
1786 5344 2043 5422 ἑρμηνέα.

397 5437 514 5491 Nec
545 5437 656 5491 hoc
686 5434 883 5489 statim
927 5433 1383 5505 repudiandum,
1407 5436 1566 5508 quod
1597 5455 1632 5492 a
1668 5437 2045 5493 Basilidianis

399 5527 622 5582 dictum
655 5524 750 5592 sit,
780 5523 936 5594 quod
969 5524 1021 5578 ei
1055 5525 1209 5579 artati
1243 5526 1492 5581 minime
1523 5523 1832 5599 repugnat,
1869 5542 2045 5598 quam

398 5613 587 5673 nostri
611 5614 789 5668 etiam
808 5619 1152 5685 agnoscunt.
1194 5615 1250 5668 Si
1284 5616 1554 5671 Glaucias
1585 5622 1713 5670 erat
1751 5615 2044 5687 interpres

400 5705 456 5761 S.
491 5702 668 5774 Petri,
702 5708 1070 5777 synclironus
1099 5705 1212 5762 fuit
1240 5705 1582 5776 Menandro,
1615 5722 1790 5776 quem
1836 5722 2043 5764 omnes

2189 1932 2460 2007 θρωπίνας
2519 1930 2864 2000 συνηλύσεις,
2925 1955 2952 1982 ‹‹
3004 1940 3322 1990 conventus
3380 1935 3487 1990 hos
3539 1935 3846 1991 humanos

2187 2022 2476 2078 catholica
2504 2021 2766 2078 Ecclesia
2796 2023 3173 2094 posteriores.
3213 2046 3240 2073 »

2256 2112 2526 2177 Quamvis
2549 2112 2674 2166 haec
2697 2128 2731 2167 a
2747 2112 2918 2166 nobis
2944 2119 3060 2167 tam
3085 2114 3394 2185 perspicue
3427 2114 3671 2186 probata
3694 2116 3839 2182 sint,

2186 2202 2362 2257 habet
2393 2208 2593 2257 tamen
2625 2201 2882 2258 Dallzeus
2914 2209 3204 2265 auctores.
3227 2207 3605 2277 utputat.qui
3635 2206 3846 2260 Basili-

2186 2291 2320 2346 dem
2340 2291 2520 2358 hunc,
2542 2291 2841 2346 Menandri
2877 2291 3256 2363 discipulum.
3290 2294 3497 2348 lsidori
3525 2300 3756 2366 patrem
3787 2301 3844 2349 et

2185 2381 2555 2454 magistrum,
2587 2381 2696 2436 sub
2725 2381 2982 2436 Adriano
3017 2384 3274 2454 primum
3307 2385 3592 2456 erupisse,
3625 2391 3683 2439 et
3712 2385 3834 2440 has-

2184 2471 2344 2528 resin
2366 2489 2534 2527 suam
2557 2472 2768 2527 docere
2792 2473 3035 2544 cmpisse
3062 2473 3318 2529 tradunt.
3346 2479 3427 2530 Ac
3448 2476 3636 2546 primo
3656 2476 3838 2530 nobis

2184 2562 2456 2617 nominat
2483 2561 2848 2617 Clementem
2881 2562 3369 2632 Alexandrinum,
3419 2565 3588 2638 cujus
3638 2564 3841 2620 locum

2183 2653 2354 2720 mire,
2377 2657 2441 2706 ut
2471 2651 2704 2723 opinor,
2737 2658 3080 2723 corruptum
3113 2659 3215 2708 aut
3256 2654 3409 2709 male
3467 2653 3842 2709 intellectum

2184 2741 2357 2796 toties
2386 2740 2692 2796 advocant.
2728 2745 2869 2796 Eum
2905 2742 3081 2811 igitur
3109 2761 3215 2815 per
3245 2751 3442 2814 partes
3473 2743 3844 2800 examinabi-

2183 2849 2335 2887 mus.
2376 2835 2438 2886 Ἡ
2473 2830 2700 2906 μὲνγὰρ
2759 2835 2856 2885 τοῦ
2919 2835 3121 2907 Κυρίου
3179 2835 3314 2888 κατὰ
3378 2836 3476 2904 τήν
3530 2835 3836 2908 παρουσίαν

2183 2915 2505 2974 διδασκαλία
2564 2919 2669 2974 ἀπὸ
2727 2921 3042 2996 Αὐγούστου
3099 2921 3188 2976 καὶ
3247 2917 3499 2999 Τιϐερίου
3557 2923 3834 2998 Καίσαρος

2180 3007 2474 3084 ἀρξαμένη,
2540 3007 2844 3082 μεσούντων
2900 3014 2998 3064 τοῦ
3077 3010 3386 3085 Αὐγούστου
3469 3012 3682 3087 χρόνων
3739 3035 3837 3068 τε-

2181 3098 2444 3155 λειοῦται.
2487 3101 2594 3157 Ubi
2625 3119 2732 3157 vox
2765 3100 3085 3178 Αὐγούστου
3118 3105 3442 3176 posteriore
3485 3105 3612 3160 loco
3665 3112 3833 3160 recte

2179 3193 2318 3263 poni
2351 3208 2470 3246 non
2501 3197 2732 3264 potest;
2762 3209 2956 3264 neque
2989 3194 3146 3249 enim
3181 3193 3252 3249 de
3288 3201 3543 3268 Augusto
3577 3195 3701 3266 ipso
3738 3196 3831 3252 in-

2182 3281 2364 3354 telligi
2396 3281 2630 3352 poterit,
2660 3287 2794 3353 post
2823 3285 2993 3354 cujus
3024 3282 3258 3355 imperii
3319 3285 3514 3340 media
3558 3290 3834 3356 tempora

2176 3372 2444 3428 Christus
2477 3379 2649 3428 natus
2675 3391 2688 3440 ;
2720 3389 2914 3445 neque
2946 3374 3177 3430 Tiberio
3211 3392 3279 3431 ea
3294 3392 3402 3430 vox
3427 3376 3702 3431 convenit
3725 3376 3834 3430 ubi

2175 3468 2424 3534 uterque
2456 3464 2631 3519 simul
2661 3465 3022 3520 nominatur.
3066 3465 3340 3521 Mendum
3385 3466 3649 3539 agnoscit
3695 3466 3834 3537 Syl-

2176 3553 2420 3625 burgius
2452 3557 2511 3609 et
2539 3570 2645 3625 pro
2679 3553 2996 3629 Αὐγούστου
3027 3554 3168 3626 legit
3196 3572 3326 3610 cum
3369 3557 3692 3628 interprete
3724 3558 3831 3612 Τι-

2175 3635 2381 3715 ϐερίου.
2414 3643 2482 3698 Et
2514 3642 2754 3714 quidem
2804 3643 2945 3699 satis
2994 3644 3186 3699 Graece
3241 3645 3459 3701 dicitur
3512 3642 3824 3717 μεσούντων

2172 3735 2280 3786 τῶν
2322 3725 2579 3804 Τιϐερίου
2611 3730 2849 3805 χρόνων,
2906 3755 2926 3782 α
2962 3733 3157 3788 medio
3205 3733 3416 3788 Tiberii
3469 3739 3759 3806 tempore,
3797 3757 3823 3783 ιι

2174 3820 2278 3876 sed
2309 3821 2514 3877 dubito
2546 3837 2620 3876 an
2652 3823 2734 3877 ita
2763 3821 3102 3894 loqueretur
3131 3821 3419 3888 Clemens,
3452 3823 3552 3894 qui
3580 3826 3643 3877 15
3692 3824 3822 3895 qui-

2174 3910 2310 3966 dem
2334 3911 2550 3966 Tiberii
2581 3911 2938 3982 baptizatum
2971 3929 3095 3967 esse
3127 3912 3422 3967 Christum
3473 3913 3726 3985 agnovit,
3763 3920 3822 3968 et

2171 4007 2306 4072 post
2336 4017 2521 4056 unum
2555 4016 2775 4056 annum
2806 4017 3045 4072 passum
3099 4002 3278 4059 etiam
3323 4003 3567 4076 putavit,
3601 4001 3703 4057 sed
3751 4006 3821 4056 22

2172 4095 2404 4145 tantum
2434 4107 2621 4146 annos
2651 4091 2880 4147 Tiberio
2942 4091 3274 4164 assignavit.
3327 4093 3470 4148 Cum
3516 4093 3695 4166 igitur
3742 4093 3822 4147 le-

2171 4179 2297 4235 vior
2325 4179 2574 4235 mutatio
2605 4181 2879 4236 sufﬁcere
2909 4197 3081 4252 posse
3115 4182 3402 4251 videatur,
3435 4182 3584 4237 forte
3615 4182 3819 4253 legen-

2171 4271 2313 4327 dum
2345 4268 2653 4341 μεσούντων
2684 4272 2794 4323 τῶν
2825 4268 3154 4344 Αὐγούστων
3205 4269 3423 4344 χρόνον,
3476 4295 3504 4322 ι(
3538 4273 3819 4344 Augustis

2169 4360 2286 4416 illis
2316 4366 2548 4432 tempus
2579 4359 3049 4430 dimidiantibus,
3083 4381 3110 4410 »
3140 4361 3251 4430 vel,
3283 4367 3534 4433 utroque
3568 4362 3822 4433 impera-

2169 4454 2295 4505 tore
2326 4449 2639 4506 dimidium
2671 4449 2955 4520 temporis
2985 4449 3097 4504 sibi
3131 4456 3421 4505 sumente.
3467 4451 3537 4506 Ut
3567 4451 3692 4522 ipse
3728 4451 3817 4507 lo-

2171 4540 2389 4610 quitur,
2439 4539 2539 4594 lib.
2602 4553 2665 4592 1:
2706 4533 3168 4610 Πεντεκαιδεκάτῳ
3219 4537 3312 4592 οὗν
3368 4535 3472 4593 ἔτει
3529 4533 3814 4613 Τιϐερίου,

2163 4629 2251 4683 καὶ
2284 4622 2745 4698 πεντεκαιδεκάτῳ
2791 4625 3109 4700 Αὐγούστου
3164 4625 3305 4682 οὕτω
3354 4625 3691 4702 πληροῦνται
3745 4628 3812 4682 τὰ

2159 4721 2448 4792 τριάκοντα
2477 4710 2570 4787 ἔτη
2602 4712 2706 4777 ἓως
2735 4713 2795 4770 οὗ
2835 4709 3047 4773 ἔπαθεν.
3111 4737 3130 4765 ι
3165 4718 3612 4783 Quintodecimo
3671 4734 3811 4791 ergo

2163 4826 2320 4865 anno
2341 4807 2554 4862 Tiberii
2579 4811 2637 4861 et
2657 4806 3098 4877 quintodecimo
3113 4809 3355 4880 Augusti
3379 4809 3462 4863 sic
3486 4808 3815 4880 implentur

2162 4897 2402 4970 triginta
2424 4896 2566 4951 anni
2588 4912 2776 4966 usque
2799 4895 2872 4951 ad
2894 4901 3128 4968 tempus
3151 4913 3266 4969 quo
3285 4913 3492 4969 passus
3524 4903 3614 4953 est
3642 4898 3816 4954 Chri-

2161 4994 2306 5044 stus.
2342 5009 2370 5038 »
2403 4985 2510 5042 Sed
2547 4987 2772 5058 optima
2802 4987 3087 5042 correctio
3119 5004 3153 5044 a
3182 4988 3413 5044 meliori
3445 4988 3649 5045 codice
3706 5006 3813 5045 ex—

2161 5077 2482 5150 spectanda
2512 5081 2622 5132 est.
2654 5077 2769 5149 Ego
2796 5082 3025 5132 tantum
3048 5076 3243 5133 locum
3276 5095 3409 5135 eum
3434 5084 3499 5134 ut
3520 5095 3679 5134 nunc
3694 5079 3818 5135 edi-

2159 5173 2255 5223 tus
2287 5171 2393 5235 est,
2427 5167 2487 5221 in
2521 5165 2737 5222 mendo
2788 5167 3004 5222 cubare
3050 5167 3318 5224 observo.
3352 5168 3414 5224 Ἦ
3448 5163 3503 5222 δὲ
3533 5171 3642 5222 τῶν
3673 5167 3812 5221 ἀπο-

2160 5252 2370 5310 στόλων
2400 5253 2564 5309 αὐτοῦ
2598 5259 2763 5329 μέχρι
2799 5274 2861 5329 γε
2901 5261 3000 5324 τῆς
3054 5254 3277 5311 Ηαῦλου
3328 5255 3668 5331 λειτουργίας
3722 5254 3809 5310 ἐπὶ

2155 5345 2409 5420 Νέρωνος
2440 5342 2764 5399 τελειοῦται.
2800 5369 2826 5392 «
2860 5346 3280 5417 Apostolorum
3313 5353 3508 5404 autem
3543 5348 3671 5420 ejus
3704 5347 3810 5403 do-

2156 5437 2562 5506 ctrina,usque
2580 5435 2655 5490 ad
2676 5433 2843 5490 Pauli
2871 5435 3408 5500 ministerium,sub
3427 5439 3655 5493 Nerone
3671 5453 3810 5494 con-

2157 5530 2486 5583 summatur.
2500 5549 2518 5570 ι
2530 5525 2664 5594 Haec
2677 5523 2747 5580 de
2765 5525 3116 5596 antiquitate
3134 5523 3418 5583 dOctrinas
3431 5527 3803 5595 Christianae;

2154 5615 2227 5673 de
2257 5615 2512 5671 novitate
2544 5615 2851 5670 harescon
2885 5614 2966 5670 ita
2995 5615 3299 5688 loquitur:
3332 5617 3490 5672 Κάτω
3538 5613 3616 5685 δὲ,
3673 5617 3801 5692 περὶ

2153 5703 2280 5765 τοὺς
2313 5699 2598 5776 Ἀδριανοῦ
2626 5705 2722 5758 τοῦ
2758 5701 3028 5777 βασιλέως
3065 5705 3300 5782 χρόνους
3333 5705 3384 5761 οἳ
3433 5704 3529 5772 τὰς
3574 5703 3806 5780 αἲρὲσει-
