3974 6296
164 406 278 470 345

895 405 954 468 J.
997 399 1415 469 PEARSONll
1463 399 1829 469 VlNDlCle
1874 404 2354 470 IGNA'l‘lANxE.
2401 443 2478 460 -—
2519 407 2717 473 PARS
2764 409 2838 470 II.

3463 409 3582 470 346
3608 427 3610 430 '

169 547 554 617 ἐπινοήσαντες
589 543 861 622 γεγόνασι.
900 568 927 597 ιι
959 545 1212 602 Inferius
1247 553 1466 616 autem,
1491 545 1648 602 circa
1677 551 1798 602 tem

1941 551 2098 615 sunt,
2133 562 2167 601 a
2211 545 2513 603 Clemente
2546 545 2842 618 proﬁcisci
2863 561 2984 602 non
3015 548 3354 617 potuerunt.
3389 544 3580 609 Quare

171 655 311 711 pora
349 637 602 693 Adriani
637 637 1032 708 imperatoris,
1059 637 1299 692 fuerunt
1329 637 1411 692 illi
1445 637 1546 708 qui
1570 637 1828 693 haereses

171 728 608 801 excogitarunt.
645 750 674 776 »
707 729 833 782 Non
864 733 1039 799 negat
1087 743 1448 798 quemquam
1480 726 1827 782 haereticum

168 822 302 872 ante
335 815 587 870 Adriani
619 820 886 887 tempora
906 815 1089 870 fuisse
1115 832 1128 883 ;
1153 816 1265 871 hoc
1295 815 1456 871 enim
1487 816 1684 889 negari
1705 833 1826 873 non

167 906 330 978 potui
343 905 523 960 t.Non
547 903 906 971 diciteos,de
922 905 1134 976 quibus
1151 904 1550 977 loquitur,sub
1569 905 1826 962 Adriano

168 996 432 1067 primum
466 1011 576 1050 sua
606 993 820 1049 deliria
842 993 1297 1065 docuisse,quod
1321 995 1640 1051 adversarii
1665 1013 1825 1051 asse-

169 1091 450 1152 runt,nos
465 1099 773 1156 negamus.
786 1085 900 1140 Hoc
915 1089 1144 1140 tantum
1161 1085 1434 1154 dicit,eos
1449 1086 1550 1157 qui
1572 1086 1828 1141 haereses

171 1174 770 1248 excogitarunt,circa
800 1180 1069 1245 tempora
1097 1173 1338 1228 Adriani
1391 1173 1706 1230 exstitisse.
1740 1175 1827 1228 Ita

171 1271 402 1321 veteres
434 1264 548 1337 ipsi
590 1264 955 1319 Clementem
995 1261 1447 1318 intellexerunt:
1509 1263 1637 1318 haec
1666 1263 1826 1318 enim

168 1356 480 1411 Cedrenus
512 1371 582 1409 ex
631 1351 751 1408 illis
798 1353 1013 1408 habet:
1068 1351 1157 1412 Ὠς
1212 1350 1314 1424 γὰρ
1357 1351 1490 1428 φησὶ
1525 1349 1765 1424 Κλήμης
1798 1352 1826 1406 ὁ

167 1443 545 1520 Στρωματεὺς
577 1441 663 1496 ἐπὶ
692 1437 976 1516 Ἀδριανοῦ
1025 1439 1280 1513 ὑπῆρχον
1336 1438 1688 1514 Ιηῖατορνῖλος,
1721 1443 1823 1497 Βα-

171 1529 453 1603 σιλείδης,
499 1531 588 1585 καὶ
636 1531 1048 1606 Καρποκράτης.
1091 1552 1114 1581 α
1146 1532 1216 1586 Ut
1241 1531 1400 1586 enim
1433 1531 1515 1587 ait
1543 1532 1816 1587 Clemens

171 1627 560 1681 Stromateon
591 1626 817 1690 auctor,
851 1620 958 1676 sub
990 1620 1251 1676 Adriano
1283 1621 1525 1676 fuerunt
1569 1622 1828 1676 Saturni-

165 1712 285 1778 lus,
322 1712 638 1779 Basilides,
674 1716 730 1766 et
761 1712 1160 1782 Carpocrates.
1187 1734 1207 1762 ι
1264 1709 1444 1765 Addit
1470 1715 1666 1766 autem
1699 1711 1828 1765 Cle-

168 1818 383 1857 mens:
429 1800 528 1854 Καὶ
577 1798 740 1874 μέχρι
779 1819 844 1873 γε
888 1805 990 1867 τῆς
1039 1799 1370 1854 Ἀντωνίνου
1399 1801 1496 1853 τοῦ
1535 1795 1827 1871 πρεσϐυτέ-

1931 638 2167 694 Isaacus
2198 638 2438 693 Vossius
2496 638 2633 694 huic
2664 638 2794 694 loco
2826 643 3107 709 tanquam
3149 633 3394 692 minime
3424 651 3568 690 sano

1932 727 2227 784 medelam
2259 726 2546 799 adhibuit,
2584 733 2642 784 et
2674 744 2779 800 pro
2829 727 2950 783 illis
2972 744 3104 799 quae
3123 725 3417 793 dedimus,
3451 726 3578 780 haac

1933 815 2113 888 legit:
2147 815 2405 890 Μαρκίων
2433 815 2539 891 γὰρ
2567 815 2702 871 κατὰ
2759 816 2858 884 τήν
2903 814 3072 886 αὐτὴν
3125 813 3308 876 αὐτοῖς
3358 811 3580 882 ἡλικίαν

1928 905 2212 978 γενόμενος
2255 907 2330 968 ὡς
2392 902 2716 981 πρεσϐύταις
2759 907 3017 981 νεώτερος
3074 906 3405 980 συνεγένετο,
3460 903 3580 977 μεθ’

1931 996 2006 1050 ὧν
2039 996 2388 1068 ΣίμωνΩυω
2421 1000 2467 1055 si
2491 1007 2649 1056 recte
2672 1000 2838 1071 capio
2859 999 2970 1055 hoc
2993 1003 3208 1054 sonant
3231 1015 3245 1053 :
3271 1020 3299 1049 «
3321 996 3578 1052 Marcion

1932 1087 2091 1143 enim
2125 1089 2232 1143 sub
2265 1089 2470 1145 eadem
2502 1096 2673 1146 aetate
2704 1107 2838 1146 cum
2871 1089 2992 1144 illis
3023 1095 3304 1160 tanquam
3337 1103 3472 1142 cum
3491 1103 3576 1142 se-

1929 1177 2106 1233 nibus
2129 1177 2338 1249 junior
2365 1185 2630 1235 versatus
2661 1185 2911 1248 est,cum
2945 1179 3160 1250 quibus
3191 1179 3574 1236 Simon,»etc.

1930 1268 2018 1322 Ita
2069 1267 2190 1332 ille,
2224 1274 2392 1324 acute
2446 1270 2709 1341 quidem,
2741 1275 2806 1325 ut
2842 1270 3010 1325 solet.
3044 1269 3328 1324 Henricus
3377 1273 3574 1323 autem

1936 1357 2200 1413 Valesius
2232 1359 2382 1414 nihil
2411 1359 2763 1415 mutandum
2786 1360 3027 1432 putavit,
3061 1359 3162 1414 sed
3195 1359 3310 1430 μεθ’
3343 1359 3422 1423 δν,
3453 1359 3575 1412 sive

1933 1470 1960 1498 «
1995 1453 2128 1519 post
2151 1464 2350 1518 quem,
2378 1472 2404 1499 »
2437 1449 2592 1505 idem
2619 1450 2809 1505 valere
2835 1449 3102 1519 ait,quod
3125 1472 3151 1498 ‹‹
3178 1454 3314 1503 ante
3341 1464 3576 1517 quem,»

1930 1543 1988 1592 et
2018 1539 2129 1594 hoc
2162 1539 2409 1610 probare
2441 1539 2652 1594 nititur
2682 1540 2743 1594 in
2776 1537 3270 1594 Adnotationibus
3299 1537 3373 1592 ad
3400 1539 3580 1592 Euse-

1939 1624 2122 1680 bium.
2156 1627 2294 1690 Quae
2325 1626 2614 1696 expositio
2646 1643 2720 1681 an
2752 1626 2891 1680 ferri
2921 1623 3412 1696 possit,judicent
3441 1639 3578 1678 eru-

1942 1714 2068 1771 diti;
2100 1719 2216 1787 Ego
2249 1731 2367 1771 non
2399 1715 2604 1770 dubito
2633 1717 2777 1786 quin
2810 1714 3279 1785 Blondellus,qui
3303 1715 3572 1768 Clemen-

1937 1810 2056 1859 tem
2089 1805 2350 1860 hocloco
2381 1804 2762 1859 Valentinum
2792 1811 2924 1875 post
2963 1803 3317 1858 Marcionem
3350 1804 3574 1858 referre

169 1909 266 1965 ρου
330 1887 593 1945 διέτειναν
649 1887 890 1958 ἡλικίας,
947 1890 1186 1961 καθάπερ
1246 1888 1273 1941 6
1308 1885 1654 1956 Βασιλείδης,
1697 1912 1725 1938 ‹‹
1758 1891 1800 1944 Ε

1936 1897 2167 1965 asserit,
2221 1895 2347 1950 sola
2405 1897 2608 1951 Latina
2664 1895 2932 1950 versione
2976 1896 3256 1966 deceptus
3307 1894 3575 1964 sit;quaa

161 1986 578 2054 pervenerunt
607 1997 793 2052 usque
825 1979 898 2034 ad
930 1985 1164 2034 aetatem
1194 1980 1479 2034 Antonini
1514 1980 1826 2048 senioris,»

166 2073 277 2138 Pii,
310 2071 567 2136 scilicet,
595 2071 692 2142 qui
718 2069 976 2125 Adriano
1009 2070 1362 2125 successit.E
1394 2069 1608 2140 quibus
1638 2070 1828 2125 verbis

166 2168 355 2234 patet,
389 2161 466 2216 ad
499 2167 798 2233 postrema
829 2161 1040 2215 horum
1092 2160 1506 2214 haereticorum
1539 2164 1824 2230 tempora,

171 2270 293 2307 non
329 2252 539 2322 priora
565 2251 892 2321 respexisse
924 2250 1284 2305 Clementem
1313 2265 1420 2316 ;ac
1448 2250 1496 2304 si
1529 2249 1776 2304 dixisset
1810 2267 1823 2306 :

167 2343 599 2398 Haeresiarchae
630 2340 734 2398 illi.
771 2357 1024 2412 quorum
1057 2340 1332 2412 discipuli
1363 2341 1687 2396 etiamnum
1722 2358 1826 2396 ex-

169 2438 358 2500 stant,
389 2430 707 2486 inferiores
739 2447 841 2485 seu
866 2429 1137 2500 juniores
1170 2435 1339 2484 erant
1367 2429 1460 2496 iis,
1494 2430 1595 2499 qui
1627 2430 1827 2485 Chris-

165 2523 397 2577 tianam
458 2521 638 2575 {idem
695 2521 890 2592 primo
947 2519 1388 2591 praedicabant;
1421 2519 1824 2590 apostolorum

163 2613 328 2666 enim
355 2611 633 2666 doctrina
662 2610 770 2664 sub
810 2611 1038 2664 Nerone
1070 2615 1480 2664 consummata
1507 2614 1614 2674 est,
1642 2610 1700 2663 hi
1726 2626 1820 2664 au-

163 2707 283 2756 tem
309 2702 427 2756 sub
459 2700 717 2755 Adriano
744 2700 1032 2754 vixerunt.
1058 2706 1114 2753 et
1143 2715 1330 2770 usque
1356 2699 1430 2754 ad
1460 2698 1822 2753 Antoninum

160 2792 338 2845 Pium
373 2790 741 2844 duraverunt
766 2806 780 2854 ;
814 2789 1093 2860 apostolis
1115 2788 1293 2860 igitur
1321 2788 1679 2859 posteriores
1704 2787 1825 2843 fue-

157 2887 322 2935 runt.
361 2881 448 2934 Ex
471 2880 563 2934 his
588 2886 705 2933 tres
735 2879 1027 2945 nominat,
1063 2877 1401 2942 Basilidem,
1425 2877 1820 2942 Valentinum,

155 2977 214 3026 et
238 2970 290 3024 si
325 2970 480 3024 forte
516 2969 911 3035 Marcionem;
949 2967 997 3022 si
1030 2967 1200 3037 forte,
1235 2968 1500 3038 inquam,
1536 2983 1672 3022 nam
1715 2967 1821 3022 illa

154 3059 379 3115 verba:
445 3056 708 3128 Μαρκίων
766 3056 890 3130 γὰρ,
951 3056 1087 3110 κατιᾶ
1137 3053 1302 3124 αὐτὴν
1362 3055 1548 3116 αὐτοῖς
1600 3052 1819 3124 ἡλικίαν

154 3147 468 3223 γενόμενος
551 3147 624 3206 ὡς
707 3140 1017 3218 πρεσϐύτης
1100 3143 1386 3219 νεωτέροις
1489 3143 1815 3218 συνεγένετο.

151 3263 180 3290 α
211 3238 483 3293 Marcion
540 3236 685 3291 enin:
745 3235 851 3291 sub
885 3236 1092 3291 eadem
1139 3241 1310 3291 astate
1363 3235 1706 3290 versabatur
1747 3241 1814 3290 ut

155 3344 342 3384 senex
374 3343 514 3381 cum
539 3325 940 3396 junioribus,»
967 3332 1030 3380 ut
1058 3326 1230 3396 vulgo
1263 3332 1812 3397 exponuntur,sana

153 3434 284 3472 esse
314 3433 444 3471 non
480 3420 824 3486 possunt,ut
853 3430 964 3470 nec
995 3431 1126 3486 quae
1161 3419 1492 3485 sequuntur
1522 3432 1535 3469 :
1593 3413 1727 3470 Μεθ’
1753 3411 1812 3467 8v

150 3506 348 3578 Σίμων
419 3502 506 3558 ἐπ’
568 3503 753 3578 ὀλίγον
809 3502 1177 3577 κηρύσσοντος
1234 3506 1331 3556 τοῦ
1394 3502 1597 3574 Πέτρου
1670 3500 1815 3574 {iw/,-

145 3614 335 3664 κουσε,
371 3615 401 3644 ‹‹
435 3600 571 3665 post
599 3610 774 3664 quem
809 3593 1012 3649 Simon
1044 3595 1283 3648 Petrum
1313 3592 1479 3648 audit
1507 3593 1810 3666 paululum

150 3685 614 3756 praedicantem,
651 3704 680 3732 »
713 3687 778 3737 ut
807 3682 982 3737 hodie
1013 3682 1292 3753 leguntur
1324 3687 1383 3736 et
1414 3690 1808 3753 exponuntur.

153 3776 299 3840 Quis
332 3773 488 3829 enim
515 3772 575 3826 in
601 3773 850 3826 historia
881 3772 1282 3828 ecclesiastica
1310 3773 1464 3827 ferre
1492 3778 1815 3843 potest,aut

153 3864 527 3919 Marcionem
559 3878 762 3917 senem
795 3862 999 3929 fuisse,
1033 3879 1168 3917 cum
1200 3860 1487 3917 Basilides
1519 3867 1577 3916 et
1609 3862 1812 3917 Valen-

160 3954 327 4008 tinus
354 3953 610 4023 juvenes
641 3955 858 4018 essent,
891 3955 993 4005 aut
1014 3951 1319 4006 Simonem
1353 3950 1453 4020 qui
1485 3949 1540 4004 S.
1576 3954 1810 4006 Petrum

149 4043 404 4106 audivit,
436 4046 573 4112 post
629 4039 984 4095 Marcionem
1016 4038 1352 4095 exstitisse?
1398 4041 1477 4094 De
1519 4041 1810 4095 Marcione

154 4132 337 4188 aliter
393 4130 582 4186 sensit
638 4128 1026 4200 Epiphanius,
1060 4134 1126 4182 ut
1178 4128 1588 4183 ostendimus:
1637 4129 1812 4183 aliter

160 4223 344 4278 etiam
377 4226 610 4275 veteres
639 4218 820 4275 locuti
847 4219 1273 4274 sunt.Justinus
1307 4224 1530 4289 martyr
1559 4218 1810 4274 Valenti-

157 4313 483 4368 nianorum
498 4316 556 4364 et
579 4309 1070 4364 Basilidianorum
1091 4307 1694 4378 meminit,dictosque
1708 4325 1808 4363 eos

152 4417 190 4456 a
216 4399 572 4456 nominibus
603 4398 1135 4453 haaresiarcharum
1163 4397 1356 4463 docet;
1387 4397 1507 4453 imo
1538 4396 1808 4453 verozKal

151 4488 287 4544 εἰσιν
356 4488 446 4564 ὑφ’
495 4485 680 4559 ἡμῶν,
742 4487 956 4557 inquit.
989 4484 1093 4540 ἀπὸ
1146 4484 1534 4560 προσωνυμίας
1583 4489 1690 4540 τῶν
1723 4485 1810 4539 ἀν-

153 4575 300 4650 δρῶν
357 4573 411 4645 ἐξ
478 4572 645 4647 οὗπερ
703 4573 900 4642 ἑκάστη
964 4569 1168 4647 διδαχὴ
1230 4571 1319 4627 καὶ
1349 4572 1542 4646 γνώμη
1583 4569 1802 4648 ἤρξατο.

1937 1991 2135 2040 tamen
2157 1985 2285 2056 ipsa
2314 1985 2372 2039 id
2405 1992 2604 2055 aperte
2623 2002 2742 2040 non
2766 1985 2908 2040 dicit
2937 1984 3097 2055 quod
3127 1983 3224 2049 ille
3251 1983 3576 2054 voluit.Ego

1936 2081 2198 2129 mentem
2220 2075 2542 2130 Clementis
2571 2075 2651 2130 ita
2685 2080 2841 2130 recte
2873 2074 3120 2145 exprimi
3146 2091 3315 2145 posse
3349 2073 3573 2128 sentio:

1937 2186 1965 2214 ‹‹
1998 2163 2163 2227 Quod
2180 2163 2252 2218 ad
2281 2163 2637 2218 Marcionem
2657 2165 2816 2218 enim
2839 2163 3180 2223 attinet.ille
3203 2161 3440 2233 quidem
3467 2161 3575 2215 sub

1937 2251 2142 2307 eodem
2170 2252 2420 2324 imperio
2449 2253 2689 2308 Adriani
2725 2253 2884 2318 vixit,
2917 2252 3025 2306 sub
3058 2268 3172 2322 quo
3209 2249 3491 2305 Basilides
3522 2254 3582 2303 et

1941 2341 2418 2408 Valentinus,scd
2449 2359 2581 2397 cum
2616 2358 2790 2397 senex
2825 2347 3000 2411 esset,
3033 2359 3168 2396 cum
3201 2340 3322 2394 illis
3353 2339 3452 2410 qui
3483 2339 3577 2393 his

1935 2429 2228 2500 juniores,
2262 2433 2624 2487 recentiores
2655 2449 2759 2488 seu
2790 2433 3150 2503 posteriores
3180 2435 3581 2494 sunt,conver—

1939 2527 2102 2575 satus
2133 2528 2221 2577 est
2251 2521 2568 2576 haereticis.
2606 2543 2634 2571 »
2670 2523 2786 2576 Vox
2817 2523 2976 2576 enim
2999 2515 3279 2593 νεωτέροις
3312 2535 3448 2575 cum
3481 2515 3571 2570 αὐ-

1932 2613 2050 2672 τοῖς
2081 2612 2360 2683 conjungi
2391 2628 2510 2666 non
2559 2610 2752 2673 debet,
2779 2612 2944 2682 quasi
2979 2612 3105 2682 ipso
3138 2611 3427 2664 Marcione
3487 2607 3572 2661 illi

1926 2699 2686 2772 junioresautposteriores
2703 2700 3163 2767 fuerint;sensus
3193 2699 3387 2752 omnis
3411 2697 3569 2751 vocis

1933 2787 2115 2848 αὐτοῖς
2148 2789 2401 2844 refertur
2429 2789 2503 2843 ad
2532 2786 2698 2856 αὑτήν
2730 2794 2788 2842 et
2836 2789 2897 2842 in
2947 2803 3083 2842 voce
3133 2786 3390 2862 γενόμενς
3422 2784 3562 2840 fini-

1931 2886 2062 2946 tur;
2121 2873 2406 2953 νεωτέροις
2453 2896 2589 2934 cum
2638 2876 2938 2953 συνεγένετο
2986 2883 3144 2933 arcte
3172 2871 3571 2948 [conjungitur

1930 2986 2149 3040 eosque
2183 2968 2445 3034 denotat,
2477 2984 2613 3024 cum
2636 2967 2851 3039 quibus
2882 2967 3138 3022 Marcion
3171 2972 3453 3036 tanquam
3483 2963 3569 3018 di-

1928 3057 2188 3129 scipulus
2219 3063 2598 3114 conversatus
2656 3063 2764 3121 est,
2793 3072 2828 3111 a
2857 3056 3072 3126 quibus
3120 3073 3242 3111 suae
3275 3056 3567 3109 haereseos

1927 3148 2222 3219 principia
2251 3148 2526 3219 quardam
2551 3152 2852 3201 mutuatus
2891 3151 3002 3211 est,
3035 3146 3135 3216 qui
3180 3145 3420 3216 quidem
3452 3143 3566 3215 ipsi

1929 3237 2197 3292 Basilidis
2228 3244 2287 3292 et
2316 3236 2609 3293 Valentini
2640 3235 2913 3307 discipuli
2943 3234 3201 3291 fuerunt.
3234 3236 3320 3289 Ita
3365 3249 3566 3288 vocem

1927 3341 2057 3381 eam
2080 3326 2221 3382 alibi
2241 3333 2487 3398 usurpat
2509 3326 2780 3381 Clemens
2800 3324 2986 3388 utlib,
3009 3342 3026 3378 1
3057 3341 3069 3378 :
3093 3322 3276 3392 Θάλης
3297 3319 3354 3376 δὲ
3379 3319 3568 3390 Φοῖνιξ

1923 3411 1995 3468 ὢν
2026 3415 2090 3469 τὸ
2129 3416 2286 3489 γένος
2337 3414 2428 3469 καὶ
2475 3420 2591 3476 τοῖς
2646 3413 2952 3488 Αἰγυπτίων
3001 3414 3311 3488 προφήταις
3360 3405 3563 3484 συμϐε-

1922 3497 2184 3572 ϐληκέναι
2230 3502 2465 3577 εἷ’ρηται’
2515 3503 2756 3578 καθάπερ
2804 3501 2893 3558 καὶ
2927 3503 2954 3557 6
3015 3501 3329 3578 Πυθαγόρας
3374 3499 3563 3561 αὐτοῖς

1923 3613 1985 3667 γε
2021 3593 2260 3662 τούτοις,
2319 3591 2613 3649 Χαλδαίων
2669 3613 2728 3646 τε
2784 3591 2875 3647 καὶ
2919 3591 3102 3668 μάγων
3149 3596 3264 3653 τοῖς
3325 3591 3566 3666 ἀρίστοις

1923 3677 2246 3755 συνεγένετο.
2283 3683 2392 3738 Ubi
2424 3676 2866 3754 συμϐεϐληκέναι
2896 3688 2956 3737 et
2992 3680 3335 3756 συγγενέσθαι
3383 3681 3564 3738 idem.

1923 3772 2010 3828 Ita
2039 3773 2262 3844 optime
2293 3772 2581 3827 Clementi
2606 3789 2741 3826 cum
2764 3772 3062 3828 veteribus
3092 3771 3566 3828 convenit.Nullo

1920 3861 2096 3916 modo
2125 3861 2304 3932 igitur
2333 3876 2400 3914 ex
2435 3861 2546 3915 hoc
2575 3860 2705 3914 loco
2737 3859 3162 3927 colligitur,aut
3191 3859 3566 3914 Valentinum

1922 3957 2055 4020 post
2101 3949 2460 4005 Marcionem
2519 3949 2754 4016 vixisse,
2784 3949 2942 4018 quod
3002 3947 3182 4002 voluit
3227 3946 3562 4001 Blondellus

1921 4045 2023 4094 aut
2052 4038 2366 4094 Basilidem
2400 4054 2507 4094 sua
2537 4053 2843 4108 nunquam
2868 4035 3139 4092 docuisse
3192 4042 3327 4091 ante
3373 4036 3563 4106 impe-

1920 4129 2076 4183 rium
2103 4128 2369 4193 Adriani,
2394 4127 2551 4198 quod
2582 4126 2722 4181 hinc
2743 4126 2959 4182 elicere
2980 4125 3254 4196 cupiebat
3283 4124 3557 4179 Dalleeus.

1991 4220 2192 4288 Neque
2251 4234 2384 4285 vero
2443 4216 2655 4287 reliqui
2688 4216 2788 4288 qui
2837 4217 2908 4271 de
2940 4216 3198 4271 Adriano
3238 4214 3561 4286 loquuntur

1920 4306 2244 4378 quidquam
2276 4306 2434 4362 aliud
2465 4311 2754 4373 statuunt,
2786 4322 2964 4376 quam
2995 4305 3153 4376 quod
3208 4321 3316 4360 nos
3359 4304 3559 4370 etiam,

1917 4395 2233 4452 Basilidem
2292 4395 2400 4450 sub
2458 4395 2588 4467 ejus
2635 4395 2884 4467 imperio
2936 4394 3144 4463 fuisse,
3173 4393 3261 4450 vel
3291 4393 3558 4450 scholam

1917 4484 2217 4542 habuisse.
2275 4483 2677 4540 Theodoretus
2707 4484 2780 4540 de
2831 4484 3127 4540 Saturnilo
3159 4489 3216 4540 et
3264 4483 3550 4540 Basilide:

1914 4573 2115 4650 Ἄμφω
2173 4570 2230 4628 δὲ
2282 4573 2370 4628 ἐπὶ
2423 4570 2706 4647 Ἀδριανοῦ
2760 4577 2856 4629 τοῦ
2925 4573 3193 4647 Καίσαρος
3285 4571 3552 4649 ἐγένοντο.

157 4687 183 4718 ι
217 4668 288 4721 Et
313 4670 458 4721 sunt
486 4663 642 4734 apud
672 4681 781 4718 nos
811 4661 912 4733 qui
941 4680 977 4718 a
1015 4663 1258 4718 nomine
1286 4679 1493 4718 eorum
1523 4661 1804 4728 virorum,
1839 4653 1881 4718 D
1909 4687 1937 4713 ς(
1968 4664 2150 4720 Ambo
2179 4669 2379 4720 autem
2412 4663 2656 4720 Adriani
2687 4664 2934 4720 Caesaris
2962 4671 3225 4736 tempore
3256 4663 3554 4719 fuerunt.»

160 4773 232 4812 ex
264 4771 386 4826 quo
435 4753 707 4808 doctrina
764 4758 823 4806 et
867 4751 1163 4807 sententia
1193 4751 1475 4822 quaelibet
1505 4752 1745 4822 incepit,
1777 4770 1808 4803 ιο

159 4843 536 4901 denominati
562 4841 921 4910 sunt,solum
944 4841 1300 4896 Marcionem
1331 4846 1624 4897 memorat
1641 4842 1808 4912 quasi

159 4936 356 4992 adhuc
415 4934 476 4988 in
532 4932 675 4986 vivis
707 4948 843 4986 cum
899 4931 1024 5002 ipse
1059 4930 1364 4996 scriberet,
1397 4936 1456 4985 et
1495 4936 1807 5002 postquam

153 5032 365 5081 contra
387 5039 598 5078 omnes
621 5021 877 5076 haereses
906 5021 1357 5092 scripsisset.An
1388 5036 1525 5075 eum
1549 5025 1806 5075 tantum-

154 5113 334 5170 modo
369 5113 428 5166 in
463 5111 603 5166 vivis
628 5119 768 5166 tunc
788 5109 971 5164 fuisse
994 5109 1399 5177 monuisset,si
1426 5108 1632 5164 eodem
1656 5114 1808 5163 tem-

155 5221 297 5276 pore
324 5200 611 5258 Basilides
636 5204 695 5254 et
725 5199 1216 5268 Valentinus,non
1241 5204 1470 5254 tantum
1501 5198 1804 5266 vixissent,

155 5294 258 5350 sed
289 5292 742 5362 etiamjuvenes
770 5294 829 5344 et
856 5289 920 5343 in
951 5287 1189 5344 ﬂorenti
1222 5288 1415 5343 adhuc
1447 5292 1618 5344 atate
1649 5288 1803 5343 fuis-

158 5384 346 5440 sent?
404 5381 689 5438 Observat
737 5379 999 5433 lreneeus
1041 5379 1113 5433 de
1170 5383 1340 5433 aetate
1389 5378 1805 5434 haereticorum

155 5490 332 5546 agens
357 5469 732 5526 Valentinum
755 5467 865 5522 sub
889 5467 1112 5540 Hygino
1126 5469 1375 5522 Romam
1399 5466 1804 5534 venisse,Mar-

157 5563 385 5619 cionem
416 5560 526 5616 sub
557 5558 807 5614 Aniceto
841 5562 1047 5627 postea
1071 5555 1386 5611 invaluisse
1412 5571 1424 5610 :
1469 5572 1544 5612 an
1574 5556 1676 5611 ille
1697 5573 1804 5627 pu-

156 5653 295 5709 tavit
317 5649 700 5706 Valentinum
717 5644 1023 5718 juniorem
1043 5644 1390 5713 fuisse,cum
1401 5645 1660 5701 Marcion
1674 5647 1804 5717 jam

150 5760 332 5802 senex
362 5739 564 5798 esset?
590 5739 730 5794 Haac
759 5735 957 5809 igitur,
993 5735 1198 5792 saltem
1227 5740 1296 5793 ut
1324 5734 1396 5792 ab
1436 5735 1508 5792 iis
1540 5736 1804 5808 exposita

1919 4752 2206 4808 Eusebius
2235 4753 2481 4825 quidem
2513 4753 2670 4809 circa
2699 4752 2944 4808 Adriani
2978 4759 3244 4824 tempora
3272 4753 3558 4807 narratio-

1917 4859 2055 4899 nem
2085 4843 2157 4898 de
2188 4844 2404 4898 scholis
2435 4842 2715 4899 Saturnili
2737 4848 2797 4896 et
2825 4842 3099 4897 Basilidis
3125 4841 3498 4897 instituitz'Qv
3529 4840 3556 4892 6

1923 4931 2016 5004 μὲν
2049 4931 2187 4986 κατὰ
2217 4930 2440 5005 Συρίαν,
2492 4931 2520 4984 6
2577 4927 2634 4984 δὲ
2681 4930 2794 4988 κατ’
2843 4926 3114 5002 Αἴγυπτον
3169 4931 3554 4997 συνεστήσαντο

1917 5021 2186 5093 θεομισῶν
2217 5019 2474 5093 αἱρέσεων
2509 5015 2876 5074 διδασκαλεῖα.
2912 5044 2934 5072 ι
2972 5021 3230 5085 Quorum
3280 5018 3376 5073 ille
3423 5019 3556 5089 qui-

1916 5109 2053 5166 dem
2084 5111 2146 5164 in
2178 5110 2364 5180 Syria,
2397 5109 2492 5164 hic
2521 5126 2654 5164 vero
2682 5109 2838 5180 apud
2875 5111 3180 5182 Egyptum
3227 5109 3423 5179 impias
3454 5107 3554 5162 do-

1915 5201 2119 5256 ctrinaa
2151 5198 2382 5254 scholas
2399 5199 2854 5256 condidit.»Non
2880 5206 3002 5256 tum
3025 5202 3283 5272 primum
3304 5199 3558 5254 haeresin

1916 5289 2187 5345 docuisse
2218 5288 2322 5352 ait,
2345 5287 2449 5344 sed
2476 5288 2634 5358 quod
2661 5291 3021 5346 contrarium
3054 5307 3299 5362 prorsus
3319 5288 3554 5355 evincit,

1915 5395 1950 5435 a
1981 5377 2303 5434 Menandro
2334 5377 2590 5432 Simonis
2615 5393 2955 5434 successore
2978 5381 3232 5436 haeresin
3258 5378 3556 5450 accepisse

1915 5466 2116 5534 docet;
2140 5466 2248 5522 sub
2271 5465 2480 5522 eodem
2500 5465 2856 5537 imperatore
2877 5469 3106 5540 aliquos
3127 5468 3556 5525 ecclesiasticos

1926 5558 2080 5614 viros
2112 5558 2392 5614 adversus
2424 5573 2523 5612 eos
2554 5555 2787 5627 scriptis
2817 5574 3132 5630 pugnasse,
3164 5576 3232 5614 ac
3262 5561 3555 5632 praecipue

1913 5648 2232 5720 Agrippam
2280 5653 2581 5702 Castorem
2612 5651 2818 5701 contra
2863 5649 2930 5701 24
2962 5646 3261 5702 volumina
3290 5649 3557 5705 Basilidis

1916 5736 2244 5809 scripsisse,
2280 5742 2340 5794 et
2369 5735 2682 5796 Basilidem
2732 5736 2948 5810 ipsum,
2980 5735 3304 5809 interprete
3353 5739 3558 5796 Hiero-
