3974 6296
393 359 520 420 347

1458 355 1524 418 S.
1569 351 1961 418 IGNA'I‘IUS.
2009 389 2085 403 -—
2127 351 2729 417 PBOLEGOMENA.

3683 353 3806 414 318

391 509 596 567 nymo,
627 490 736 548 sub
786 490 994 548 eodem
1024 490 1383 562 imperatore
1429 489 1664 546 obiisse.
1701 490 1914 546 Fateor
1945 493 2044 546 Va-
2076 494 2126 558 Α
2156 490 2420 562 exsculpi
2450 494 2668 562 potest.
2701 485 2815 543 Sed
2843 485 3105 541 Irenaeus
3125 482 3455 541 Clementis
3485 483 3561 541 ad
3591 486 3804 542 Corin-

390 585 605 639 lesium
631 582 706 638 ad
736 598 872 637 eum
905 581 1100 636 locum
1126 581 1250 636 haec
1274 582 1726 636 notarezoRecte
1753 581 2042 636 Eusebius

391 673 663 729 Basilidis
679 673 930 728 hmresin
951 671 1284 742 principatu
1299 669 1541 725 Adriani
1557 669 1824 741 erupisse
1840 670 2040 724 dicit.»

395 763 506 819 Sed
541 779 717 833 quam
750 767 906 818 recte
940 762 1021 816 ita
1046 759 1430 831 judicavit,ex
1451 760 1683 814 ratione
1705 775 1881 830 quam
1905 759 2040 814 sub-

382 853 600 923 jungit,
637 851 860 922 patebit
892 867 904 904 :
942 871 969 899 «
1003 852 1164 905 Tunc
1201 849 1359 904 enim
1395 848 1651 919 primum
1683 848 1946 904 haeretici
1971 866 2042 904 ex

392 941 634 996 latebris
666 940 904 1012 prodire
956 945 1016 994 et
1045 945 1222 1011 caput
1250 937 1523 993 attollere
1545 943 1873 1009 coeperunt,
1903 955 2039 992 cum

392 1030 676 1102 apostolis
709 1029 986 1085 omnibus
1010 1030 1136 1099 jam
1165 1029 1900 1100 exstinctis,opportunum
1924 1027 2038 1083 sibi

389 1120 597 1175 adesse
629 1127 863 1190 tempus
894 1119 968 1174 ad
998 1117 1324 1190 evulganda
1353 1133 1622 1172 errorum
1659 1133 1900 1171 suorum
1933 1117 2039 1171 do-

386 1214 582 1280 gmata
627 1208 1056 1263 existimarent.
1087 1229 1114 1256 »
1142 1207 1302 1261 Licet
1332 1206 1502 1261 multi
1527 1206 1789 1260 hmretici
1817 1206 2040 1261 fuerint

390 1299 497 1353 sub
529 1297 896 1368 temporibus
945 1296 1301 1367 apostolicis,
1339 1302 1404 1350 ut
1433 1301 1663 1350 veteres
1705 1295 2035 1366 saepissime

386 1391 807 1449 memorant,et
837 1385 908 1439 de
942 1386 1015 1440 iis
1048 1401 1203 1456 saepe
1235 1384 1540 1455 disputant
1568 1402 1580 1450 ;
1616 1389 1865 1448 tantum,
1892 1385 2035 1440 sub-

387 1475 524 1531 latis
583 1475 860 1530 omnibus
892 1473 1251 1545 apostolicis.
1283 1474 1470 1528 multo
1501 1474 1749 1528 liberius
1785 1491 1892 1528 sua
1923 1474 2030 1529 do-

387 1571 584 1638 gmata
621 1564 1093 1636 promulgabant.
1129 1563 1239 1619 Sed
1262 1580 1336 1618 an
1367 1581 1578 1619 omnes
1608 1564 1860 1635 apostoli
1887 1571 2026 1620 ante

384 1663 625 1718 Adriani
683 1662 1004 1734 imperium
1064 1661 1280 1716 sublati
1337 1677 1457 1716 non
1487 1662 1668 1716 sunt?
1708 1678 1784 1716 an
1821 1678 2030 1717 eorum

386 1748 700 1823 quisquam
730 1757 864 1822 post
886 1752 1236 1806 SJoannem
1269 1751 1686 1822 superfuit,qui
1719 1750 1826 1805 sub
1852 1750 2024 1806 initio

385 1841 618 1913 Trajani
651 1837 918 1895 mortuus
948 1839 1085 1895 est?
1115 1857 1192 1896 an
1235 1839 1457 1896 nullam
1493 1840 1776 1916 temporis
1814 1858 2026 1912 oppor-
2061 1870 2105 1934 Β

384 1930 702 1985 tunitatem
727 1931 990 2001 arripere
1023 1935 1346 2002 potuerunt
1368 1930 1474 1986 sub
1498 1935 1619 1985 toto
1653 1929 1886 2002 Trajani
1920 1930 2022 1985 im-

383 2020 695 2091 perio.qua
725 2037 832 2076 sua
860 2021 1135 2093 dogmata
1156 2021 1260 2075 viri
1293 2019 1496 2076 fervidi
1532 2025 1590 2075 et
1620 2020 1778 2075 docti
1811 2025 1870 2074 et
1895 2035 2028 2090 per-

389 2109 719 2164 secutionis.
739 2117 949 2165 aestum
976 2109 1221 2165 minime
1254 2115 1590 2165 metuentes
1619 2108 2033 2180 exponerent?

386 2199 598 2254 Procul
657 2198 838 2254 dubio
897 2217 1003 2271 per
1055 2199 1202 2254 illud
1254 2215 1441 2254 aevum
1501 2199 1799 2254 doctrinas
1845 2215 1879 2254 a
1909 2199 2030 2252 Me-

387 2289 616 2342 nandro
640 2295 909 2360 acceptas
929 2288 1362 2360 perpoliebant,
1383 2289 1618 2359 scriptis
1647 2287 2028 2355 mandabant,

388 2377 712 2448 discipulos
764 2377 1216 2451 congregabant,
1249 2395 1316 2433 ac
1347 2377 1586 2433 demum
1613 2377 1722 2432 sub
1752 2376 2028 2446 Adriano,

389 2483 526 2523 snas
557 2465 898 2534 συνηλὺσεις,
933 2474 993 2522 ut
1018 2467 1282 2538 loquitur
1311 2467 1620 2535 Clemens;
1657 2462 2028 2535 διδασκαλεῖα,

387 2563 452 2612 ut
501 2559 820 2626 Eusebius;
883 2558 1184 2628 ecclesias,
1216 2565 1282 2614 ut
1337 2558 1749 2624 Tertullianus,
1793 2557 2029 2629 publice

383 2648 591 2704 multis
648 2650 710 2704 in
768 2649 916 2704 locis
945 2648 1226 2704 habuere.
1260 2650 1419 2704 Tunc
1469 2649 1651 2721 igitur
1698 2649 1803 2702 viri
1849 2647 2033 2704 eccle-

385 2738 606 2794 siastici
641 2738 1064 2810 quamplurimi
1088 2739 1160 2794 iis
1193 2740 1542 2794 restiterunt
1566 2753 1578 2804 ;
1601 2743 1741 2794 tunc
1769 2738 2032 2808 primum

388 2826 653 2882 nonnulli
713 2827 993 2884 adversus
1050 2843 1254 2882 eorum
1288 2827 1543 2882 haeresin
1591 2826 1787 2896 palam
1815 2829 1874 2879 et
1912 2824 2031 2880 late

387 2922 840 2987 grassantem,et
869 2917 1051 2972 libros
1082 2916 1302 2989 ubique
1333 2917 1644 2973 volitantes
1661 2917 1825 2987 justa
1855 2915 2029 2970 volu—

393 3007 557 3062 mina
585 3007 1246 3079 conscripseruni.Nihil
1277 3006 1437 3062 aliud
1467 3005 1778 3061 voluerunt
1805 3010 2030 3061 veteres

387 3097 486 3169 qui
519 3097 590 3153 de
621 3102 791 3152 aetate
815 3097 1058 3152 Adriani
1089 3096 1272 3152 locuti
1299 3100 1457 3152 sunt.

450 3205 556 3270 Qui
591 3221 725 3260 vero
757 3204 1090 3276 generalius
1122 3204 1449 3274 loquuntur
1477 3204 1550 3258 de
1593 3208 1763 3258 astate
1797 3204 2029 3258 hmreti-

379 3311 583 3350 corum
616 3293 982 3365 temporibus
1027 3293 1433 3363 apostolorum
1465 3292 1800 3364 posteriori,
1837 3294 2024 3350 multo

378 3384 577 3439 minus
638 3382 916 3437 evincunt
972 3381 1288 3438 Basilidem
1339 3383 1593 3437 haeresim
1661 3400 1828 3438 suam
1887 3389 2026 3439 ante

380 3473 624 3528 Adriani
658 3477 928 3543 tempora
951 3471 1195 3526 minime
1219 3471 1509 3528 docuisse.
1535 3472 1860 3528 Firmiliani
1892 3474 2028 3544 qui-

381 3560 518 3616 dem
548 3559 727 3614 verha
756 3565 896 3615 sunt
934 3559 995 3614 in
1025 3559 1283 3630 Epistola
1311 3559 1384 3614 ad
1415 3561 1771 3633 Cyprianum
1807 3579 1819 3616 :
1855 3585 1874 3611 ι
1914 3562 2027 3617 Sed

381 3654 440 3705 et
471 3648 767 3704 Valentini
826 3655 884 3704 et
927 3649 1198 3705 Basilidis
1235 3654 1468 3721 tempus
1499 3651 1880 3707 manifestum
1913 3657 2022 3719 est,

378 3739 537 3812 quod
562 3745 621 3794 et
651 3739 761 3811 ipsi
795 3745 927 3810 post
961 3740 1348 3811 apostolos,et
1367 3745 1502 3812 post
1532 3741 1767 3814 longam
1791 3746 2025 3796 astatem

376 3830 657 3886 adversus
705 3829 1032 3899 Ecclesiam
1061 3831 1161 3885 Dei
1216 3829 1516 3886 sceleratis
1547 3831 1872 3887 mendaciis
1903 3831 2027 3886 suis

378 3919 794 3975 rebellaverint
827 3936 840 3984 ;
875 3941 902 3969 ››
934 3936 1003 3974 ex
1035 3919 1249 3990 quibus
1268 3920 1528 3991 primum
1552 3920 1798 3976 observo
1825 3919 2030 3975 Firmi-

380 4011 604 4066 lianum
655 4017 893 4082 putasse
927 4015 1052 4065 tum
1098 4009 1414 4065 Basilidem
1471 4015 1596 4065 tum
1649 4010 2026 4066 Valentinum

381 4099 676 4155 Marcione
726 4099 1125 4170 antiquiorem
1176 4099 1379 4170 fuisse,
1413 4099 1693 4155 adversus
1733 4099 2026 4155 Blondelli

382 4198 835 4264 sententiam,ut
863 4197 1106 4252 cuilibet
1136 4196 1332 4253 locum
1359 4197 1655 4267 integrum
1686 4197 2026 4269 inspicienti

383 4287 628 4357 patebit.
689 4288 886 4357 Neque
943 4286 1267 4358 quidquam
1323 4287 1655 4342 Firmiliani
1705 4287 2027 4359 disputatio

379 4380 584 4430 contra
615 4381 879 4430 nostram
911 4376 1268 4430 sententiam
1299 4374 1369 4431 de
1397 4375 1567 4430 initio
1597 4377 1894 4432 haereseos
1920 4377 2029 4432 Ba—

380 4461 671 4518 silidianaa
701 4463 946 4519 facit.De
978 4463 1300 4519 rebellione
1321 4464 1448 4535 ejus
1471 4470 1677 4520 contra
1706 4465 2028 4520 Ecclesiam

379 4553 498 4624 agit
530 4551 647 4619 ille,
674 4569 850 4623 quam
900 4553 1070 4609 istius
1102 4553 1205 4607 aevi
1238 4552 1500 4607 haeretici
1533 4551 1797 4624 quandiu
1828 4559 2029 4625 potue-

375 4649 514 4698 runt
561 4657 796 4715 semper
827 4643 1140 4713 evitabant,
1169 4649 1233 4698 ut
1283 4660 1436 4715 saepe
1470 4643 1742 4716 legimus.
1777 4646 1854 4699 De
1886 4661 2026 4717 apo-

380 4731 549 4788 stolis
578 4733 846 4803 loquitur
876 4733 1085 4789 eodem
1117 4730 1293 4788 modo
1328 4747 1443 4803 quo
1475 4733 1748 4788 Clemens
1773 4733 2025 4790 Alexan-

377 4829 584 4885 drinus
609 4829 680 4885 de
702 4829 998 4886 re‘eadem
1017 4829 1374 4898 scribens;ut
1393 4829 1552 4885 enim
1568 4829 1670 4884 ille
1695 4829 2025 4888 doctrinam

380 4917 764 4990 apostolicam
788 4935 893 4990 per
908 4919 963 4974 S.
985 4919 1235 4974 Paulum
1260 4920 1368 4973 sub
1393 4920 1620 4974 Nerone
1652 4935 2027 4976 consumma-

381 5013 501 5064 tam
531 5025 662 5064 esse
692 5008 946 5068 dicit.ita
975 5025 1081 5080 per
1102 5007 1401 5080 apostolos
1423 5009 1662 5064 Petrum
1696 5016 1753 5064 et
1775 5011 2024 5067 Paulum

378 5097 660 5170 intelligit
679 5097 986 5170 disputans
1010 5103 1214 5152 contra
1232 5096 1608 5154 traditionem
1639 5100 2024 5172 apostolicam

382 5203 416 5241 a
446 5186 744 5258 Stephano
775 5186 1058 5258 pontiﬁCe
1088 5187 1351 5241 Romano
1383 5185 1548 5254 falso,
1577 5195 1643 5244 ut
1671 5191 1772 5259 ait,
1799 5190 2022 5261 produ-

383 5281 558 5332 ctam.
592 5275 674 5330 lta
703 5292 764 5330 se
796 5276 991 5346 ipsum
1015 5274 1289 5346 explicat,
1322 5276 1461 5332 dum
1494 5277 1825 5350 Stephanus
1849 5297 2023 5351 vapu-

381 5365 484 5433 lat,
514 5387 542 5414 «
576 5364 745 5435 quasi
791 5363 1092 5418 infamans
1143 5365 1381 5420 Petrum
1411 5371 1470 5422 et
1517 5367 1785 5437 Paulum,
1817 5368 2022 5426 beatos

382 5453 706 5526 apostolos,
740 5452 914 5522 quasi
964 5452 1074 5507 hoc
1107 5452 1218 5525 ipsi
1247 5454 1616 5512 tradiderint.
1647 5479 1674 5509 ››
1705 5459 1815 5513 Diu
1845 5458 2026 5530 igitur

381 5549 518 5614 post
545 5543 795 5596 Petrum'
816 5543 882 5596 et'
906 5541 1144 5599 Paulum
1177 5537 1461 5600 Basilides
1512 5546 1792 5604 adversus
1823 5549 2028 5604 Eccle-

381 5632 536 5688 s’iam“
591 5630 901 5687 rebellavit
928 5643 996 5688 ex
1045 5635 1344 5690 stententia'
1371 5633 1700 5691 Firmiliani
1736 5653 1750 5703 ;
1779 5637 1936 5708 quod
1969 5644 2027 5694 et

386 5729 495 5779 nos
526 5719 820 5790 fatemur‘;
844 5723 1222 5795 neque‘aliud
1239 5719 1547 5795 quidpiam
1574 5737 1645 5779 ex
1677 5741 1746 5781 ea
1776 5727 2034 5798 epistola;-

2150 580 2306 635 thios
2337 579 2650 651 epistolam
2672 577 2928 633 affirmat
2947 575 3327 632 vetustiorem
3349 593 3478 632 esse
3501 576 3799 632 hmreticis

2149 669 2401 725 alterum
2417 669 2603 724 Deum
2617 684 2794 739 super
2808 665 3186 738 Demiurgum
3203 682 3375 720 comzn
3386 665 3804 736 iniscentibus,

2149 759 2208 815 id
2232 765 2342 828 est,
2383 767 2448 816 ut
2476 760 2684 831 liquet,
2719 757 3030 815 Gnosticis.
3054 756 3219 825 Inde,
3253 757 3500 826 scilicet,
3530 762 3802 829 apparet,

2150 849 2466 906 Basilidem
2501 867 2608 906 sua
2636 849 2912 923 dogmata
2949 854 3085 904 ante
3115 847 3358 904 Adriani
3392 854 3659 920 tempora
3680 850 3791 904 mi-

2150 939 2310 995 nime
2342 940 2858 1012 propalasse.Nam
2892 955 2961 995 ea
2982 937 3390 1011 epistolaunon
3423 937 3626 994 multis
3651 943 3790 994 ante

2148 1029 2356 1101 Ignatii
2386 1030 2738 1107 martyrium
2770 1027 2942 1085 annis
2973 1027 3192 1095 scripta
3224 1032 3378 1084 est.»
3409 1028 3495 1082 Ita
3521 1026 3622 1082 ille
3648 1046 3661 1094 ;
3689 1027 3794 1083 sed

2146 1117 2493 1174 Blondellus
2523 1119 2648 1190 ipse
2681 1119 2881 1175 datam
2930 1134 3056 1173 eam
3099 1116 3408 1189 epistolam
3455 1117 3612 1172 inter
3642 1134 3695 1173 a.
3729 1119 3797 1173 D.

2145 1211 2212 1264 68
2243 1215 2302 1265 et
2331 1211 2401 1265 76
2446 1211 2700 1277 latetur;
2760 1208 3029 1281 pluribus
3072 1207 3251 1280 igitur
3289 1224 3467 1278 quam
3518 1211 3584 1262 30
3616 1209 3794 1263 annis

2143 1305 2281 1354 ante
2314 1299 2521 1370 lgnatii
2552 1299 2904 1370 martyrium
2937 1297 3158 1368 scripta
3179 1303 3286 1352 est.
3325 1297 3403 1352 De
3435 1299 3544 1352 hac
3571 1297 3785 1352 Irenaei

2148 1387 2318 1443 verba
2352 1393 2522 1443 sunt:
2565 1411 2594 1438 ‹‹
2629 1389 2772 1443 Cum
2805 1387 2882 1442 sit
2908 1387 3193 1442 vetustior
3215 1385 3308 1440 his
3326 1387 3426 1457 qui
3451 1403 3609 1442 nunc
3639 1385 3788 1441 falso

2143 1476 2380 1543 docent,
2413 1484 2473 1532 et
2501 1478 2756 1532 alterum
2791 1478 2974 1531 Deum
3005 1492 3182 1548 super
3211 1477 3594 1549 Demiurgum
3621 1482 3678 1530 et
3699 1475 3792 1530 fa-

2143 1572 2369 1624 ctorem
2391 1569 2603 1624 horum
2625 1568 2891 1623 omnium
2913 1584 3044 1638 qum
3060 1571 3198 1621 sunt
3217 1567 3784 1622 commentiuntur.»

2145 1656 2394 1713 Dallaaus
2425 1674 2494 1713 ea
2513 1657 2709 1725 verba,
2744 1679 2771 1706 ‹‹
2803 1657 2902 1728 qui
2935 1673 3093 1711 nunc
3121 1655 3267 1710 falso
3289 1655 3522 1723 docent,
3551 1678 3576 1705 ››
3613 1655 3788 1727 plane

2141 1747 2360 1812 omisit,
2391 1753 2457 1802 ut
2486 1751 2901 1819 argumentum
2926 1745 3185 1816 aliquam
3216 1744 3497 1816 ponderis
3529 1747 3789 1816 speciem

2141 1836 2406 1902 haberet;
2429 1836 2586 1907 quod
2619 1853 2780 1891 nunc
2811 1835 3077 1907 epistolae
3110 1835 3492 1890 Clementinas
3519 1835 3786 1906 antiqui-

2136 1929 2244 1989 tas,
2279 1931 2338 1980 et
2365 1926 2572 1980 lrenaai
2598 1925 2782 1996 ipsius
2804 1923 2980 1978 verba
3001 1924 3152 1978 nihil
3173 1924 3416 1978 omnino
3434 1940 3564 1979 esse
3583 1930 3786 1994 aperte

2137 2014 2476 2070 ostendunt.
2538 2014 2651 2070 Sed
2688 2031 2893 2069 rursus
2938 2012 3142 2068 scribit
3190 2013 3354 2078 alibi,
3387 2030 3594 2068 omnes
3639 2013 3784 2068 istos

2136 2104 2450 2160 haereticos
2479 2104 2644 2160 valde
2679 2103 3036 2176 posteriores
3066 2120 3195 2159 esse
3218 2120 3397 2173 quam
3449 2104 3788 2174 episcopos,

2137 2194 2352 2264 quibus
2383 2193 2636 2265 apostoli
2666 2193 3042 2249 tradiderunt
3070 2192 3696 2264 Ecclesias,«adeoque
3729 2198 3792 2246 et

2142 2283 2366 2354 lgnatio
2427 2283 2528 2355 qui
2577 2283 2791 2338 horum
2823 2283 3237 2354 episcoporum
3266 2298 3422 2338 unus
3453 2281 3633 2336 fuit.»
3680 2272 3788 2337 Hic

2137 2372 2315 2427 etiam
2347 2371 2549 2427 omisit
2571 2371 2746 2428 verba
2772 2388 2902 2442 quae
2934 2376 3284 2442 sequuntur,
3311 2394 3338 2420 «
3373 2375 3431 2425 et
3459 2370 3570 2425 hoc
3593 2371 3654 2424 in
3678 2377 3795 2426 ter-

2137 2462 2218 2516 tio
2248 2461 2397 2517 libro
2438 2478 2575 2517 cum
2605 2461 2768 2517 omni
2812 2460 3122 2533 diligentia
3183 2460 3708 2516 manifestavimus.
3759 2483 3790 2510 ››

2135 2550 2294 2606 Nihil
2327 2551 2505 2622 igitur
2533 2551 2644 2606 hoc
2677 2551 2804 2606 loco
2837 2549 3161 2622 dicit,quod
3193 2567 3310 2605 non
3341 2555 3514 2605 antea
3536 2548 3799 2606 dixerat.

2136 2643 2210 2697 At
2267 2658 2400 2696 cum
2435 2641 2596 2696 omni
2650 2640 2961 2713 diligentia
3000 2646 3288 2703 uteretur,
3321 2639 3471 2694 nihil
3501 2639 3573 2694 de
3605 2644 3783 2694 aetate

2137 2729 2414 2785 Basilidis
2447 2729 2615 2793 dixit,
2649 2729 2719 2784 de
2754 2745 2871 2800 qua
2900 2745 3067 2784 nunc
3107 2728 3459 2799 disputatur.
3490 2727 3795 2783 Valentini

2138 2818 2380 2889 quidem
2414 2818 2688 2874 meminit
2718 2819 2874 2872 inter
2894 2817 3244 2883 hasreticos;
3281 2816 3702 2881 Lini,Anacleti
3733 2821 3793 2871 et

2135 2906 2459 2963 Clementis
2493 2907 2649 2962 inter
2671 2907 2977 2978 episcopos
3003 2905 3251 2977 :quibus
3283 2905 3559 2960 omnibus
3585 2910 3645 2959 et
3679 2907 3794 2961 Va-

2136 2997 2431 3052 lentinum
2465 3001 2521 3051 et
2575 2996 2891 3053 Basilidem
2922 2995 3089 3050 valde
3129 2995 3489 3066 posteriores
3522 2995 3798 3066 agnosci-

2135 3102 2290 3142 mus.
2351 3085 2624 3141 Nondum
2659 3085 2839 3158 igitur
2895 3085 3223 3156 probarunt
3270 3085 3378 3139 viri
3435 3084 3790 3155 doctissimi,

2135 3192 2329 3247 neque
2381 3175 2769 3247 probaturum
2802 3191 3161 3247 quemquam
3210 3180 3372 3247 puto,
3408 3174 3788 3230 Valentinum

2059 3239 2101 3306 c
2138 3266 2285 3321 adeo
2318 3282 2449 3321 sero
2480 3265 2716 3330 vixisse,
2760 3270 2862 3321 aut
2889 3265 2949 3319 in
2999 3264 3252 3320 haeresin
3284 3264 3594 3335 delapsum
3629 3280 3783 3332 esse,

2136 3359 2202 3410 ut
2252 3355 2379 3427 ejus
2443 3371 2676 3409 errores
2727 3353 3060 3409 necessario
3111 3353 3396 3410 fuerintS
3453 3352 3675 3425 lgnatio
3711 3352 3788 3408 ad

2132 3444 2482 3515 martyrium
2515 3443 2818 3498 festinanti
2852 3443 3086 3514 penitus
3119 3441 3422 3514 incogniti.

2201 3533 2486 3598 Tandem,
2519 3533 2604 3588 uti
2635 3549 2830 3604 spero,
2865 3539 3219 3604 argumento
3252 3547 3287 3586 a
3317 3530 3616 3586 Valentini
3651 3531 3786 3605 Sige

2133 3621 2385 3677 deducto
2408 3621 2641 3677 abunde
2686 3639 3036 3694 responsum
3068 3627 3175 3678 est.
3208 3622 3470 3687 Quatuor
3501 3621 3663 3676 enim
3695 3638 3792 3676 as-

2134 3711 2423 3764 sertiones
2455 3710 2655 3774 attuli,
2691 3727 2922 3780 omnes,
2963 3717 3029 3765 ut
3059 3710 3201 3764 mihi
3237 3710 3692 3789 videtur,certac
3728 3714 3791 3765 et

2133 3797 2450 3868 exploratae
2481 3799 2764 3854 veritatis.
2799 3801 2885 3853 Ita
2915 3804 3114 3854 tamen
3143 3805 3498 3870 comparatae
3529 3803 3690 3866 sunt,
3721 3802 3790 3852 ut

2134 3887 2183 3942 si
2208 3886 2300 3943 vel
2330 3903 2449 3942 una
2478 3902 2684 3941 earum
2717 3903 2880 3943 versa
2906 3888 3003 3953 sit,
3036 3904 3104 3942 ea
3135 3888 3312 3943 unica
3341 3904 3583 3943 omnem
3613 3903 3793 3960 argu-

2132 3976 2318 4032 menti
2349 3976 2823 4032 adversariorum
2852 3977 2968 4031 vim
3011 3977 3210 4032 elidat.

2753 4066 2987 4121 CAPUT
3031 4066 3166 4120 VIII.

2134 4156 2225 4212 Ad
2275 4161 2515 4225 quatuor
2556 4156 2759 4209 ultima
2801 4171 2907 4225 pro
2957 4155 3258 4210 violatione
3306 4158 3562 4226 temporis
3609 4173 3791 4225 argu-

2206 4233 2387 4281 menta
2433 4226 2814 4296 respondetur.
2861 4229 3068 4280 Auctor
3115 4227 3468 4297 epistolarum
3524 4229 3587 4281 de
3647 4227 3790 4281 Con-

2205 4298 2439 4353 stantini
2495 4297 2914 4354 Christianismo
2963 4297 3110 4352 nihil
3158 4301 3482 4369 suspicatus.
3511 4299 3794 4368 LeOpardi

2206 4385 2313 4425 vos:
2365 4371 2762 4438 antiquitatem
2814 4369 3057 4438 epistolae
3087 4370 3166 4423 ad
3203 4373 3476 4426 Romanos
3501 4371 3655 4425 haud
3675 4372 3792 4425 im-

2205 4441 2431 4496 minuit.
2464 4442 2759 4510 Figmenta
2777 4440 2976 4497 DalL‘ti
3007 4441 3073 4495 de
3101 4444 3236 4496 certi
3263 4441 3550 4512 cujusdam
3573 4441 3792 4498 ordinis

2206 4513 2451 4566 militum
2506 4513 2894 4582 appellatione.
2929 4513 3206 4580 Leopardi
3253 4529 3433 4568 vocem
3476 4518 3601 4567 ante
3641 4515 3790 4568 Con-

2209 4584 2442 4638 stantini
2496 4599 2667 4637 :evum
2698 4586 2756 4638 in
2814 4599 2915 4638 usu
2940 4583 3110 4652 fuisse
3151 4584 3406 4639 adversus
3448 4583 3790 4639 Bochartum

2208 4655 2531 4709 ostenditur.
2564 4653 2815 4724 Receptio
2841 4657 3228 4724 paenitentium
3256 4657 3557 4711 novitatem
3586 4655 3792 4723 episto-

2213 4727 2392 4780 larum
2421 4740 2530 4779 non
2555 4726 2777 4794 probat.
2813 4726 2885 4780 De
2929 4727 3275 4797 Albaepinari
3298 4730 3570 4782 sententia
3599 4727 3790 4792 dispu-

2211 4803 2381 4852 tatur.
2410 4797 2740 4864 Onesimum,
2771 4812 2931 4865 quem
2959 4799 3213 4867 Ignatius
3239 4798 3451 4868 Epheso
3487 4800 3787 4868 praefuisse

2209 4870 2310 4940 ait,
2341 4874 2620 4940 mortuum
2669 4870 2838 4936 fuisse
2872 4869 2969 4940 sub
3026 4875 3267 4940 tempore
3314 4869 3578 4939 martyrii
3623 4870 3791 4938 Igna-

2211 4939 2354 5012 tiam"
2399 4955 2692 5009 perperam
2745 4939 3030 5012 asseritur.
3073 4939 3261 4997 Variae
3307 4941 3676 5012 quorumdam
3720 4942 3792 4996 de

2208 5010 2459 5066 Onesimo
2489 5013 2776 5065 sententiae
2804 5011 2866 5064 id
2893 5025 3006 5065 non
3037 5010 3320 5067 evincunt.

2209 5107 2504 5163 Hactenus
2536 5107 2606 5163 de
2633 5109 2929 5164 haereticis
2955 5114 3014 5165 et
3056 5110 3384 5166 haeresibus
3435 5111 3748 5168 observata
3769 5128 3790 5167 :

2138 5196 2238 5252 sed
2271 5196 2461 5268 capite
2494 5197 2724 5253 decimo
2749 5200 2921 5254 tertio
2952 5199 3141 5256 multa
3172 5200 3288 5256 alia
3317 5206 3792 5271 coacervat,qum

2135 5292 2350 5357 prseter
2376 5291 2711 5357 temporum
2741 5287 2918 5343 ﬁdem
2952 5287 3090 5344 ficta
3122 5305 3253 5344 esse
3286 5295 3492 5361 putat;
3529 5306 3792 5360 quorum

2132 5374 2392 5447 plurima
2417 5375 2508 5430 vel
2541 5376 2813 5432 lictorem
2861 5377 2951 5432 vel
3004 5379 3498 5450 interpolatorem
3530 5379 3790 5448 feriunt;

2134 5465 2330 5537 qualia
2358 5471 2496 5521 sunt
2525 5482 2656 5538 quas
2678 5466 2750 5522 de
2778 5468 3080 5537 Anacleto,
3114 5470 3185 5525 de
3215 5470 3539 5536 Nicolaitis,
3569 5469 3643 5525 de
3670 5472 3795 5526 Cm-

2133 5554 2362 5620 sare,de
2397 5555 2707 5611 ordinibus
2738 5557 3171 5626 ecclesiasticis,
3197 5559 3268 5614 de
3290 5559 3581 5627 virginum
3597 5560 3790 5615 colle-

2129 5641 2260 5714 giis,
2285 5642 2358 5698 de
2381 5643 2860 5717 Quadragesima,
2893 5646 2965 5702 de
2989 5647 3043 5704 S.
3087 5649 3309 5704 Joanne
3353 5648 3578 5704 scribit.
3629 5649 3793 5714 Qua-

2129 5734 2266 5786 tuor
2295 5737 2495 5788 tamen
2520 5749 2648 5789 esse
2667 5733 2996 5808 video,qum
3027 5743 3330 5794 auctorem
3360 5738 3559 5812 ipsum
3597 5736 3792 5797 ferire
