3974 6296
171 407 281 466 349

894 403 952 469 J.
994 405 1420 471 PEARSON"
1461 402 1834 465 VINDICIE
1875 398 2344 464 IGNATIANE.
2396 437 2468 448 -
2511 395 2721 467 PLRS
2763 401 2838 466 ΙΙ.

3483 404 3604 468 350

173 537 504 608 videantur,
540 537 616 595 de
648 537 1040 613 principibus,
1075 539 1145 597 de
1187 539 1501 614 leopardis,
1535 538 1605 594 de
1637 536 1828 611 pmni-
1857 537 1914 603 Α
1943 540 2078 591 sent
2108 533 2196 592 illi
2228 535 2494 608 leopardi
2521 553 2556 592 a
2585 535 2802 608 quibus
2833 535 3077 609 ligatum
3109 553 3173 593 se
3199 535 3344 594 ducit
3365 539 3594 607 scribit,

176 628 436 683 tentibus
473 635 659 699 atque
683 628 755 683 de
787 631 1086 687 Unesimo.

245 717 471 785 Primo,
504 718 747 790 scripsit
781 726 987 775 auctor
1042 720 1307 793 epistolae
1356 720 1430 775 ad
1462 719 1832 790 Smyrnaeos:

180 826 200 856 ι
224 809 296 862 Et
327 824 512 880 super
537 807 824 875 ccelestia,
857 815 915 864 et
953 810 1141 882 gloria
1185 809 1549 884 angelorum,
1582 815 1641 864 et
1669 808 1836 880 prin-

174 896 338 968 cipes
359 895 624 952 visibiles
659 902 718 951 et
746 897 1070 954 invisibiles
1101 899 1149 954 si
1183 915 1304 954 non
1327 897 1574 954 credant
1603 897 1664 952 in
1695 912 1834 952 san-

171 985 413 1053 guinem
445 986 688 1049 Christi,
715 993 773 1042 et
793 988 912 1043 illis
935 989 1232 1060 judicium
1255 990 1386 1044 erit.
1411 1010 1440 1039 »
1473 989 1675 1044 Obiter
1703 986 1836 1057 qui-

172 1075 306 1131 dem
341 1078 508 1132 hunc
538 1077 737 1133 locum
785 1081 970 1149 tangit
1014 1080 1101 1134 vir
1137 1079 1537 1145 doctissimus,
1569 1083 1629 1133 et
1656 1077 1848 1133 verba

173 1167 316 1222 satis
347 1168 507 1222 mira
529 1184 659 1222 esse
683 1172 890 1239 putat;
924 1168 1081 1239 quod
1130 1169 1204 1223 ad
1249 1168 1546 1240 principes
1572 1167 1833 1222 visibiles

171 1256 410 1323 attinet,
444 1256 572 1310 vult
601 1257 760 1312 hunc
801 1257 1150 1328 scriptorem
1198 1257 1332 1312 ideo
1362 1257 1611 1312 fortasse
1643 1271 1712 1310 ea
1741 1255 1835 1310 di-

168 1346 351 1415 xisse,
387 1368 415 1396 «
452 1347 612 1418 quod
643 1348 772 1419 ejus
831 1365 950 1403 aevo
1001 1348 1204 1418 aliqua
1253 1349 1378 1420 jam
1425 1354 1551 1403 erat
1581 1348 1653 1403 de
1680 1349 1834 1402 Con-

168 1436 378 1490 stantii
427 1436 523 1490 vel
571 1436 940 1492 Constantini
973 1438 1101 1509 ejus
1131 1436 1235 1493 ﬁlii
1265 1438 1352 1492 vel
1383 1437 1830 1492 Christianismo

165 1525 257 1579 vel
290 1525 369 1579 ad
401 1525 926 1582 Christianismum
960 1527 1354 1599 propensione
1388 1541 1592 1597 sparsa
1615 1527 1826 1582 fama.-

167 1614 358 1678 Quam
392 1613 651 1670 obscura
670 1616 796 1670 hac
823 1617 1185 1687 conjectura,
1217 1633 1394 1687 quam
1427 1616 1626 1684 dubia,
1652 1633 1830 1686 quam

166 1703 406 1759 incerta
432 1703 444 1757 !
469 1704 575 1759 Vel
604 1704 830 1776 aliquid
856 1705 1078 1760 audivit
1100 1706 1171 1761 de
1191 1707 1516 1761 Constantii
1547 1707 1832 1762 Christia-

166 1794 392 1862 nismo,
425 1793 518 1848 vel
563 1794 956 1865 Constantini,
987 1795 1078 1850 vel
1139 1795 1349 1851 saltem
1408 1797 1826 1867 propensione.

1949 642 2067 680 non
2092 626 2524 698 intelligerent:
2546 627 2703 698 quod
2723 627 2980 699 lgnalius
3001 643 3122 682 non
3147 633 3304 683 esset
3322 630 3602 684 veritus.»

1948 715 2137 779 Quare
2171 721 2370 772 autem
2431 717 2689 788 Ignatius
2720 716 2906 772 vereri
2937 733 3056 771 non
3105 717 3316 788 potuit,
3369 718 3416 772 si
3449 718 3601 774 alius

1948 805 2261 876 quisquam
2284 806 2586 877 potuerit?
2611 808 2801 871 Quare
2826 823 2944 861 non
2967 806 3068 860 ille
3091 806 3414 862 cavendum
3441 813 3602 878 puta-

1945 899 2055 960 ret,
2081 911 2154 949 ne
2188 911 2296 950 sua
2326 895 2499 950 verba
2529 911 2563 950 a
2599 895 2878 951 Romanis
2900 895 3057 950 haud
3104 900 3264 950 recte
3298 896 3597 966 intellige-

1944 989 2155 1038 rentur
2173 983 2202 1038 7
2220 985 2482 1056 Ligatum
2513 1000 2576 1040 se
2599 984 2802 1039 decem
2834 984 3128 1055 leopardis
3155 984 3473 1050 dixerat;id
3495 1001 3596 1040 au-

1946 1077 2063 1127 tem
2097 1073 2326 1128 solebat
2355 1091 2510 1144 saape
2545 1075 2672 1128 fieri
2703 1089 2836 1129 cum
2868 1074 3103 1128 besiarii
3129 1075 3383 1146 jamjam
3408 1075 3593 1130 mori-

1944 1163 2058 1217 turi
2091 1163 2402 1230 essent,uti
2436 1165 2724 1220 Saturnus
2755 1164 2816 1219 in
2867 1179 3071 1218 ursum
3105 1164 3460 1220 substrictus‘
3486 1169 3597 1234 est,

1944 1257 2002 1306 et
2034 1269 2175 1324 apro
2209 1253 2626 1324 subligatus,ut
2654 1254 2715 1308 in
2746 1254 2800 1308 S.
2828 1255 3130 1325 Perpetua:
3154 1253 3433 1308 Passione
3453 1253 3598 1325 legi-

1942 1357 2096 1396 mus.
2151 1342 2295 1396 Cum
2327 1342 2506 1413 igitur
2534 1342 2872 1414 scripsisset
2919 1343 2972 1396 S.
3008 1343 3268 1414 lgnatius
3293 1359 3355 1397 se
3387 1342 3592 1398 decem

1941 1431 2239 1502 leopardis
2265 1432 2391 1502 jam
2427 1431 2719 1504 illigatum
2762 1449 2914 1496 esse,
2965 1432 3154 1502 (pardi
3197 1437 3393 1487 autem
3429 1439 3610 1487 erant

1943 1522 2098 1578 inter
2155 1521 2324 1594 Θῆρας
2379 1516 2722 1593 αἱμοϐόρους
2753 1527 2811 1576 et
2855 1516 3334 1595 ἆνθρωποόόρους,
3377 1522 3596 1594 quibus

1941 1611 2205 1666 bestiarii
2243 1610 2420 1683 objici
2455 1611 2744 1676 solebant,
2779 1616 2845 1666 ut
2875 1612 3031 1682 apud
3060 1617 3287 1666 veteres
3315 1612 3616 1683 legimus)

1943 1719 2063 1757 non
2087 1701 2462 1756 incommode
2477 1717 2719 1756 monere
2744 1702 3062 1772 potuit,eos
3081 1718 3201 1756 non
3225 1717 3354 1756 esse
3377 1701 3596 1756 bestias

1944 1792 2138 1862 ipsum
2199 1790 2397 1845 statim
2457 1789 2854 1856 devoraturas,
2901 1789 3004 1844 sed
3034 1790 3254 1844 milites
3284 1790 3354 1845 ad
3383 1789 3592 1845 urbem

168 1884 565 1938 Constantius
596 1899 716 1938 non
762 1890 851 1939 est
881 1889 1162 1955 augustas
1193 1885 1384 1940 factus
1433 1888 1569 1940 ante
1608 1902 1832 1942 annum
1866 1892 1912 1957 Β
1943 1883 2189 1935 Romam
2221 1880 2525 1934 ducturos.
2567 1881 2780 1934 Verum
2830 1878 2991 1933 aliud
3037 1893 3180 1933 eum
3223 1878 3598 1950 suspicatum-

166 1974 292 2039 304,
329 1979 391 2027 et
418 1971 665 2043 quidem
723 1973 786 2028 in
844 1973 1069 2042 Gallia;
1130 1975 1554 2029 Constantinus
1590 1991 1712 2030 non
1745 1981 1835 2031 est

166 2062 367 2115 Cmsar
397 2066 638 2116 creatus
668 2067 804 2117 ante
833 2079 1054 2117 annum
1086 2065 1210 2127 306,
1245 2068 1303 2117 et
1342 2063 1580 2134 quidem
1615 2064 1676 2119 in
1709 2066 1832 2119 Bri-

167 2151 400 2206 tannia.
455 2151 692 2207 Graecus
740 2151 939 2223 itaque
970 2153 1067 2208 hic
1124 2153 1398 2224 scriptor,
1431 2153 1478 2207 si
1507 2154 1582 2208 ad
1625 2171 1833 2210 eorum

165 2240 438 2310 aliquem
492 2245 778 2311 tanquam
837 2241 1168 2312 principem
1227 2243 1505 2313 respexit,
1539 2248 1676 2298 ante
1708 2243 1834 2300 hmo

163 2336 444 2401 tempora
476 2329 735 2384 scribere
767 2346 887 2386 non
910 2331 1120 2402 potuit.
1146 2335 1219 2386 At
1241 2331 1370 2402 ipse
1397 2331 1652 2388 Dallasus
1682 2333 1833 2389 forte

167 2419 428 2490 scriptas
485 2419 591 2473 has
624 2419 906 2490 epistolas
960 2421 1040 2475 ait
1098 2420 1336 2476 labente
1385 2423 1560 2477 tertio
1593 2423 1831 2492 saaculo,

167 2508 526 2564 Blondellus
541 2509 1138 2573 ineunte,Sa1masius
1158 2517 1215 2565 et
1232 2511 1569 2568 Albertinus
1588 2513 1833 2569 secundi

165 2599 391 2654 medio.
425 2598 602 2653 Nullo
635 2599 721 2653 illi
753 2599 825 2654 de
856 2599 1124 2670 principe
1175 2600 1506 2656 Christiano
1531 2608 1834 2658 auctorem

165 2688 568 2760 epistolamm
599 2691 926 2745 somniasse
967 2691 1385 2756 crediderunt;
1420 2693 1606 2747 multo
1636 2693 1835 2749 minus

164 2795 273 2832 nos
293 2777 521 2832 Dallaao
544 2778 862 2844 credimus,
877 2779 978 2849 qui
1003 2787 1087 2834 tot
1105 2781 1450 2836 testimonia
1467 2798 1572 2853 pro
1597 2783 1688 2837 his
1712 2783 1834 2853 epi-

163 2867 340 2922 stolis
372 2872 514 2922 ante
538 2872 816 2936 quartum
837 2867 1121 2924 saeculum
1146 2869 1522 2940 protulimus.
1553 2871 1663 2925 Sed
1684 2871 1836 2926 nihil

165 2956 434 3026 scriptor
474 2960 697 3009 noster.
754 2955 1024 3027 quisquis
1078 2964 1188 3024 est,
1247 2957 1318 3011 de
1376 2958 1836 3029 imperatoribus

162 3043 534 3101 Christianis
564 3044 802 3115 proprie
836 3043 1024 3112 dixit;
1068 3045 1336 3119 ἄρχοντας
1367 3053 1595 3102 tantum
1629 3049 1833 3103 nomi-

163 3135 353 3201 navit,
407 3134 510 3205 qui
547 3139 688 3188 sunt
737 3133 990 3205 quilibet
1045 3136 1463 3207 magistratus;
1497 3138 1732 3192 monuit
1760 3155 1834 3194 ne

163 3240 351 3295 quem
383 3223 577 3288 locus,
636 3224 754 3278 sive
813 3222 1068 3295 dignitas
1121 3225 1293 3279 inﬂet
1347 3226 1508 3297 (nam
1542 3233 1601 3280 et
1629 3227 1836 3301 ἄρχον-

160 3333 259 3372 τας
278 3312 582 3368 vocabant
611 3312 1048 3368 ecclesiasticos
1077 3315 1427 3386 praepositos
1449 3316 1832 3372 vetustissimi

165 3403 520 3473 scriptores,
551 3422 579 3450 (ι
606 3397 874 3473 ἄρχοντες
903 3401 1182 3458 dicuntur
1211 3403 1510 3477 principes
1560 3410 1617 3460 et
1646 3406 1833 3480 magi—

169 3495 419 3558 stratus,
445 3511 474 3539 »
508 3489 706 3560 inquit
729 3490 1172 3563 Tertullianus),
1197 3509 1331 3548 cum
1364 3510 1474 3550 nec
1505 3495 1699 3566 angeli
1728 3511 1838 3550 nec

171 3581 456 3636 homines
487 3579 826 3651 superiores
861 3581 989 3636 sine
1023 3581 1138 3637 ﬁde
1167 3582 1229 3637 in
1254 3583 1552 3640 Christum
1584 3585 1836 3640 salutem

171 3669 465 3740 consequi
525 3669 774 3740 possint.
835 3670 974 3735 Quas
1031 3671 1302 3728 doctrina
1353 3673 1536 3728 cuivis
1583 3674 1838 3745 tempori

172 3776 346 3830 asque
377 3759 678 3827 convenit,
715 3759 832 3814 sive
865 3759 1167 3831 principes
1194 3761 1513 3818 Christiani
1545 3763 1684 3832 sint,
1719 3762 1837 3818 sive

170 3866 296 3904 non
324 3865 339 3915 ;
371 3847 529 3904 nihil
551 3861 686 3920 ergo
718 3847 817 3903 hic
837 3853 1171 3919 temporum
1195 3849 1372 3905 fidem
1398 3851 1614 3922 pulsat,
1631 3857 1688 3906 et
1709 3868 1841 3907 sua-

171 3938 322 3994 viter
350 3939 625 3994 riderent
649 3937 1352 4005 Salmasius,Blondellus
1383 3947 1442 3995 et
1470 3940 1835 4012 Albertinus,

177 4028 228 4082 si
256 4029 385 4083 haec
416 4026 677 4098 cuipiam
701 4026 1004 4100 negotium
1029 4027 1320 4084 facessere
1343 4029 1761 4102 intelligerent.

251 4133 552 4200 Secundo,
585 4139 793 4188 auctor
823 4134 1086 4204 epistolae
1145 4135 1220 4190 ad
1278 4138 1573 4192 Romanos
1605 4155 1738 4192 cum
1774 4155 1836 4194 se

175 4224 428 4279 dixisset
456 4221 760 4295 alligatum
792 4222 998 4279 decem
1038 4223 1357 4296 leOpardis,
1391 4225 1704 4298 diligenter
1734 4227 1840 4282 do-

174 4320 269 4370 cet
299 4311 446 4383 quid
477 4311 589 4366 hoc
621 4312 716 4365 sit.
752 4332 782 4362 ‹‹
819 4311 1080 4376 Vinctus,
1113 4312 1333 4384 inquit,
1367 4313 1574 4370 decem
1600 4315 1837 4386 leopar-

175 4403 286 4469 dis,
321 4400 484 4472 quod
515 4405 606 4454 est
637 4399 910 4455 militaris
941 4401 1108 4456 ordo.
1143 4423 1172 4450 »
1226 4402 1346 4457 Hoc
1385 4407 1602 4470 autem,
1627 4403 1844 4474 judice

173 4493 420 4558 Dallaao,
444 4489 518 4544 ab
549 4489 758 4561 lgnatii
793 4507 911 4545 mvo
942 4490 1204 4546 alienum
1234 4492 1834 4564 interpretamentum

175 4579 408 4636 est.Sed
429 4596 464 4634 a
483 4579 676 4650 cujus,
701 4595 924 4648 quaaso,
950 4585 1121 4635 aetate
1139 4579 1403 4636 alienum
1426 4585 1535 4650 est,
1555 4598 1615 4636 se
1639 4581 1836 4653 ipsum

1947 1983 2074 2022 esse
2122 1968 2284 2022 novit
2331 1966 2599 2022 Dallaeus.
2632 1968 2775 2022 Nam
2821 1967 3080 2039 «Ignatii
3131 1983 3251 2021 ωνο
3292 1967 3606 2035 omnibus,

1945 2057 2274 2128 praesertim
2306 2056 2530 2112 civibus
2558 2057 2858 2125 Romanis,
2883 2062 3024 2111 nota
3047 2063 3173 2111 erat
3194 2063 3254 2111 et
3282 2057 3596 2113 familiaris

1946 2156 2048 2212 illa
2075 2154 2328 2212 militum
2361 2155 2506 2210 certi
2538 2153 2846 2228 cujusdam
2880 2155 3105 2210 ordinis
3135 2155 3456 2227 appellatio
3473 2155 3596 2210 vul-

1946 2247 2119 2320 garis.
2157 2269 2184 2297 »
2216 2248 2376 2302 Itane
2409 2263 2544 2301 vero
2566 2246 2596 2300 ?
2643 2262 2718 2301 an
2755 2245 3072 2318 leopardus
3102 2251 3189 2302 est
3218 2245 3423 2301 militis
3449 2245 3601 2301 certi

1948 2335 2253 2407 cujusdam
2276 2335 2501 2392 ordinis
2523 2335 2836 2408 appellatio
2854 2335 2882 2390 ?
2903 2351 2977 2391 an
3002 2351 3070 2391 ea
3091 2334 3366 2391 omnibus
3382 2335 3608 2408 Ignatii'

1947 2442 2066 2482 ωνο
2089 2431 2229 2481 nota
2250 2431 2308 2480 et
2323 2425 2631 2482 familiaris
2651 2425 2763 2480 fuit
2781 2425 2808 2480 ?
2829 2425 3094 2480 Profecto
3117 2426 3243 2480 haec
3264 2425 3606 2480 observatio

1946 2520 2048 2571 aut
2074 2532 2142 2570 ex
2173 2515 2445 2587 proclara
2483 2515 2854 2586 antiquitatis
2907 2515 3241 2588 cognitione
3266 2514 3594 2587 proﬁcisci-

1945 2609 2055 2672 ter,
2089 2610 2190 2660 aut
2221 2605 2518 2677 egregium
2551 2610 2952 2660 commentum
2987 2611 3091 2659 est.
3129 2603 3316 2670 Unde,
3351 2622 3464 2675 quo
3491 2620 3595 2658 au-

1948 2700 2128 2760 ctore,
2155 2695 2279 2750 haec
2302 2711 2412 2749 nos
2434 2694 2652 2750 docet?
2675 2695 2980 2749 Neminem
3005 2694 3242 2760 laudat;
3275 2694 3492 2749 nullius
3517 2699 3599 2748 te-

1949 2783 2296 2839 stimonium
2323 2786 2564 2855 profert.
2588 2785 2703 2856 Ego
2734 2789 2891 2839 certe
2915 2800 3044 2838 eam
3076 2782 3336 2855 leopardi
3369 2781 3620 2854 signifi—'

1949 2873 2244 2928 cationem
2276 2871 2541 2927 nondum
2571 2872 2828 2927 invenio.
2877 2872 2992 2927 Sub
3023 2873 3273 2943 Trajano
3307 2872 3598 2944 scripsere

1947 2960 2200 3029 Tacitus,
2233 2960 2462 3016 Plinius
2494 2959 2808 3027 secundus,
2845 2960 3086 3026 Florus;
3119 2959 3228 3014 sub
3257 2959 3507 3030 Trajano
3539 2963 3610 3015 ett

1948 3050 2204 3105 Adriano
2231 3049 2374 3106 vixit
2394 3050 2730 3106 Suetonius.
2764 3049 2980 3105 Iisdem
3013 3049 3379 3120 temporibus
3399 3050 3609 3104 Graaco

1951 3139 2320 3211 scripserunt
2339 3139 2712 3208 Plutarchus,
2741 3139 3050 3207 Arrianus,
3071 3139 3355 3206 Elianus,
3389 3154 3600 3194 omnes

1949 3245 2150 3283 rerum
2168 3231 2566 3285 Romanarum
2581 3229 2724 3284 satis
2743 3229 2914 3301 periti
2926 3229 3030 3292 ,rei
3046 3228 3320 3284 militaris
3336 3229 3608 3283 maxime

1951 3321 2040 3372 An
2071 3335 2140 3373 ex
2188 3318 2308 3373 illis
2341 3318 2656 3390 quisquam
2686 3318 2949 3390 prodidit
2977 3318 3130 3373 hanc
3159 3318 3417 3373 militum
3449 3317 3600 3373 certi-

1947 3407 2256 3478 cujusdam
2279 3407 2504 3462 ordinis
2525 3407 2988 3479 appellationem
3019 3407 3199 3464 fuisse
3230 3425 3337 3464 suo
3369 3413 3489 3464 aavo
3519 3408 3602 3463 fa-

1947 3496 2242 3552 miliarem
2259 3496 2286 3552 ‘I
2315 3513 2434 3551 non
2466 3496 2787 3552 credo.Sed
2811 3517 2837 3549 ιι
2854 3513 2950 3552 res
2970 3502 3028 3552 et
3047 3497 3134 3552 rei
3159 3513 3378 3552 nomen
3404 3497 3606 3554 inium}

1949 3601 2079 3640 esse
2101 3586 2276 3641 desiit
2296 3592 2432 3641 ante
2456 3586 2933 3641 ducentesimum
2958 3593 3092 3658 post
3117 3588 3605 3659 lgnatii'mortenl!

1949 3674 2206 3730 annum!
2240 3696 2269 3725 ‹‹
2289 3675 2626 3746 Ιᾶπιλὶεἰιιιι·
2645 3680 2840 3732 certus
2871 3674 2972 3730 ille
3003 3677 3264 3732 militum
3294 3676 3440 3732 ordo
3469 3692 3618 3732 θνατ-

1948 3769 2247 3833 nuerat,et
2265 3780 2401 3819 cum
2424 3764 2550 3834 ipso
2569 3763 2776 3818 ordine
2800 3781 3022 3820 nomen
3041 3766 3218 3821 etiam
3235 3767 3606 3822 exstinctum

1948 3853 2101 3910 fuit?
2124 3853 2264 3918 Quis
2282 3852 2408 3907 haec
2426 3851 2596 3906 nobis
2617 3852 2903 3907 tradidit?
2921 3853 3053 3922 quis
3074 3854 3612 3909 militias'Romanar

1951 3944 2302 3999 reformator
2322 3942 2434 3997 fuit
2455 3941 2482 3996 Ἰ
2506 3942 2638 4012 quis
2675 3942 2945 3996 ordinem
2979 3943 3354 4014 exstirpavit,
3374 3960 3597 3998 nomen

1951 4032 2354 4088 oblitteravit?
2385 4031 2688 4097 Quomodo
2718 4030 2869 4086 illud
2901 4031 2965 4086 in
2995 4047 3106 4087 usu
3137 4031 3603 4102 desierit,.quod-

1950 4119 2012 4174 in
2040 4135 2156 4175 usu
2187 4135 2495 4189 nunquam
2521 4118 2650 4188 fuit,
2677 4117 2942 4174 nondum
2973 4118 3157 4175 video.
3185 4119 3295 4174 Sed
3328 4120 3453 4174 haec
3473 4128 3599 4174 cer-

1955 4217 2184 4272 tissima
2197 4223 2556 4287 sunt,neque
2570 4233 2605 4271 a
2616 4218 2894 4288 qquiam
2907 4216 3202 4287 neganda:
3227 4235 3417 4274 nam'u
3437 4220 3614 4291 Ign‘aa‘

1951 4304 2015 4359 tii
2049 4305 2361 4360 simulator
2384 4305 2817 4378 LeOpardorum
2841 4306 3082 4377 quidem
3104 4323 3322 4362 nomen
3343 4307 3418 4362 ad
3442 4308 3612 4363 antiw

1951 4394 2194 4466 quitatis
2235 4395 2492 4467 speciem
2520 4395 2787 4465 retinuit,
2817 4395 2921 4452 sed
2965 4413 3044 4452 ne
3071 4397 3142 4452 ob
3174 4397 3604 4454 obscuritatem

1948 4483 2198 4539 lectores
2223 4483 2506 4552 turbaret,
2530 4485 2708 4540 etiam
2732 4485 3247 4557 interpretandum
3277 4487 3608 4558 puta~vit,a¢’.

1964 4591 2024 4630 se
2045 4575 2129 4630 ita
2145 4574 2333 4630 nimia
2353 4574 2661 4646 diligentia
2681 4575 2807 4647 ipse
2829 4576 3107 4648 prodidit.
3133 4599 3162 4629 ››
3183 4578 3337 4633 Proh
3355 4579 3611 4634 stultam:

175 4679 234 4727 et
262 4670 444 4725 verba
463 4647 572 4723 sua
596 4647 973 4738 interpretari
993 4669 1022 4724 ?
1043 4687 1240 4725 nonne
1274 4647 1541 4741 quolibet
1572 4647 1842 4742 tempore
1875 4647 1920 4713 Ῑ)
1955 4664 2316 4720 simulatoris
2337 4663 2720 4720 calliditatem
2739 4647 2914 4737 lproh
2931 4667 3154 4723 fatuam
3168 4666 3600 4740 astutiamlqui

175 4761 288 4817 hoc
309 4775 480 4830 atque
503 4757 681 4812 liceat
697 4757 726 4812 ‘l
758 4757 906 4813 Dicit
936 4759 1348 4815 sanctissimus
1372 4766 1614 4832 martyr,
1645 4777 1841 4816 exem-

176 4851 276 4922 plo
308 4846 565 4916 S.Pauli,
595 4863 657 4901 se
691 4861 824 4901 cum
849 4845 1055 4903 bestiis
1082 4863 1365 4920 pugnare,
1399 4864 1498 4904 eas
1528 4849 1601 4904 ob
1633 4847 1839 4904 ferita-

180 4944 299 4994 tem
330 4935 650 5007 leopardos
679 4940 880 5002 vocat;
911 4936 1170 5007 seipsum
1204 4937 1343 4992 dein
1379 4937 1836 5009 interpretatur;

181 5043 302 5090 eos,
327 5024 577 5091 scilicet,
602 5040 750 5094 quos
776 5021 1016 5091 bestias,
1041 5040 1188 5094 quos
1209 5023 1525 5096 leopardos
1558 5025 1836 5098 appellat,

180 5115 405 5170 milites
461 5127 593 5168 esse
651 5112 751 5182 ait,
811 5128 1066 5183 quorum
1121 5113 1403 5170 custodias
1442 5113 1693 5171 traditus
1725 5121 1835 5172 est.

178 5203 398 5270 Quidni
429 5203 526 5257 hic
555 5200 715 5256 idem
744 5201 987 5270 faceret,
1049 5201 1207 5273 quod
1263 5219 1420 5274 sape
1475 5202 1618 5259 alibi
1648 5202 1838 5260 facit?

177 5294 351 5349 lubet
379 5290 696 5346 Trallesios
725 5287 1028 5360 ἀλλοτρίας
1062 5289 1298 5364 βοτάνης
1326 5289 1646 5365 ἀπέχεσθαι,
1669 5292 1840 5348 addit

180 5382 664 5456 explicationem,
695 5376 730 5446 ἤ
781 5399 864 5439 τις
918 5376 1058 5432 ἔστὶν
1114 5376 1341 5454 αἵρεσις.
1374 5382 1454 5436 De
1488 5382 1718 5438 Docetis
1748 5381 1839 5436 lo-

181 5480 374 5540 cutus,
408 5468 452 5523 εἰ
484 5465 529 5523 δ’
563 5467 745 5535 ὥσπερ
774 5467 916 5529 τινὲς
949 5465 1099 5522 ἄθεοι
1129 5467 1299 5540 ὄντες,
1331 5470 1661 5542 subjungit,
1683 5489 1838 5524 τουτ-

182 5562 321 5616 ἐστιν
354 5558 596 5615 ἄπιστοι.
631 5557 851 5623 Quidni
910 5558 1209 5629 quispiam
1266 5564 1388 5614 tam
1440 5559 1549 5616 sub
1584 5560 1836 5632 imperio

181 5651 441 5724 Trajani,
471 5655 653 5721 quam
682 5646 892 5719 quavis
938 5647 1057 5705 alia
1114 5653 1307 5717 aetate,
1339 5649 1422 5704 ita
1447 5648 1842 5720 loqueretur?

179 5743 462 5816 Nempe,«
487 5738 714 5796 veritus
751 5741 842 5793 est
871 5736 1144 5810 scriptor,
1175 5753 1251 5795 ne
1280 5738 1529 5797 Romani
1559 5737 1704 5813 quid
1733 5747 1835 5797 ei-

1955 4753 2306 4810 suoindicio
2347 4753 2515 4825 quasi
2539 4767 2710 4809 sorex
2733 4755 3126 4827 hodie-periit,
3151 4758 3313 4827 quod.
3346 4771 3614 4814 acumen-

1957 4843 2238 4900 Dallceani
2261 4843 2822 4916 ingeniipravidere
2848 4861 2968 4900 non
2989 4846 3250 4916 potuerit
3279 4862 3293 4900 :
3319 4847 3438 4902 imo
3460 4859 3611 4902 vero?

1948 4933 2226 4990 Censoris
2237 4939 2643 4989 commentum
2657 4933 2942 5006 lepidum,
2962 4934 3273 4989 etinanem
3295 4936 3427 5006 conj
3438 4941 3612 4991 ectuo'

1946 5024 2203 5094 ra'm,qui
2218 5029 2615 5097 utmartyrem
2627 5023 3241 5095 faceretimpostorem
3256 5030 3390 5096 post
3402 5029 3485 5078 tot
3496 5040 3617 5079 sse-'-

1947 5115 2084 5170 cula
2113 5119 2196 5169 tot
2214 5113 2588 5183 antiquitatis
2609 5113 2798 5170 larvas
2829 5119 2887 5169 et
2919 5113 3201 5187 ﬁgmenta
3230 5113 3614 5186 excogitavit;-

2020 5203 2172 5260 lllud
2205 5217 2339 5257 vero
2371 5201 2764 5259 admiratione
2787 5203 3031 5276 dignum
3051 5208 3159 5272 est,
3193 5203 3446 5259 edidisse
3471 5203 3599 5258 hmo

1948 5291 2232 5348 Dallaaum
2257 5289 2513 5345 triennio
2536 5295 2851 5360 postquam
2877 5290 3164 5347 Samuelis
3179 5290 3447 5348 Bocharti
3469 5291 3602 5345 Hie.-

1948 5381 2216 5437 rozoicon
2241 5377 2478 5452 prodiit.
2513 5377 2672 5447 quod
2701 5378 2828 5449 ipse
2858 5380 2920 5434 in
2955 5381 3216 5451 Epistola
3237 5379 3604 5438 dedicatoria‘

1953 5491 1986 5523 cr
2004 5469 2426 5539 doctum,Deus
2442 5465 2617 5532 bone,
2643 5472 2702 5521 et
2720 5466 3082 5526 laboriosum
3103 5487 3253 5542 opus
3268 5495 3296 5522 ››
3318 5469 3612 5544 appellat.

1947 5560 2053 5615 llle
2077 5559 2259 5625 enim,
2286 5563 2354 5614 ut
2373 5557 2761 5629 impostorem
2791 5562 3001 5627 quarto
3034 5560 3252 5614 saeculo
3289 5560 3612 5632 scripsisse-

1947 5646 2248 5720 probaret,
2281 5652 2340 5702 et
2369 5646 2608 5718 quidem
2652 5661 2721 5702 ex
2770 5645 2882 5702 hoc
2935 5645 3064 5718 ipso
3101 5645 3253 5718 loco,
3285 5647 3397 5704 alio
3427 5648 3610 5721 plane"

1949 5743 2125 5812 atque
2157 5735 2455 5795 contrario
2513 5750 2660 5794 usus
2711 5741 2802 5794 est
2859 5735 3236 5813 argumento;
3277 5736 3610 5798 Hia‘ozoidé
