3974 6296
373 357 485 418 351

1432 357 1498 420 8.
1544 355 1944 420 IGNATIUS.
1995 387 2072 400 -
2114 355 2722 420 PROLIGOMENA.

3669 361 3798 422 352

371 495 540 561 parte
563 509 603 560 ι,
635 491 739 548 lib.
774 507 852 560 Ill,
885 509 1012 564 cap.
1047 493 1078 546 8
1105 509 1117 547 :
1141 514 1169 543 ‹‹
1195 493 1475 566 Leopardi
1509 510 1640 556 vox,
1673 492 1887 563 inquit,
1929 507 2018 546 se-
2052 493 2102 560 Α
2137 492 2419 564 Leopardi
2452 509 2655 549 vocem
2703 499 3014 561 memorat,
3041 497 3108 548 ut
3151 492 3324 566 longe
3356 493 3478 548 suis
3503 495 3793 564 tempori-

370 581 494 636 rius
524 583 800 654 usurpari
839 583 1034 654 cmpit,
1067 601 1282 654 nempe
1305 584 1678 639 Constantini
1702 599 1844 638 aavo.
1879 584 2022 636 Pro-

371 670 511 727 inde
541 673 752 745 lgnatii
784 673 858 728 ad
888 675 1182 728 Romanos
1214 674 1466 745 epistola
1501 691 1679 746 quam
1711 672 2022 728 circumfe-

370 766 530 825 runt,
567 779 635 817 eo
668 763 906 819 demum
937 764 1153 818 saaculo
1175 763 1358 819 fuisse
1382 765 1663 834 scriptam
1690 763 1779 817 vel
1813 779 1882 816 ex
1915 762 2024 816 hoc

373 859 719 923 argumento
747 854 1011 926 colligas,
1045 854 1203 924 quod
1223 854 1641 926 leopardorum
1662 853 1879 908 diserte
1905 868 2023 906 me-

373 941 569 996 minit.
597 964 623 990 »
656 944 999 1016 Argumenti
1031 945 1458 1014 consequentia
1483 943 1799 999 manifesta
1830 947 1939 996 est.
1965 941 2022 995 Si

373 1031 529 1086 enim
561 1031 825 1103 leopardi
849 1051 954 1088 vox
977 1034 1084 1088 sub
1107 1035 1492 1090 Constantino
1516 1034 1789 1105 usurpari
1822 1032 2020 1103 cmpit,

368 1119 634 1191 adeoque
662 1128 798 1177 ante
820 1123 1270 1179 Constantinum
1293 1130 1578 1195 usurpata
1598 1139 1717 1177 non
1741 1129 1829 1176 est
1852 1141 1865 1188 ;
1891 1120 1990 1191 qui
2010 1151 2022 1160 -

368 1226 602 1280 cunque
625 1227 756 1266 eam
786 1229 988 1267 vocem
1012 1214 1337 1284 usurpavit,
1363 1213 1448 1268 vel
1471 1213 1578 1268 sub
1611 1213 2022 1277 Constantino,

369 1299 460 1353 vel
486 1306 618 1370 post
648 1317 784 1355 eum
816 1302 1069 1373 scripsit.
1101 1304 1238 1356 Post
1281 1302 1733 1357 Constantinum
1767 1301 2022 1356 scribere

370 1406 494 1445 non
526 1391 717 1461 potuit
746 1398 952 1447 auctor
981 1394 1247 1464 epistola)
1280 1393 1353 1447 ad
1384 1395 1716 1448 Romanos:
1751 1398 2026 1461 excerpta

376 1479 536 1532 enim
567 1480 696 1550 ejus
729 1480 1014 1551 epistolaa.
1047 1481 1108 1536 in
1139 1482 1352 1552 quibus
1388 1481 1671 1552 Leopardi
1704 1498 1808 1534 vox
1842 1480 2026 1534 liabe—

375 1573 491 1636 tur,
526 1569 586 1622 in
622 1569 1002 1625 Ecclesiastira
1031 1571 1263 1626 Eusebii
1322 1573 1567 1626 Historia
1601 1575 1855 1634 exstant,
1892 1587 2022 1639 quas

376 1657 484 1712 sub
515 1659 901 1715 Constantino
934 1661 1093 1716 edita
1144 1667 1250 1716 est.
1289 1661 1423 1716 Vult
1474 1661 1654 1732 igitur
1703 1661 2025 1714 Bochartus

375 1747 484 1801 sub
515 1749 910 1804 Constantino
961 1751 1284 1821 primulum
1329 1751 1628 1805 inventam
1660 1767 1790 1805 esse
1826 1765 2022 1804 vocem

376 1836 700 1908 Leopardi;
751 1841 1048 1894 Romanos
1095 1840 1414 1911 scriptores
1461 1857 1592 1894 eam
1624 1839 1813 1909 primo
1848 1855 2021 1892 usur—
2056 1863 2101 1926 Β

375 1942 546 1996 passe
572 1948 586 1995 ;
622 1930 852 1984 Graecos
882 1943 1009 1983 eam
1046 1946 1248 1984 vocem
1279 1947 1313 1984 a
1345 1929 1626 1984 Romanis
1658 1935 1862 1999 postea
1892 1943 2022 1981 mu-

379 2021 571 2072 tuatos
589 2033 719 2073 esse
745 2035 758 2084 ;
783 2019 1192 2073 simulatorem
1218 2019 1424 2090 lgnatii
1448 2019 1603 2073 inter
1625 2020 1856 2072 Grmcos
1888 2016 2026 2070 scri-

377 2112 578 2176 ptores
610 2113 667 2162 et
697 2109 952 2178 primum
986 2115 1045 2162 et
1075 2109 1266 2163 solum
1301 2109 1570 2162 eamdem
1603 2107 1947 2178 arripuisse,
1970 2111 2029 2159 et

377 2196 601 2266 Ignatio
627 2197 1213 2269 supposuisse.atque
1235 2199 1385 2252 hanc
1406 2198 1718 2268 epistolam
1735 2196 2027 2261 emisisse,

376 2297 696 2357 antequam
720 2289 977 2343 Historiae
1012 2287 1225 2342 librum
1263 2288 1500 2341 tertium
1534 2287 1814 2341 conderet
1844 2288 2024 2340 Euse—

375 2374 529 2428 bius.
557 2377 599 2429 Ο
623 2376 805 2430 miras
827 2378 1112 2448 temporis
1135 2377 1456 2447 angustias,
1482 2375 1694 2446 quibus
1719 2375 1899 2429 miser
1925 2375 2030 2428 im-

374 2470 576 2535 postor
628 2465 958 2520 includitur
991 2466 1001 2519 !
1037 2468 1079 2522 0
1124 2466 1372 2521 bardum
1420 2473 1477 2520 et
1516 2464 1817 2537 stupidum
1849 2466 2032 2519 Euse-

377 2552 562 2619 bium,
597 2555 695 2626 qui
724 2571 858 2610 cum
881 2555 982 2610 diu
1007 2563 1140 2610 ante
1166 2555 1450 2626 Leopardi
1474 2555 1820 2610 vocabulum
1856 2559 2029 2608 natus

376 2649 553 2713 esset,
589 2644 815 2699 ﬁctitiis
842 2645 1170 2701 litterarum
1205 2645 1501 2700 mercibus
1535 2651 1655 2700 tam
1683 2644 1876 2710 facile,
1908 2650 2029 2700 tam

376 2731 528 2789 foede
560 2734 844 2806 deceptus
875 2741 964 2791 est
988 2735 1000 2790 ι

446 2841 558 2895 Sed
581 2841 884 2897 videamus
907 2842 1205 2912 quomodo
1231 2842 1440 2914 probet
1456 2842 1530 2899 cl.
1548 2842 2029 2907 Bochartus,eam

372 2945 575 2984 vocem
606 2931 978 2986 Constantini
1038 2948 1158 2986 aavo
1204 2932 1451 3002 cmpisse
1492 2931 1787 3002 usurpari.
1827 2953 1848 2979 ι
1883 2930 2030 2984 Cum

375 3019 557 3088 enim,
590 3021 804 3091 inquit,
837 3021 1024 3076 tribus
1055 3021 1289 3076 saeculis
1320 3026 1454 3091 post
1491 3021 1792 3076 Christum
1824 3026 2030 3074 natum

372 3108 434 3163 in
449 3110 729 3164 Romanis
742 3109 1129 3181 scriptoribus
1147 3127 1440 3181 nusquam
1459 3126 1521 3165 re
1530 3109 2029 3180 periatur,quarto

376 3203 435 3253 et
465 3198 678 3254 exinde
729 3199 947 3270 passim
979 3199 1256 3256 occurrit.
1290 3222 1318 3250 »
1353 3199 1486 3253 Haec
1516 3215 1588 3252 ex
1619 3198 2027 3253 observatione

377 3288 642 3344 Gesneri.
683 3289 895 3342 Verum
929 3305 1004 3343 an
1063 3293 1199 3342 ante
1259 3292 1529 3358 tempora
1559 3287 1791 3356 Traiani
1825 3287 1886 3342 in
1917 3303 2028 3343 usu

373 3376 556 3432 fuerit
584 3394 654 3432 ea
686 3394 815 3442 vox,
848 3377 922 3432 ad
953 3393 1062 3431 nos
1093 3393 1213 3431 non
1259 3377 1548 3447 pertinet;
1583 3377 1850 3446 quamvis
1880 3376 2026 3431 mihi

376 3465 622 3521 dubium
655 3483 775 3521 non
805 3467 882 3520 sit
913 3466 1056 3536 quin
1080 3465 1183 3520 diu
1204 3473 1340 3520 ante
1362 3471 1645 3536 usurpata
1668 3467 1890 3532 sit,non
1914 3467 2026 3520 mi-

373 3571 487 3609 nus
511 3571 687 3625 quam
706 3555 1228 3626 Camelopardalis,
1252 3559 1353 3610 aut
1373 3555 1772 3620 Leocrocutta,
1797 3553 1868 3609 de
1890 3555 2026 3625 qui-

375 3641 490 3699 bus
521 3644 639 3712 agit
661 3644 1082 3710 Plinius.Quod
1102 3651 1238 3700 ante
1263 3650 1538 3714 quartum
1560 3644 1846 3700 smculum
1868 3643 2028 3715 apud

383 3731 700 3802 scriptores
730 3736 1046 3800 Romanos,
1079 3751 1227 3805 quos
1273 3734 1496 3806 legerat
1530 3734 1874 3802 Bochartus,
1907 3751 2026 3788 non

379 3823 734 3895 reperiatur,
753 3825 996 3879 minime
1021 3824 1227 3895 probat
1243 3824 1304 3878 in
1325 3840 1434 3878 usu
1456 3840 1575 3878 non
1589 3823 1801 3891 fuisse;
1827 3823 2028 3895 plures

383 3913 544 3967 enim
575 3913 893 3984 scriptores
923 3929 1130 3968 eorum
1162 3918 1496 3982 temporum
1517 3912 1822 3983 perierunt
1848 3927 2026 3983 quam

381 4013 734 4077 supersunt;
759 4006 945 4078 aliqui
966 4005 1214 4061 fortasse
1235 4009 1486 4071 exstant,
1513 4021 1660 4076 quos
1683 4005 1780 4060 ille
1802 4022 1923 4060 non
1943 4006 2026 4061 le-

378 4094 499 4166 git;
539 4096 746 4166 aliqui,
781 4112 927 4165 quos
957 4094 1209 4150 credidit
1235 4099 1370 4164 post
1399 4095 1850 4150 Constantinum
1880 4096 2025 4151 scri-

376 4184 744 4255 psisse,forte
765 4190 898 4239 ante
925 4200 1058 4239 eum
1081 4183 1478 4255 scripserunt;
1500 4183 1684 4255 aliqui
1706 4184 1806 4254 qui
1826 4184 1934 4240 sub
1955 4201 2025 4241 eo

380 4273 784 4329 meminerunt
819 4273 974 4328 vocis
1008 4272 1312 4344 Leopardi,
1338 4273 1673 4346 signiﬁcare
1704 4276 2026 4344 potuerunt

381 4377 512 4417 eam
524 4378 724 4417 vocem
746 4363 1009 4432 ipsorum
1026 4367 1196 4417 aetate
1216 4362 1388 4434 longe
1405 4362 1801 4432 antiquiorem
1821 4362 2023 4419 fuisse.

379 4452 508 4507 Non
532 4451 692 4522 legit,
718 4451 947 4522 opinor,
973 4450 1296 4506 Bochartus
1318 4451 1665 4506 Passionem
1697 4451 1792 4505 SS.
1815 4452 2026 4522 Perpe-

382 4542 498 4594 tuaa
523 4545 581 4593 et
602 4540 921 4596 Felicitatis
949 4540 1140 4611 primo
1163 4539 1224 4594 in
1246 4538 1440 4594 lucem
1473 4539 1544 4593 ab
1567 4538 1869 4593 Holstenio
1894 4555 2027 4609 pro-

380 4627 714 4685 ductam.In
731 4629 833 4685 illa
854 4636 1051 4686 autem
1073 4629 1348 4685 Passione
1365 4644 1472 4682 nos
1488 4627 1768 4698 legimus:
1789 4627 2026 4698 «Itaque

377 4717 442 4773 in
479 4719 900 4775 commissione
931 4717 1251 4791 spectaculi
1282 4720 1588 4770 revocatus
1612 4715 1890 4786 leopardo
1921 4734 2024 4772 ex-

379 4814 606 4879 pertus,
629 4809 808 4864 etiam
836 4809 944 4865 sub
968 4807 1196 4880 pulpito
1219 4805 1292 4861 ab
1320 4821 1458 4860 urso
1491 4810 1616 4860 erat
1645 4811 1904 4861 vexatus.
1929 4807 2016 4862 Sa-

378 4900 547 4954 turus
577 4903 776 4954 autem
809 4897 961 4953 nihil
988 4897 1176 4968 magis
1209 4909 1385 4965 quam
1403 4909 1607 4948 ursum
1629 4893 2022 4952 abominaba-

376 4990 603 5059 tur,sed
633 5007 752 5045 uno
782 5005 986 5044 morsu
1015 4983 1279 5056 leopardi
1309 4983 1521 5038 conﬁci
1555 4999 1614 5038 se
1640 4984 1767 5055 jam
1799 5001 2024 5056 pressu-

374 5078 594 5135 mebat.
622 5102 649 5129 »
700 5079 767 5134 Et
795 5083 1001 5149 postea
1029 5075 1185 5130 idem
1212 5074 1456 5127 Saturus
1486 5072 1738 5129 militem
1766 5075 2022 5146 alloqui-

373 5171 503 5223 tur:
527 5190 555 5218 «
583 5169 728 5224 Ecce
749 5165 968 5238 prodeo
986 5164 1108 5228 illo,
1129 5168 1188 5217 et
1211 5161 1282 5217 ad
1309 5177 1491 5217 unum
1516 5179 1776 5218 morsum
1796 5163 2022 5236 leopar-

375 5257 432 5312 di
467 5274 802 5312 consumor.
836 5259 906 5310 Et
953 5253 1154 5309 statim
1194 5252 1254 5306 in
1286 5251 1402 5306 ﬁne
1435 5253 1754 5323 spectaculi
1787 5253 2021 5326 leopar-

374 5347 448 5403 do
468 5345 757 5418 ejecto,de
777 5362 894 5400 uno
913 5358 1116 5399 morsu
1131 5346 1296 5396 tanto
1316 5340 1588 5412 profusus
1606 5344 2016 5413 estsanguine,

373 5442 442 5492 ut
469 5435 720 5507 p0pulus
743 5431 1059 5490 revertenti
1083 5429 1170 5485 illi
1191 5429 1435 5486 secundi
1460 5429 1834 5504 baptismatis
1857 5434 2020 5488 testi-

373 5523 641 5579 monium
674 5520 1102 5579 reclamaverit.
1130 5542 1157 5569 ››
1195 5519 1328 5574 Ηωσ
1348 5523 1546 5575 autem
1570 5520 1774 5576 Passio
1799 5520 2018 5592 scripta

373 5617 463 5669 est
506 5613 681 5668 annis
714 5616 815 5667 100
864 5616 1000 5667 ante
1046 5609 1360 5682 imperium
1390 5609 1784 5664 Constantini.
1837 5609 2017 5665 Elius

371 5702 718 5778 Spartianus
739 5703 978 5776 quidem
1009 5702 1117 5758 sub
1138 5700 1524 5757 Constantino
1547 5699 1913 5772 scripsit,sed
1935 5700 2016 5755 ita

2133 582 2243 636 bus
2264 583 2662 653 antiquiorem
2681 598 2813 638 eam
2835 583 3017 638 fuisse
3039 583 3481 655 agnoscatjiaac
3501 583 3663 638 enim
3688 584 3791 638 ha-

2129 670 2230 725 bet
2251 671 2312 726 in
2341 672 2467 727 Vita
2497 673 2782 727 Antonini
2813 673 2969 727 Geta)
2993 688 3006 727 :
3041 695 3069 724 «
3096 672 3408 728 Familiare
3432 673 3519 726 illi
3543 672 3654 726 fuit
3677 674 3786 728 has

2132 762 2496 832 quaastioues
2511 763 2912 834 grammaticis
2930 768 3354 834 proponere,ut
3372 762 3790 830 dicerent,sin-

2129 850 2267 922 gula
2313 851 2595 907 animalia
2625 852 2922 923 quomodo
2955 868 3156 907 vocem
3207 852 3567 916 emitterent,
3601 852 3785 919 velut,

2130 941 2264 1013 agni
2285 942 2761 1014 balant,porcelli
2777 942 3394 1016 gruniunt,palumbes
3416 943 3791 997 minurriunt

2130 1033 2254 1088 ursi
2286 1033 2556 1098 saaviunt,
2580 1033 2783 1089 leones
2816 1034 3072 1105 rugiunt,
3093 1032 3361 1104 leOpardi
3394 1033 3630 1097 rictant,
3665 1031 3790 1087 ele-

2131 1124 2338 1194 phanti
2388 1123 2681 1190 barriunt,
2736 1140 2896 1178 ranm
2952 1130 3226 1186 coaxant,
3285 1123 3421 1194 equi
3481 1122 3788 1192 hinniunt,

2131 1213 2283 1268 asini
2315 1213 2557 1276 rudunt,
2592 1213 2743 1270 tauri
2775 1214 3066 1285 mugiunt,
3099 1230 3317 1282 easque
3367 1213 3438 1266 de
3488 1213 3793 1267 veteribus

2131 1303 2486 1373 approbare,
2535 1304 2625 1358 vel
2673 1303 3154 1375 approbarent.»
3207 1302 3552 1374 Spartianus
3585 1304 3788 1372 itaque

2136 1394 2235 1446 100
2255 1398 2392 1447 ante
2415 1392 2866 1448 Constantinum
2899 1393 3074 1448 annis
3101 1394 3302 1448 Getam
3326 1409 3360 1447 a
3379 1392 3791 1465 grammaticis

2133 1482 2474 1552 quaesivisse
2507 1482 2786 1549 ostendit,
2812 1499 2887 1537 an
2912 1482 3208 1554 leopardis
3239 1483 3581 1538 conveniret
3613 1481 3789 1536 ricta-

2131 1587 2216 1638 re,
2270 1577 2328 1625 et
2375 1571 2618 1641 quinam
2651 1589 2721 1627 ex
2750 1572 3048 1627 veteribus
3089 1589 3218 1628 eam
3249 1589 3450 1628 vocem
3483 1571 3788 1641 leopardis

2133 1658 2501 1714 tribuissent.
2554 1659 2706 1715 Satis
2755 1661 2934 1732 igitur
2980 1661 3225 1732 antiqua
3275 1678 3385 1716 vox
3440 1660 3784 1731 leOpardus.

2133 1748 2497 1803 Glossarium
2529 1755 2711 1812 vetus,
2748 1750 2855 1804 sub
2907 1750 3205 1805 Benedicti
3257 1750 3499 1805 nomine
3531 1749 3785 1813 editum,

2134 1838 2380 1892 omnino
2405 1837 2633 1898 videtur
2651 1839 3022 1893 Constantini
3043 1840 3292 1910 imperio
3311 1839 3468 1894 haud
3486 1839 3663 1910 paulo
3686 1855 3792 1892 an-

2137 1925 2378 1996 tiquius,
2405 1926 2464 1980 in
2490 1943 2605 1996 quo
2630 1926 2907 1994 legimus:
2937 1927 3292 1998 Leopardus,
3315 1923 3790 1998 πέρδαλιςΡοιιι-

2135 2015 2304 2084 peius
2336 2016 2562 2079 Festus,
2599 2038 2624 2064 «
2660 2015 2940 2088 Bigenera
2979 2017 3258 2072 dicuntur
3283 2017 3564 2072 animalia
3596 2033 3668 2071 ex
3699 2017 3793 2071 di-

2135 2121 2300 2159 verso
2331 2121 2547 2176 genere
2582 2112 2740 2175 nata,
2783 2112 2848 2160 ut
2898 2105 3214 2178 leopardus
3246 2124 3314 2161 ex
3347 2107 3517 2161 leone
3551 2113 3608 2160 et
3638 2123 3790 2178 pan-

2136 2192 2324 2247 thera.
2353 2215 2380 2242 »
2404 2193 2532 2264 Ipse
2564 2200 2760 2249 autem
2793 2195 3015 2261 Festus,
3048 2211 3083 2249 a
3111 2195 3372 2250 ()harisio
3406 2200 3462 2248 et
3495 2195 3791 2249 Macrobio

2137 2283 2430 2350 laudatus,
2465 2285 2513 2338 si
2547 2285 2689 2339 satis
2732 2286 3011 2355 antiquus
3057 2303 3175 2340 non
3209 2287 3322 2352 sit;
3357 2291 3515 2341 certe
3549 2286 3792 2340 Verrius

2139 2373 2591 2445 Flaccus,'cujus
2613 2373 2900 2429 librorum
2923 2375 3231 2446 Epitomen
3256 2376 3511 2446 scripsit.
3537 2375 3791 2448 Augusti

2137 2469 2308 2517 aetate
2331 2463 2502 2528 vixit;
2539 2469 2597 2518 et
2621 2464 2755 2534 quis
2786 2464 2910 2519 hac
2943 2464 3102 2520 illius
3133 2465 3310 2520 verba
3337 2465 3521 2520 fuisse
3551 2481 3788 2520 assere-

2136 2553 2443 2620 ret,refelli
2467 2570 2586 2608 non
2611 2555 3012 2624 posset.Caute
3033 2554 3209 2626 igitur
3231 2554 3386 2609 hunc
3409 2554 3605 2609 locum
3629 2555 3789 2609 Festi

2138 2643 2520 2720 praetermisit
2565 2643 3058 2716 diligentissimus
3117 2644 3464 2711 Bochartus,
3523 2644 3622 2698 ubi
3657 2643 3788 2713 ejus

2137 2731 2423 2786 all‘erendi
2453 2731 2825 2786 occasionem
2851 2731 3058 2786 habuit
3078 2732 3335 2786 maxime
3365 2737 3788 2802 opportunam.

2137 2820 2282 2876 Cum
2315 2822 2473 2877 enim
2531 2821 2828 2878 att..lisset
2886 2839 3018 2892 quas
3074 2827 3298 2878 veteres
3343 2822 3623 2877 dixerunt
3654 2845 3681 2870 ‹‹
3717 2821 3791 2875 de

2135 2911 2460 2966 leaenarum
2516 2928 2650 2967 cum
2709 2911 2892 2983 pardo
2959 2911 3298 2978 concubitu,
3357 2910 3515 2966 unde
3573 2926 3796 2965 novum

2141 3005 2471 3056 monstrum
2495 3001 2709 3070 editur,
2728 3002 2889 3067 huic,
2913 3001 3126 3072 inquit,
3150 3000 3513 3072 designanda
3537 2999 3800 3054 conﬁcta

2139 3089 2369 3145 videtur
2397 3091 2663 3162 leopardi
2696 3108 2841 3160 vox;
2878 3113 2906 3141 ››
2939 3091 3043 3146 sed
3074 3091 3236 3146 nullo
3281 3089 3626 3146 testimonio
3662 3105 3802 3144 eam

2141 3180 2547 3251 conjecturam
2575 3182 2932 3249 ﬁrmat,cum
2955 3182 3029 3238 ad
3053 3198 3293 3237 manum
3325 3189 3482 3237 esset
3510 3181 3606 3236 hic
3636 3182 3797 3236 Eesti

2057 3233 2100 3300 Ο
2141 3271 2306 3326 locus
2326 3271 2400 3326 ad
2416 3287 2546 3327 eam
2564 3288 2689 3328 rem
2708 3270 3726 3337 accommodatissimus.Quinetiam
3747 3271 3799 3326 si

2137 3377 2244 3415 vox
2267 3359 2531 3432 leopardi
2555 3362 2808 3418 conﬁcta
2839 3362 3099 3433 primum
3127 3359 3309 3415 sitilli
3342 3365 3608 3414 monstro
3641 3359 3799 3414 desi-

2137 3450 2395 3522 gnando,
2429 3451 2587 3521 quod
2616 3451 2848 3505 videtur
2879 3451 3188 3518 Bocharto,
3229 3455 3366 3505 ante
3415 3448 3794 3504 Constantini

2135 3556 2323 3594 savum
2347 3540 2475 3595 sine
2497 3539 2676 3595 dubio
2699 3541 2952 3595 conﬁcta
2974 3546 3096 3606 est;
3124 3546 3266 3595 tunc
3289 3539 3450 3594 enim
3472 3556 3579 3610 pro
3602 3537 3793 3609 quoli-

2135 3629 2234 3684 bet
2256 3630 2435 3701 pardo
2462 3637 2745 3701 usurpata
2769 3637 2878 3697 est,
2903 3630 3060 3701 quod
3088 3630 3188 3685 ille
3211 3629 3414 3685 multis
3446 3637 3503 3684 et
3533 3629 3782 3699 quidem

2133 3725 2292 3775 recte
2322 3720 2550 3791 probat.
2581 3721 2738 3775 Trita
2759 3720 2938 3792 igitur
2963 3719 3061 3776 illa
3085 3720 3188 3775 sed
3219 3719 3644 3775 catachrestica
3677 3735 3781 3773 vo-

2133 3809 2216 3864 cis
2248 3810 2552 3880 usurpatio
2582 3810 2862 3880 primaava
2901 3816 2960 3865 et
2997 3810 3236 3881 propria
3256 3809 3547 3881 posterior
3577 3809 3655 3864 sit
3683 3825 3788 3864 nc-

2135 3915 2298 3954 cesse
2353 3905 2459 3954 est.
2493 3898 2549 3953 Si
2579 3900 2758 3970 igitur
2787 3915 2821 3954 a
2851 3900 3134 3954 Romanis
3163 3899 3418 3954 conﬁcta
3442 3915 3512 3953 ea
3542 3914 3654 3952 vox
3685 3899 3786 3966 sit,

2135 3992 2275 4044 tunc
2297 3989 2554 4060 primum
2584 3989 2863 4060 imposita
2884 3988 3066 4045 fuisse
3089 3987 3338 4055 videtur,
3364 4004 3498 4044 cum
3529 4005 3625 4044 res
3657 3988 3792 4058 ipsa

2134 4079 2254 4134 illis
2281 4086 2424 4136 nota
2452 4079 2672 4136 fuit.Ut
2691 4079 3084 4136 Tertullianus
3111 4080 3182 4136 de
3205 4080 3410 4151 pallio,
3440 4087 3526 4134 oet
3547 4079 3593 4135 si
3625 4080 3786 4134 Grae-

2133 4187 2267 4225 cum
2289 4170 2495 4242 magis,
2522 4169 2624 4224 sed
2649 4169 2988 4243 linguajam
3018 4187 3198 4242 penes
3230 4171 3459 4226 Latium
3487 4176 3610 4234 est;
3646 4187 3786 4225 cum

2130 4275 2269 4314 voce
2316 4259 2494 4315 vestis
2519 4259 2777 4315 intravit.
2814 4282 2842 4310 ››
2876 4262 3002 4316 Non
3045 4259 3436 4315 dubitandum
3487 4263 3577 4313 est
3603 4259 3787 4331 igitur

2133 4349 2277 4419 quin
2297 4366 2406 4404 vox
2428 4366 2497 4405 ex
2519 4350 2712 4420 prima
2733 4350 2818 4404 rei
2855 4349 3044 4420 ipsius
3066 4349 3400 4422 cognitione
3431 4350 3778 4406 manaverit.

2132 4438 2378 4494 Romani
2409 4439 2564 4493 enim
2596 4438 2684 4493 vel
2711 4455 2879 4494 voces
2929 4439 3090 4510 ipsas
3135 4455 3271 4494 cum
3315 4438 3492 4493 rebus
3523 4439 3782 4508 accipie-

2131 4526 2293 4597 bant,
2323 4527 2410 4582 vel
2442 4528 2621 4584 rebus
2651 4529 2906 4599 acceptis
2964 4544 3069 4583 sua
3125 4527 3372 4582 nomina
3409 4526 3781 4582 indiderunt.

2057 4607 2102 4672 D
2137 4639 2163 4666 «
2198 4619 2490 4684 Camelus,
2511 4618 2707 4690 inquit
2737 4620 2938 4685 Varro,
2965 4634 3068 4672 suo
3092 4617 3333 4672 nomine
3358 4617 3417 4671 in
3440 4616 3666 4672 Latium
3695 4633 3789 4672 ve-

2136 4707 2244 4775 nit,
2268 4713 2335 4763 ut
2373 4707 2734 4763 Alexandria
2763 4706 3254 4779 camelopardalis
3285 4723 3475 4778 nuper
3505 4705 3784 4774 adducta,

2135 4799 2295 4869 quod
2324 4804 2449 4854 erat
2472 4799 2658 4870 ﬁgura
2677 4803 2742 4852 ut
2757 4797 3036 4864 camelus,
3061 4797 3309 4852 maculis
3331 4803 3395 4852 ut
3416 4797 3726 4868 panthera.
3752 4818 3780 4847 η

2136 4888 2239 4942 Vel
2269 4889 2448 4961 igitur
2477 4889 2577 4958 qui
2608 4887 2868 4960 primum
2918 4893 3190 4942 naturam
3240 4885 3400 4941 illius
3431 4886 3685 4940 monstri
3714 4903 3782 4942 ex

2133 4975 2322 5034 leaena
2343 4984 2401 5033 et
2422 4977 2606 5050 pardo
2628 4978 2810 5049 geniti
2833 4976 3113 5033 Romanis
3134 4975 3526 5044 tradiderunt,
3551 4975 3662 5030 sub
3684 4993 3784 5031 no-

2132 5069 2291 5124 mine
2320 5069 2586 5140 leopardi
2633 5067 2781 5123 illud
2829 5066 3264 5136 describebant,
3298 5073 3363 5121 ut
3391 5065 3779 5121 Alexandrini

2130 5157 2629 5230 cameIOpardalin
2648 5198 2662 5224 ,
2684 5155 2775 5211 vel
2793 5173 2862 5212 ex
2876 5156 3275 5228 descriptione
3293 5156 3540 5211 Romani
3559 5172 3780 5212 nomen

2129 5247 2275 5304 illud
2315 5246 2680 5314 indiderunt,
2739 5251 2805 5302 ut
2861 5245 3027 5313 vesti,
3089 5261 3267 5316 quam
3326 5245 3786 5301 introduxerunt

2129 5337 2335 5404 Graeci,
2364 5353 2582 5392 nomen
2613 5335 2797 5408 pallii.
2848 5337 2961 5390 Res
3009 5341 3209 5390 autem
3256 5334 3402 5404 ipsa,
3436 5351 3540 5390 seu
3571 5341 3785 5390 natura

2128 5426 2290 5482 illius
2322 5425 2571 5482 monstri
2595 5425 2702 5481 sub
2727 5425 2836 5480 Titi
2868 5424 3118 5496 imperio
3151 5424 3431 5480 Romanis
3462 5424 3574 5478 fuit
3598 5424 3782 5496 probe

2127 5518 2378 5588 cognita.
2410 5517 2635 5573 Plinius
2667 5517 2826 5572 enim
2867 5532 2997 5571 eam
3047 5514 3331 5570 describit
3359 5515 3613 5570 Natural.
3651 5516 3778 5573 hist.

2126 5607 2228 5666 lib.
2262 5625 2378 5674 vni,
2409 5625 2536 5680 cap.
2599 5611 2684 5663 16.
2720 5608 2846 5663 Sive
2904 5609 3083 5680 igitur
3137 5605 3407 5672 Romani,
3443 5605 3560 5661 sive
3593 5607 3778 5662 (ΞΓωοί

2125 5697 2316 5769 primo
2346 5685 2494 5752 illud
2524 5713 2743 5754 nomen
2792 5697 3223 5770 excogitarunt,
3258 5694 3502 5750 dubium
3534 5712 3658 5752 non
3690 5702 3780 5752 est
