3974 6296
202 411 328 476 353

948 407 1007 473 σῐ.
1055 407 1470 470 PEARSONII
1514 404 1888 469 VINDICl/E
1931 404 2413 471 IGNATIANE.
2457 441 2536 455 -
2593 410 2791 473 PARS
2830 411 2914 474 II.

3520 415 3639 478 354

208 550 356 622 quin
387 553 526 606 ante
557 547 796 620 Trajani
818 550 1086 617 tempora
1113 544 1496 614 exstiterit,ut
1517 560 1585 599 eo
1617 543 1672 598 S.
1697 544 1870 614 lgna-
1901 544 1954 610 Α
1986 541 2220 598 duritiae
2252 544 2342 599 vel
2373 561 2640 601 censurae
2677 563 2797 602 suae
2837 546 3235 606 obstinatione
3257 557 3644 625 ruperunt,ut

203 640 327 704 tius
359 640 420 693 in
475 638 647 710 Syria
701 641 986 703 versatus,
1048 633 1204 689 unde
1265 635 1510 705 Vopisco
1544 655 1571 684 «
1605 631 1870 703 leopardi

204 734 449 784 centum
483 727 732 799 Syriaci,
763 746 791 778 ι
829 725 1002 780 etiam
1066 725 1138 778 de
1191 724 1391 796 pardis
1447 725 1532 778 uti
1590 722 1867 795 potuerit.

206 821 413 890 Neque
441 817 624 872 etiam
650 833 854 871 verum
886 821 992 879 est,
1026 815 1183 885 quod
1217 814 1536 868 Bochartus
1591 818 1778 883 putat,
1812 812 1872 866 id

208 906 568 964 vocabulum
588 905 746 977 apud
764 906 1027 960 Graecum
1050 904 1397 976 scriptorem
1414 919 1706 974 nusquam
1730 902 1870 958 alibi

207 1003 467 1053 exstare.
492 995 667 1067 Apud
697 995 858 1050 enim
891 996 946 1050 S.
981 994 1368 1049 Athanasium
1409 993 1471 1047 in
1503 993 1630 1048 Vita
1661 993 1716 1047 S.
1750 995 1870 1048 An-

204 1087 359 1141 tonii
393 1087 520 1140 haec
561 1085 690 1156 lego
726 1100 740 1141 :
774 1082 878 1138 Καὶ
913 1080 980 1150 ἦν
1015 1082 1042 1135 ὁ
1082 1079 1250 1141 τὸπος
1309 1079 1464 1142 εὐθὺς
1496 1080 1873 1153 πεπληρωμέ-

206 1197 298 1238 νος
333 1173 629 1252 φαντασίας
661 1173 924 1241 λεόντων,
974 1171 1209 1247 ἄρκτων,
1271 1169 1712 1246 λεοπαρδάλων⁶,
1741 1171 1870 1226 ταύ-

209 1287 322 1342 ρων
349 1266 440 1319 καὶ
502 1259 704 1338 ὄφεων,
765 1259 1007 1317 ἀσπίδων
1053 1262 1145 1316 καὶ
1204 1265 1479 1336 σκορπίων
1523 1263 1615 1316 καὶ
1667 1260 1866 1317 λύκων.

207 1381 234 1406 «ι
272 1359 535 1426 Eratque
573 1355 730 1410 idem
780 1354 945 1409 locus
977 1354 1170 1409 subito
1195 1354 1446 1409 refertus
1477 1353 1725 1424 spectris
1754 1353 1872 1407 leo-

207 1464 379 1514 num,
404 1461 704 1510 ursarum,
735 1444 1165 1516 leopardorum,
1201 1449 1506 1499 taurorum
1539 1449 1598 1498 et
1626 1459 1871 1514 serpen-

206 1536 384 1601 tium,
426 1534 703 1606 aspidum
746 1540 804 1588 et
834 1534 1212 1606 scorpionum
1246 1539 1304 1588 et
1341 1532 1637 1605 luporum.
1661 1553 1686 1582 ιι
1717 1533 1870 1589 Satis

207 1626 398 1696 igitur
427 1629 597 1679 vetus
630 1629 718 1679 est
747 1640 858 1678 vox
902 1615 1186 1694 leopardi.
1221 1623 1468 1678 Interim
1501 1624 1550 1678 si
1582 1624 1868 1678 Bocharto

208 1713 539 1776 credimus.
582 1712 796 1768 Dallaeo
829 1711 1190 1768 credendum
1219 1729 1339 1767 non
1371 1717 1458 1766 est
1491 1730 1505 1779 ;
1559 1713 1606 1767 si
1654 1713 1868 1768 Dallaeo

203 1804 390 1858 fidem
433 1802 783 1866 habeamus,
844 1803 1130 1858 Bocharto
1197 1802 1714 1868 renuntiabimus;
1749 1807 1866 1857 tam

1986 631 2125 701 quia
2154 632 2309 703 apud
2341 633 2484 689 alios
2506 634 2790 690 adulteris
2819 652 2930 708 pax
2963 637 3232 709 dabatur,
3266 641 3367 712 qui
3401 659 3520 698 non
3539 643 3638 699 da-

1983 720 2082 775 bat
2113 721 2183 776 de
2215 723 2476 778 Ecclesia
2509 731 2902 796 separaretur.
2938 749 2966 776 »
3015 728 3100 783 Ab
3132 730 3428 802 episcopis
3466 733 3644 806 igitur

1989 811 2282 868 Africanis
2313 830 2419 884 per
2439 814 2849 885 paenitentiam
2870 817 3090 890 recepti
3111 826 3253 874 sunt
3272 822 3641 879 mazchiante

1983 905 2217 956 aetatem
2248 903 2545 974 Cypriani,
2580 903 2845 976 adeoque
2867 913 3003 961 ante
3050 910 3417 966 Novatianos.
3454 907 3636 983 quue

1981 991 2053 1045 ab
2086 991 2342 1047 Ecclesia
2357 993 2579 1048 factum
2604 1001 2805 1051 narrat
2822 996 3147 1068 Cyprianus
3173 1017 3186 1066 ;
3209 1000 3637 1074 nullumigitur

1983 1085 2122 1135 tunc
2153 1083 2439 1153 temporis
2471 1083 2531 1138 in
2549 1084 2810 1140 Ecclesia
2827 1087 3105 1143 Africana
3135 1089 3438 1146 decretum
3456 1093 3636 1147 exsti-

1982 1169 2054 1222 tit
2081 1167 2154 1225 de
2186 1170 2472 1227 adulteris
2504 1173 2739 1244 penitus
2786 1192 2820 1230 a
2849 1176 3198 1246 paenitentia
3238 1181 3632 1238 removendis.

1982 1261 2180 1331 Neque
2212 1262 2431 1317 mirum
2458 1271 2546 1319 est
2576 1265 2804 1336 aliquos
2837 1272 2977 1322 tunc
3009 1271 3292 1340 temporis
3315 1272 3492 1327 etiam
3511 1273 3636 1344 epi-

1983 1366 2189 1421 sc0pos
2225 1353 2480 1408 mcechos
2513 1354 2748 1424 penitus
2781 1355 3182 1413 excludendos
3213 1365 3474 1429 putasse,
3498 1377 3636 1416 cum

1983 1439 2240 1495 sciamus
2258 1443 2747 1499 Montanistarum
2772 1445 3070 1502 erroribus
3086 1448 3374 1518 plurimos
3392 1450 3452 1503 in
3470 1450 3635 1504 Afri-

1983 1531 2176 1600 ca,qui
2191 1536 2389 1587 tamen
2413 1533 2471 1586 in
2494 1533 2758 1589 Ecclesia
2778 1541 3136 1606 perstarent,
3154 1538 3476 1610 implicitos
3494 1540 3638 1596 fuis-

1981 1620 2188 1674 se.Sub
2219 1622 2549 1693 Zephyrino
2565 1624 2901 1679 concedunt
2923 1624 3228 1682 decretum
3251 1627 3636 1697 fuisse,utad-

1982 1711 2363 1766 mitterentur
2389 1713 2462 1768 ad
2495 1715 2905 1784 poenilentiam
2941 1717 3154 1772 mwchi
3190 1734 3203 1784 ;
3237 1718 3386 1774 illud
3437 1725 3634 1776 autem

1981 1805 2264 1871 tanquam
2295 1817 2511 1857 novum
2554 1808 2611 1858 et
2640 1803 2996 1872 inauditum,
3038 1811 3096 1860 et
3143 1807 3326 1878 priori
3360 1809 3637 1865 Ecclesiaa

207 1892 365 1948 male
398 1892 558 1947 inter
588 1891 722 1947 illos
752 1892 815 1946 in
865 1891 1090 1964 Ignatio
1121 1892 1512 1964 expugnando
1571 1892 1865 1947 convenit.
1904 1915 1946 1979 Ι)
1980 1891 2288 1944 sententiae
2311 1893 2677 1946 contrarium
2708 1895 3116 1964 pronuntiant.
3156 1897 3473 1967 Perperam
3507 1915 3638 1952 om-

203 1985 322 2038 Nos
355 1989 519 2037 certe
549 1983 613 2036 in
646 1983 755 2038 hac
786 1999 848 2037 re
881 1983 1021 2037 dum
1052 1989 1264 2037 neuter
1295 1982 1464 2037 alteri
1498 1982 1707 2051 credit,
1732 1983 1868 2054 jure

205 2073 438 2145 Optimo
469 2073 668 2128 neutri
698 2071 1063 2128 credendum
1104 2078 1404 2144 putamus.

273 2163 574 2228 Tertio,S.
595 2163 856 2234 Ignatius
879 2163 939 2217 in
967 2163 1218 2233 epistola
1238 2162 1311 2218 ad
1343 2161 1869 2234 Philadelphenses

202 2269 305 2309 eos
338 2251 415 2308 ad
449 2252 740 2306 unitatem
787 2252 1246 2307 ecclesiasticam
1297 2257 1576 2324 tanquam
1612 2269 1730 2308 non
1757 2252 1868 2307 sibi

199 2346 440 2396 tantum
467 2340 572 2395 sed
596 2347 653 2395 et
666 2340 794 2396 aliis
817 2341 1025 2396 utilem
1041 2347 1221 2413 atque
1234 2341 1552 2397 salutarem
1575 2343 1864 2397 hortatur.

200 2454 226 2479 ‹‹
255 2433 567 2502 Quotquot
596 2431 755 2486 enim
787 2431 910 2498 Dei,
944 2431 1157 2502 inquit,
1183 2437 1322 2486 sunt
1381 2440 1433 2486 et
1463 2433 1599 2486 Jesu
1628 2432 1864 2499 Christi,

198 2520 296 2575 isti
330 2537 474 2575 cum
509 2520 783 2591 episcopo
815 2525 990 2588 sunt;
1025 2526 1083 2576 et
1112 2526 1404 2593 quotquot
1432 2521 1636 2592 utique
1668 2522 1864 2592 paeni-

198 2615 401 2665 tentes
433 2611 682 2666 veniunt
713 2611 775 2665 in
825 2612 1113 2666 unitatem
1171 2611 1461 2676 Ecclesiae,
1519 2616 1576 2666 et
1623 2611 1720 2666 isti
1763 2612 1862 2666 Dei

201 2707 443 2755 erunt.»
482 2703 561 2755 Ac
593 2718 795 2755 rursus
818 2707 952 2772 post
980 2718 1168 2774 pauca
1200 2719 1213 2755 :
1255 2723 1276 2753 ι
1311 2701 1418 2757 Ubi
1450 2701 1656 2756 divisio
1689 2706 1777 2756 est
1808 2705 1866 2755 et

197 2791 482 2845 ira.Deus
513 2806 633 2845 non
669 2791 1206 2846 habitat.0mnibus
1236 2792 1418 2861 igitur
1443 2791 1865 2864 paenitentibus

198 2879 459 2934 dimittit
489 2879 722 2944 Deus,si
746 2880 1072 2951 pmniteant
1099 2880 1160 2934 in
1194 2879 1483 2935 unitatem
1517 2881 1615 2934 Dei
1645 2887 1702 2935 et
1723 2898 1866 2936 con-

196 2968 406 3023 cilium
433 2968 720 3039 episcopi.
749 2991 774 3015 ››
804 2969 954 3033 Quid
979 2969 1070 3024 his
1101 2971 1314 3034 verius,
1349 2970 1489 3040 quid
1523 2970 1861 3037 salutarius,

197 3058 344 3128 quid
379 3058 695 3127 antiquius
716 3058 743 3111 ‘2
773 3057 886 3113 Sed
912 3081 938 3107 ‹‹
969 3059 1078 3113 hoc
1107 3059 1178 3114 de
1214 3060 1607 3130 suscipiendis
1648 3059 1721 3114 ad
1747 3077 1861 3131 pa:-

195 3147 525 3202 nitentiam
563 3146 744 3217 lapsis
775 3147 1077 3203 decretum
1101 3149 1484 3205 Montanistas
1517 3156 1573 3205 et
1603 3151 1865 3205 Novatia-

193 3254 306 3291 nos
333 3243 549 3308 aperte
580 3237 795 3307 pulsat,
830 3237 930 3292 diu
961 3244 1093 3309 post
1126 3239 1413 3311 lgnatium
1437 3245 1689 3296 exortos.
1711 3261 1740 3289 »
1776 3242 1861 3295 An
1894 3278 1936 3343 Ο

194 3328 306 3381 hoc
335 3325 525 3380 scribi
579 3344 695 3380 non
728 3327 919 3398 potuit
956 3334 1094 3383 ante
1133 3329 1508 3398 Novatianos,
1541 3336 1641 3385 aut
1682 3329 1857 3384 etiam

197 3416 600 3470 Montanistas
621 3417 649 3469 ‘.’
669 3419 752 3471 An
777 3433 951 3472 nemo
975 3417 1119 3473 illud
1142 3418 1299 3490 quod
1331 3436 1531 3474 verum
1565 3426 1654 3474 est
1675 3437 1861 3475 enun-

194 3505 347 3559 tiare
379 3511 604 3578 potest,
637 3512 956 3577 antequam
987 3507 1058 3562 ab
1120 3508 1236 3563 alio
1267 3510 1562 3580 negetur?
1597 3509 1862 3564 limretici

197 3603 301 3650 aut
332 3595 705 3650 schismatici
739 3612 976 3668 semper
1016 3597 1126 3653 hac
1156 3599 1388 3654 ratione
1420 3600 1668 3654 convicti
1703 3606 1861 3667 sunt,

197 3685 361 3755 quod
386 3701 524 3740 eam
561 3686 864 3740 veritatem
899 3694 1342 3759 negarentquaa
1369 3696 1543 3744 antea
1568 3690 1630 3744 in
1661 3691 1862 3745 Eccle-

199 3775 288 3829 sia
320 3774 786 3845 praedicabatur.
821 3775 954 3830 Haec
984 3793 1102 3831 non
1135 3779 1332 3833 minus
1366 3780 1699 3834 Donatistas
1731 3781 1861 3852 pul-

203 3873 338 3919 sant
364 3881 548 3936 quam
578 3865 1005 3931 Montanistas;
1041 3884 1110 3922 ea
1157 3873 1354 3922 autem
1415 3869 1633 3941 scripta
1682 3869 1862 3924 fuisse

203 3953 534 4010 adversarii
566 3952 828 4008 fatentur
854 3961 991 4010 ante
1043 3957 1354 4024 Donatum,
1411 3959 1616 4030 quidni
1645 3965 1702 4014 et
1728 3965 1864 4014 ante

203 4041 606 4100 Montanum?
633 4043 719 4098 Ad
753 4043 1105 4100 ﬁrmandum
1156 4053 1569 4119 argumentum
1627 4049 1865 4104 adducit

204 4133 631 4190 auctoritatem
665 4132 1028 4206 Albaspinei,
1064 4135 1163 4206 qui
1197 4136 1270 4191 ob
1324 4138 1594 4193 eamdem
1627 4155 1864 4194 causam

204 4240 503 4280 canonem
537 4224 855 4296 quemdam
879 4225 1314 4282 Clementinum
1367 4234 1542 4301 negat
1570 4245 1700 4284 esse
1732 4247 1866 4301 apo-

204 4315 514 4379 stolicum,
548 4319 607 4366 et
637 4318 774 4368 ante
803 4314 1162 4385 Cyprianum
1197 4318 1408 4372 sanciri
1444 4319 1725 4390 potuisse.
1755 4319 1866 4374 Sed

202 4403 478 4474 loquitur
504 4401 901 4473 Albaspineus
933 4404 1002 4458 de
1036 4405 1472 4475 puenitentium,
1491 4409 1601 4463 hoc
1619 4414 1708 4464 est
1738 4409 1866 4482 ipso

204 4493 559 4562 interprete,
592 4489 1019 4559 adulterorum,
1055 4493 1401 4550 sicariorum
1435 4501 1492 4551 et
1522 4496 1869 4553 idololatra-

1979 1978 2139 2034 nino.
2171 1980 2570 2037 Tertullianus
2603 1981 2726 2053 ipse
2761 1984 3027 2054 agnoscit
3073 1987 3431 2041 sententiam
3463 1986 3631 2042 illam

1976 2069 2274 2139 pontiﬁcis
2305 2071 2551 2126 Romani
2580 2071 2756 2142 paulo
2791 2077 3108 2142 antequam
3134 2073 3349 2130 librum
3376 2077 3448 2130 De
3463 2077 3634 2146 pudi-

1976 2159 2132 2224 citia,
2158 2157 2286 2228 jam
2310 2164 2474 2214 extra
2496 2158 2817 2215 Ecclesiam
2851 2162 3099 2232 positus,
3134 2163 3440 2229 scriberet,
3469 2163 3637 2219 evul-

1973 2251 2172 2319 gatam
2198 2247 2401 2302 fuisse.
2439 2270 2466 2297 «
2502 2248 2712 2315 Audio,
2747 2250 2964 2320 inquit,
2998 2251 3177 2306 etiam
3209 2251 3470 2307 edictum
3505 2269 3634 2308 esse

1975 2337 2368 2407 propositum,
2405 2342 2461 2390 et
2518 2337 2759 2408 quidem
2819 2340 3314 2410 peremptorium,
3345 2342 3634 2413 pontifex,

1974 2425 2549 2490 scilicet,maximus,
2565 2427 2726 2498 quod
2750 2433 2838 2482 est
2861 2428 3172 2501 episcopus
3196 2431 3627 2503 episcoporum,

1974 2515 2184 2569 edicit:
2209 2517 2324 2588 Ego
2351 2521 2407 2570 et
2427 2518 2690 2572 mmchiaa
2710 2523 2768 2572 et
2784 2517 3194 2574 fornicationis
3213 2519 3431 2576 delicta
3450 2522 3630 2593 paeni-

1973 2607 2160 2661 tentia
2191 2607 2409 2661 functis
2440 2606 2732 2662 dimitto.»
2767 2609 2879 2662 Sed
2903 2608 3174 2664 eamdem
3223 2611 3400 2666 etiam
3425 2612 3630 2668 Eccle-

1972 2694 2071 2749 sia;
2103 2694 2409 2749 catholicae
2443 2696 2798 2751 sententiam
2825 2696 3028 2762 fuisse,
3052 2704 3369 2769 antequam
3393 2701 3621 2771 Zephy-

1971 2783 2085 2838 rini
2120 2784 2422 2840 decretum
2454 2784 2692 2856 prodiit.
2727 2785 2910 2841 libere
2967 2787 3187 2842 fatetur
3241 2787 3334 2842 his
3378 2788 3568 2844 verbis
3602 2806 3616 2844 :

1978 2897 2002 2929 α
2026 2877 2146 2931 Erit
2177 2877 2354 2949 igitur
2384 2883 2442 2931 et
2472 2877 2566 2932 hic
2606 2877 2884 2933 adversus
2913 2880 3225 2949 Psychicos
3264 2879 3490 2946 titulus,
3523 2881 3622 2936 ad-

1977 2985 2176 3022 versus
2193 2983 2339 3022 mem
2363 2985 2596 3038 quoque
2625 2969 2935 3024 sententia:
2965 2975 3119 3024 retro
3145 2986 3326 3041 penes
3357 2971 3493 3026 illos
3523 2990 3620 3028 so-

1972 3057 2270 3117 cietatem,
2306 3073 2420 3126 quo
2454 3057 2641 3128 magis
2674 3057 2782 3110 hoc
2823 3057 2966 3110 mihi
3022 3059 3082 3111 in
3132 3064 3330 3113 notam
3366 3060 3620 3116 levitatis

1972 3145 2292 3216 objectent.
2330 3170 2356 3194 »
2389 3146 2674 3216 Psychici,
2701 3145 2810 3200 hoc
2837 3151 2924 3200 est
2945 3147 3241 3215 catholici,
3275 3154 3334 3203 et
3370 3165 3505 3204 cum
3523 3167 3623 3206 ca-

1973 3237 2209 3291 tilulicis
2239 3237 2640 3292 Tertullianus
2670 3237 2960 3308 ipse,ante
2987 3238 3286 3294 decretum
3309 3242 3624 3312 Zephyrini

1985 3325 2142 3379 idem
2167 3325 2514 3380 docuerunt.
2549 3325 2708 3380 Nihil
2740 3324 2918 3397 igitur
2946 3325 3041 3380 hic
3073 3343 3287 3381 novum
3322 3335 3424 3383 aut
3454 3329 3629 3384 inau-

1973 3413 2162 3468 ditum
2199 3415 2254 3467 in
2288 3413 2610 3470 Ecclesiam
2642 3414 2937 3469 invectum
2961 3421 3135 3483 est,ut
3166 3421 3336 3487 putat
3357 3417 3626 3490 Albaspi—

1975 3525 2142 3562 nens.
2179 3507 2285 3562 Diu
2316 3514 2450 3562 ante
2494 3507 2892 3579 Zephyrinum
2950 3509 3264 3580 Dionysius
3297 3511 3624 3567 Corinthio-

1973 3613 2104 3651 rum
2140 3595 2668 3667 episcopus.Soteri
2694 3597 2957 3651 Romano
2989 3600 3385 3669 synchronns.
3419 3617 3628 3656 omnes

1972 3684 2528 3758 perpaenitentiam.
2561 3701 2634 3740 ne
2667 3685 2913 3740 mmchis
2967 3687 3209 3756 quidem
3266 3694 3369 3744 aut
3425 3693 3629 3760 quovis

1975 3775 2090 3830 alio
2123 3774 2471 3847 gravissimo
2524 3774 2772 3829 crimine
2832 3778 3097 3830 oneratis
3128 3779 3411 3850 exceptis,
3441 3781 3630 3836 susci-

1973 3863 2223 3936 piendos
2256 3879 2389 3918 esse
2419 3862 2638 3918 docuit.
2665 3865 2807 3918 Nam
2842 3863 2904 3918 in
2928 3864 3179 3934 epistola
3209 3866 3282 3920 ad
3314 3870 3630 3924 Amastria-

1973 3970 2100 4020 nos,
2135 3957 2282 4006 teste
2314 3951 2524 4006 Euseb.
2560 3951 2660 4005 lib.
2699 3968 2766 4020 IV,
2820 3968 2947 4023 cap.
2981 3954 3049 4006 23
3085 3969 3098 4006 :
3135 3950 3325 4006 Πολλὰ
3358 3954 3480 4027 περὶ
3529 3956 3624 4029 γά.

1978 4062 2082 4114 μου
2112 4039 2202 4095 καὶ
2236 4040 2445 4114 ἁγνείας
2487 4039 2603 4100 τοῖς
2665 4037 2850 4100 αὐτοῖς
2907 4047 3177 4113 παραινεί·
3238 4041 3328 4095 καὶ
3387 4042 3516 4104 τοὺς
3572 4045 3630 4115 ἐξ

1975 4128 2091 4190 οἵας
2125 4127 2289 4183 δὀὗν
2349 4127 2722 4191 ἀποπτώσεως
2779 4128 2812 4198 ἢ
2876 4126 3292 4202 πλημμελείας,
3352 4129 3460 4186 εἷ’τε
3520 4135 3627 4204 μὴν

1976 4222 2251 4294 αἱρετικῆς
2310 4214 2525 4287 πλάνης
2585 4216 3006 4294 ἐπιστρέφοντας
3094 4215 3400 4288 δεξιοῦσθαι
3467 4241 3634 4295 προσ-

1972 4309 2174 4364 τάττει.
2208 4331 2235 4358 ‹‹
2269 4307 2445 4364 Multa
2476 4324 2710 4380 quoque
2767 4308 2839 4364 de
2892 4309 3115 4379 nuptiis
3166 4316 3222 4365 et
3252 4311 3324 4366 de
3365 4313 3630 4368 castitate

1976 4403 2062 4458 eis
2087 4400 2390 4474 praecipit;
2425 4404 2483 4455 et
2505 4406 2749 4456 cunctos
2781 4401 2882 4472 qui
2912 4417 2947 4456 a
2967 4403 3174 4472 quovis
3196 4402 3363 4475 lapsu
3384 4405 3503 4460 sive
3525 4404 3631 4460 de-

1977 4491 2265 4559 licto,sive
2306 4489 2486 4545 etiam
2534 4489 2606 4544 ab
2650 4490 2928 4545 haeretico
2979 4507 3178 4547 errore
3232 4499 3628 4565 revertuntur,

206 4597 339 4636 rum
371 4579 739 4651 receptione,
769 4579 841 4635 de
873 4597 989 4652 qua
1018 4599 1080 4637 re
1107 4583 1167 4637 in
1221 4585 1399 4639 veteri
1456 4585 1718 4641 Ecclesia
1765 4587 1865 4642 diu
1897 4599 1943 4664 ί)
1974 4584 2226 4656 benigne
2260 4582 2478 4654 suscipi
2502 4582 2693 4654 jubet.
2726 4605 2754 4635 ››
2791 4585 2875 4638 En
2934 4590 3099 4641 vetus
3147 4605 3496 4660 προσταγμα,
3525 4605 3629 4645 seu

207 4670 581 4742 disputatum
615 4675 720 4724 est.
764 4671 983 4726 Auctor
1003 4688 1139 4728 vero
1173 4673 1560 4745 epistolarum
1585 4675 1656 4731 de
1678 4677 1864 4732 haere-

207 4759 339 4815 ticis
372 4765 436 4814 et
464 4758 862 4814 schismaticis
889 4760 1152 4832 loquitur
1177 4762 1249 4818 ad
1280 4763 1570 4820 unitatem
1591 4766 1868 4822 Ecclesia)

209 4856 267 4905 et
297 4848 626 4903 concilium
653 4848 912 4920 episcopi
927 4850 1557 4925 redeuntibus,quibus
1580 4857 1868 4926 paeniten-

211 4938 370 4992 tibus
420 4938 688 5008 receptio
740 4943 951 5011 negata
981 4957 1290 5013 nunquam
1323 4942 1451 5012 fuit,
1483 4949 1548 4998 ut
1596 4945 1656 4999 in
1687 4946 1868 5017 priori

211 5033 380 5098 parte
402 5032 714 5081 ostensum
741 5027 968 5083 est.Sed
1000 5045 1110 5085 nec
1156 5030 1303 5086 illud
1333 5049 1535 5088 verum
1568 5039 1676 5100 est,
1712 5035 1870 5106 quod

212 5119 608 5190 Albaspineus
665 5118 955 5175 observat.
988 5123 1135 5176 Ante
1190 5127 1423 5178 mtatem
1480 5123 1532 5178 S.
1593 5125 1867 5196 Cypriani

213 5209 394 5263 etiam
426 5208 640 5263 mmchi
673 5207 749 5263 ad
807 5209 1214 5279 pmnitentiam
1263 5211 1751 5269 admittebantur.
1784 5216 1872 5270 Ita

213 5296 340 5366 ipse
376 5301 630 5352 testatur
651 5298 908 5369 epistola
940 5303 1007 5354 52
1033 5317 1045 5354 :
1082 5322 1109 5350 ‹‹
1133 5302 1202 5354 Et
1231 5300 1473 5372 quidam
1496 5303 1650 5373 apud
1699 5309 1868 5359 ante-

211 5402 481 5442 cessores
511 5392 750 5443 nostros
781 5389 1022 5459 quidem
1050 5390 1122 5445 de
1151 5391 1443 5463 episcOpis
1485 5393 1544 5446 in
1567 5393 1869 5464 provincia

213 5480 416 5531 nostra
435 5475 699 5531 dandam
726 5492 936 5548 pacem
949 5479 1195 5534 moechis
1219 5495 1338 5534 non
1361 5482 1869 5551 putaverunt,etin

212 5569 398 5621 totum
423 5566 800 5637 pcenitentiaa
848 5566 1046 5623 locum
1073 5574 1280 5623 contra
1318 5569 1612 5624 adulteria
1642 5570 1872 5627 clause-

211 5663 378 5721 runt;
405 5671 528 5711 non
555 5661 758 5710 tamen
783 5672 818 5711 a
846 5659 1334 5730 coepiscoporum
1356 5676 1598 5714 suorum
1623 5661 1870 5735 collegio

206 5751 614 5814 recesserunt,
649 5750 755 5800 aut
786 5746 1090 5804 catholicas
1147 5748 1422 5804 Ecclesiae
1461 5750 1751 5807 unitatem
1783 5751 1874 5806 vel

1980 4675 2325 4731 mandatum
2357 4672 2711 4744 episcopale,
2746 4673 2816 4727 de
2851 4674 3206 4746 recipiendis
3237 4676 3440 4748 lapsis,
3491 4695 3630 4735 mo:-

1979 4764 2125 4824 chis.
2147 4763 2440 4818 haereticis
2472 4761 2720 4832 aliisque
2746 4778 2851 4833 per
2868 4764 3275 4834 paenitentiam
3309 4768 3630 4823 conversis.

1980 4857 2178 4924 Neque
2233 4868 2366 4908 vero
2399 4851 2601 4906 dubito
2634 4851 2776 4921 quin
2833 4852 3014 4923 hujus
3044 4854 3283 4925 generis
3325 4863 3633 4926 peccatum

1978 4946 2157 5001 fuerit
2185 4943 2332 5000 illud
2365 4942 2646 5008 Valentis,
2677 4943 2748 4997 de
2781 4959 2896 5013 quo
2930 4944 2982 4998 S.
3007 4944 3364 5016 Polycarpus
3385 4948 3634 5017 epistola

1980 5035 2053 5091 ad
2076 5033 2490 5105 Philippenses
2516 5051 2528 5086 :
2565 5032 2800 5087 «Nimis
2822 5032 3208 5088 contristatus
3235 5051 3367 5089 sum
3385 5053 3490 5108 pro
3523 5039 3634 5092 Va—

1979 5124 2266 5194 lente,qui
2294 5122 2602 5194 presbyter
2631 5123 2819 5178 factus
2853 5129 2943 5178 est
2972 5123 3292 5194 aliquando
3321 5127 3478 5197 apud
3511 5144 3634 5197 vos,

1980 5215 2139 5286 quod
2171 5214 2254 5268 sic
2275 5212 2504 5283 ignoret
2531 5212 2580 5265 is
2635 5211 2827 5266 locum
2862 5214 2959 5284 qui
2995 5213 3165 5268 datus
3197 5218 3286 5269 est
3318 5215 3390 5271 ei.
3425 5217 3630 5273 Moneo

1981 5305 2180 5374 itaque
2213 5318 2308 5355 vos
2329 5304 2397 5354 ut
2426 5298 2776 5354 abstineatis
2809 5300 2881 5356 ab
2915 5303 3078 5357 omni
3110 5303 3354 5360 avaritia
3384 5302 3638 5376 (πλεονε-

1982 5393 2116 5462 ξίας,
2178 5395 2244 5445 ut
2293 5393 2454 5444 recte
2513 5388 2939 5460 Hammondus)
2970 5398 3028 5446 et
3060 5392 3189 5448 sitis
3221 5394 3366 5448 casti
3397 5399 3453 5448 et
3477 5411 3638 5452 vera-

1981 5499 2099 5538 ces.
2137 5503 2162 5528 ››
2189 5481 2268 5534 De
2299 5479 2410 5533 hoc
2441 5481 2639 5532 autem
2674 5477 2916 5534 Valente
2949 5480 3030 5536 ita
3078 5487 3283 5553 postea
3325 5483 3590 5555 loquitur
3619 5501 3636 5542 ε

1983 5595 2012 5623 ‹‹
2040 5569 2212 5627 Valde
2244 5567 2641 5641 ergo,fratres,
2675 5567 2995 5624 contristor
3024 5587 3130 5641 pro
3158 5573 3261 5629 illo
3294 5580 3358 5628 et
3386 5575 3636 5648 conjuge

1983 5663 2110 5731 ejus
2137 5677 2150 5714 :
2184 5659 2400 5730 quibus
2433 5657 2531 5712 det
2554 5657 2705 5712 Deus
2729 5658 3138 5729 paenitentiam
3199 5679 3416 5717 veram.
3446 5665 3638 5724 Sobrii

1985 5767 2121 5823 ergo
2157 5754 2341 5805 estote
2370 5753 2428 5804 et
2456 5763 2560 5803 vos
2590 5748 2652 5803 in
2683 5748 2795 5804 hoc
2828 5764 2841 5816 ;
2875 5753 2932 5804 et
2987 5763 3110 5805 non
3169 5751 3321 5808 sicut
3361 5751 3638 5812 inimicos
