3974 6296
397 361 519 423 355

1459 357 1527 419 S.
1573 357 1983 421 IGNATIUS.
2029 387 2106 401 —
2149 355 2772 422 PltOLEGOMENA.

3701 361 3818 422 356

379 495 548 558 tales
578 493 951 562 existimetis,
983 492 1266 549 sed-sicut
1313 492 1620 565 passibilia
1673 491 1941 547 membra
1992 494 2050 545 et
2081 490 2132 557 Α
2164 489 2289 545 tiat.
2323 492 2448 557 Qua
2475 493 2726 563 ratione,
2751 493 2952 551 nullus
2982 493 3170 550 video.
3202 495 3291 550 An
3313 493 3455 568 quia
3507 496 3730 550 Menaea
3762 502 3818 553 et

398 584 660 642 errantia
691 601 790 639 eos
813 589 1102 652 revocate,
1134 589 1202 640 ut
1248 583 1517 638 omnium
1549 588 1806 637 vestrum
1832 597 2048 652 corpus

398 674 650 731 salvetis.
688 675 808 728 Hoc
839 674 998 728 enim
1025 678 1286 746 agentes,
1319 689 1420 726 vos
1464 671 1624 744 ipsos
1655 670 1982 727 mdiﬁcatis.
2009 692 2037 720 ι»

398 767 588 822 Etiam
613 764 848 837 juvenis
870 765 970 820 ille
1002 765 1157 835 apud
1171 764 1534 820 Clementem
1557 762 2046 829 Alexandrinum,

397 858 458 913 in
492 855 733 912 homilia
775 856 847 910 De
875 854 1067 923 divite,
1119 855 1227 910 sub
1285 855 1550 926 Origenis
1593 853 1834 910 nomine
1867 852 2044 918 edita,

397 947 497 1018 qui
534 945 802 1014 sicarius,
836 945 955 998 imo
1013 941 1293 1017 μιαιφόνος
1351 943 1559 1011 fuerat,
1619 942 1927 997 restitutus
1958 946 2048 996 est

393 1036 669 1094 Ecclesiae
702 1052 807 1108 per
845 1035 1254 1106 paenitentiam
1310 1033 1381 1090 ab
1414 1034 1541 1106 ipso
1599 1033 1654 1088 S.
1681 1034 1926 1088 Joanne.
1977 1034 2046 1087 Et

387 1125 705 1198 Apostolus
757 1125 880 1197 ipse
911 1123 1081 1179 nobis
1113 1123 1466 1179 describitur
1491 1122 1657 1193 quasi
1693 1117 1875 1181 διδοὺς
1910 1117 2044 1194 μέγα

388 1215 733 1293 παράδειγμα
784 1213 1068 1288 μετανοίας
1127 1213 1417 1286 ἀληθινῆς,
1473 1237 1499 1265 ι(
1555 1215 1702 1272 dans
1758 1230 2039 1287 magnum

388 1309 636 1366 sincerae
669 1306 1028 1378 paenitentiae
1060 1305 1414 1376 exemplum,
1452 1326 1477 1353 ››
1509 1310 1575 1360 ut
1603 1304 1854 1376 legimus
1883 1303 2040 1375 apud

390 1397 708 1454 Eusebium
731 1396 830 1452 lib.
863 1397 1172 1468 m,cap.23.
1211 1395 1376 1460 Quod
1409 1394 1746 1465 exemplum
1768 1394 2037 1449 Clemens

374 1487 576 1543 fusius
609 1491 956 1550 tractans,et
987 1486 1224 1541 tandem
1257 1501 1540 1557 perorans
1571 1484 1650 1540 ait
1681 1501 1694 1538 :
1723 1483 1785 1539 Ὁ
1817 1484 1919 1557 γὰρ
1949 1483 2037 1538 ἐν-

383 1577 553 1630 ταῦθα
612 1574 706 1629 τὸν
775 1572 1005 1649 ἄγγελον
1061 1577 1161 1638 τῆς
1223 1571 1510 1646 μετανοίας
1565 1570 1910 1647 προϊέμενος,
1971 1570 2032 1626 οὗ

386 1667 710 1738 μετανοήσει
765 1667 889 1720 τότε
946 1665 1109 1733 ἡνίκα
1169 1664 1228 1718 ἄν
1266 1661 1542 1736 καταλιπῇ
1574 1663 1636 1716 τὸ
1690 1667 1870 1734 σῶμα,
1907 1658 2033 1716 οὐδὲ

384 1754 909 1832 καταισχυνθήσεται
952 1754 1044 1808 τὸν
1088 1756 1322 1823 Σωτῆρα
1379 1750 1682 1826 προσιόντα
1742 1751 1876 1823 μετὰ
1929 1756 2029 1820 τῆς

2159 581 2586 652 Metaphrastes
2618 585 2962 641 Onesimum
2983 585 3301 657 quemdam
3336 591 3656 658 martyrem
3679 587 3816 644 des-

2158 670 2419 739 cribunt,
2447 689 2567 729 non
2603 679 2801 731 tamen
2833 674 3042 731 dicunt
3072 692 3207 731 eum
3237 675 3420 731 fuisse
3452 677 3666 749 Ephesi
3692 679 3816 752 epi-

2157 777 2400 832 scopum
2427 779 2438 816 :
2461 780 2537 818 an
2572 764 2712 835 quia
2728 765 3230 820 Constitutionum
3254 767 3704 822 consarcinator
3721 785 3812 824 re-

2152 847 2268 904 fert
2287 851 2632 908 Onesimum
2685 855 2898 910 Beraere
2947 855 3290 928 episcopum
3313 855 3495 911 fuisse
3524 872 3537 910 :
3565 874 3641 912 an
3678 859 3816 929 quia

2151 943 2486 1000 Dorotheus
2510 950 2567 1000 et
2596 945 2944 1020 Hippolytus
2977 946 3220 1003 tradunt
3249 947 3457 1004 Gaium
3505 950 3813 1006 Timotheo

2151 1033 2366 1104 Ephesi
2397 1037 2879 1106 successisse;an
2911 1038 3053 1109 quia
3084 1038 3447 1110 Nicephorus
3479 1039 3812 1097 docetOne-

2150 1123 2366 1178 simum
2401 1124 2506 1180 sub
2538 1126 2876 1183 Domitiano
2908 1127 3126 1183 obiisse
3155 1147 3169 1196 ;
3214 1127 3346 1183 ideo
3369 1127 3569 1184 nullus
3601 1131 3809 1190 Onesi-

2145 1229 2279 1269 mus
2310 1215 2538 1285 Epheso
2574 1233 2827 1288 praaesse
2884 1218 3079 1290 potuit
3131 1217 3239 1274 sub
3297 1218 3614 1275 undecimo
3651 1236 3808 1276 anno

2144 1302 2379 1373 Trajani
2404 1303 2538 1360 ?An
2564 1305 2777 1360 horum
2809 1306 3234 1379 quispiam,aut
3265 1307 3325 1362 hi
3357 1325 3563 1364 omnes
3577 1307 3808 1382 aliquid

2143 1391 2384 1447 tradunt
2406 1393 2564 1463 quod
2587 1394 2640 1448 id
2680 1396 2956 1451 evincat?
2975 1397 3191 1453 Demus
3223 1397 3564 1454 Onesimum
3591 1406 3812 1471 marty-

2139 1497 2266 1536 rem
2298 1482 2510 1554 Ephesi
2542 1500 2663 1539 non
2693 1484 2900 1554 fuisse,
2937 1485 3040 1541 sed
3071 1486 3283 1541 Berasae
3309 1505 3322 1554 ;
3353 1486 3561 1543 demus
3593 1489 3804 1544 Gaium

2141 1572 2495 1627 successisse
2544 1573 2848 1631 Timotheo
2914 1590 2928 1642 ;
2989 1576 3385 1632 concedamus
3455 1578 3802 1635 Onesimum

2138 1657 2339 1730 istum,
2375 1676 2552 1730 quem
2586 1678 2695 1717 nec
2728 1661 2811 1716 illi
2851 1681 2864 1730 ;
2913 1680 3022 1719 nec
3053 1664 3416 1737 Nicephorus
3452 1667 3802 1739 episcopum

2136 1748 2352 1820 Ephesi
2381 1750 2789 1816 nominat,sub
2829 1753 3162 1810 Domitiano
3177 1754 3394 1811 obiisse
3423 1773 3533 1812 :an
3565 1757 3804 1813 bisom-

383 1843 547 1900 αὐτοῦ
580 1841 741 1914 δόξης
796 1844 886 1899 καὶ
946 1843 1224 1918 στρατείας
1284 1839 1434 1914 ἰδὼν,
1495 1842 1559 1897 οὐ
1619 1838 1760 1896 δέδιε
1803 1840 1866 1895 τὸ
1920 1863 1952 1895 π

2225 1854 2312 1893 ius
2347 1841 2882 1904 concessis,verum
2917 1859 3045 1900 esse
3075 1861 3193 1900 non
3228 1852 3423 1916 potest
3445 1847 3794 1904 Onesimum

378 1956 408 1987 ‹‹
433 1938 574 1992 Nam
603 1936 704 2007 qui
735 1935 910 1990 modo
938 1933 1474 2006 suscipitangelum
1497 1933 2024 2005 pmnitentim,eum

379 2027 517 2080 tunc
545 2043 663 2081 non
695 2024 1006 2096 paenitebit
1035 2041 1169 2079 cum
1203 2024 1274 2079 de
1333 2039 1579 2095 corpore
1629 2021 1880 2087 decedit,
1913 2038 2024 2077 nec

374 2113 729 2171 Salvatorem
765 2113 965 2170 videns
996 2113 1407 2168 advenientem
1452 2127 1578 2168 cum
1617 2111 1800 2184 gloria
1830 2127 1935 2166 sua
1966 2116 2025 2166 et

372 2203 640 2258 exercitu
660 2203 809 2258 feret
832 2203 1239 2275 ignominiam,
1266 2203 1672 2274 nequeignem
1704 2199 1939 2256 timebit
1992 2222 2020 2250 ››

363 2292 477 2348 .Ubi
509 2292 586 2346 ad
617 2293 842 2347 Hermae
873 2294 1148 2348 Pastorem
1179 2296 1378 2362 aperte
1410 2291 1641 2358 alludit,
1674 2295 1734 2347 et
1761 2291 2024 2347 ostendit

369 2381 522 2438 nihil
550 2382 610 2436 in
671 2382 930 2437 Ecclesia
979 2388 1116 2437 tunc
1177 2383 1456 2453 temporis
1496 2382 1806 2437 definitum
1837 2381 2018 2437 fuisse

369 2471 443 2526 de
465 2472 757 2543 majorum
791 2472 1108 2527 criminum
1137 2470 1252 2526 reis
1284 2488 1318 2526 a
1338 2471 1626 2527 beneﬁcio
1657 2471 2018 2542 pmnitentiaa

350 2561 785 2616 ecclesiastica)
836 2561 1072 2633 penitus
1141 2560 1541 2616 excludendis.
1593 2561 1760 2616 Certe
1843 2560 2020 2617 verba

367 2651 600 2722 Ignatii,
660 2651 708 2706 si
765 2651 1123 2723 generaliter
1178 2651 1607 2723 acciperentur,
1658 2650 1802 2706 satis
1857 2650 2017 2705 aetati

353 2741 647 2812 martyris
679 2743 1064 2798 convenirent
1096 2759 1108 2807 ;
1143 2742 1189 2796 si
1223 2742 1418 2812 potius
1469 2742 1539 2796 de
1598 2740 1894 2796 haereticis
1925 2740 2016 2795 in-

367 2829 733 2900 telligantur,
765 2831 948 2886 cuivis
981 2831 1136 2886 aetati
1169 2831 1552 2887 conveniunt.

440 2921 676 2985 Quarto,
712 2920 973 2993 lgnatius
1016 2921 1266 2992 epistola
1292 2921 1364 2975 ad
1405 2921 1727 2992 Ephesios:
1761 2942 1790 2970 «
1827 2921 2018 2976 Pluri-

370 3026 533 3065 mum
567 3011 725 3065 enim
758 3010 1205 3066 multitudinem
1235 3017 1489 3065 vestram
1529 3011 1589 3065 in
1639 3011 1880 3066 nomine
1913 3010 2013 3066 Dei

367 3099 596 3170 suscepi
633 3100 692 3154 in
725 3100 1022 3165 Onesimo,
1057 3099 1157 3170 qui
1190 3100 1249 3154 in
1301 3099 1584 3155 charitate
1627 3099 2011 3155 inenarrabili

365 3194 476 3256 est,
504 3195 694 3244 vester
723 3195 921 3244 autem
954 3190 1016 3243 in
1057 3205 1232 3244 carne
1291 3189 1623 3260 episcopus.
1656 3191 2010 3260 Temporum

2136 1927 2456 1998 quemdam
2487 1929 2610 1985 Gaii
2645 1947 3049 1988 successorem
3074 1934 3304 2006 Epheso
3333 1936 3642 2007 praefuisse
3665 1955 3796 1993 cum

2134 2017 2394 2089 lgnatius
2417 2019 2489 2073 ad
2511 2022 2864 2092 martyrium
2891 2028 3111 2079 tractus
3131 2029 3222 2080 est
3240 2026 3267 2081 ‘1
3284 2027 3793 2099 NonneNicepho-

2133 2124 2234 2162 rus
2252 2108 2377 2178 ipse
2395 2109 2737 2166 Onesimum
2760 2113 3076 2182 quemdam
3099 2115 3795 2189 nominat,quipostsan-

2133 2200 2292 2250 ctum
2311 2197 2630 2268 Andream,
2653 2204 2714 2254 et
2735 2199 3011 2272 Stachyn,
3045 2203 3366 2276 epiSCOpus,
3379 2206 3639 2276 Byzantii
3663 2207 3792 2276 fuit,

2132 2282 2225 2336 cui
2249 2285 2533 2339 successit
2549 2286 3064 2359 Polycarpus?Non
3076 2289 3202 2345 haec
3217 2297 3512 2347 auctorem
3527 2293 3794 2365 epistolm

2130 2370 2448 2428 ridiculum
2471 2374 2730 2430 faciunt:
2768 2394 2943 2447 quem
2965 2379 3207 2434 omnino
3231 2397 3349 2436 non
3375 2386 3627 2456 tangunt
3656 2383 3792 2449 ;sed

2128 2460 2321 2533 potius
2339 2461 2908 2521 DallaeusUsserium
2928 2466 3240 2524 ridiculum
3256 2469 3502 2526 reddere
3521 2478 3794 2543 conatur,

2128 2549 2269 2606 dum
2291 2550 2624 2607 modestiam
2648 2554 2777 2625 ejus
2800 2555 3127 2628 laudat,qui
3145 2564 3306 2616 tanta
3326 2578 3460 2616 cum
3485 2561 3796 2636 diligentia

2136 2639 2260 2694 haec
2291 2641 2629 2698 testimonia
2649 2647 3030 2713 coacervavit,
3065 2664 3194 2718 quae
3218 2649 3402 2720 ipsius
3421 2667 3658 2706 causam
3686 2651 3792 2724 ju—

2130 2733 2423 2804 gularent.
2467 2735 2580 2790 Sed
2635 2737 2778 2792 satis
2826 2737 3021 2794 adhuc
3053 2756 3087 2794 a
3125 2741 3346 2797 Graecis
3398 2744 3792 2816 scriptoribus

2129 2825 2255 2876 tuta
2288 2822 2391 2877 illa
2446 2829 2554 2889 est,
2580 2826 2680 2896 qui
2715 2826 3059 2884 Onesimum
3114 2830 3169 2884 S.
3222 2831 3388 2887 Pauli
3419 2832 3790 2906 discipulum

2124 2911 2339 2982 Ephesi
2371 2913 2715 2986 episcopum
2741 2915 2924 2973 fuisse
2947 2934 3066 2974 non
3089 2919 3479 2978 tradiderunt.
3508 2923 3595 2978 Ad
3632 2925 3789 2979 Lati-

2125 3018 2234 3057 nos
2267 3002 2444 3074 igitur
2499 3003 2762 3075 confugit
2818 3005 3086 3077 Dallaaus,
3146 3012 3473 3082 asseritque
3540 3013 3783 3083 Bedam,

2122 3090 2499 3157 Adonem,No
2509 3092 3036 3168 tkerum,a1iosque
3050 3098 3111 3154 af
3113 3098 3347 3155 ﬁrmare
3366 3118 3572 3174 magno
3588 3120 3791 3161 omnes

2125 3196 2444 3249 consensu,
2474 3181 2655 3236 istum
2679 3182 2750 3238 ab
2780 3185 3006 3256 Ignatio
3046 3188 3353 3258 epistolico
3388 3198 3789 3247 memoratum

371 3238 476 3256 --Ἴ
517 3238 682 3244 .-ην
725 3238 921 3244 .._---__
955 3238 1016 3243 --_
1061 3238 1230 3244 -..----
1298 3238 1623 3260 -ι.----ι-..--
1668 3238 2010 3260 ---ηε---.πη
2432 3238 2442 3249 ,
2805 3238 2839 3256 υ
2897 3238 2941 3240 η
2983 3238 2994 3240 -
3055 3238 3349 3258 τηαν--
3389 3238 3789 3247 -..-..---..-....-

360 3279 576 3333 seriem
607 3279 820 3346 turbat,
853 3279 1048 3349 inquit
1096 3279 1183 3332 vir
1231 3278 1632 3344 doctissimus,
1664 3285 1722 3332 et,
1749 3278 2013 3350 loquitur
2051 3238 2094 3306 C
2125 3269 2465 3325 Onesimum
2494 3271 2661 3326 Pauli
2687 3271 3045 3345 discipulum
3062 3277 3265 3332 fuisse.
3295 3280 3409 3351 Ego
3442 3297 3575 3334 vero
3601 3281 3789 3338 talem

361 3367 431 3423 de
463 3369 704 3422 homine
728 3370 886 3423 velut
915 3369 1141 3423 vivente
1173 3369 1272 3438 qui
1306 3368 1666 3438 jampridem
1697 3374 1824 3423 erat
1854 3386 2012 3423 mor-

361 3460 518 3510 tuus.
553 3477 578 3504 n
616 3456 727 3511 Sed
758 3456 915 3512 unde
975 3461 1206 3512 constat
1259 3473 1396 3513 eum
1454 3457 1795 3513 Onesimum
1830 3457 2008 3513 fuisse

359 3549 674 3609 mortuum,
702 3545 772 3600 de
804 3562 920 3614 quo
951 3551 1157 3601 auctor
1185 3545 1451 3617 epistolae
1491 3551 1775 3617 tanquam
1807 3548 2005 3602 viven-

356 3638 499 3696 te,et
528 3634 742 3704 Ephesi
773 3635 1051 3706 episcopo
1077 3641 1216 3690 tunc
1244 3652 1378 3689 cum
1411 3636 2009 3707 scriberet,loquitur?

355 3721 438 3776 De
467 3721 691 3792 Ignatio
722 3729 927 3778 nostro
960 3724 1247 3778 Eusebius
1280 3741 1293 3777 :
1352 3722 1491 3777 Μίαν
1552 3723 1647 3794 μὲν
1709 3724 2004 3791 ἐπιστολὴν

357 3809 428 3879 τῇ
457 3810 592 3863 κατὰ
623 3810 850 3882 Ἔφεσον
900 3808 1200 3881 Ἐκκλησία
1252 3812 1468 3887 γράφει,
1527 3811 1788 3884 ποιμένος
1837 3812 2004 3881 αὐτῆς

357 3897 716 3970 μνημονεύων
749 3898 1067 3970 Ὀνησίμου.
1104 3925 1129 3950 ‹‹
1167 3903 1352 3956 Unam
1405 3902 1645 3973 quidem
1689 3903 2002 3974 epistolam

329 3989 586 4060 scripsit
613 3989 684 4044 ad
719 3990 1046 4046 Ecclesiam
1094 3992 1501 4062 Ephesiorum,
1536 3992 1796 4047 Onesimi
1852 3994 2004 4065 ipso-

353 4096 485 4135 rum
525 4079 781 4151 pastoris
812 4080 1177 4135 mentionem
1237 4080 1478 4136 faciens.
1506 4102 1533 4130 »
1566 4081 1663 4136 ille
1696 4083 1873 4153 igitur
1902 4082 2003 4154 qui

351 4169 599 4238 antiqua
620 4168 897 4223 Ecclesiae
922 4176 1309 4225 monumenta
1335 4177 1449 4224 tam
1482 4170 1722 4226 assidue
1753 4172 2000 4228 rimatus

349 4262 458 4324 est,
493 4258 617 4326 qui,
679 4263 765 4312 tot
795 4263 1058 4314 veterum
1106 4259 1520 4330 episcoporum
1553 4260 1847 4332 catalogos
1879 4267 1999 4316 tam

346 4344 664 4415 diligenter
692 4345 945 4416 collegit,
980 4345 1051 4401 de
1080 4351 1271 4402 morte
1299 4347 1559 4402 Onesimi
1609 4349 1997 4419 Ephesiorum

345 4433 605 4505 episcopi
637 4451 710 4489 ne
736 4427 1055 4491 minimum
1073 4436 1313 4508 quidem
1340 4436 1690 4508 suspicatur.
1711 4438 1995 4510 Undeigi-

347 4530 444 4579 tur
475 4522 634 4579 novit
667 4524 917 4581 Dallznus
949 4525 1292 4582 Onesimum
1325 4524 1516 4594 illum,
1549 4525 1719 4598 cujus
1770 4528 1994 4584 mentio

2121 3383 2474 3422 consensum
2497 3385 2615 3423 non
2636 3371 3056 3441 reperio.Beda
3090 3375 3242 3431 nihil
3265 3376 3443 3432 habet
3472 3378 3544 3434 de
3566 3381 3784 3452 Ignatii

2119 3457 2418 3522 Onesimo,
2455 3457 2603 3512 nihil
2648 3460 3127 3535 Martyrologium
3199 3468 3531 3523 Romanum
3565 3485 3579 3534 ;
3612 3470 3776 3541 apud

2120 3545 2449 3601 Usuardum
2481 3564 2600 3602 non
2622 3549 2889 3605 exstabat
2929 3569 2998 3607 ea
3028 3556 3312 3625 narratio,
3351 3557 3454 3612 sed
3485 3575 3518 3613 a
3547 3559 3784 3616 Joanne

2117 3635 2342 3690 Molano
2375 3637 2599 3693 inserta
2626 3645 2734 3708 est,
2758 3641 2872 3696 alio
2905 3642 3244 3700 charactere
3277 3651 3335 3701 et
3351 3648 3659 3718 praemissa
3687 3650 3785 3705 lit-

2116 3731 2243 3780 tera
2271 3727 2338 3795 Α,
2372 3743 2477 3798 per
2509 3745 2638 3799 quae
2653 3729 2840 3786 lector
2857 3731 3143 3791 facillime
3158 3735 3505 3793 advertatea
3522 3739 3778 3796 Usuardi

2115 3833 2235 3872 non
2267 3819 2529 3884 esse,sed
2563 3820 2878 3889 Adonis,ut
2908 3825 3174 3883 Molanus
3201 3828 3403 3900 ipsein
3427 3831 3780 3901 praefatione

2114 3907 2498 3964 monuit.Jam
2517 3925 2650 3965 vero
2669 3911 2925 3983 Ado,qui
2945 3915 3285 3972 Onesimum
3304 3919 3532 3982 S,Pauli
3555 3919 3777 3993 Ignati-

2113 4011 2295 4050 anum
2321 3995 2608 4064 facit,non
2632 4007 2832 4056 narrat
2854 4018 2990 4058 eum
3015 4004 3122 4060 sub
3148 4007 3484 4064 Domitiano
3509 4008 3730 4066 obiisse
3762 4028 3776 4066 :

2110 4085 2475 4157 Nicephorus
2497 4103 2759 4160 nuperus
2813 4092 3083 4165 scriptor,
3119 4095 3463 4152 Onesimum
3514 4099 3623 4153 sub
3657 4101 3776 4155 Do-

2110 4175 2357 4231 mitiano
2391 4183 2712 4248 martyrem
2743 4178 2904 4248 facit,
2946 4183 3289 4256 episcopum
3340 4187 3550 4259 Ephesi
3583 4188 3772 4246 fuisse

2109 4280 2229 4320 non
2259 4270 2481 4320 narrat.
2513 4267 2777 4342 Cumque
2797 4286 2932 4327 eum
2955 4273 3118 4330 solus
3144 4273 3244 4329 ille
3261 4277 3483 4333 referat
3519 4294 3589 4334 ea
3615 4287 3776 4335 tem-

2106 4359 2335 4426 pestate
2356 4357 2707 4428 martyrium
2736 4359 3136 4428 subiisse,non
3157 4364 3455 4422 immerito
3479 4368 3566 4423 illi
3589 4370 3772 4426 ﬁdem

2107 4443 2360 4516 denegat
2387 4446 2696 4516 Baronius,
2726 4451 3056 4520 praisertim
3086 4453 3136 4507 si
3167 4453 3238 4510 de
3271 4456 3546 4529 episcopo
3579 4459 3774 4530 Ephe-

2105 4533 2235 4589 sino
2267 4533 2798 4608 intelligatur.Nam
2831 4541 2879 4594 si
2912 4540 3014 4596 ille
3047 4544 3360 4615 episcOpus
3393 4547 3604 4602 Beraaaa
3631 4549 3768 4617 fuit,

343 4613 407 4668 in
440 4613 549 4668 hac
573 4615 826 4686 epistola
857 4615 1011 4671 facta
1039 4621 1148 4681 est,
1182 4632 1318 4670 cum
1350 4616 1612 4686 Smyrna)
1645 4622 1799 4672 esset
1831 4617 1999 4690 Igua-
2031 4615 2075 4681 D
2106 4639 2226 4679 non
2260 4628 2461 4680 autem
2493 4625 2728 4698 Ephesi,
2763 4633 2828 4682 ut
2876 4629 2980 4685 alii
3034 4613 3362 4705 Nicephoro
3393 4613 3769 4708 antiquiores

344 4703 485 4768 tius,
510 4703 572 4758 in
621 4704 761 4760 vivis
792 4721 912 4760 non
967 4705 1150 4760 fuisse
1180 4705 1207 4760 ?
1263 4705 1382 4760 Hoc
1424 4705 1600 4760 unico
1650 4714 1996 4778 argumento

341 4792 616 4861 fretus,et
645 4793 1120 4869 epistolw,quam
1150 4795 1370 4850 fatetur
1399 4797 1534 4850 ante
1560 4799 1792 4851 atatem
1815 4799 1992 4854 Euse-

341 4881 422 4938 bii
451 4883 756 4955 scriptam,
780 4889 836 4939 et
858 4883 1093 4940 Eusebii
1118 4884 1304 4955 ipsius
1322 4885 1734 4942 auctoritatem
1757 4887 1992 4945 eludere

341 4989 404 5028 se
437 4991 606 5045 posse
637 4978 852 5046 sperat.
889 4973 1171 5030 Observat
1223 4989 1293 5028 ex
1349 4974 1605 5045 Usserio,
1657 4977 1991 5035 Gi'aecorum

337 5062 562 5119 Menaea
593 5067 646 5118 et
681 5063 1032 5134 Symeonem
1061 5061 1512 5133 Metaphrastem
1537 5081 1654 5121 non
1674 5082 1989 5140 agnoscere

341 5154 686 5210 Onesimum
729 5157 1052 5224 martyrem
1109 5153 1291 5209 fuisse
1349 5154 1562 5227 Ephesi
1621 5158 1985 5232 episcopum,

338 5243 805 5300 Constitutionum
835 5241 1263 5312 apostolicarum
1287 5243 1637 5318 scriptorem
1686 5248 1985 5305 affirmare

337 5349 472 5388 eum
505 5334 717 5387 Βοηθοῦ
753 5331 1324 5404 episcopumfuisse,
1352 5336 1712 5394 Dorotheum
1735 5345 1793 5394 et
1842 5340 1985 5412 Hip-

306 5463 316 5495 τ
333 5422 600 5493 polytum
630 5438 894 5476 asserere
924 5421 1152 5490 Gaium,
1183 5423 1464 5481 Timothei
1521 5427 1582 5482 in
1639 5428 1984 5502 episcopatu

303 5510 974 5573 ,successorem'fuisse.
1001 5511 1416 5585 Nicephorum
1457 5515 1716 5588 denique
1752 5519 1981 5576 tradere

304 5600 679 5657 :Onesimum
710 5600 819 5657 sub
843 5601 1184 5664 Domitiano
1216 5603 1456 5663 obiisse.
1497 5608 1578 5662 Ex
1610 5607 1702 5664 his
1724 5612 1983 5670 auctori-

303 5685 440 5751 ,bus
471 5685 653 5759 plane.
664 5688 975 5748 ridiculum
998 5691 1384 5763 epistolarum
1403 5699 1703 5752 auctorem
1727 5713 1982 5768 pronun-

2106 4712 2362 4783 voluere,
2391 4714 2465 4769 ad
2495 4733 2604 4770 nos
2635 4733 2753 4772 non
2785 4720 3062 4790 pertinet.
3097 4722 3237 4787 Quis
3283 4725 3431 4780 enim
3457 4742 3575 4781 non
3609 4729 3771 4785 videt

2105 4802 2381 4860 Onesimo
2557 4805 2747 4875 Pauli,
2793 4808 3072 4882 episcopo
3125 4813 3360 4884 Demeae,
3397 4817 3768 4888 temporibus

2106 4893 2426 4950 Domitiani
2485 4892 2783 4964 defuncto,
2817 4899 3162 4956 Onesimum
3193 4903 3375 4960 alium
3404 4911 3535 4976 post
3572 4907 3768 4964 Timo-

2107 4983 2307 5040 theum
2342 4987 2401 5038 et
2432 4982 2636 5039 Gaium
2668 4986 2897 5058 Epheso
2928 5005 3185 5061 praeesse
3216 4993 3480 5064 potuisse
3522 4995 3633 5050 sub
3659 4997 3766 5052 im-

2103 5073 2268 5144 perio
2297 5072 2586 5143 Trajani?
2614 5074 2903 5140 Quoniam
2933 5083 3133 5135 autem
3169 5080 3420 5138 Dallaaus
3446 5085 3759 5153 notat,Ba-

2098 5162 2334 5218 ronium
2382 5161 2708 5234 Nicephoro
2766 5182 3024 5225 errorem
3075 5170 3357 5241 tribuere,
3391 5194 3418 5222 α
3478 5190 3601 5229 non
3645 5175 3762 5233 alia

2099 5247 2276 5324 quam
2305 5252 2513 5307 harum
2546 5253 2931 5324 epistolarum
2963 5261 3372 5332 auctoritate,»
3403 5280 3537 5334 qua.I
3560 5264 3758 5322 adhuc

2095 5341 2159 5398 in
2191 5342 2650 5398 controversiam
2683 5345 2968 5416 veniunt;
3014 5354 3071 5405 et
3125 5355 3327 5408 tamen
3356 5351 3597 5422 fatetur,
3632 5379 3660 5405 (ι
3696 5357 3755 5413 Si

2095 5431 2304 5503 Ignatii
2335 5447 2462 5486 vere
2495 5436 2776 5505 certoque
2809 5442 3008 5493 essent
3045 5441 3227 5511 (quod
3258 5442 3404 5498 mihi
3427 5443 3672 5515 quidem
3699 5452 3759 5503 et

2096 5537 2299 5576 verum
2327 5525 2384 5574 et
2405 5525 2633 5577 certum
2655 5522 2907 5597 videtur}
2929 5543 3132 5584 earum
3156 5530 3352 5602 potius
3373 5549 3556 5603 quam
3581 5534 3760 5591 Nice-

2091 5609 2263 5681 phori
2296 5625 2422 5666 esse
2455 5613 2822 5682 sequendam
2855 5614 3072 5685 fidem;
3118 5640 3144 5668 ››
3194 5620 3500 5677 videamus
3533 5623 3582 5676 si
3628 5641 3754 5682 non

2092 5700 2328 5768 aliunde
2349 5701 2684 5760 absurdum
2706 5721 2836 5762 esse
2862 5706 3129 5775 videatur
3158 5711 3502 5771 Onesimum
3533 5714 3755 5789 Ephesi
