3974 6296
391 383 505 444 359

1445 374 1509 435 S.
1555 369 1961 436 lGNATIUS.
2009 399 2085 412 --
2127 359 2753 430 PROLEGOMENA.

3695 368 3815 434 360

391 515 1082 573 Incarnationemautem
1099 510 1310 566 Christi
1325 509 1541 565 factam
1556 504 2037 579 pervoluntatem
2066 501 2115 568 Α
2155 497 2266 553 Sed
2300 496 2573 553 moderni
2603 497 2922 568 scriptores
2953 497 3362 566 SS.Patribus,
3397 498 3444 553 si
3469 497 3686 554 Dallaao
3728 499 3810 556 ita

391 616 449 666 et
480 608 804 681 potentiam
827 605 923 660 Dei
948 620 1120 659 nemo
1153 606 1348 674 negat.
1393 624 1407 648 ι
1436 601 1520 654 Ex
1577 597 1681 654 Dei
1737 596 2037 650 voluntate

396 699 646 755 Verbum
681 714 818 752 caro
849 697 1065 752 factum
1091 699 1198 758 est,
1237 715 1262 741 »
1298 691 1492 762 inquit
1515 687 1931 762 Tertullianus,
1966 685 2038 738 De

387 789 551 827 carne
583 771 805 837 Christi,
839 785 966 839 cap.
997 770 1078 820 19.
1114 767 1234 820 Imo
1270 759 1403 820 vero
1437 763 1484 817 si
1517 762 1650 832 quis
1682 759 1754 815 de
1813 763 2040 813 interna

387 861 769 935 generatione
801 856 1117 928 Filii,quod
1145 870 1388 911 necesse
1414 870 1533 908 non
1569 858 1677 920 est,
1716 851 1844 905 haec
1873 847 2032 904 acci-

389 967 528 1023 pere
561 949 829 1015 voluerit,
865 963 1045 1018 quare
1077 946 1187 1000 hoc
1238 945 1296 998 in
1329 943 1553 1015 lgnatio
1601 945 1858 1011 martyre
1916 953 2037 992 non

390 1039 724 1108 ferendum,
778 1038 935 1108 quod
988 1037 1050 1090 in
1109 1035 1243 1090 aliis
1273 1031 1567 1089 ferimus?
1596 1036 1663 1086 ut
1697 1030 1758 1084 in
1805 1027 2033 1084 Iustino

394 1137 673 1202 martyre,
704 1145 839 1183 cum
874 1127 944 1181 de
976 1126 1095 1181 Deo
1131 1123 1316 1179 Verbo
1353 1122 1636 1192 loquitur,
1707 1119 1850 1174 Dial.
1913 1132 2034 1172 cum

397 1220 690 1290 Tryphone
722 1235 734 1271 :
768 1217 862 1271 Ἐκ
891 1217 986 1268 τοῦ
1021 1213 1126 1266 ἀπὸ
1155 1215 1251 1266 τοῦ
1295 1210 1505 1284 Πατρὸς
1557 1205 1775 1277 θελήσει
1805 1211 2036 1281 γεγενῆ-

391 1310 531 1373 σθαι,
565 1331 591 1359 ‹‹
619 1326 686 1364 eo
713 1306 870 1378 quod
888 1323 958 1360 ex
977 1303 1166 1359 Patris
1187 1303 1470 1358 volitione
1493 1305 1666 1355 natus
1689 1297 1942 1367 est,»qui
1963 1295 2034 1350 ad

394 1396 885 1453 eumdemlocum
918 1397 1122 1465 postea
1152 1391 1498 1462 respiciens,
1522 1390 1642 1444 ait:
1679 1385 1781 1442 Καιὶ
1831 1382 1882 1439 ἓν
1917 1387 2034 1444 τοῖς

392 1485 820 1558 προειρημένοις
855 1479 943 1536 διὰ
978 1478 1225 1554 βραχέων
1271 1479 1355 1532 τὸν
1411 1479 1587 1551 Λόγον
1645 1475 1897 1548 ἐξήτασαι,
1955 1472 2035 1527 εἰ·

391 1575 509 1628 πὼν
541 1574 640 1642 τήν
674 1569 897 1644 δύναμιν
930 1570 1132 1638 ταύτην
1176 1571 1493 1642 ’τεγενῆσθαι
1524 1566 1632 1620 ἀπὸ
1661 1570 1758 1620 τοῦ
1821 1561 2031 1636 Πατρὸς

391 1661 612 1736 δυνάμει
641 1661 730 1716 καὶ
779 1659 955 1736 βουλῇ
1017 1659 1200 1713 αὑτοῦ.
1261 1658 1629 1714 Clementem
1687 1654 2034 1711 Alexandri—

389 1772 531 1809 num
563 1753 808 1809 ferimus
842 1752 942 1822 qui
978 1751 1228 1805 Verbum
1264 1748 1488 1803 vocavit
1551 1746 1613 1801 τὸ
1668 1743 1887 1817 θέλημα
1937 1745 2033 1797 τοῦ

391 1841 621 1910 Πατρός.
655 1843 719 1894 In
754 1839 1118 1894 Tertulliano
1153 1838 1263 1893 ista
1296 1837 1542 1892 ferimus
1577 1852 1589 1889 :
1646 1857 1672 1884 «
1705 1835 1845 1900 Quis
1879 1832 2032 1888 Deus

385 1932 447 1986 in
475 1947 543 1986 ea
575 1930 780 1985 natus?
794 1930 996 1984 Sermo
1021 1934 1078 1983 et
1099 1926 1476 1999 Spiritus,qui
1499 1942 1632 1980 cum
1657 1925 1937 1979 Sermone
1961 1922 2034 1977 de

387 2021 574 2076 Patris
623 2019 924 2074 voluntate
957 2023 1132 2073 natus
1154 2022 1260 2071 est.
1295 2039 1323 2066 »
1367 2015 1633 2070 Ferimus
1655 2014 1714 2068 in
1741 2013 1984 2084 Synesio
2017 2028 2030 2067 :

392 2104 571 2162 Ὠδῖνα
596 2106 1060 2178 Πατρὸς,γόνιμον
1097 2103 1327 2178 βουλήν,
1361 2111 1440 2164 et,
1469 2101 1596 2156 Ἐπὶ
1630 2097 1786 2155 παιδὶ
1820 2099 2032 2178 χυθεὶς,

385 2197 580 2251 Ἰὸτατι
613 2196 844 2274 σοφᾷ,ὶ‹1
875 2201 1054 2261 est,ut
1073 2194 1395 2264 Hesychius
1417 2194 1860 2263 interpretatur,
1897 2191 2033 2262 βου-

388 2284 570 2354 λήσει,
597 2283 837 2352 θελήσει.
901 2284 1113 2350 Quidni
1151 2283 1328 2355 igitur
1360 2283 1418 2336 in
1441 2282 1668 2353 Ignatio
1720 2279 2029 2335 ferendum

385 2373 509 2427 Υἱὸν
530 2374 667 2428 κατὰ
699 2371 914 2444 Θελημα
932 2373 959 2428 ‘l
983 2374 1030 2428 si
1050 2372 1366 2428 lectionem
1397 2371 1744 2426 Theodoreti
1768 2370 2032 2440 recipere

393 2464 673 2526 nolimus,
706 2480 816 2518 nec
842 2463 913 2518 de
944 2463 1354 2518 incarnatione
1386 2479 1522 2517 eum
1545 2461 1706 2532 loqui
1740 2461 2030 2528 sinamus,

390 2571 642 2624 quorum
677 2555 962 2608 utrumvis
995 2569 1231 2608 omnem
1263 2551 1673 2607 difﬁcultatem
1703 2550 1874 2606 tollit.

459 2661 658 2731 Capite
685 2661 748 2713 17
781 2659 1080 2714 desiderat
1117 2659 1204 2713 vir
1253 2658 1633 2712 doctissimus
1678 2658 1739 2711 in
1791 2660 2030 2711 auctore

387 2750 773 2822 epistolarum
805 2766 932 2804 eam
971 2749 1360 2804 reverentiam
1413 2765 1544 2819 quae
1602 2747 1814 2802 divinis
1863 2747 2030 2802 libris

383 2841 662 2904 debetur;
688 2856 806 2894 non
831 2838 988 2909 quod
1015 2839 1195 2893 ullam
1224 2839 1276 2893 S.
1303 2838 1618 2908 Scripturas
1639 2845 1866 2908 partem
1890 2837 2031 2890 irre-

380 2935 653 2985 verenter
677 2929 1017 2994 tractet,sed
1037 2930 1193 3000 quod
1225 2951 1251 2977 «
1288 2945 1354 2982 ex
1381 2929 1733 2999 apocryphis
1757 2928 2028 2998 quaedam

383 3021 632 3086 furetur,
665 3035 852 3089 eaque
885 3035 990 3090 pro
1043 3019 1195 3072 veris
1251 3023 1308 3071 et
1367 3017 1716 3071 indubitatis
1768 3022 1968 3088 ponat.
2000 3038 2026 3064 ››

382 3108 788 3164 lrreverentim
821 3107 1080 3178 exempla
1114 3107 1229 3161 duo
1283 3123 1355 3160 ex
1415 3106 1653 3176 spuriis,
1715 3122 1897 3159 unum
1960 3121 2030 3160 ex

383 3205 585 3254 nostro
619 3198 895 3268 proponit
938 3213 1005 3250 ex
1067 3196 1319 3266 epistola
1365 3195 1437 3249 ad
1495 3197 1863 3266 Smyrnaios:
1905 3219 1924 3243 α
1961 3197 2030 3249 Et

2069 1880 2115 1944 B

385 3253 633 3361 quando
655 3253 851 3342 adleos
881 3287 980 3356 qui
1014 3253 1169 3341 circa
1201 3289 1436 3339 Petrum
1469 3253 1644 3339 venit.
1696 3286 1778 3339 ait
1837 3285 1980 3356 ipsis
2015 3302 2028 3340 :
2058 3253 2110 3318 Ο

385 3376 1092 3449 Αρριθὶιειιάίιθ.ρξιῑριιιθ
1120 3391 1233 3436 me,
1270 3381 1326 3427 et
1355 3374 1567 3437 videte,
1621 3372 1702 3426 ὅτι
1758 3369 1857 3426 οὔκ
1916 3372 2028 3444 εἰμι

381 3463 664 3536 δαιμόνιον
725 3462 1034 3533 ἀσώματον.
1099 3484 1125 3512 ››
1203 3463 1585 3518 Protulerunt
1657 3464 1781 3518 haec
1855 3464 2032 3520 verba

378 3554 586 3627 Ignatii
616 3552 921 3621 Eusebius,
956 3554 1369 3623 Hieronymus,
1410 3552 1812 3608 Theodoretus
1847 3572 1861 3620 ;
1895 3553 2028 3608 nul-

374 3645 490 3699 lam
524 3649 724 3697 tamen
751 3642 812 3697 in
843 3642 966 3696 ullo
1001 3657 1137 3713 erga
1182 3643 1238 3696 S.
1301 3641 1526 3698 litteras
1582 3642 2026 3698 irreverentiam

378 3732 836 3802 notarunt,nihil
869 3733 929 3786 in
969 3732 1040 3786 iis
1087 3731 1276 3786 verbis
1335 3733 1709 3788 sanctissimo
1769 3739 2028 3804 martyre

379 3822 686 3894 indignum
722 3821 1000 3893 suspicati
1036 3827 1207 3890 sunt;
1243 3839 1350 3877 nos
1382 3839 1584 3877 eorum
1609 3823 1904 3893 judicium
1937 3841 2026 3879 se-

379 3913 768 3983 quimuero
798 3912 964 3967 locus
996 3911 1400 3982 S.Hieronymi
1424 3912 1682 3967 maxime
1705 3913 2024 3976 notandus,

372 4001 470 4072 qui
502 4001 880 4073 Evangelium
912 4001 1022 4055 hoc
1063 4005 1120 4054 et
1151 4001 1208 4056 S.
1270 4001 1585 4073 lgnatium,
1618 4001 1796 4056 simul
1857 4002 2024 4073 qnasi

367 4095 544 4146 testes
585 4089 786 4144 laudat
841 4087 942 4144 lib.
1008 4105 1091 4157 ιιι,
1160 4089 1406 4144 advercis
1473 4089 1840 4160 Pelagianos:
1899 4114 1925 4141 «ι
1961 4091 2024 4146 In

368 4178 683 4251 Evangelia
709 4179 886 4248 juxta
919 4178 1213 4241 Hebrmos,
1253 4178 1409 4248 quod
1438 4178 1751 4234 Chaldaico
1784 4179 2024 4250 quidem

371 4270 634 4338 Syroque
666 4268 1073 4333 sermone,sed
1105 4267 1407 4322 Hebraicis
1469 4266 1682 4323 litteris
1743 4269 2022 4341 scriptum

373 4361 604 4425 est,quo
630 4361 878 4411 utuntur
908 4372 1096 4427 usque
1128 4355 1303 4410 hodie
1356 4357 1659 4421 Nazareni,
1695 4359 2022 4414 secundum

379 4443 698 4516 apostolos,
727 4445 845 4500 sive
884 4449 950 4500 ut
1006 4444 1276 4516 plerique
1330 4450 1660 4514 autumant,
1685 4445 1857 4516 juxta
1887 4448 2023 4502 Mat-

378 4534 785 4606 thaeum,quod
815 4539 870 4590 et
893 4534 952 4589 in
985 4534 1330 4589 Cresariensi
1361 4533 1614 4589 habetur
1637 4533 2018 4604 Bibliotheca,

377 4628 581 4679 narrat
608 4624 879 4694 historia,
917 4647 936 4671 ι

377 4715 833 4786 martyr,scribit
860 4712 1142 4769 audacter
1175 4730 1186 4767 :
1217 4736 1243 4762 «
1270 4713 1459 4784 Elegit
1491 4713 1776 4771 Dominus
1794 4721 2022 4788 aposto-

375 4803 467 4859 los
497 4803 595 4875 qui
648 4821 826 4876 super
857 4820 1064 4859 omnes
1097 4803 1370 4858 homines
1392 4808 1734 4875 peccatores
1768 4812 1956 4861 erant.
1994 4829 2022 4857 ››

377 4893 600 4960 Quibus
631 4893 990 4949 testimoniis
1021 4893 1068 4947 si
1099 4910 1217 4947 non
1241 4893 1424 4948 uteris
1466 4893 1538 4948 ad
1585 4896 2019 4965 auctoritatem,

377 4989 543 5040 utere
577 4983 787 5039 saltem
820 4983 892 5039 ad
924 4983 1364 5055 antiquitatem,
1407 4983 1548 5054 quid
1581 5001 1787 5041 omnes
1843 4988 2023 5045 eccle-

379 5073 598 5129 siastici
629 5074 736 5128 viri
783 5074 1102 5130 senserint.
1139 5095 1166 5121 ››
1198 5071 1309 5128 Sed
1351 5073 1469 5128 illis
1499 5075 1681 5130 multo
1734 5078 2024 5133 oculatior

381 5165 470 5218 est
501 5161 771 5218 Dallaeus.
796 5162 1011 5218 Habuit
1041 5162 1197 5218 enim
1221 5163 1348 5218 haec
1378 5163 1555 5219 verba
1584 5181 1654 5219 ex
1710 5167 2020 5239 Evangelio

379 5253 645 5320 Hebraeo,
682 5252 839 5325 quod
858 5252 1264 5325 apocryphum
1297 5258 1404 5308 est.
1441 5254 1748 5323 Fortasse;
1775 5255 1876 5311 sed
1909 5257 2020 5313 hoc

377 5341 571 5414 ipsum
610 5341 788 5398 habet
841 5341 1092 5397 Dallarus
1149 5359 1182 5396 a
1240 5342 1294 5398 S.
1347 5343 1722 5415 Hieronymo,
1758 5352 1814 5401 et
1864 5346 2020 5416 quod

374 5435 632 5505 lgnatius
663 5435 775 5490 ista
822 5452 894 5490 ex
954 5435 1267 5508 Evangelio
1320 5435 1562 5492 Hebraeo
1628 5438 1912 5506 hauserit,
1964 5444 2021 5494 et

375 5521 532 5590 quod
555 5520 702 5576 illud
726 5522 1103 5595 Evangelium
1128 5523 1203 5577 sit
1228 5523 1628 5594 apocryphum
1659 5542 1672 5590 ;
1696 5524 1795 5595 qui
1823 5531 2019 5581 tamen

374 5624 510 5663 cum
535 5615 854 5685 utrumque
884 5629 1088 5668 verum
1120 5616 1372 5686 putaret,
1405 5612 1582 5667 simul
1633 5613 1811 5668 etiam
1862 5616 2016 5672 hanc

370 5697 695 5770 epistolam
748 5702 857 5776 ipsi
920 5705 1144 5776 lgnatio
1190 5701 1449 5757 tribuere
1509 5703 1656 5774 non:
1684 5703 2015 5760 verebatur.

2153 587 2438 652 videatur,
2469 587 2863 658 sapientiores
2893 592 3068 642 sunto
3094 603 3108 655 ;
3141 593 3300 642 certe
3325 588 3562 644 lsaacus
3593 589 3810 644 Casau-

2151 677 2363 745 bonus,
2416 683 2471 732 et
2528 683 2747 732 nostras
2795 677 3206 748 professionis,
3256 685 3315 733 et
3370 678 3588 733 summi
3650 679 3808 750 apud

2153 783 2358 822 omnes
2391 767 2656 822 eruditos
2687 767 2949 822 nominis
2979 767 3240 835 criticus,
3265 784 3399 824 cum
3449 768 3576 823 haec
3605 770 3809 824 omnia

2149 858 2372 930 optime
2403 857 2687 924 novisset,
2739 857 2823 911 sic
2875 862 3075 912 tamen
3131 858 3422 929 lgnatium
3482 857 3801 914 defendit:

2147 970 2174 998 ι(
2205 949 2320 1002 Nec
2354 946 2569 1002 mirum
2599 951 2689 1001 est
2718 946 2909 1002 virum
2943 947 3041 1001 Dei
3076 947 3370 1018 lgnatium
3401 948 3584 1003 citare
3611 948 3804 1004 obiter

2147 1037 2435 1108 scriptum
2496 1036 2928 1108 apocryphum,
2985 1036 3302 1108 rejiculum
3345 1042 3404 1092 et
3458 1037 3805 1110 reprobum.

2149 1128 2292 1182 Nam
2327 1130 2471 1196 quot
2495 1124 2682 1180 libros
2713 1125 2983 1197 ejusdem
3013 1125 3223 1181 farinaa
3273 1126 3479 1182 laudat
3528 1127 3804 1183 Clemens

2148 1214 2645 1270 Alexandrinus?
2678 1215 3062 1270 Verissimum
3127 1233 3343 1287 nempe
3389 1223 3479 1272 est
3532 1221 3804 1288 tempore

2145 1321 2296 1375 opus
2326 1304 2529 1371 fuisse,
2566 1309 2632 1358 ut
2680 1303 2957 1359 Ecclesia:
3001 1305 3358 1361 auctoritate
3415 1305 3813 1376 rejicerentur

2145 1394 2312 1450 multi
2348 1394 2510 1461 libri,
2545 1394 2644 1465 qui
2677 1395 2886 1466 primis
2916 1394 3151 1450 saeculis
3182 1394 3558 1450 auctoritatis
3585 1395 3800 1452 saltem

2145 1484 2472 1555 anticipitis
2503 1483 2761 1537 fuerant.
2797 1504 2825 1532 »
2850 1482 3132 1539 Observat
3153 1483 3282 1555 ipse
3311 1483 3655 1539 Blondellus
3683 1502 3806 1541 non

2146 1579 2289 1629 tunc
2319 1578 2621 1644 repertum
2651 1588 2782 1627 esse
2813 1573 3304 1646 quemquam,qui
3323 1574 3584 1630 cavenda
3601 1575 3805 1630 omnia

2143 1663 2504 1735 apocrypha,
2537 1668 2595 1716 et
2614 1662 2854 1734 grandis
2889 1677 3016 1718 esse
3047 1662 3381 1734 prudentiae
3405 1664 3802 1734 meminisset,

2143 1769 2354 1808 aurum
2388 1752 2448 1806 in
2483 1751 2606 1806 luto
2641 1767 2906 1822 quaerere
2941 1767 2954 1806 :
2989 1751 3148 1823 quod
3177 1757 3384 1823 postea
3411 1753 3553 1808 fecit
3596 1753 3806 1808 Hiero—

2143 1858 2380 1914 nymus.
2417 1840 2528 1896 Sed
2561 1846 2618 1895 et
2649 1840 2750 1895 diu
2773 1846 2909 1896 ante
2935 1840 3297 1897 Clementem
3328 1842 3799 1898 Alexandrinum

2145 1933 2246 1990 alii
2279 1933 2336 1988 id
2368 1932 2655 1988 fecerunt.
2685 1933 2894 1987 Narrat
2917 1933 3078 1988 enim
3122 1932 3411 1988 Eusebius
3445 1934 3802 2005 Papiam,uti

2144 2024 2274 2095 ejus
2304 2021 2650 2077 testimonia
2668 2037 2773 2092 pro
2807 2020 3050 2076 diversis
3082 2023 3137 2077 S.
3175 2021 3492 2094 Scriptura
3523 2022 3716 2087 libris,
3739 2028 3809 2078 ut

2145 2111 2318 2177 solet,
2351 2109 2796 2177 adducit,aliam
2827 2127 3064 2181 quoque
3099 2112 3444 2183 exposuisse
3497 2111 3799 2169 historiam

2143 2203 2215 2258 de
2246 2203 2519 2269 muliere,
2553 2218 2687 2272 quae
2718 2201 3045 2256 multorum
3077 2201 3392 2256 criminum
3427 2218 3627 2257 coram
3679 2205 3804 2258 Do-

2143 2292 2304 2348 mino
2338 2296 2619 2347 accusata.
2646 2295 2753 2354 est,
2798 2288 2864 2357 ἢν
2909 2289 2970 2342 τὸ
3026 2290 3147 2352 καθ’
3203 2286 3498 2362 Ἐϐραίους
3567 2288 3813 2364 Εὐαγγὲ-

2144 2379 2266 2436 λιον
2280 2380 2582 2455 περιέχει,‹‹
2599 2397 2774 2451 quam
2790 2380 3169 2452 Evangelium
3184 2382 3501 2436 secundum
3525 2381 3810 2438 Hebraeos

2146 2472 2433 2526 continet.
2473 2492 2500 2519 ››
2531 2470 2761 2540 Excipit
2799 2469 3073 2535 Dallwus,
3108 2470 3348 2542 Papiam
3397 2472 3586 2526 virum
3616 2471 3808 2527 fuisse

2145 2559 2431 2614 mediocri
2463 2558 2720 2627 ingenio,
2755 2557 3255 2629 Eusebiijudicio.
3294 2559 3349 2613 Si
3406 2560 3549 2630 quid
3597 2567 3804 2617 autem

2139 2648 2375 2703 Eusebii
2423 2647 2718 2717 judicium
2791 2647 3073 2702 adversus
3127 2649 3372 2719 Papiam
3403 2649 3576 2709 valet,
3611 2666 3802 2720 quare

2140 2755 2245 2810 pro
2298 2738 2518 2809 lgnatio
2571 2736 2718 2791 nihil
2768 2736 3033 2792 valeret?
3064 2753 3197 2792 cum
3229 2737 3299 2792 de
3332 2739 3527 2810 Papiae
3560 2740 3802 2810 scriptis

2133 2827 2366 2900 judicat
2395 2827 2702 2891 Eusebius,
2739 2827 2868 2896 ejus
2917 2827 3280 2883 sententiam
3313 2827 3804 2900 amplectiturvir

2141 2917 2549 2982 doctissimus;
2575 2932 2709 2970 cum
2741 2915 2813 2971 de
2846 2916 3114 2986 epistolis
3145 2917 3799 2988 S.lgnatiisententiam

2140 3009 2274 3076 fert,
2301 3024 2520 3071 errare,
2560 3007 2699 3074 labi,
2731 3007 2925 3078 decipi
2987 3024 3123 3063 eum
3182 3008 3368 3064 libere
3422 3011 3799 3081 pronuntiat.

2141 3100 2421 3163 Quaenam
2447 3097 2560 3152 erit
2601 3097 2920 3152 auctoritas
2962 3098 3174 3168 judicii
3218 3099 3347 3170 ejus
3401 3100 3462 3154 in
3527 3099 3796 3171 Papiam,

2141 3188 2241 3258 qui
2275 3193 2390 3243 tam
2425 3186 2676 3257 turpiter
2705 3186 2925 3258 lapsus,
2958 3192 3079 3243 tam
3112 3188 3394 3260 deceptus
3415 3206 3544 3246 esse
3575 3191 3798 3246 dicitur

2141 3278 2201 3332 in
2233 3277 2501 3347 lgnatio‘?
2525 3277 2834 3347 Utcunque
2868 3277 2964 3343 sit,
2991 3293 3111 3332 non
3166 3277 3297 3334 ideo
3330 3279 3646 3336 mediocris
3693 3282 3794 3337 in-

2137 3369 2290 3440 genii
2308 3375 2410 3424 aut
2429 3369 2799 3439 Papiam,aut
2819 3370 3084 3438 quamvis
3100 3370 3281 3425 alium
3306 3372 3455 3426 dixit
3477 3374 3768 3430 Eusebius
3782 3419 3797 3444 ,

2137 3459 2664 3531 quodlestimoniis
2690 3459 2975 3515 librorum
3000 3463 3475 3534 apocryphorum
3493 3470 3792 3523 uteretur:

2136 3549 2639 3621 quemadmodum
2679 3565 2788 3604 nec
2847 3550 2905 3604 S.
2957 3551 3248 3622 Ignatium
3307 3553 3556 3609 minoris
3615 3555 3783 3625 fecit,

2135 3639 2292 3709 quod
2323 3638 2499 3693 verba
2529 3638 2654 3694 haec
2686 3638 2858 3709 quasi
2887 3656 2922 3693 a
2949 3640 3200 3695 Domino
3241 3641 3394 3697 dicta
3445 3643 3789 3714 protulerit,

2134 3745 2268 3783 cum
2301 3729 2425 3800 ipse
2454 3725 2614 3782 unde
2646 3733 2884 3800 sumpta
2913 3735 3112 3784 essent
3168 3730 3338 3801 plane
3397 3731 3786 3804 ignoraverit.

2133 3817 2363 3889 Excipit
2390 3816 2650 3872 secundo
2682 3817 2819 3871 sciri
2851 3834 2973 3873 non
2997 3835 3275 3889 posse,an
3296 3820 3503 3876 eadem
3535 3821 3791 3880 historia

2133 3906 2289 3963 auud
2339 3911 2574 3961 nostros
2633 3907 3021 3979 evangelistas
3071 3914 3283 3966 exstet.
3338 3911 3624 3967 Praeclara
3647 3929 3788 3969 vero

2131 3997 2468 4052 observatio
2500 3996 2758 4063 Eusebii,
2784 3996 2832 4050 si
2863 3996 3120 4051 dubitari
3152 4004 3371 4068 posset,
3391 4015 3466 4054 an
3500 4016 3570 4055 ea
3601 4002 3788 4058 histo-

2129 4087 2239 4152 ria,
2275 4103 2452 4157 quam
2502 4085 2692 4158 tetigit
2738 4087 2972 4157 Papias,
3034 4087 3096 4142 in
3127 4089 3347 4144 nostris
3395 4091 3777 4164 evangelistis

2131 4176 2420 4231 exstiterit
2445 4176 2805 4240 ?Quorsum,
2834 4193 3056 4246 quaeso,
3098 4177 3160 4232 in
3203 4180 3511 4252 Evangelio
3563 4198 3786 4238 secun-

2128 4264 2269 4319 dum
2301 4264 2574 4320 Hebrmos
2596 4263 2851 4318 inveniri
2877 4264 3121 4333 diceret,
3163 4267 3210 4321 si
3243 4267 3305 4322 in
3336 4269 3554 4324 nostris
3603 4286 3785 4342 appa-

2127 4356 2348 4410 ruisset
2377 4355 2741 4426 ?praasertim
2778 4371 2846 4410 eo
2878 4354 3028 4420 loco,
3063 4373 3180 4427 quo
3214 4359 3554 4415 testimonia
3582 4362 3784 4433 Papiae

2125 4461 2232 4516 pro
2264 4443 2483 4498 nostris
2506 4443 2674 4499 libris
2723 4443 3009 4500 adducit?
3062 4447 3200 4511 Quis
3245 4449 3433 4503 nescit
3490 4449 3554 4503 in
3617 4467 3787 4507 more

2125 4535 2385 4606 positum
2417 4549 2546 4589 esse
2575 4533 2848 4600 Eusebio,
2882 4534 2981 4588 ubi
3016 4535 3088 4591 de
3119 4537 3420 4592 veteribus
3470 4539 3787 4610 scriptori-

980 4628 1088 4679 etc.
1125 4623 1408 4695 lgnatius,
1442 4623 1530 4676 vir
1551 4623 1912 4695 apostolicus
1964 4632 2020 4682 et
2049 4617 2094 4682 D
2127 4625 2238 4682 bus
2268 4626 2408 4698 agit,
2443 4641 2590 4697 quos
2614 4625 2799 4681 libros
2825 4628 3143 4683 canonicos
3185 4630 3392 4697 citant,
3424 4647 3575 4701 quos
3637 4633 3786 4688 item

2132 4715 2521 4787 apocryphos,
2552 4715 2802 4770 recitare
2823 4715 2850 4770 ‘I
2878 4716 3099 4787 Neque,
3126 4716 3359 4790 opinor,
3403 4736 3672 4790 unquam
3698 4722 3790 4776 illi

2132 4806 2194 4860 in
2225 4809 2487 4860 mentem
2519 4804 2698 4872 venit,
2718 4811 2785 4859 ut
2816 4821 2884 4860 ea
2905 4805 3036 4862 loca
3060 4813 3438 4876 memoraret,
3474 4826 3605 4880 quas
3657 4817 3786 4867 tum

2132 4895 2192 4949 in
2224 4892 2680 4958 canonicis,tum
2712 4893 2774 4948 in
2805 4895 3160 4966 apocryphis
3184 4896 3540 4968 legerentur.
3575 4899 3641 4954 In
3671 4917 3790 4956 no-

2134 4985 2270 5039 stris
2294 4981 2536 5054 quidem
2557 4999 2717 5037 nunc
2766 4983 3018 5040 habetur
3047 4985 3264 5040 mulier
3315 4993 3592 5043 accusata
3619 4989 3789 5045 adul-

2133 5073 2295 5138 terii;
2329 5071 2432 5126 sed
2462 5070 2566 5126 illa
2595 5071 2669 5127 de
2700 5089 2814 5144 qua
2834 5073 3072 5144 scripsit
3098 5075 3327 5146 Papias,
3361 5081 3489 5130 erat
3514 5073 3603 5129 ἐπὶ
3639 5075 3786 5132 πολ-

2131 5159 2254 5223 λαῖς
2287 5159 2576 5235 ἁμαρτίαις
2610 5155 2965 5230 διαϐληθεῖςα
3007 5185 3035 5214 ‹‹
3081 5164 3406 5221 multorum
3457 5165 3786 5226 criminum

2132 5255 2428 5319 accusata,
2460 5271 2482 5302 ι
2518 5255 2578 5306 et
2607 5252 2748 5322 quid
2779 5257 3069 5323 prmterea
3119 5254 3189 5309 de
3251 5269 3320 5310 ea
3371 5255 3626 5312 muliere
3686 5265 3798 5315 aut

2131 5359 2164 5399 a
2193 5341 2395 5414 Papia,
2424 5346 2526 5397 aut
2554 5343 2616 5395 in
2647 5342 2958 5414 Evangelia
2983 5344 3310 5400 secundum
3338 5345 3614 5401 Hebraeos
3645 5349 3796 5404 scri-

2132 5439 2296 5506 ptum
2329 5436 2436 5498 est,
2470 5447 2712 5502 prorsus
2743 5433 3065 5506 ignoratur.
3121 5435 3356 5490 Grotius
3395 5435 3638 5505 quidem
3687 5439 3796 5494 lli-

2132 5522 2375 5578 storiam
2406 5519 2466 5574 in
2527 5519 2582 5573 S.
2643 5521 2867 5576 Joanne
2915 5527 3213 5594 repertam
3270 5524 3331 5578 in
3373 5525 3787 5583 Nazarmorum

2131 5612 2372 5669 Hebraao
2397 5609 2601 5675 fuisse,
2635 5611 2777 5667 satis
2811 5629 2881 5667 ex
2914 5613 3271 5686 Hieronymo
3317 5620 3591 5670 constare
3625 5633 3794 5674 asse-

2131 5703 2242 5770 rit,
2273 5699 2376 5756 sed
2398 5716 2470 5755 ex
2504 5715 2619 5772 quo
2652 5700 2993 5774 Hieronymi
3027 5701 3172 5758 libro
3205 5703 3316 5759 ista
3358 5703 3645 5775 hauserit,
3678 5721 3790 5780 ego
