3974 6296
161 342 272 402 361

884 342 941 405 «1.
988 339 1406 406 PEARSONII
1447 338 1825 404 VlNDlGle
1868 339 2373 404 lGNATlANzE.
2421 376 2496 388 --
2539 341 2740 406 PARS
2786 343 2864 405 II.

3472 350 3593 412 362

161 475 428 532 nondum
461 474 664 532 didici.
691 478 898 546 Neque
936 492 1072 532 vero
1127 474 1516 548 quaarendum
1568 479 1656 529 est
1703 490 1730 544 q

2020 491 2117 531 ens
2147 475 2271 530 ait:
2307 472 2460 543 Ηλήν
2511 475 2594 529 ὃτι
2646 473 2786 550 ῥητά
2840 495 2961 530 τινα
3013 476 3090 542 ὡς
3129 477 3236 534 ἀπὸ
3293 484 3393 549 τῆς
3443 481 3589 544 θείας

165 566 346 621 modo
387 583 533 622 usus
566 572 657 621 est
685 567 916 637 Papias,
951 571 1264 637 postquam
1295 565 1354 620 id
1384 565 1520 621 sciri
1564 581 1684 621 non
1713 581 1824 636 po-

168 662 328 722 test;
391 655 751 727 simpliciter
805 655 1079 711 observat
1127 654 1438 723 Eusebius,
1493 653 1662 710 illum
1715 655 1827 708 hoc

165 745 486 818 Evangelio
520 747 710 802 semel
739 762 911 802 usum
935 762 1087 810 esse,
1109 751 1176 800 ut
1197 745 1587 817 Hegesippum
1611 744 1826 816 saapius

170 835 372 905 aliqua
433 833 747 905 protulisse
805 829 865 886 ἐκ
918 835 1014 887 τοῦ
1072 832 1189 885 καθ’
1245 825 1526 904 Ἐϐραίους
1586 831 1826 904 Εὐαγγε-

169 921 312 989 Λίου,
358 922 466 977 lib.
500 940 574 991 IV,
605 940 657 978 c.
692 923 780 977 22.
831 922 943 978 Sed
991 922 1040 976 si
1087 922 1300 992 Papias
1348 921 1573 994 lgnatio
1618 921 1828 994 junior

171 1015 240 1067 sit
270 1019 336 1068 et
365 1013 592 1086 ingenii
624 1012 1052 1079 imbecillioris,
1101 1012 1374 1067 Clemens
1417 1015 1716 1068 Romanus
1767 1017 1826 1066 et

169 1103 398 1176 lgnatio
421 1102 725 1172 antiquior
754 1107 812 1157 et
838 1102 1035 1172 magni
1053 1117 1288 1172 semper
1314 1101 1571 1169 habitus,
1590 1117 1708 1156 non
1731 1116 1826 1155 se-

171 1193 283 1247 mel
317 1191 640 1262 peregrina
669 1189 931 1258 advocat,
961 1205 1090 1258 quae
1113 1187 1268 1244 unde
1292 1193 1529 1260 sumpta
1551 1191 1691 1242 sunt
1719 1203 1825 1242 nos

167 1298 284 1336 non
299 1282 508 1336 minus
523 1279 1013 1348 nescimus,quam
1026 1277 1316 1334 Eusebius
1328 1277 1486 1334 unde
1500 1276 1650 1332 illud
1663 1276 1824 1349 Igna-

169 1378 400 1426 tianum
435 1369 765 1426 manaverit
821 1369 1132 1441 ignoravit.
1178 1370 1321 1424 Nam
1366 1367 1546 1436 unde,
1601 1383 1822 1438 quaeso,

167 1461 266 1516 illa
297 1459 489 1516 verba
529 1459 742 1530 Moysis
774 1463 1008 1530 sumpta
1047 1463 1223 1514 sunt:
1258 1455 1407 1533 Ἐγὼ
1439 1453 1497 1510 δὶ
1519 1455 1633 1527 εἰμί
1665 1454 1827 1526 ἀτμὶς

166 1549 266 1603 ἀπὸ
298 1548 512 1620 κύθρας
539 1548 629 1618 (ut
661 1565 793 1615 ms.,
826 1565 946 1603 non
977 1546 1222 1621 χύτρας).
1258 1549 1342 1602 Ex
1391 1545 1676 1602 Hebraico
1726 1562 1828 1600 co-

169 1642 293 1697 dice
331 1641 464 1695 hasc
505 1639 717 1694 alicubi
743 1639 868 1694 erui
899 1655 1094 1710 posse,
1153 1639 1322 1694 docte
1370 1638 1581 1710 probat
1634 1637 1828 1694 Fellus

170 1736 417 1797 noster;
454 1728 558 1785 sed
588 1731 828 1800 Moysen
861 1745 930 1784 ea
950 1728 1128 1784 verba
1151 1745 1469 1801 usurpasse
1500 1729 1562 1783 in
1598 1728 1653 1783 S.
1679 1727 1829 1784 Scri-

168 1829 349 1893 ptura
394 1837 519 1912 non
576 1819 1268 1912 legitur.‘[lnde_etia_m
1322 1819 1466 1912 illa:
1524 1815 1826 1912 Γέγραπται
1862 1845 1908 1912 Β

170 1911 302 1986 φέρ’
353 1907 640 1972 Κολλᾶσθε
671 1913 789 1969 τοῖς
821 1908 1022 1983 ἁγίοις,
1055 1908 1139 1962 ’ὁτι
1171 1908 1224 1962 οἱ
1254 1905 1599 1981 κολλώμενοι
1646 1904 1828 1968 αὐτοῖς

173 1998 622 2070 ἁγιασθήσονται.
693 2019 721 2048 ‹‹
774 1998 1068 2069 Scriptum
1118 2002 1207 2053 est
1255 1997 1463 2054 enim:
1515 1997 1828 2052 Adhaerete

172 2089 422 2153 sanctis,
457 2087 598 2158 quia
620 2087 721 2157 qui
745 2086 866 2142 illis
888 2087 1195 2144 adhaerent
1214 2086 1782 2144 sanctiﬁcabuntur?
1802 2107 1830 2135 »

173 2181 320 2233 Nam
355 2194 492 2248 quas
537 2181 912 2247 sequuntur:
974 2175 1072 2230 Καὶ
1128 2174 1295 2230 πάλιν
1347 2173 1399 2228 ἐν
1457 2173 1621 2248 ἑτέρῳ
1676 2172 1832 2245 τόπῳ

175 2264 380 2339 λέγεις
445 2265 598 2322 Μετὰ
655 2262 848 2340 ἀνδρὸς
903 2263 1085 2319 ἀθώου
1151 2263 1332 2327 ἀθῶος
1388 2259 1483 2339 ἔσῃ
1543 2265 1656 2337 (καὶ
1716 2264 1831 2337 μετ’

171 2354 440 2410 ἐκλεκτοῦ
467 2352 721 2415 ἐκλεκτὸς
752 2349 862 2427 ἔσῃ,
895 2362 960 2411 ut
993 2356 1170 2412 habet
1193 2356 1376 2412 codex
1399 2357 1557 2428 ωιτη),
1580 2353 1668 2409 καὶ
1699 2353 1833 2426 μετὰ

173 2437 450 2516 στρεϐλοῦ
509 2440 865 2517 διαστρέψεις.
927 2466 955 2495 ‹‹
1013 2446 1084 2499 Et
1141 2459 1344 2500 rursus
1413 2444 1473 2499 in
1531 2444 1644 2499 alio
1702 2444 1831 2499 loco

175 2536 257 2589 ait
283 2552 298 2588 :
336 2534 473 2588 Cum
500 2533 623 2588 viro
655 2536 946 2589 innocente
976 2536 1235 2590 innocens
1264 2536 1390 2600 eris,
1422 2540 1475 2590 et
1513 2550 1634 2590 cum
1664 2535 1831 2589 electo

172 2626 379 2680 electus
420 2623 552 2692 eris,
584 2631 636 2679 et
667 2640 790 2679 cum
811 2641 1071 2695 perverso
1121 2626 1471 2694 perverteris,
1507 2645 1536 2674 »
1586 2623 1831 2680 totidem

175 2713 375 2768 verbis
408 2713 471 2767 in
501 2713 734 2784 psalmo
765 2730 875 2768 xm
908 2713 1204 2786 leguntur.
1243 2713 1405 2770 Unde
1434 2728 1570 2767 vero
1603 2718 1662 2767 et
1687 2713 1792 2768 illa
1818 2729 1830 2768 :

174 2800 382 2877 Πορῥω
423 2799 660 2877 γενέσθω
692 2801 784 2875 ἀφ’
809 2803 968 2874 ἡμῶν
999 2805 1034 2870 ἡ
1067 2803 1252 2880 Γραφῆ
1287 2801 1420 2871 αὕτη
1472 2800 1609 2856 ὅπου
1661 2799 1832 2874 λέγει’

174 2889 544 2964 Ταλαίπωροί
571 2890 705 2945 εἰσιν
727 2891 776 2945 οἱ
801 2887 1031 2965 δίψυχοι
1055 2892 1108 2944 οἱ
1140 2889 1474 2960 διστάζοντες
1501 2892 1601 2959 τὴν
1629 2892 1834 2964 ψυχὴν,

173 2982 228 3036 οἱ
290 2979 575 3054 λέγοντες,
664 2981 849 3036 Ταῦτα
921 2979 1232 3054 ἠκούσαμεν
1311 2981 1418 3036 ἀπὸ
1498 2983 1651 3052 (ms.
1710 2979 1837 3052 ἐπὶ)

171 3075 286 3125 τῶν
351 3068 601 3142 πατέρων
674 3072 858 3140 ἡμῶν,
915 3069 1006 3124 καὶ
1089 3066 1208 3124 ἰδοὺ
1283 3069 1689 3144 γεγηράκαμεν,
1749 3068 1838 3122 καὶ

170 3156 336 3214 οὐδὲν
385 3161 524 3230 ἡμῖν
582 3157 789 3213 τούτων
851 3153 1216 3230 συμϐέϐηκεν.
1269 3161 1526 3232 «Longe
1575 3176 1611 3215 a
1663 3159 1835 3215 nobis

170 3250 332 3304 absit
363 3249 669 3320 Scriptura
706 3249 828 3316 illa,
882 3249 984 3304 ubi
1038 3249 1228 3306 dicit:
1283 3250 1479 3306 Miseri
1538 3253 1678 3304 sunt
1735 3250 1833 3320 qui

170 3339 377 3394 animo
417 3337 643 3410 duplici
698 3343 836 3394 sunt
885 3343 941 3394 et
990 3338 1379 3409 inconstanti,
1430 3339 1530 3410 qui
1582 3338 1827 3394 dicunt:

168 3432 302 3485 Haec
338 3435 511 3485 astate
544 3435 781 3501 patrum
813 3434 1153 3485 nostrorum
1196 3429 1550 3498 audivimus,
1603 3434 1662 3484 et
1693 3445 1830 3485 ecce

173 3519 629 3586 consenuimus,
664 3524 723 3574 et
753 3519 905 3574 nihil
935 3519 1149 3574 horum
1195 3519 1369 3575 nobis
1414 3519 1678 3575 accidit?
1708 3541 1734 3568 »
1767 3521 1834 3573 In

174 3608 443 3665 secunda
497 3607 822 3663 Clementis
881 3609 1134 3680 epistola
1190 3610 1316 3664 haec
1365 3608 1440 3664 ad
1495 3606 1835 3684 προφητικὸν

173 3696 344 3771 λόγον
378 3697 740 3765 referuntur,
774 3704 832 3753 et
863 3715 932 3753 ex
962 3700 1270 3754 occasione
1302 3699 1461 3754 vocis
1495 3694 1835 3770 ταλαίπωροι

180 3787 578 3860 praecedentis
600 3787 1076 3858 adducuntur,ut
1092 3789 1153 3844 in
1176 3789 1358 3861 priori
1372 3805 1442 3844 ex
1463 3789 1834 3860 praacedente

185 3877 439 3946 monito,
476 3876 552 3948 μὴ
585 3873 930 3949 διψυχῶμεν.
965 3879 1033 3932 Ει
1063 3879 1112 3933 si
1143 3879 1397 3950 primam
1419 3879 1732 3950 epistolam
1765 3894 1836 3932 ex

183 3965 450 4022 secunda
478 3966 859 4037 interpretari
887 3966 1083 4036 liceat,
1115 3968 1296 4024 etiam
1320 3968 1498 4023 verba
1526 3967 1839 4039 sequentia

181 4054 510 4111 Clementis
544 4071 663 4110 non
695 4061 889 4125 erunt,
921 4056 1024 4111 sed
1066 4073 1134 4112 ex
1190 4057 1398 4113 eodem
1442 4062 1682 4114 auctore
1731 4056 1835 4111 de-

182 4149 444 4215 sumpta.
475 4143 539 4194 Ὠ
570 4141 816 4212 ἀνόητοι.
863 4137 1210 4215 συμϐάλλετε
1255 4143 1479 4207 ἑαυτοὺς
1532 4143 1700 4217 ξύλῳ,
1736 4142 1833 4199 λά-

180 4226 302 4286 ϐετε
331 4229 608 4302 ἄμπελονθ
637 4235 853 4306 πρῶτον
891 4233 985 4305 μὶν
1025 4232 1382 4310 φυλλορροεῖ,
1434 4233 1547 4289 εἶτα
1598 4232 1835 4308 βλαστὸς

175 4321 411 4394 γίνεται,
461 4321 574 4374 εἶτα
627 4318 864 4396 φύλλον,
924 4323 1044 4376 εἶτα
1097 4320 1278 4393 ἄνθος,
1334 4323 1424 4378 καὶ
1487 4325 1619 4396 μετᾶ
1665 4326 1836 4378 ταῦτα

177 4407 383 4484 ὄμφαξ,
419 4411 535 4464 εἶτα
587 4407 834 4486 σταφυλή
885 4417 1276 4486 παρεστηκυῖα.
1311 4436 1338 4464 ‹‹
1373 4415 1418 4470 Ο
1446 4414 1613 4484 fatui,
1675 4430 1836 4469 com-

175 4505 384 4572 parate
419 4516 521 4554 vos
554 4499 773 4568 arbori,
805 4501 969 4557 vitim
1002 4503 1216 4558 sumite
1246 4521 1258 4570 ;
1293 4503 1551 4575 primum
1596 4502 1836 4574 quidem

1937 569 2153 642 Γραφῆς
2211 563 2484 633 ξενίζοντα
2542 564 2884 639 παρεισάγει·
2953 566 3029 620 ὧν
3091 564 3205 622 οὐδ’
3267 571 3302 637 ἡ
3363 570 3593 647 πρετὲρα

1935 650 2240 724 ἐξήλλακτο
2270 650 2567 715 παντελῶς.
2595 677 2623 704 ‹‹
2643 655 2762 710 Etsi
2783 655 2939 712 dicta
2960 658 3232 727 quaedam
3256 662 3586 734 peregrina,

1934 743 2094 799 velut
2107 761 2135 798 e
2153 750 2360 800 sancta
2373 745 2676 817 Scriptura
2695 745 3036 802 subinducit
3052 765 3065 812 ;
3081 749 3296 818 quibus
3313 767 3387 806 ne
3400 753 3592 823 prima

1936 833 2178 904 quidem
2202 833 2447 905 epistola
2472 835 2711 906 penitus
2733 841 2917 892 vacat.
2952 858 2972 887 ι
3003 839 3238 894 Photius
3261 839 3461 912 itaque
3487 843 3590 898 ob-

1936 926 2208 980 servabat
2236 925 2526 980 nonnulla
2553 926 2884 997 peregrina,
2938 927 3055 983 sive
3085 931 3441 1002 apocrypha,
3476 933 3584 990 sub

1934 1030 2236 1070 sacrarum
2250 1014 2567 1070 litterarum
2583 1015 2822 1070 nomine
2835 1015 2897 1071 in
2911 1033 2980 1073 ea
2990 1016 3300 1074 Clementis
3313 1021 3583 1092 epistola,

1935 1119 2112 1174 quam
2135 1103 2260 1174 ipse
2274 1103 2415 1158 alibi
2437 1099 2727 1179 ἀξιόλογον
2747 1104 3475 1179 appellaverat,etpublice
3496 1111 3551 1166 le
3565 1142 3581 1152 -

1935 1198 2087 1248 ctam
2115 1197 2453 1263 agnoverat,
2482 1192 2796 1248 contineri.
2825 1201 2905 1248 Ac
2929 1197 3310 1253 temerarium
3328 1198 3504 1270 plane
3530 1204 3588 1256 et

1935 1281 2340 1354 periculosum
2371 1298 2502 1336 esse
2525 1281 2596 1337 de
2629 1282 2982 1352 antiquitate
3004 1289 3106 1339 aut
3125 1287 3369 1342 veritate
3383 1288 3585 1360 scripti

1936 1371 2190 1442 alicujus
2215 1388 2284 1427 ex
2301 1372 2776 1443 apocryphorum
2793 1372 3071 1429 citatione
3086 1374 3587 1445 dubitare,osten-

1937 1460 2087 1516 dunt
2108 1460 2211 1515 illa
2230 1459 2572 1531 Hieronymi
2595 1461 2656 1514 in
2677 1460 2988 1534 Catalogo:
3017 1481 3039 1509 α
3061 1462 3260 1530 Judas,
3292 1464 3474 1522 frater
3499 1468 3589 1522 Ja-

1937 1550 2336 1622 cobi,parvam
2360 1549 2620 1620 quidem,
2657 1567 2786 1620 quas
2809 1551 2881 1608 de
2900 1556 3126 1624 septem
3149 1554 3454 1612 catholicis
3477 1561 3586 1627 est,

1940 1639 2252 1711 epistolam
2275 1638 2766 1709 reliquit.thuia
2779 1640 3017 1696 delibro
3034 1642 3296 1710 Henoch,
3321 1645 3421 1715 qui
3443 1661 3588 1716 apo-

1938 1729 2194 1800 cryphus
2212 1733 2322 1796 est,
2346 1729 2409 1783 in
2427 1744 2496 1782 ea
2517 1729 2766 1783 assumit
2787 1730 3216 1800 testimonium,
3232 1749 3266 1788 a
3287 1733 3590 1804 plerisque

1937 1818 2228 1890 rejicitur.
2253 1819 2471 1873 Tamen
2489 1818 2904 1873 auctoritatem
2935 1824 3222 1876 vetustate
3245 1821 3374 1893 jam
3399 1827 3456 1877 et
3475 1839 3589 1879 usu

1938 1906 2176 1973 meruit,
2209 1911 2269 1960 et
2297 1906 2456 1961 inter
2485 1911 2720 1962 sanctas
2743 1907 3075 1978 Scripturas
3128 1916 3523 1982 computatur.
3557 1933 3588 1963 »

2006 1997 2303 2052 Praeterea
2333 1995 2550 2051 iterum
2580 1993 3013 2052 observandum
3046 2003 3156 2066 est,
3191 1999 3350 2070 quod
3376 2000 3446 2056 de
3477 2002 3590 2058 hac

1931 2100 1996 2140 re
2029 2084 2267 2156 scripsit
2296 2085 2533 2140 Isaacus
2565 2084 2986 2141 Casaubonus:
3025 2109 3044 2134 α
3081 2087 3417 2152 Quinetiam
3468 2090 3589 2145 for-

1933 2180 2091 2228 tasse
2123 2173 2342 2243 verius,
2372 2190 2493 2228 non
2526 2189 2594 2228 ex
2625 2173 2936 2245 Evangelio
2970 2174 3255 2231 Hebraico
3293 2177 3587 2248 Ignatium

1933 2262 2038 2318 illa
2057 2262 2235 2317 verba
2256 2261 2869 2332 descripsisse,verum
2899 2263 3279 2320 traditionem
3302 2265 3589 2339 allegasse

1935 2368 2058 2407 non
2092 2352 2392 2423 ssriptam,
2428 2368 2561 2424 quae
2592 2356 2800 2422 postea
2830 2353 2892 2407 in
2915 2352 3144 2409 litteras
3173 2355 3355 2412 fuerit
3377 2357 3586 2423 relata,

1938 2448 1997 2499 et
2027 2442 2312 2498 Hebraico
2347 2442 2683 2515 Evangelio,
2717 2442 2877 2514 quod
2926 2445 3193 2500 Matthaeo
3226 2447 3585 2516 tribuebant,

1938 2532 2182 2587 inserta.
2222 2553 2249 2581 »
2280 2533 2350 2585 Et
2378 2532 2490 2586 hoc
2521 2531 2762 2602 quidem
2792 2533 2980 2587 multo
3013 2534 3158 2588 mihi
3205 2536 3586 2592 verisimilius

1937 2620 2184 2676 videtur.
2219 2622 2362 2675 Nam
2394 2619 2537 2674 lieet
2567 2621 2961 2692 Hieronymus
2991 2623 3394 2680 testimonium
3438 2625 3586 2680 illud

1939 2727 2011 2766 ex
2040 2727 2110 2765 eo
2132 2709 2446 2781 Evangelio
2478 2711 2728 2780 petitum
2758 2726 2884 2764 esse
2917 2710 3150 2776 dixerit,
3186 2718 3386 2768 tamen
3411 2716 3588 2770 Euse-

1937 2799 2072 2854 bius
2102 2798 2260 2853 unde
2293 2797 2444 2852 illud
2475 2797 2752 2854 habuerit
2780 2799 3010 2855 nescire
3051 2817 3113 2854 se
3145 2801 3446 2872 professus
3478 2809 3589 2873 est,

1940 2906 2075 2945 cum
2111 2893 2309 2944 tamen
2341 2888 2468 2960 ipse
2512 2888 2891 2960 Evangelium
2941 2890 3266 2945 secundum
3315 2891 3591 2949 Hebraeos

1941 2979 2163 3049 optime
2195 2977 2476 3032 novisset.
2512 2979 2581 3032 Et
2610 2977 2853 3048 quidem
2883 2984 3062 3034 recte.
3098 2981 3241 3035 Nam
3273 2980 3374 3036 illa
3417 2983 3593 3039 verba

1941 3084 2062 3122 non
2096 3067 2157 3121 in
2189 3082 2257 3122 eo
2291 3071 2522 3122 tantum
2553 3066 2868 3138 Evangelio
2896 3068 3364 3138 reperiebantur,
3400 3072 3502 3127 sed
3533 3077 3593 3128 et

1942 3157 2005 3212 in
2037 3156 2169 3212 aliis
2200 3155 2390 3220 libris,
2418 3160 2487 3211 ut
2516 3156 2575 3210 in
2607 3155 2728 3221 illo,
2762 3157 2863 3226 qui
2922 3159 3184 3214 Doctrina
3229 3160 3382 3214 Petri
3431 3161 3590 3216 dice-

1942 3247 2135 3303 batur.
2169 3246 2448 3318 Origenes
2478 3243 2608 3316 Περὶ
2635 3243 2825 3322 ἀρχῶν
2865 3245 2963 3300 lib.
2998 3263 3013 3300 1
3043 3263 3056 3300 :
3106 3269 3134 3297 «
3166 3249 3224 3304 Si
3273 3266 3408 3306 vero
3457 3251 3588 3322 quis

1947 3338 2083 3393 velit
2103 3336 2276 3392 nobis
2306 3337 2570 3408 proferre
2595 3353 2664 3391 ex
2682 3335 2786 3391 illo
2807 3336 3011 3392 libello
3035 3338 3136 3408 qui
3160 3341 3310 3394 Petri
3333 3341 3590 3397 Doctrina

1940 3426 2292 3498 appellatur,
2325 3425 2427 3480 ubi
2459 3425 2724 3481 Salvator
2753 3426 2985 3481 videtur
3015 3427 3088 3482 ad
3138 3427 3458 3501 discipulos
3509 3430 3592 3485 di-

1941 3532 2095 3585 cere,
2131 3514 2290 3587 quod
2321 3532 2442 3570 non
2466 3517 2544 3570 sit
2566 3515 2928 3571 daamonium
2951 3517 3588 3591 incorporeum,primo

1939 3604 2424 3677 respondendum
2443 3610 2533 3660 est
2550 3605 2914 3675 ei,quoniam
2938 3605 3036 3661 ille
3051 3607 3202 3662 liber
3225 3609 3384 3664 inter
3405 3609 3589 3666 libros

1941 3694 2375 3752 ecclesiasticos
2403 3711 2525 3749 non
2557 3694 2828 3750 habetur.
2863 3717 2892 3745 »
2944 3697 3122 3752 Multa
3171 3714 3313 3752 sane
3369 3699 3589 3755 Christi

1940 3785 2097 3841 dicta
2130 3783 2190 3838 in
2225 3801 2325 3838 ore
2371 3782 2908 3838 vetustissimorum
2955 3784 3425 3842 Christianorum
3473 3790 3595 3844 fue-

1940 3879 2099 3941 runt,
2133 3889 2264 3943 quas
2296 3872 2358 3926 in
2390 3870 2714 3942 Evangeliis
2755 3872 2972 3926 nostris
3019 3889 3142 3927 non
3189 3876 3592 3947 reperiuntur,

1941 3980 2135 4034 neque
2167 3963 2230 4017 in
2260 3961 2394 4017 aliis
2423 3961 2560 4017 ullis
2591 3961 2840 4016 fortasse
2870 3978 3138 4033 unquam
3179 3963 3398 4034 scripta
3429 3973 3584 4022 sunt.

1941 4053 2121 4118 Quale
2153 4056 2284 4106 erut
2313 4050 2497 4107 illud:
2530 4048 2744 4112 Γίνεσθε
2775 4046 2997 4121 δόκιμοι
3045 4050 3376 4124 τραπεξίται,
3432 4057 3590 4125 quod

1943 4158 1977 4197 a
2005 4140 2210 4196 multis
2243 4144 2506 4195 veterum
2538 4145 2821 4209 tanquam
2872 4139 3088 4196 Christi
3142 4140 3508 4208 mandatum,
3539 4149 3597 4199 et

1943 4230 2188 4302 quidem
2215 4245 2250 4285 a
2279 4230 2336 4284 S.
2369 4229 2537 4284 Pauli
2578 4228 2981 4285 admonitione
3035 4231 3405 4298 distinctum,
3440 4249 3594 4304 saepe

1943 4323 2226 4378 recitatur
2257 4341 2272 4386 ;
2306 4336 2376 4375 ex
2399 4319 2564 4375 nullo
2596 4325 2796 4377 tamen
2827 4324 3164 4394 apocrypha
3196 4324 3414 4396 scripto
3448 4324 3596 4381 cita-

1942 4417 2058 4478 tur,
2092 4427 2201 4466 nec
2231 4415 2432 4466 tamen
2464 4409 2526 4464 in
2546 4411 2778 4466 nostris
2811 4411 3116 4467 codicibus
3137 4414 3450 4484 reperitur,
3484 4431 3596 4470 nec

1944 4517 1978 4556 a
2005 4500 2279 4556 Patribus
2311 4517 2382 4555 ex
2414 4500 2713 4571 parabolis
2739 4501 2954 4556 Christi
2985 4502 3301 4558 collectum
3334 4509 3441 4573 est,
3458 4521 3593 4559 cum

178 4588 608 4656 defrondescit,
641 4605 885 4662 germen
930 4597 1135 4662 postea
1181 4591 1435 4663 pullulat
1478 4592 1688 4648 folium
1734 4591 1833 4647 de-
1864 4575 1912 4640 Π
1945 4589 2123 4645 etiam
2154 4589 2418 4644 haaretici
2449 4589 2601 4645 illud
2629 4596 3009 4662 usurparent,
3059 4596 3115 4646 et
3161 4592 3403 4662 quidem
3457 4599 3594 4649 ante

179 4679 342 4742 inde,
379 4684 509 4733 tum
539 4678 670 4746 ﬂos,
706 4685 765 4734 et
804 4685 938 4752 post
983 4681 1110 4736 haec
1157 4697 1266 4737 uva
1318 4682 1550 4750 acerba,
1593 4681 1835 4737 demum

177 4784 290 4823 uva
321 4771 582 4823 matura.
616 4789 645 4818 ››
675 4769 822 4823 Nam
854 4769 915 4822 in
947 4769 1197 4840 epistola
1226 4770 1488 4826 secunda
1541 4771 1668 4825 haec
1716 4770 1836 4826 illis

178 4855 562 4911 subduntur:
637 4853 797 4911 Οὕτω
853 4856 1012 4910 καὶὸ
1067 4854 1200 4916 λαός
1263 4877 1367 4930 μου
1442 4855 1833 4920 ἀκαταστασίας

174 4944 264 4998 καὶ
319 4941 542 5016 θλίψεις
601 4939 784 5022 ἔσχεν,
852 4939 1036 5000 ἔπειτα
1120 4945 1466 5018 ἀπολήψεται
1525 4946 1590 5001 τὰ
1642 4945 1831 5022 ἂγαθα.

178 5058 205 5084 α
239 5038 328 5091 Ita
349 5036 536 5092 etiam
568 5036 824 5108 populus
858 5053 1025 5093 meus
1057 5037 1378 5094 seditiones
1401 5044 1460 5093 et
1480 5038 1836 5096 aftlictiones

175 5125 409 5192 habuit,
445 5130 656 5197 postea
685 5126 934 5198 recipiet
965 5143 1035 5181 ea
1070 5144 1201 5198 quae
1234 5127 1392 5183 bona
1421 5133 1578 5183 sunt.
1615 5149 1642 5178 »
1696 5129 1836 5194 Quas

179 5233 312 5271 cum
347 5221 637 5285 tanquam
675 5231 743 5270 ex
775 5216 1064 5287 propheta
1090 5217 1455 5288 adduxisset,
1479 5235 1616 5273 suos
1637 5219 1836 5274 statim

176 5307 373 5361 verbis
407 5306 536 5362 suis
567 5304 932 5376 alloquitur:
963 5312 1142 5375 Ὥστε,
1196 5304 1426 5385 ἀδελφοί
1479 5327 1604 5381 μου,
1645 5308 1720 5381 μὴ
1753 5304 1836 5363 δι-

175 5398 464 5470 ψυχῶπεν.
523 5416 552 5444 ‹‹
584 5395 795 5463 Quare,
829 5395 1042 5451 fratres
1072 5398 1212 5465 mei,
1245 5415 1317 5453 ne
1350 5398 1535 5453 animi
1583 5398 1836 5470 duplicis

175 5487 382 5554 simus,
433 5508 461 5534 η
498 5487 811 5556 Utcunque
843 5503 904 5541 se
937 5504 1033 5542 res
1055 5487 1288 5552 habeat,
1333 5504 1452 5543 non
1500 5505 1608 5543 nos
1663 5489 1834 5559 primi

172 5572 295 5628 haec
325 5571 710 5638 notavimus;
757 5572 1007 5628 Phottus
1060 5575 1184 5645 ipse
1244 5574 1446 5645 aliqua
1494 5574 1836 5646 hujusmodi

169 5664 512 5721 observavit
541 5661 747 5716 codice
784 5664 905 5731 126,
959 5662 1030 5718 de
1080 5663 1339 5720 secunda
1381 5663 1542 5720 enim
1593 5662 1840 5736 epistola

497 5783 772 5840 lla-mon.
820 5781 929 5841 Gn.
985 5780 1054 5840 V.

1944 4677 2287 4745 catholicos,
2311 4682 2377 4733 ut
2407 4683 2639 4734 constat
2668 4696 2739 4734 ex
2757 4680 2962 4750 Apelle
2984 4681 3141 4752 apud
3170 4682 3590 4754 Epiphanium.

1945 4769 2116 4840 Apud
2146 4768 2474 4824 Barnabam
2506 4770 2631 4824 haac
2657 4769 2971 4840 leguntur:
3015 4794 3040 4821 «
3073 4773 3231 4826 Nihil
3263 4775 3424 4828 enim
3454 4793 3590 4846 pro-

1945 4857 2101 4913 derit
2129 4857 2302 4913 nobis
2330 4874 2504 4914 omne
2537 4863 2766 4930 tempus
2801 4859 2930 4914 vitas
2962 4865 3179 4916 nostrae
3227 4867 3286 4917 et
3339 4864 3498 4927 ﬁdei,
3545 4865 3593 4918 si

1946 4965 2065 5003 non
2089 4948 2263 5003 modo
2289 4947 2427 5019 [lege
2451 4948 2611 5020 odio]
2643 4948 2914 5019 iniquum
2948 4955 3005 5008 et
3035 4949 3264 5006 futuras
3307 4952 3594 5006 tentatio-

1945 5052 2051 5091 nes
2074 5035 2418 5092 habeamus.
2447 5035 2610 5092 Sicut
2637 5036 2779 5091 dicit
2803 5037 2986 5092 Filius
3019 5037 3120 5092 Dei
3145 5055 3159 5092 :
3185 5060 3212 5088 «
3232 5038 3595 5095 Resistamus

1946 5125 2107 5181 omni
2131 5123 2517 5195 iniquitati,et
2535 5125 2669 5180 odio
2684 5125 3010 5182 habeamus
3033 5143 3184 5185 eam.
3206 5150 3234 5178 »
3251 5129 3384 5183 Haec
3398 5133 3596 5183 autem

1946 5233 1981 5272 a
2009 5215 2239 5272 Christo
2272 5214 2431 5270 dicta
2459 5213 2601 5268 alibi
2634 5232 2756 5271 non
2786 5217 3058 5290 legimus.
3092 5218 3253 5275 Idem
3277 5219 3402 5274 haec
3424 5219 3595 5288 quasi

1947 5324 1982 5364 a
2011 5306 2261 5362 Domino
2293 5303 2452 5360 dicta
2477 5303 2738 5376 profert:
2791 5304 2971 5374 Οὕτω,
3024 5307 3211 5386 φησὶν,
3258 5308 3308 5362 οἱ
3354 5304 3600 5366 θέλοντές

1949 5415 2016 5468 με
2046 5391 2178 5448 ἰδεῖν
2219 5391 2310 5447 καὶ
2362 5389 2593 5466 ἅψασθαι
2660 5412 2766 5465 μου
2817 5400 2918 5462 τῆς
2958 5393 3265 5468 βασιλείας,
3315 5393 3595 5475 ὀφείλουσι

1947 5477 2221 5549 θλιϐἑντες
2251 5481 2339 5536 καὶ
2365 5482 2628 5543 παθόντες
2657 5476 2845 5536 λαϐεῖν
2883 5503 2966 5554 με.
3003 5507 3031 5533 ‹‹
3066 5485 3180 5552 Sic,
3232 5487 3447 5558 inquit,
3493 5487 3593 5556 qui

1946 5574 2152 5629 volunt
2164 5589 2256 5627 me
2274 5573 2558 5642 videre,et
2573 5573 2864 5646 attingere
2881 5589 3129 5645 regnum
3142 5591 3364 5642 meum,
3378 5575 3598 5630 debent

1948 5661 2269 5733 compressi
2302 5668 2362 5717 et
2385 5663 2572 5718 multa
2602 5664 2760 5735 passi
2792 5663 3081 5735 accipere.
3115 5683 3144 5712 »
3177 5664 3414 5719 Grotius
3444 5665 3597 5720 hanc

3205 5778 3277 5839 12
