3974 6296
371 344 487 407 363

1435 340 1498 401 S.
1545 339 1944 402 IGNATIUS.
1994 373 2069 384 —
2111 337 2729 404 PROLEGOMENA.

3663 335 3782 396 364

369 480 557 552 ipsam
588 470 883 535 rationem
915 468 1086 534 affert
1112 493 1219 548 pro
1241 474 1560 531 Clementis
1577 473 1840 546 epistolae
1863 473 2020 527 anti-
2053 480 2099 546 Α
2132 475 2337 545 periali
2371 477 2666 533 sententia
2704 477 3187 540 condemnatum,
3221 474 3284 529 in
3325 474 3600 530 manibus
3651 491 3775 530 car-

368 570 592 642 quitate
623 574 797 638 atque
823 568 1090 630 veritate,
1116 565 1275 636 quod
1300 565 1456 620 dicta
1477 564 1748 634 quasdam
1770 567 2016 633 usurpat

367 677 487 715 non
519 659 758 728 scripta,
793 657 894 712 sed
927 661 989 710 ut
1041 654 1331 710 memoria
1377 654 1599 708 recenti
1650 670 1755 723 per
1803 667 2014 706 manus

365 746 601 804 tradita.
637 747 728 800 Bis
764 745 1005 816 quidem
1053 744 1389 798 Corinthios
1439 742 1511 796 ad
1565 741 1750 813 ipsius
1799 740 2016 796 Christi

366 839 542 892 verba
573 843 828 902 revocat,
855 851 1041 904 eaque
1074 833 1322 898 recitat;
1357 833 1458 887 sed
1490 832 1572 886 ita
1601 836 1668 886 ut
1697 847 1767 885 ex
1797 830 2015 900 scripto

367 928 560 998 aliquo
594 925 795 980 codice
829 941 899 978 ea
931 923 1197 978 hausisse
1231 922 1477 976 minime
1525 920 1810 975 videatur.
1861 917 2017 971 Οὕτω

363 1015 462 1088 γὰρ
496 1013 661 1082 εἶπεν,
719 1034 746 1061 ‹‹
782 1012 872 1066 Sic
933 1011 1091 1065 enim
1151 1010 1321 1076 dixit,
1366 1032 1386 1056 ι
1454 1008 1683 1064 scilicet
1733 1007 2017 1062 Dominus

364 1105 394 1159 ,Ι
587 1119 598 1130 _
663 1103 675 1122 ,
823 1105 844 1114 -
952 1097 976 1118 τ,
1112 1096 1154 1116 ,ς
1283 1104 1309 1113 η
1477 1095 1489 1116 ,
1699 1093 1724 1113 ρ,
1857 1094 1869 1113 ,
1985 1099 2011 1110 -

403 1121 538 1158 esus
587 1144 598 1156 .
679 1099 903 1156 Ελεειτε
963 1119 1048 1151 ινα
1109 1109 1397 1166 εΛεηθητε,
1464 1096 1649 1172 αφίετε
1710 1116 1794 1148 ινα
1845 1097 2015 1172 αφεθῃ

367 1192 519 1264 ὑμῖν,
555 1191 630 1251 ὡς
656 1193 863 1242 ποιεῖτε
913 1187 1055 1242 οὕτω
1099 1189 1460 1256 ποιηθήσεται
1511 1185 1660 1258 ὑμῖν,
1715 1185 1790 1246 ὡς
1841 1181 2017 1238 δίδοτε

365 1281 515 1334 οὕτω
548 1277 838 1347 δοθήσεται
894 1277 1047 1348 ὑμῖν,
1097 1275 1171 1336 ὡς
1223 1273 1429 1348 κρίνετε
1489 1273 1632 1327 οὕτω
1698 1275 2012 1346 κριθήσεται

368 1373 519 1444 ὑμῖν,
572 1371 647 1431 ὡς
707 1368 1073 1442 χρηστεύεσθε
1130 1367 1278 1420 οὕτω
1339 1367 1804 1439 χρηστευθήσεται
1867 1364 2015 1434 ὑμῖν,

370 1461 415 1531 ᾧ
453 1456 633 1532 μέτρῳ
665 1463 908 1531 μετρεῖτε
967 1456 1018 1510 ἐν
1069 1455 1214 1527 αὐτῷ
1262 1456 1658 1528 μετρηθήσεται
1712 1455 1861 1526 ὑμῖν.
1917 1455 2016 1508 His

368 1552 568 1622 aliqua
599 1567 715 1604 non
770 1548 1084 1604 dissimilia
1134 1547 1428 1602 habentur
1475 1546 1630 1617 apud
1689 1546 1744 1601 S.
1802 1546 2015 1600 Lucam

368 1643 558 1712 capite
591 1657 660 1693 vr
696 1639 808 1693 Sed
837 1639 1199 1692 Clementem
1232 1637 1398 1690 Luca:
1439 1635 1914 1706 condiscipulum
1945 1651 2017 1688 ex

368 1733 496 1800 ejus
523 1729 824 1800 Evaagelio
850 1728 974 1781 haec
997 1726 1402 1795 descripsisse,
1439 1725 1582 1778 mihi
1614 1725 1673 1778 in
1698 1731 1861 1778 tanto
1889 1740 2016 1777 ver-

368 1819 578 1873 borum
603 1817 945 1872 discrimine
962 1815 1276 1869 verisimile
1302 1831 1420 1868 non
1444 1820 1564 1879 est;
1591 1830 1783 1883 neque
1810 1813 2014 1868 dubito

370 1909 513 1979 quin
528 1908 799 1962 Clemens
813 1905 1148 1976 cognoverit
1161 1919 1642 1973 unamquamque
1655 1920 1726 1957 ex
1745 1903 1862 1957 illis
1885 1919 2019 1957 sen-

373 1997 571 2052 tentiis
623 2013 654 2051 a
689 1997 919 2050 Christo
978 1994 1158 2048 fuisse
1218 1993 1548 2063 prolatam;
1607 1993 1765 2047 unde
1823 1992 2020 2046 statim

371 2087 579 2142 addit:
643 2084 826 2155 Ἰά·3τῃ
884 2085 954 2154 τῇ
1011 2079 1209 2149 ἐντολῇ
1264 2079 1354 2133 καὶ
1434 2084 1549 2140 τοῖς
1603 2078 2018 2154 παραγγέλμασι

363 2179 590 2235 τούτοις
625 2174 728 2245 (ita
759 2179 894 2238 ms.)
925 2171 1264 2243 στηρίξωμεν
1294 2169 1540 2230 ἑαυτούς.
1574 2192 1602 2218 ‹‹
1635 2172 1755 2225 Hoc
1802 2187 2019 2241 prame-

366 2271 467 2336 pto
522 2271 580 2318 et
627 2263 922 2318 mandatis
975 2262 1136 2316 hisce
1197 2260 1562 2315 stabiliamus
1617 2277 1724 2314 nos
1776 2260 1953 2330 ipsos.
1991 2282 2018 2308 »

370 2357 442 2408 Et
471 2369 676 2408 rursus
705 2371 716 2407 :
753 2352 1044 2418 Μνήσθητε
1071 2353 1180 2401 τῶν
1215 2349 1391 2420 Λόγων
1443 2349 1626 2416 Ἰησοῦ
1669 2352 1768 2402 τοῦ
1819 2346 2020 2420 Κυρίου

368 2444 554 2513 ἡμῶν,
574 2441 689 2494 εἷπε
701 2441 826 2512 γάρ·
848 2463 873 2489 ει
893 2438 1306 2494 Recordamini
1327 2438 1639 2492 verborum
1653 2438 1888 2493 Domini
1912 2454 2022 2492 no-

370 2531 476 2585 stri
497 2532 654 2599 Jesu,
681 2530 832 2584 dixit
852 2529 1046 2584 enim:
1073 2550 1099 2577 «
1125 2525 1260 2582 Οὐαὶ
1291 2530 1371 2596 τῷ
1399 2526 1670 2598 ἀνθρώπῳ
1691 2524 1896 2596 ἐκείνῳ·
1923 2545 2023 2578 κα-

371 2618 466 2673 λὸν
497 2619 564 2686 ἦν
595 2616 742 2688 αὐτῷ
773 2617 820 2670 εἰ
851 2614 952 2670 οὒκ
984 2614 1243 2689 ἐγεννήθη
1278 2616 1313 2682 ἤ
1344 2611 1437 2668 ἕνα
1466 2619 1572 2668 τῶν
1609 2613 1878 2669 ἐκλεκτῶν
1916 2635 2020 2688 μου

373 2705 744 2763 σκανδαλίσαι·
815 2710 1056 2778 κρεῖττον
1117 2707 1181 2773 ἦν
1235 2704 1382 2776 αὐτῷ
1439 2705 1788 2777 περιτεθῆναι
1849 2702 2022 2776 μύλον

368 2797 458 2851 καὶ
518 2796 1009 2862 καταποντισθῆναι
1071 2793 1146 2855 εἷς
1201 2795 1300 2862 τήν
1359 2791 1653 2862 θάλασσαν,
1695 2793 1728 2861 ἢ
1768 2791 1860 2847 ’ὲνα
1913 2796 2022 2846 τῶν

373 2892 583 2961 μικρῶν
646 2907 750 2958 μου
812 2882 1187 2939 σκανδαλίσαι.
1249 2885 1351 2939 Hic
1417 2885 1617 2955 aliqua
1694 2886 1890 2939 Graace
1947 2885 2021 2938 ad

370 2977 698 3049 marginem
728 2975 1003 3047 ponenda
1020 2980 1080 3029 et
1099 2975 1316 3029 Latinae
1341 2974 1814 3044 interpretationi
1834 2975 2020 3028 inter-

375 3067 627 3122 serenda
657 3066 890 3122 censuit
929 3064 1220 3119 Patricius
1267 3063 1496 3129 Junius,
1548 3069 1614 3117 ut
1661 3064 1786 3117 haec
1836 3065 2022 3135 magis

374 3156 538 3210 Lucas
572 3155 698 3210 loco
733 3154 1112 3226 quadrarent.
1169 3154 1313 3206 Cum
1363 3153 1591 3206 veritati
1644 3153 1830 3224 magis
1874 3154 2018 3208 mihi

379 3261 708 3300 consonum
738 3243 1030 3308 videatur,
1066 3241 1137 3294 ab
1169 3241 1458 3310 apostolis
1491 3241 1654 3311 ipsis,
1690 3247 1791 3296 aut
1821 3258 2023 3296 eorum
2057 3218 2100 3285 α

373 3333 681 3404 discipulis
703 3332 829 3386 haac
853 3329 1150 3399 accepisse
1174 3328 1781 3393 Clementem.Quidni
1805 3333 2028 3401 pariter

377 3429 435 3478 et
466 3425 518 3478 S.
553 3422 838 3493 Ignatius,
871 3420 971 3489 qui
1004 3435 1138 3472 cum
1171 3419 1455 3489 apostolis
1485 3424 1544 3473 et
1591 3435 1796 3474 eorum
1847 3419 2026 3475 disci-

377 3513 535 3584 pulis
558 3516 823 3565 versatus
846 3509 1290 3580 est,praasertim
1313 3525 1383 3563 eo
1411 3513 1673 3581 tempore
1705 3527 1822 3580 quo
1882 3512 2024 3565 scri-

376 3602 494 3673 ptis
526 3599 852 3671 Evangeliis
883 3598 967 3652 uti
999 3598 1149 3652 forte
1181 3598 1233 3652 ei
1257 3598 1381 3668 jam
1412 3598 1605 3653 vincto
1637 3616 1757 3654 non
1789 3599 2020 3665 licebat,

379 3689 647 3744 eamdem
681 3688 1010 3755 historiam,
1045 3703 1222 3757 quam
1271 3692 1475 3742 narrat
1530 3688 1586 3742 S.
1639 3689 1841 3753 Lucas,
1891 3689 2025 3743 aliis

376 3778 570 3833 verbis
600 3777 966 3849 explicaret?

448 3869 647 3940 Capite
673 3870 737 3922 18
765 3868 978 3923 transit
1007 3883 1040 3922 a
1062 3867 1392 3922 reverentia
1416 3867 1628 3922 divinis
1646 3867 1810 3922 libris
1828 3867 2026 3925 debita

374 3957 449 4013 ad
479 3958 762 4030 pietatem
811 3962 870 4011 et
927 3955 1298 4023 modestiam,
1354 3972 1501 4025 quas
1550 3957 1611 4010 in
1655 3957 1904 4028 epistola
1950 3958 2024 4013 ad

372 4049 669 4102 Romanos
709 4045 952 4100 violatas
1011 4061 1140 4099 esse
1200 4049 1414 4115 putat;
1463 4045 1525 4099 in
1573 4045 1693 4110 illa,
1753 4047 2022 4118 inquam,

372 4135 642 4207 epistola,
675 4150 852 4203 quam
885 4137 971 4187 tot
1001 4133 1104 4187 viri
1147 4134 1208 4187 in
1237 4134 1418 4188 veteri
1471 4133 1731 4189 Ecclesia
1768 4135 2024 4191 celeber-

369 4224 505 4278 rimi
537 4228 623 4276 tot
676 4221 976 4292 tantisque
1030 4222 1343 4292 praeconiis
1404 4222 1784 4290 extulerunt;
1842 4241 2023 4294 aqua

373 4313 632 4367 lrenasus
663 4326 844 4364 unam
875 4310 1168 4381 insignem
1193 4311 1553 4365 sententiam
1583 4318 1886 4368 mutuatus
1911 4319 2020 4381 est,

369 4400 550 4456 aliam
578 4399 902 4469 Origenes;
935 4415 1006 4454 ex
1046 4415 1164 4469 qua
1211 4398 1518 4468 Eusebius,
1579 4401 2021 4458 curiosissimus

374 4487 932 4560 martyrologiorum
965 4487 1292 4556 indagator,
1327 4494 1602 4559 excerpta
1651 4489 1802 4544 bene
1845 4489 2021 4564 longa

2128 565 2369 620 niticum
2402 567 2732 622 arctissime
2764 566 3145 631 custoditum,
3175 564 3249 620 ad
3280 565 3472 619 locum
3497 565 3777 620 destinati

2127 655 2560 728 certissimique
2593 659 2867 729 supplicii
2895 657 3145 728 jamjam
3204 656 3644 718 deducendum,
3696 655 3778 709 di-

2125 759 2307 815 gnum
2340 747 2479 814 Deo,
2512 752 2570 802 et
2601 747 2826 819 angelis
2875 752 2934 801 et
2976 745 3319 801 hominibus
3369 745 3777 816 spectaculum

2127 831 2377 889 factum:
2403 837 2842 892 sanctissimum
2859 837 3046 890 virum
3061 851 3130 890 ea
3141 835 3478 891 conditione
3492 835 3775 905 positum,

2127 925 2366 980 totailla
2377 925 2448 980 ad
2464 927 2758 981 Romanos
2773 925 3021 997 epistola
3033 925 3182 979 nihil
3199 941 3440 979 consum
3451 924 3778 978 matissimo

2129 1013 2344 1067 Christi
2377 1015 2668 1086 discipulo
2699 1016 3007 1087 indignum
3043 1016 3354 1085 scripsisse
3386 1013 3704 1068 contendo.

2201 1126 2228 1152 «
2261 1105 2372 1160 Sed
2404 1106 2551 1160 adeo
2583 1123 2868 1178 praeceps,
2902 1106 3119 1176 inquit,
3152 1106 3338 1160 fertur
3367 1111 3432 1160 ut
3481 1107 3778 1159 Romanos

2127 1199 2280 1248 vetet
2310 1196 2433 1250 suis
2463 1196 2550 1250 vel
2582 1196 2738 1267 apud
2773 1197 2954 1251 Deum
2989 1195 3284 1266 precibus,
3308 1195 3394 1249 vel
3416 1194 3572 1266 apud
3595 1195 3780 1248 homi-

2127 1298 2233 1337 nes
2265 1283 2476 1339 ofliciis
2507 1284 2900 1350 intercedere,
2945 1301 3060 1354 quo
3111 1300 3180 1339 ea
3231 1300 3421 1355 pmna,
3477 1283 3551 1338 ad
3600 1299 3779 1352 quam

2128 1378 2254 1426 erat
2281 1373 2622 1440 damnatus,
2656 1373 2959 1429 liberetur.
2991 1393 3015 1424 υ
3060 1374 3209 1438 Quid
3258 1380 3478 1442 autem,
3514 1389 3590 1427 an
3638 1373 3781 1428 velis

2125 1461 2488 1517 fortisimum
2548 1464 2968 1531 Christianum,
3025 1463 3143 1518 imo
3194 1470 3251 1518 et
3300 1463 3690 1534 ducem,jam
3748 1480 3782 1516 a

2126 1551 2400 1621 gentibus
2431 1559 2668 1624 captum
2699 1553 3282 1622 condemnatumque
3316 1559 3373 1606 et
3417 1553 3478 1606 in
3532 1569 3779 1606 arenam

2127 1646 2400 1707 tractum,
2434 1643 2696 1712 reliquos
2725 1643 3092 1696 Christianos
3125 1658 3314 1707 orare,
3348 1647 3415 1695 ut
3471 1659 3604 1696 cum
3659 1643 3780 1696 Deo

2126 1729 2215 1783 vel
2246 1730 2584 1785 hominibus
2617 1731 3008 1800 intercedant,
3070 1748 3186 1801 quo
3237 1731 3436 1785 minus
3487 1730 3780 1801 supplicio

2125 1817 2464 1873 afﬁciatur?
2493 1822 2582 1873 An
2613 1820 2802 1874 virum
2835 1836 3018 1874 unum
3047 1820 3382 1874 Christiana
3412 1820 3629 1890 pietate
3662 1819 3779 1872 im-

2128 1906 2335 1960 butum
2355 1908 2414 1961 in
2439 1913 2523 1963 tot
2544 1911 2753 1964 veteris
2778 1908 3050 1963 Ecclesia:
3075 1908 3590 1979 persecutionibus
3614 1909 3694 1962 ita
3719 1924 3782 1962 se

2128 1995 2400 2066 gessisse,
2434 2002 2537 2051 aut
2565 1998 2612 2051 si
2647 1997 2707 2051 id
2737 1998 2968 2059 fecertt,
2997 1997 3067 2051 ab
3101 1997 3363 2052 Ecclesia
3411 1997 3780 2052 celebratum

2128 2086 2284 2140 nosti
2308 2087 2334 2140 ?
2365 2110 2389 2134 α
2418 2088 2535 2142 Ηοο
2565 2092 2694 2142 orat
2721 2105 2828 2142 vox
2851 2093 3180 2158 martyrum
3204 2102 3216 2140 :
3243 2090 3288 2141 A
3316 2087 3524 2141 timore
3550 2087 3780 2141 inimici

2129 2187 2268 2228 erue
2302 2174 2561 2229 animam
2589 2191 2783 2230 meam
2811 2192 2824 2241 ;
2858 2191 2976 2229 non
3009 2180 3072 2229 ut
3105 2191 3197 2228 me
3225 2190 3348 2228 non
3382 2174 3613 2228 occidat
3658 2175 3780 2228 ini-

2129 2264 2340 2328 micus,
2375 2263 2477 2318 sed
2508 2270 2574 2318 ut
2602 2281 2721 2319 non
2755 2264 2995 2318 timeam
3019 2263 3385 2319 occidentem
3411 2263 3722 2317 inimicum
3749 2285 3777 2312 ››

2129 2358 2194 2406 ut
2221 2351 2490 2406 observat
2523 2353 2578 2406 S.
2613 2353 2969 2424 Auguttinus
3001 2353 3073 2407 ad
3104 2352 3396 2424 psalmum
3443 2369 3596 2412 Lxm.
3650 2354 3777 2406 Non

2129 2440 2272 2495 illud
2311 2441 2512 2509 voluit,
2569 2442 2800 2513 opinor,
2859 2442 2945 2495 vir
2993 2441 3416 2506 doctissimus;
3476 2458 3594 2495 non
3644 2457 3779 2496 eam

2129 2531 2409 2602 pietatem
2441 2537 2543 2587 aut
2572 2532 2924 2587 modestiam
2955 2532 3237 2604 postulat,
3289 2532 3392 2586 sed
3435 2549 3509 2586 ne
3556 2537 3784 2586 vetaret

2131 2620 2254 2674 hinc
2285 2620 2650 2675 Christianos
2696 2621 2910 2676 facere.
2973 2623 3181 2676 Verum
3225 2621 3524 2676 enimvero
3570 2621 3783 2690 quidni

2132 2708 2232 2763 ille
2262 2713 2437 2776 vetet,
2472 2709 2629 2780 quod
2661 2726 2834 2764 nemo
2882 2710 3150 2781 expetit?
3198 2715 3300 2764 aut
3339 2724 3520 2779 quare
3569 2709 3668 2763 alii
3723 2709 3786 2762 id

2130 2814 2437 2868 nunquam
2468 2799 2840 2869 expetebant,
2875 2800 2988 2854 nisi
3021 2799 3177 2869 quod
3209 2799 3368 2870 ipsos
3399 2798 3643 2853 minime
3677 2798 3786 2853 de-

2131 2903 2263 2941 cere
2293 2887 2626 2958 putabant?
2658 2893 2715 2941 et
2745 2887 2952 2958 quidni
2982 2887 3124 2942 alios
3166 2887 3225 2941 id
3273 2892 3474 2957 petere
3521 2887 3682 2941 nolle
3719 2905 3784 2942 se

2131 2977 2556 3046 signiﬁcarent,
2588 2976 2746 3047 quod
2779 2976 2890 3047 ipsi
2923 2977 3050 3030 sine
3081 2976 3385 3048 religionis
3416 2993 3537 3030 suae
3567 2993 3789 3047 oppro-

2130 3065 2256 3120 brio
2289 3072 2492 3137 petere
2518 3082 2636 3120 non
2667 3066 2951 3137 possent?
2970 3068 3014 3120 A
3033 3066 3313 3120 Romanis
3335 3066 3784 3137 petitlgnatius,

2131 3161 2196 3208 ut
2226 3155 2427 3209 sinant
2457 3171 2591 3210 eum
2625 3156 2909 3226 martyrio
2934 3155 3060 3226 jam
3091 3160 3295 3226 parato
3326 3154 3465 3219 frui,
3496 3159 3562 3208 ut
3592 3155 3786 3209 Deum

2129 3248 2300 3298 orent
2330 3260 2445 3314 quo
2467 3250 2750 3314 tanquam
2775 3249 2939 3315 grata
2962 3243 3221 3298 eihostia
3249 3244 3551 3308 offeratur,
3577 3248 3642 3296 ut
3664 3243 3784 3313 ipsi

2131 3337 2414 3386 aeternam
2445 3332 2782 3387 mercedem
2811 3349 2931 3387 non
2963 3331 3268 3386 invideant
3296 3347 3406 3386 nec
3447 3331 3789 3402 impediant

2132 3438 2267 3475 eum
2301 3438 2417 3492 quo
2449 3421 2647 3475 minus
2679 3421 3189 3476 immortalitatem
3223 3421 3424 3476 statim
3455 3437 3789 3491 consequa-

2129 3514 2244 3564 tur.
2279 3511 2398 3564 Hoc
2428 3509 2715 3580 impedire
2747 3509 2968 3564 diaboli
3001 3527 3148 3580 opus
3181 3526 3309 3564 esse
3342 3509 3533 3574 docet,
3567 3514 3628 3563 et
3659 3508 3786 3564 odii

2129 3598 2264 3669 plus
2288 3598 2507 3653 habere
2529 3615 2707 3669 quam
2729 3599 3035 3654 charitatis
3067 3599 3435 3653 Christianae.
3452 3599 3585 3652 Haec
3616 3615 3786 3653 sum-

2129 3704 2228 3743 ma
2257 3704 2463 3743 eorum
2497 3704 2628 3758 quas
2659 3705 2693 3742 a
2724 3688 2846 3743 suis
2876 3689 3025 3760 petit
3054 3689 3126 3743 ad
3166 3687 3384 3742 bestias
3437 3689 3787 3758 damnatus,

2129 3777 2380 3832 vinculis
2411 3777 2686 3850 illigatus,
2744 3777 2819 3832 ad
2873 3777 3231 3848 supplicium
3291 3783 3515 3848 raptus,
3565 3778 3786 3833 merito

2128 3865 2592 3938 gloriosissimus
2623 3873 2867 3937 martyr.
2899 3868 3036 3931 Quae
3069 3867 3270 3921 omnia
3299 3865 3445 3921 adeo
3467 3882 3500 3920 a
3522 3866 3784 3936 juvenili

2127 3955 2361 4010 levitate
2393 3955 2713 4025 animoque
2735 3956 3038 4027 prmoipite
3056 3955 3396 4022 abhorrent,
3417 3959 3484 4009 ut
3513 3955 3782 4011 subactas

2129 4050 2188 4099 et
2210 4044 2360 4099 bene
2384 4043 2647 4099 fundata:
2679 4044 3045 4110 constantiae,
3076 4044 3318 4115 spiritus
3362 4043 3483 4098 zelo
3523 4044 3625 4099 Dei
3658 4045 3784 4099 fer-

2128 4135 2336 4202 ventis,
2370 4134 2554 4189 animi
2586 4133 2660 4188 ad
2691 4133 2885 4187 futura
2915 4133 3130 4204 gaudia
3159 4132 3518 4196 anhelantis,
3550 4149 3617 4187 ac
3657 4134 3787 4205 ple-

2126 4223 2406 4293 rophoria
2436 4222 2571 4277 fidei
2606 4221 2677 4276 de
2709 4223 2950 4293 praemio
2983 4227 3204 4276 esterno
3236 4221 3549 4276 certissimi
3583 4224 3784 4277 mani-

2124 4314 2447 4369 festissima
2479 4312 2699 4367 indicia
2731 4311 2934 4366 haberi
2965 4315 3024 4366 et
3054 4311 3283 4383 possint
3312 4317 3371 4366 et
3409 4310 3691 4366 debeant.
3721 4314 3782 4368 Si

2125 4404 2180 4457 S.
2213 4403 2434 4458 Paulus
2464 4417 2597 4456 cum
2629 4399 2864 4454 vincula
2903 4405 3133 4454 tantum
3166 4398 3534 4470 praevideret,
3571 4405 3629 4454 et
3673 4401 3787 4456 ad-

2125 4493 2235 4548 huc
2263 4490 2417 4563 apud
2439 4506 2576 4544 suos
2609 4494 2783 4556 esset,
2817 4487 3139 4560 discipulos
3171 4505 3304 4544 eum
3332 4487 3642 4543 abitinere
3681 4489 3787 4544 de-

367 4577 784 4648 descripsit,ut
829 4576 900 4632 iis
931 4575 1247 4630 Historiam
1281 4575 1742 4632 ecclesiasticam
1773 4578 2016 4636 adorna-
2044 4579 2093 4643 D
2127 4586 2416 4636 terrentes
2446 4578 2794 4650 objurgavit,
2827 4577 3030 4632 dicens
3057 4595 3068 4632 :
3104 4578 3250 4642 Quid
3286 4579 3475 4645 facitis
3502 4580 3700 4645 ﬂentes
3731 4587 3786 4634 et

365 4673 475 4733 ret,
508 4683 638 4737 quae
670 4667 719 4721 S.
760 4667 1154 4736 Hieronymus
1185 4664 1362 4720 etiam
1394 4665 1804 4736 exscribenda,
1830 4669 2010 4724 etCa-

364 4757 558 4830 talogo
591 4757 848 4810 virorum
907 4753 1229 4808 illustrium
1288 4753 1627 4822 inserenda,
1679 4754 1886 4824 duxit;
1938 4775 2011 4812 ex

363 4867 481 4920 qua
512 4851 565 4904 S.
600 4850 1054 4919 Chrysostomus
1086 4850 1171 4900 tot
1219 4844 1494 4900 ﬂosculos
1551 4846 1800 4919 collegit,
1862 4867 2009 4920 quos

362 4945 497 4994 ante
521 4938 806 5008 reliquias
836 4934 1115 5006 martyris
1145 4939 1448 5005 spargeret
1477 4951 1489 4999 ;
1525 4951 1594 4990 ex
1639 4953 1755 5007 qua
1803 4939 2008 4994 eadem

358 5027 732 5098 transcripsit
787 5024 982 5080 Gildas
1041 5021 1394 5089 Badonicus,
1449 5028 1516 5077 ut
1581 5025 1672 5079 sui
1729 5029 2008 5099 temporis

360 5114 764 5173 sacerdotibus
779 5112 1068 5183 pudorem
1085 5109 1746 5168 suﬂunderet.Hmccine
1760 5115 2009 5186 epistola

357 5214 666 5279 tantopere
699 5206 1008 5260 decantata
1038 5219 1072 5257 a
1095 5202 1311 5273 pietate
1330 5207 1387 5257 et
1411 5203 1699 5261 modestia
1729 5209 2006 5279 martyris

354 5303 549 5372 potest
577 5312 707 5352 esse
737 5294 936 5349 aliena
956 5291 983 5345 ?
1018 5292 1086 5346 Ut
1116 5291 1392 5347 omnibus
1414 5294 1542 5364 ejus
1569 5295 2006 5366 objectionibus

353 5385 754 5454 occurram,in
778 5381 994 5453 quibus
1019 5381 1385 5452 triumphare
1403 5384 1803 5450 videtur,illud
1822 5403 2005 5441 unum

353 5479 621 5542 observo,
651 5471 945 5545 Ignatium
972 5475 1109 5525 tunc
1133 5487 1265 5525 cum
1299 5470 1422 5527 haec
1440 5473 1744 5543 scripsisse
1765 5474 2004 5545 dicitur,

352 5583 477 5620 non
511 5565 601 5620 sui
625 5561 780 5635 juris
814 5559 1018 5629 fuisse,
1041 5559 1143 5614 sed
1175 5559 1249 5615 ad
1278 5560 1871 5634 bestiasjampridem
1901 5565 2007 5620 im-

421 5653 469 5686 ³⁴
499 5657 625 5709 Act.
667 5668 786 5719 xxx,
823 5653 905 5706 l3.

2120 4672 2427 4739 afﬂigentes
2457 4685 2550 4724 cor
2579 4672 2800 4723 meum?
2829 4668 2878 4722 si
2909 4667 3008 4722 ille
3040 4669 3334 4722 rationem
3366 4667 3547 4738 hujus
3570 4667 3786 4739 objur-

2119 4759 2369 4830 gationis
2401 4760 2554 4813 hanc
2586 4758 2785 4813 statim
2813 4756 3111 4813 reddidit:
3149 4758 3258 4826 Ego
3287 4760 3430 4812 enim
3465 4773 3575 4811 non
3600 4758 3784 4813 solum

2119 4849 2366 4917 alligari,
2422 4848 2518 4902 sed
2571 4853 2622 4901 et
2677 4848 2819 4901 mori
2882 4849 2941 4900 in
2987 4847 3290 4901 Jerusalem
3340 4853 3579 4916 paratus
3631 4864 3781 4913 sum,

2110 4945 2344 5008 propter
2374 4953 2570 4991 nomen
2596 4937 2811 4990 Domini
2837 4937 2965 4990 Jesu
2987 4953 3005 4989 :
3037 4935 3084 4988 si
3117 4935 3391 5006 discipuli
3425 4935 3565 4989 huic
3614 4935 3782 4991 dicto

2118 5024 2834 5097 acquieverunt,dicentes
2856 5041 2867 5078 :
2891 5023 3108 5078 Domini
3127 5024 3383 5078 voluntas
3395 5027 3491 5092 ﬁat
3506 5022 3784 5089 3‘,fiden-

2119 5121 2225 5184 tes,
2251 5113 2810 5186 scilicet,passiones
2837 5113 2910 5168 ad
2932 5112 3294 5168 voluntatem
3315 5113 3413 5166 Dei
3431 5114 3736 5183 pertinere
3762 5132 3778 5169 :

2116 5223 2236 5262 non
2285 5205 2445 5259 enim
2497 5202 2927 5258 dehortationis
2972 5202 3242 5267 consilio,
3278 5201 3381 5256 sed
3431 5201 3782 5258 dilectionis

2116 5296 2374 5350 retinere
2431 5296 2820 5358 tentaverant,
2853 5295 2918 5345 ut
2965 5289 3302 5362 apostolum
3333 5289 3779 5360 desiderantes,

2116 5403 2236 5440 non
2262 5389 2338 5439 ut.
2357 5383 2707 5452 martyrium
2757 5379 3174 5434 dissuadentes
3202 5396 3214 5444 ;
3250 5378 3460 5449 quidni
3493 5380 3551 5434 S.
3604 5383 3780 5452 Igna-

2115 5475 2233 5529 tius
2264 5472 2335 5527 ab
2361 5473 2487 5543 ipso
2512 5471 2868 5540 imperatore
2893 5468 3254 5539 jampridem
3280 5467 3663 5532 damnatus,a
3683 5470 3780 5525 fe-

2117 5562 2474 5618 rocientium
2505 5558 2763 5614 militum
2797 5573 2978 5614 manu
3004 5556 3078 5613 ad
3127 5555 3484 5628 supplicium
3519 5562 3774 5630 tractus,
