3974 6296
173 408 290 470 365

901 405 958 470 1.
1005 405 1426 470 PEARSONII
1464 402 1839 468 VINDICUE
1881 403 2361 466 IGNATIANE.
2408 438 2488 451 -—
2529 406 2734 470 PARS
2776 407 2858 470 Π.

3490 415 3606 477 366

172 541 443 598 omnium
475 543 682 597 Romae
715 537 1188 596 Christianorum
1220 539 1674 596 miserationem
1703 556 1830 595 cer-
1868 539 1914 606 λ
1944 542 2143 609 tyrum
2172 537 2322 594 forte
2346 540 2920 616 epistolas,adeoque
2937 546 3114 604 verba
3135 563 3258 606 non
3278 551 3606 624 habemus;

173 632 405 687 tissime
444 635 878 697 commoturus,
929 636 986 684 et
1033 635 1365 701 conspectu
1396 629 1706 685 sordidato
1751 633 1828 683 te-

175 724 474 778 nerrimos
511 737 722 778 eorum
769 723 1014 778 affectus
1048 723 1428 791 excitaturus,
1467 721 1528 776 in
1562 728 1834 777 anteces-

174 831 304 869 sum
339 830 444 867 eos
469 816 762 874 moneret,
782 827 856 865 ne
879 811 1065 882 ipsius
1086 829 1189 867 cor
1211 811 1648 883 affligérent,ne
1674 826 1834 865 mor-

175 907 293 956 tem
352 901 467 955 sibi
522 900 1033 971 exoptatissimam
1069 905 1310 972 propter
1350 916 1570 955 nomen
1600 898 1834 954 Domini

171 993 307 1046 Iesu
341 990 556 1061 quovis
585 989 763 1043 modo
797 987 1176 1061 impedirent,
1211 989 1314 1044 sed
1363 989 1560 1060 potius
1589 989 1835 1044 affectus

175 1097 314 1135 suos
367 1083 821 1150 componerent,
854 1080 1146 1150 patienter
1169 1079 1648 1149 acquiescerent,
1683 1077 1837 1132 dice-

173 1175 456 1240 rentque,
489 1167 708 1222 Domini
750 1167 1004 1222 voluntas
1031 1171 1167 1236 ﬁat?
1207 1168 1264 1223 Si
1298 1167 1580 1222 Christus
1605 1167 1730 1237 ipse
1761 1164 1835 1221 ad

171 1264 430 1313 mortem
465 1255 655 1311 crucis
677 1255 987 1325 festinans,
1010 1258 1182 1312 Petro
1211 1255 1432 1310 dicenti
1460 1272 1472 1308 :
1501 1251 1693 1315 Ἵλεώς
1723 1273 1830 1322 σοι,

169 1345 357 1421 Κῦριε,
393 1346 548 1402 dixit
582 1346 734 1400 Vade
754 1353 902 1416 post,
935 1362 1021 1400 me
1038 1347 1273 1401 Satanas
1297 1344 1346 1380 ⁸⁵
1376 1363 1392 1410 ;
1417 1345 1628 1416 quidni
1652 1345 1832 1399 etiam

169 1439 473 1492 Romanos
502 1440 777 1490 moneret
806 1435 1089 1506 Ignatius,
1123 1433 1412 1505 impedire
1445 1439 1698 1489 mortem
1723 1450 1828 1504 pro

167 1527 386 1582 Christi
450 1526 696 1581 nomine
753 1531 1090 1598 susceptam
1145 1525 1367 1580 diaboli
1410 1525 1606 1596 potius
1651 1540 1828 1594 quam

165 1615 492 1672 Christiani
520 1615 782 1670 hominis
813 1631 961 1686 opus
993 1631 1123 1670 esse
1147 1614 1175 1669 ‘I
1202 1616 1282 1670 Ea
1311 1619 1470 1670 certe
1503 1630 1671 1669 mens
1703 1618 1830 1668 erat

164 1704 580 1778 Origenis,viri
615 1705 790 1758 toties
821 1703 1088 1775 martyrii
1122 1703 1620 1773 candidati,cujus
1649 1701 1828 1757 verba

167 1795 223 1849 in
257 1797 532 1849 Numeros
561 1792 808 1847 homilia
838 1791 1068 1848 decima
1098 1792 1224 1847 haec
1257 1797 1430 1847 sunt:
1473 1811 1494 1839 ι
1528 1791 1664 1848 Ideo
1696 1790 1823 1845 dia-

166 1884 340 1939 bolus
372 1883 575 1938 sciens
607 1898 712 1954 per
739 1883 1079 1953 passionem
1108 1882 1376 1951 martyrii
1407 1880 1822 1936 remissionem

168 1973 292 2027 fieri
325 1977 864 2044 peccatorum,nou
893 1971 1015 2026 vult
1030 1970 1200 2025 nobis
1217 1970 1487 2042 publicas
1507 1969 1816 2042 gentilium

167 2062 621 2133 persecutiones
652 2077 907 2117 movere.
943 2061 1062 2116 Scit
1095 2060 1253 2115 enim
1286 2061 1426 2131 quia
1457 2060 1505 2115 si
1536 2060 1609 2115 ad
1648 2075 1818 2132 reges

167 2159 222 2208 et
252 2151 544 2225 praesides
573 2151 939 2207 adducamur
962 2156 1205 2222 propter
1231 2167 1453 2206 nomen
1485 2151 1720 2216 Christi,
1746 2149 1820 2204 ad

166 2242 584 2298 testimonium
637 2241 852 2297 Judaais
892 2245 951 2296 et
988 2241 1284 2313 gentibus,
1318 2241 1598 2313 gaudium
1647 2239 1818 2294 nobis

162 2339 218 2387 et
244 2331 570 2388 exsultatio
603 2331 687 2396 fit,
711 2331 851 2402 quia
874 2347 1104 2386 merces
1127 2335 1333 2386 nostra
1357 2329 1547 2385 multa
1569 2330 1630 2384 in
1654 2328 1816 2384 caelis

163 2427 270 2477 est.
336 2422 474 2475 Haec
529 2436 650 2474 non
701 2419 846 2474 facit
926 2419 1226 2486 inimicus,
1279 2419 1372 2473 vel
1428 2419 1570 2490 quia
1614 2417 1816 2490 glorias

163 2516 383 2566 nostrae
445 2509 688 2577 invidet,
718 2508 809 2562 vel
862 2509 1129 2569 fortassis
1161 2509 1300 2580 quia
1329 2508 1428 2563 ille
1486 2508 1584 2578 qui
1617 2507 1820 2562 omnia

162 2597 474 2671 praevidet,
521 2602 580 2653 et
608 2598 927 2668 praenoscit
971 2613 1081 2652 nos
1131 2614 1250 2652 non
1284 2613 1411 2652 esse
1459 2596 1705 2652 idoneos
1745 2594 1819 2650 ad

163 2687 522 2758 martyrium
573 2686 966 2741 tolerandum.
1003 2709 1032 2736 ››
1085 2686 1277 2742 Aliam
1310 2686 1489 2741 etiam
1520 2686 1821 2740 rationem

167 2778 267 2832 lib.
334 2792 436 2830 vm
493 2783 687 2830 contra
719 2775 929 2831 Celsum
972 2776 1163 2843 affert,
1193 2792 1376 2846 quare
1408 2774 1676 2830 diabolus
1707 2789 1819 2845 pu-

160 2865 354 2920 blicas
372 2863 686 2936 gentilium
704 2865 1146 2936 persecutiones
1160 2863 1508 2918 Christianis
1549 2863 1822 2933 aliquan-

165 2955 240 3009 do
277 2970 519 3009 movere
540 2952 812 3018 nollet,et
843 2953 1204 3008 sententiam
1228 2969 1397 3008 suam
1419 2954 1480 3006 in
1506 2952 1666 3006 hunc
1688 2967 1819 3005 mo-

165 3043 311 3098 dum
336 3041 673 3114 depromit:
706 3041 850 3117 Έγὼ
885 3038 932 3095 δ’
963 3043 1121 3113 οἶμαι
1151 3041 1236 3095 ὃτι
1268 3040 1581 3112 αἰσθόμενοι
1613 3038 1666 3092 οἱ
1703 3035 1822 3091 δαί-

162 3152 350 3204 μονες,
385 3129 555 3184 ὅτιοὶ
609 3130 703 3202 μὲν
758 3133 1010 3191 νικῶντες
1068 3130 1158 3185 καὶ
1219 3127 1289 3183 δι’
1356 3123 1627 3184 εὐσέϐειαν
1684 3127 1818 3180 ἀπο-

158 3222 490 3289 Θνήσκοντες
546 3216 893 3291 καθαιροῦσιν
975 3220 1153 3274 αὐτῶν
1210 3219 1310 3286 τήν
1370 3215 1702 3272 δυναστείαν
1767 3215 1819 3270 οἱ

1948 629 2103 683 Deus
2134 628 2234 683 det
2262 634 2328 684 ut
2353 630 2548 687 indies
2577 633 2748 704 plura
2778 635 2908 706 ejus
2939 639 3173 709 generis
3217 641 3389 698 nobis
3412 643 3588 699 inno-

1949 723 2215 782 tescant;
2249 737 2374 774 rem
2405 721 2595 792 ipsam
2627 728 2822 779 tamen
2853 731 3150 798 tenemus,
3175 732 3334 802 quod
3363 739 3586 805 marty-

1946 823 2044 862 res
2097 808 2210 878 ipsi
2241 809 2461 864 fervide
2520 812 2704 867 Deum
2735 815 2987 870 orabant
3014 823 3081 872 ut
3127 822 3414 893 martyrio
3445 823 3604 878 frue~

1946 901 2171 962 rentur,
2205 899 2488 969 petebant
2534 901 2750 958 obnixe
2799 921 2833 958 a
2885 905 3158 962 ﬁdelibus
3191 913 3256 964 ut
3288 911 3471 966 etiam
3504 911 3598 967 illi

1945 1000 1981 1040 a
2009 986 2128 1040 Deo
2158 987 2317 1042 idem
2367 988 2685 1060 impetrare
2735 1000 3134 1062 conarentur;
3170 997 3218 1052 si
3252 1015 3402 1069 quos
3431 1001 3596 1055 vide-

1943 1080 2079 1128 rent
2108 1080 2315 1131 contra
2343 1077 2641 1147 postulare
2673 1086 2730 1134 et
2760 1098 2977 1153 cupere
3007 1089 3074 1138 ut
3103 1088 3453 1158 martyrium
3487 1107 3598 1160 po-

1944 1163 2062 1218 tius
2116 1165 2424 1234 evitarent,
2458 1166 2517 1221 id
2575 1171 3056 1227 constantissime
3114 1176 3491 1245 recusabant,
3525 1184 3585 1234 et

1943 1253 2213 1308 omnium
2245 1259 2377 1310 vota
2408 1273 2733 1328 precesque
2771 1263 3253 1321 contemnebant.
3283 1266 3588 1324 Celerinus

1942 1341 2245 1397 confessor
2261 1343 2333 1398 ad
2357 1345 2681 1402 Lucianum
2708 1349 3109 1407 confessorem
3133 1352 3289 1408 inter
3309 1356 3587 1425 epistolas

1942 1431 1996 1485 S.
2031 1433 2308 1503 Cypriani
2340 1438 2400 1488 2f
2432 1453 2446 1501 ;
2481 1458 2509 1485 ‹‹
2538 1439 2678 1492 Pete
2711 1445 2777 1494 ut
2799 1441 2910 1494 sim
2934 1441 3147 1513 dignus
3181 1449 3239 1498 et
3269 1459 3374 1516 ego
3416 1462 3583 1502 coro-

1937 1521 2068 1574 nari
2100 1537 2234 1577 cum
2266 1539 2516 1579 numero
2547 1532 2764 1584 vestro.
2799 1550 2826 1578 »
2860 1531 2930 1584 Et
2957 1547 3202 1587 rursus:
3238 1555 3267 1582 «
3301 1534 3344 1588 Ο
3376 1539 3430 1589 te
3461 1535 3586 1591 feli-

1937 1625 2086 1677 cem,
2121 1611 2352 1683 suscipe
2387 1619 2486 1668 tua
2513 1620 2806 1687 vota,quae
2839 1634 3074 1690 semper
3103 1621 3572 1689 desiderasti,vel

1936 1698 1998 1752 in
2052 1703 2208 1754 terra
2254 1701 2596 1758 dormiens:
2660 1707 2875 1776 optasti
2934 1724 3039 1778 pro
3107 1711 3353 1765 nomine
3412 1712 3578 1768 illius

1935 1786 1996 1841 in
2050 1804 2348 1844 carcerem
2405 1791 2582 1860 mitti,
2645 1794 2803 1862 quod
2860 1811 3018 1850 nunc
3082 1797 3187 1852 tibi
3258 1800 3568 1871 contingit,

1933 1876 2084 1930 sicut
2136 1878 2424 1948 scriptum
2473 1885 2564 1934 est
2592 1898 2604 1934 :
2654 1885 2759 1936 Det
2789 1883 2894 1937 tibi
2925 1885 3081 1940 Deus
3112 1887 3436 1943 secundum
3467 1907 3571 1945 cor

1931 1968 2118 2019 tuum.
2153 1987 2181 2015 »
2214 1968 2378 2032 Quod
2410 1969 2459 2023 si
2491 1968 2736 2026 dixisset
2785 1973 2839 2026 S.
2892 1975 3191 2045 Ignatius:
3227 1997 3252 2028 ι
3286 1982 3395 2032 Det
3423 1979 3572 2034 mihi

1925 2055 2082 2109 Deus
2130 2056 2455 2112 secundum
2499 2075 2601 2114 cor
2631 2076 2851 2127 meum,
2889 2083 2917 2111 »
2950 2069 3201 2132 quantas
3239 2065 3334 2120 hic
3367 2067 3567 2124 turbas

1930 2143 2242 2199 excitasset
2267 2146 2514 2202 Dallaaus
2541 2147 2552 2201 !
2602 2149 2763 2204 Fecit
2791 2151 2892 2205 ille
2925 2152 3215 2209 Lucianus
3245 2155 3570 2212 confessio-

1929 2248 2066 2287 nem
2098 2233 2392 2299 ﬂoridam,
2426 2253 2580 2306 qum,
2613 2239 2661 2292 si
2713 2254 2870 2294 nunc
2900 2247 3176 2310 exstaret,
3207 2259 3329 2299 non
3361 2245 3566 2301 dubito

1929 2323 2073 2393 quin
2104 2321 2315 2377 iisdem
2372 2326 2816 2396 exceptionibus
2849 2329 3104 2386 obnoxia
3156 2339 3349 2398 esset;
3381 2336 3568 2406 magis

1929 2413 2088 2466 enim
2120 2412 2291 2468 decet
2317 2420 2700 2485 martyres,ut
2721 2417 2940 2484 volunt,
2973 2421 3410 2477 confessionem
3431 2440 3562 2478 mo—

1929 2499 2180 2569 destam,
2215 2517 2392 2572 quam
2422 2503 2698 2560 ﬂoridam
2730 2506 2945 2562 facere.
2981 2510 3059 2563 De
3083 2508 3136 2562 S.
3167 2511 3465 2566 Felicitate
3486 2514 3570 2569 le-

1931 2589 2126 2660 gimus
2157 2607 2286 2646 eam
2318 2598 2724 2663 praegnantem
2754 2594 2936 2650 fuisse
2967 2598 3574 2670 apprehensam;quid

1939 2678 2138 2749 igitur,
2169 2695 2245 2734 an
2278 2685 2408 2734 orat
2437 2685 2503 2734 ut
2535 2681 2743 2746 sibi,ut
2771 2683 3073 2739 innocenti
3100 2687 3408 2758 embryoni
3439 2705 3570 2759 par-

1934 2773 2102 2822 catur
2121 2767 2148 2821 ?
2178 2767 2473 2833 Minime;«
2502 2785 2636 2823 cum
2669 2776 2799 2825 octo
2829 2788 3063 2828 menses
3105 2791 3276 2830 suum
3309 2782 3575 2833 ventrem

1931 2854 2196 2922 haberet,
2222 2855 2485 2911 instante
2514 2859 2834 2927 spectaculi
2864 2860 2958 2914 die
2991 2861 3051 2915 in
3082 2879 3294 2935 magno
3328 2870 3454 2920 erat
3483 2866 3574 2921 lu-

1931 2949 2050 3011 ctu,
2081 2961 2156 2999 ne
2187 2949 2430 3015 propter
2459 2952 2722 3001 ventrem
2745 2947 3251 3022 dillerretur,quia
3281 2970 3400 3008 non
3427 2955 3568 3011 licet

1931 3039 2306 3105 praagnantes
2336 3051 2525 3105 poenae
2556 3039 2991 3106 repraesentari;
3016 3041 3179 3111 cupit
3206 3043 3372 3112 prius
3393 3045 3568 3111 mori,

1932 3139 2110 3195 quam
2141 3140 2247 3195 per
2276 3124 2405 3195 ipsa
2449 3125 2762 3197 gentilium
2785 3127 3013 3197 judicia
3055 3130 3298 3199 liceret;
3333 3133 3404 3188 de
3436 3151 3568 3204 pas-

1935 3212 2100 3267 sione
2126 3211 2458 3281 laatatur,de
2475 3213 2758 3270 dilatione
2780 3217 3163 3286 queritur.An
3187 3221 3402 3292 reliqui
3425 3223 3570 3278 fide-

158 3308 217 3364 δὲ
257 3306 352 3364 διὰ
409 3308 538 3368 τοὺς
594 3307 794 3370 πόνους
853 3308 1160 3379 ἡττώμενοι
1211 3307 1300 3362 καὶ
1352 3307 1451 3375 τήν
1513 3300 1814 3360 θεοσέϐειαν

1931 3300 2011 3356 les
2028 3301 2253 3356 luctum
2270 3302 2427 3357 hunc
2448 3307 2734 3374 tanquam
2751 3283 3290 3377 importunuum,et
3311 3283 3379 3366 ex
3392 3316 3575 3368 teme-

156 3396 492 3472 ἀρνούμενοι
555 3394 867 3474 ὑποχείριοι
953 3395 1180 3458 ἐκείνοις
1239 3394 1505 3470 γίνονται,
1563 3389 1669 3449 ἔσθ’
1728 3392 1820 3449 ὅτε

159 3485 684 3562 προσφιλονεικοῦσι
743 3489 858 3547 τοῖς
915 3482 1372 3557 παραδιδομένοις
1456 3485 1817 3555 Χριστιανοῖς.

165 3601 193 3628 σι
234 3577 532 3648 Equidem
567 3577 779 3647 opinor
831 3575 1155 3642 daemonas,
1187 3581 1252 3630 ut
1280 3576 1382 3646 qui
1414 3574 1680 3631 sentiunt
1710 3591 1820 3630 no-

164 3668 324 3722 xiam
359 3683 489 3721 esse
513 3665 793 3736 potentias
817 3682 937 3720 sum
958 3667 1193 3737 piorum
1214 3665 1820 3732 victoriam,succum-

163 3757 379 3812 bentes
391 3761 591 3811 autem
607 3757 665 3810 in
681 3756 790 3811 hoc
809 3757 1132 3811 certamine
1149 3755 1443 3827 fidemque
1460 3755 1820 3827 abnegantes

165 3847 313 3917 ipsis
374 3845 505 3899 ﬁeri
563 3843 872 3915 obnoxios,
909 3844 1209 3900 interdum
1248 3845 1441 3900 favere
1487 3849 1546 3899 et
1586 3843 1819 3899 adlabo-

164 3952 296 3990 rare
327 3934 682 3990 Christianis
712 3934 773 3988 in
817 3934 1064 4006 judicio.
1103 3955 1127 3985 ν
1176 3933 1392 3989 Eadem
1425 3935 1480 3990 S.
1515 3933 1820 4005 Augustini

161 4041 335 4080 mens
389 4023 526 4090 fuit,
562 4023 664 4093 qui
695 4023 822 4078 haac
867 4022 939 4077 de
985 4039 1198 4096 magno
1249 4027 1512 4094 martyre
1543 4023 1819 4077 Africano

159 4113 402 4184 scripsit
436 4128 448 4164 :
486 4134 512 4161 «
546 4112 800 4166 Noverat
837 4111 1169 4183 Cyprianus
1220 4128 1354 4166 cum
1386 4128 1420 4166 a
1462 4111 1820 4183 proconsule

159 4203 398 4257 audiret
431 4216 446 4256 :
499 4222 527 4249 α
563 4200 816 4254 Consule
846 4200 977 4267 tibi,
1013 4222 1040 4249 ››
1092 4200 1250 4271 quod
1299 4216 1435 4255 caro
1469 4206 1528 4255 et
1577 4199 1818 4272 sanguis

160 4292 401 4348 dicebat
423 4289 776 4356 stolide,hoc
808 4289 1112 4346 diabolum
1135 4289 1330 4345 dicere
1362 4289 1816 4360 subdolezatque

161 4380 514 4436 intuebatur
544 4379 606 4433 in
635 4395 753 4433 uno
784 4395 1031 4450 corpore
1065 4379 1234 4447 duos,
1269 4379 1448 4434 istum
1479 4378 1690 4444 oculis,
1740 4377 1817 4432 il-

161 4471 288 4526 lum
327 4468 467 4524 ﬁde.
488 4466 736 4522 Nolebat
756 4483 890 4522 eum
923 4469 1032 4523 iste
1065 4467 1488 4536 mori,nolebat
1516 4467 1618 4522 ille
1647 4482 1815 4522 σοι-ος

159 4556 583 4615 nari.Proinde
604 4556 762 4612 circa
791 4558 968 4613 istum
1001 4557 1290 4630 placidus,
1323 4557 1479 4613 circa
1508 4572 1644 4613 eum
1674 4573 1812 4612 cau-

1928 3390 2104 3445 ritate
2134 3395 2238 3445 aut
2280 3392 2616 3464 arrogantia
2662 3393 2992 3464 profectum
3043 3398 3520 3455 condemnabant
3546 3400 3574 3454 ‘I

1930 3479 2170 3534 Minime
2195 3495 2208 3532 :
2242 3500 2270 3528 «
2304 3479 2407 3535 sed
2439 3485 2496 3535 et
2525 3487 2952 3554 oommartyres
2978 3486 3237 3557 graviter
3265 3488 3578 3544 contrista-

1929 3565 2167 3636 bantur,
2199 3584 2274 3622 ne
2305 3573 2425 3624 tam
2455 3568 2672 3625 bonam
2723 3573 2943 3627 sociam
2970 3575 3138 3644 quasi
3170 3576 3448 3631 comitem
3479 3593 3578 3633 so-

1930 3656 2048 3711 lam
2080 3657 2142 3712 in
2174 3657 2266 3713 via
2313 3657 2582 3729 ejusdem
2616 3661 2741 3731 spei
2781 3661 3208 3732 relinquerent.
3244 3667 3573 3737 Conjuncto

1928 3745 2127 3816 itaque
2159 3747 2326 3801 unito
2352 3747 2574 3816 gemitu
2591 3748 2664 3803 ad
2697 3750 3011 3805 Dominum
3045 3755 3377 3810 orationem
3404 3755 3576 3810 fude-

1927 3839 2068 3888 runt
2096 3840 2231 3890 ante
2260 3835 2504 3890 tertium
2535 3835 2692 3890 diem
2725 3838 3010 3892 muneris.
3038 3840 3247 3894 Statim
3278 3847 3412 3911 post
3440 3859 3576 3898 ora-

1930 3923 2153 3978 tionem
2185 3922 2421 3978 dolores
2452 3923 3007 3980 invaseruntmEcce
3039 3928 3247 3998 quales
3269 3930 3570 3986 orationes

1925 4011 2257 4066 fundebant
2286 4017 2428 4066 tunc
2455 4013 2740 4084 temporis
2762 4014 3151 4084 confessores,
3170 4016 3376 4087 quales
3399 4033 3434 4072 a
3454 4019 3572 4073 Deo

1928 4101 2216 4156 exaudita)
2232 4100 3030 4173 suntltales,scilicet,quales
3044 4106 3400 4178 lgnatius,ut
3420 4106 3572 4161 nihil

1926 4191 2274 4262 martyrium
2291 4190 2668 4262 impediat,ut
2686 4192 2834 4247 nihil
2857 4194 3164 4250 festinanti
3185 4196 3257 4251 ad
3270 4196 3575 4267 praemium

1925 4297 2107 4336 moras
2129 4280 2316 4336 sit.Ita
2330 4280 2565 4336 nobiles
2585 4281 3056 4339 illiconfessores
3082 4285 3238 4357 apud
3251 4285 3572 4341 Eusebium

1924 4371 2029 4427 lib.
2065 4374 2290 4442 v,cap.2
2310 4388 2322 4425 :
2341 4369 2491 4426 Μετὰ
2515 4367 2759 4446 δακρύων
2784 4373 3126 4447 παρεκάλουν
3152 4375 3279 4436 τοὺς
3303 4373 3572 4452 ἀδελφοὺς

1926 4456 2174 4532 δεόμενοι
2191 4455 2283 4513 ’ἱνα
2303 4456 2533 4521 ἐκτενεῖς
2560 4459 2718 4534 εὐχαὶ
2748 4460 3008 4536 γίνωνται
3030 4464 3165 4538 πρὸς
3185 4463 3250 4518 τὸ
3281 4463 3579 4534 τελειωθῆ-

1923 4569 2008 4602 ναι
2040 4546 2254 4609 αὐτούς·
2280 4572 2307 4600 α
2331 4549 2594 4606 Profusis
2616 4550 2896 4624 lacrymis
2921 4554 3310 4611 obsecrabant
3335 4556 3571 4625 fratres,

157 4657 251 4705 tus
283 4667 295 4705 :
332 4649 476 4704 huic
508 4653 711 4719 aperte
740 4648 1153 4720 respondebat,
1189 4652 1247 4702 et
1274 4648 1441 4703 illum
1470 4652 1671 4720 aperte
1692 4648 1814 4703 vin-
1847 4649 1894 4714 Π
1924 4645 1989 4694 ut
2002 4639 2297 4694 continuas
2315 4639 2388 4695 ad
2405 4641 2587 4694 Deum
2604 4657 2810 4713 preces
2831 4643 3186 4716 fierent,quo
3200 4645 3574 4717 tandemipsi

155 4739 346 4794 cebat.
375 4759 404 4786 ››
440 4737 599 4792 Nihil
651 4737 830 4811 igitur
858 4738 1120 4809 Ignatius
1152 4737 1530 4792 sanctissimo
1557 4741 1816 4808 martyre

155 4827 498 4899 indignum,
532 4825 682 4880 nihil
741 4825 1086 4882 indecorum
1121 4843 1156 4880 a
1185 4826 1468 4881 Romanis
1499 4825 1700 4898 exigit,
1749 4824 1812 4879 οὺ

154 4910 599 4990 προσδεξάμενος
657 4914 761 4982 τήν
825 4913 1232 4990 άπολὺτρωσιν,
1285 4938 1312 4965 ‹‹
1347 4931 1467 4970 non
1514 4920 1819 4987 acceptam

158 5003 540 5062 liberatione.
573 5025 602 5054 η

228 5095 345 5150 Sed
377 5093 595 5149 talium
622 5093 939 5150 verborum
964 5095 1195 5152 nullum
1218 5096 1281 5150 in
1303 5095 1466 5152 omni
1487 5099 1817 5167 martyrum

158 5184 639 5240 Christianorum
672 5183 842 5255 copia
887 5184 1220 5256 exemplum
1271 5189 1504 5240 exstare
1542 5184 1817 5240 meminit

158 5275 442 5330 Dallaeus.
476 5275 770 5330 Fortasse.
806 5275 1013 5331 Melius
1044 5275 1347 5331 enimvero
1378 5275 1548 5330 nobis
1578 5275 1819 5332 consul-

158 5370 282 5418 tum
345 5368 463 5430 est,
496 5379 675 5434 quam
733 5369 802 5419 ut
856 5365 1410 5436 antiquissimorum
1465 5370 1816 5434 martyrum,

153 5469 413 5525 quorum
449 5455 724 5526 sanguini
781 5459 1012 5509 tantum
1046 5470 1283 5524 semper
1323 5453 1528 5508 debuit
1554 5452 1819 5509 Ecclesia

151 5543 390 5607 Christi,
429 5547 823 5598 monumenta
875 5560 946 5598 ex
977 5543 1156 5598 unius
1208 5543 1469 5598 hominis
1527 5542 1818 5597 memoria

152 5632 620 5704 penderent,aut
651 5632 890 5705 spiritui
915 5631 1642 5703 subjicerentur.Aliorum
1663 5647 1814 5686 mar-

217 5738 267 5774 ³⁶
297 5739 510 5795 Matth.
541 5756 655 5808 xw,
689 5741 781 5794 23.

1924 4729 2410 4799 perﬁcerentur.»
2441 4730 2522 4784 De
2544 4731 2602 4785 S.
2635 4730 2924 4801 Cypriano
2956 4734 3204 4788 Pontius
3227 4735 3354 4806 ejus
3372 4735 3571 4790 diaco-

1924 4833 2038 4873 nus
2065 4835 2077 4871 :
2107 4840 2135 4868 «
2168 4819 2612 4873 Conveniebant
2641 4819 2877 4874 interim
2902 4821 3103 4891 plures
3126 4824 3342 4895 egregii
3375 4830 3433 4878 et
3455 4823 3576 4878 cla-

1926 4905 2145 4960 rissimi
2177 4906 2425 4973 ordinis,
2459 4904 2562 4960 sed
2594 4911 2653 4959 et
2682 4906 2884 4960 saeculi
2916 4908 3226 4965 nobilitate
3277 4909 3568 4984 generosi,

1928 4995 2028 5066 qui
2049 5000 2289 5066 propter
2299 4994 2624 5050 amicitiam
2644 5011 2944 5050 secessum
2960 4998 3211 5054 subinde
3228 5001 3570 5071 suaderent;

1928 5088 1987 5138 et
2014 5099 2090 5138 ne
2121 5098 2328 5154 parum
2361 5088 2516 5138 esset
2535 5082 2697 5138 nuda
2717 5083 3162 5151 suadela,etiam
3196 5088 3324 5145 loca
3353 5090 3413 5145 in
3442 5109 3576 5163 qum

1927 5171 2250 5239 secederet,
2281 5171 2626 5227 offerebant.
2664 5192 2691 5221 »
2742 5173 2867 5226 Non
2899 5189 3039 5228 curo
3077 5176 3220 5244 quid
3247 5179 3570 5236 adversarii

1927 5261 2115 5316 nostri
2147 5260 2458 5328 dixissent,
2487 5260 2534 5315 si
2567 5275 2636 5315 eo
2669 5265 2934 5330 tempore
2967 5261 3302 5319 adfuissent
3331 5283 3344 5320 :
3371 5284 3575 5337 quaero

1927 5349 2069 5420 quid
2095 5348 2302 5403 fecerit
2333 5348 2388 5402 S.
2417 5349 2767 5420 Cyprianus.
2801 5372 2828 5399 «
2854 5349 2960 5406 Ille
2980 5366 3118 5406 vero
3138 5351 3266 5423 jam
3286 5355 3581 5410 mundum

1926 5453 2214 5510 suspensa
2243 5435 2318 5491 ad
2348 5436 2555 5492 coelum
2584 5444 2784 5494 mente
2816 5440 3284 5512 neglexerat,nec
3315 5443 3575 5500 suadelis

1925 5523 2370 5583 blandientibus
2427 5525 2749 5583 annuebat.
2798 5529 3058 5584 Fecisset
3113 5529 3359 5586 fortasse
3428 5537 3581 5590 tunc

1927 5617 2128 5682 etiam,
2162 5613 2322 5687 quod
2352 5630 2386 5669 a
2418 5613 2688 5686 pluribus
2719 5621 2776 5671 et
2807 5617 3080 5674 fidelibus
3105 5619 3496 5690 petebatur;si
3511 5629 3569 5678 et
