3974 6296
419 377 556 445 ξθϐτ

1502 381 1566 440 S.
1613 379 2010 441 IGNA’l‘lUS.
2060 411 2138 422 ——
2180 377 2801 441 PROLEGOMENA.

3746 385 3863 444 368

445 514 642 569 divino
675 514 926 586 imperio
949 514 1283 585 juberetur.
1323 534 1352 564 ››
1412 516 1556 568 Nam
1586 519 1652 567 ut
1681 513 1808 584 ipse
1839 513 2090 566 Pontius
2120 514 2171 580 Α
2205 512 2401 567 οΙεεὶεο
2431 513 2833 568 vetustissima
2852 513 3101 584 epistola
3119 531 3419 586 repraesen
3433 519 3590 570 tatur
3616 516 3864 572 Germa-

444 605 617 659 docet
647 604 705 658 in
738 604 930 675 priore
962 619 1200 658 secessu
1227 620 1238 656 :
1293 624 1319 652 «
1356 603 1600 658 Domino
1633 602 1922 657 latebram
1951 607 2090 655 tunc

434 693 673 765 jubenti
709 692 1230 764 paruit.»Populus
1261 699 1458 747 autem
1489 692 1684 748 ﬁdelis
1712 693 1767 747 S.
1798 690 2090 762 Cypriane

416 783 516 840 -ad
569 782 927 853 supplicium
987 783 1166 836 ducto
1217 787 1448 835 tantum
1482 781 1730 836 aberant
1760 780 1832 834 ab
1865 778 2090 834 orando

423 873 627 942 jDeum
661 877 722 926 ut
753 873 835 926 illi
869 876 1233 941 parceretur,
1269 877 1371 926 aut
1401 870 1604 941 quovis
1661 868 1836 924 modo
1870 873 2090 938 marty-

437 962 594 1015 rium
641 960 1044 1032 impediendo,
1079 965 1145 1014 ut
1184 961 1360 1015 simui
1414 977 1546 1014 cum
1581 959 1682 1013 illo
1716 959 1911 1030 potius
1943 957 2090 1012 mori

414 1057 740 1122 .cuperent.
777 1072 804 1098 ››
865 1050 1141 1115 Quamvis
1174 1049 1332 1103 enim
1377 1065 1496 1102 non
1549 1049 1808 1119 potuerit
1857 1047 2091 1101 evenire

437 1140 595 1212 quod
627 1139 917 1211 optabant
941 1145 1070 1193 vota
1101 1138 1464 1202 communia,
1497 1143 1560 1192 ut
1599 1137 1899 1192 consortio
1933 1136 2090 1207 paris

437 1230 638 1301 glorias
672 1229 852 1283 simul
883 1228 1051 1298 plebs
1085 1233 1207 1282 tota
1236 1233 1576 1298 pateretur;
1611 1227 1950 1296 quicunque
1983 1225 2091 1280 sub

436 1329 650 1384 Christi
683 1327 1006 1398 spectantis
1038 1326 1226 1381 oculis
1263 1332 1321 1380 et
1353 1325 1460 1381 sub
1493 1325 1734 1380 auribus
1767 1324 2090 1380 sacerdotis

442 1433 513 1472 ex
546 1417 746 1472 animo
779 1417 902 1487 pati
933 1415 1134 1481 voluit,
1167 1432 1275 1485 per
1299 1415 1580 1469 idoneum
1615 1415 1730 1468 voti
1765 1413 1852 1468 sui
1876 1419 2088 1467 testem

441 1506 755 1578 legationis
788 1504 1228 1576 quodammodo
1262 1504 1490 1558 litteras
1522 1503 1594 1558 ad
1626 1505 1810 1558 Deum
1843 1502 2022 1557 misit.
2058 1523 2085 1551 ››

439 1597 493 1651 S.
525 1596 920 1665 llieronymus
952 1595 1025 1648 de
1065 1594 1194 1648 Vita
1224 1594 1392 1648 Pauli
1425 1593 1701 1648 Eremitze
1728 1635 1741 1659 ,
1783 1616 1799 1638 ιι
1839 1591 1954 1645 Sub
1986 1593 2090 1646 De-

437 1685 526 1740 cio
551 1691 608 1738 et
641 1684 951 1738 Valeriano
985 1683 1486 1753 persecutoribus,
1513 1699 1628 1752 quo
1663 1687 1928 1751 tempore
1949 1682 2088 1735 Cor-

436 1774 628 1830 nelius
659 1776 944 1840 Romae,“
974 1773 1300 1843 Cyprianus
1326 1772 1674 1840 Carthagine
1699 1770 1856 1825 felici
1879 1787 2087 1825 cruore

2204 601 2398 668 nicus,
2431 601 2601 671 quasi
2633 601 2784 656 alter
2813 603 3096 674 lgnatius,
3131 601 3421 674 ἐπισήμως
3469 605 3857 679 θηριομαχῶν,

2206 713 2232 740 ιι
2265 691 2515 763 insignis
2539 697 2596 746 et
2625 692 2840 747 nobilis
2861 693 3387 760 bestiarius-nQuid
3410 701 3606 750 autem
3623 697 3856 768 judicio

2205 779 2636 850 antiquissima)
2658 780 2936 836 Ecclesiae
2967 777 3500 856 Enimnpmvjnsigne
3520 791 3621 838 aut
3654 785 3856 840 nobile

2207 869 2266 922 in
2298 870 2425 940 ejus
2459 871 2741 941 martyrio
2772 869 3031 925 breviter
3064 869 3360 943 descripto
3395 874 3739 928 invenitur?
3767 879 3854 929 An

2203 959 2442 1030 placida
2473 964 2530 1014 et
2556 959 2798 1013 humilis
2821 966 2878 1014 et
2904 959 3171 1014 modesta
3188 961 3318 1032 ejus
3344 963 3543 1016 anima
3567 962 3858 1017 describi-

2201 1054 2502 1118 tur,quam
2529 1047 2710 1103 solam
2735 1049 3064 1103 admiratur
3084 1050 3144 1103 in
3169 1066 3274 1104 suo
3300 1057 3555 1122 martyre
3575 1051 3856 1106 Dallaeus‘?

2201 1137 2372 1192 Nullo
2405 1137 2714 1193 modozsed
2747 1138 2891 1193 illud
2906 1139 3369 1210 potius,quodut
3397 1142 3853 1213 praeceps,quod

2200 1232 2267 1280 ut
2289 1227 2743 1298 juvenile,quod
2766 1236 2824 1282 ut
2847 1229 2969 1282 leve
2997 1229 3057 1282 in
3079 1230 3304 1300 Ignatio
3331 1229 3430 1284 ille
3465 1230 3849 1285 condemnat.

2200 1312 2554 1386 Βουλὸμὲνου
2611 1317 2714 1389 γὰρ
2769 1320 2864 1370 τοῦ
2914 1317 3221 1379 ἀνθυπατου
3280 1317 3481 1372 πείθειν
3535 1318 3697 1372 αὐτὸν
3758 1320 3850 1373 καὶ

2202 1400 2395 1478 λέγειν,
2428 1406 2516 1459 vel
2552 1403 2828 1477 λέγοντος,
2861 1406 2960 1472 τήν
2995 1404 3216 1474 ἡλικίαν
3247 1407 3414 1460 αὐτοῦ
3457 1413 3850 1482 κατοικτεῖραι,

2201 1492 2373 1563 ἑαυτῷ
2403 1489 2739 1547 ἐπεσπάσατο
2789 1493 2851 1548 τὸ
2896 1494 3101 1568 θηρίων
3131 1490 3631 1568 προσϐιασάμενος,
3681 1505 3758 1566 et,
3789 1504 3855 1552 ut

2200 1591 2380 1647 habet
2406 1593 2712 1659 Eusebius,
2742 1591 3065 1666 παροξύνας,
3101 1616 3128 1642 ‹‹
3162 1595 3305 1649 Cum
3335 1594 3493 1649 enim
3519 1597 3847 1666 proconsul

2200 1680 2439 1736 ﬂectere
2471 1699 2605 1737 eum
2631 1682 3172 1753 vellet.diceretque
3202 1701 3260 1738 se
3294 1685 3484 1738 aetatis
3516 1685 3645 1755 ejus
3666 1687 3851 1740 mise-

2197 1771 2336 1826 reri.
2370 1772 2609 1826 attraxit
2664 1772 2774 1826 sibi
2807 1773 3055 1826 bestiam
3090 1773 3141 1825 vi
3175 1790 3304 1827 eam
3336 1773 3598 1844 adigens,
3634 1781 3694 1829 et
3731 1777 3843 1829 sti-

438 1864 703 1920 damnati
736 1868 892 1920 sunt.
925 1861 1138 1916 multas
1172 1861 1327 1932 apud
1364 1863 1672 1932 Egyptum
1707 1866 1764 1913 et
1793 1858 2088 1914 Thebaida
2119 1892 2164 1957 Β
2198 1860 2456 1915 mulans.
2480 1881 2507 1910 ι»
2535 1864 2648 1915 Ποο
2681 1862 2840 1915 enim
2865 1861 3074 1916 fecisse
3100 1869 3468 1928 n.arratur,ut
3490 1865 3847 1947 martyrium

437 1955 730 2010 Ecclesias
764 1959 1086 2024 tempestas
1136 1969 1286 2006 smva
1319 1951 1600 2022 populata
1643 1954 1750 2004 est.
1785 1950 1912 2002 Voti
1945 1955 2086 2004 tunc

438 2044 788 2099 Christianis
819 2048 1076 2114 erat.pro
1100 2040 1314 2095 Christi
1350 2041 1592 2094 nomine
1614 2038 1807 2110 gladio
1830 2038 2081 2109 percuti.

435 2134 649 2186 Verum
687 2131 875 2185 hostis
907 2129 1178 2192 callidus,
1205 2128 1374 2184 tarda
1404 2128 1476 2182 ad
1509 2133 1756 2183 mortem
1793 2125 2083 2196 supplicia

439 2221 820 2290 conquirens,
854 2219 1081 2273 animas
1112 2216 1701 2288 cupiebatjugulare,
1725 2231 1845 2269 non
1878 2231 2079 2285 corpo-

436 2325 505 2363 ra
539 2314 649 2375 ;et,
684 2312 749 2362 ut
780 2309 904 2378 ipse
937 2307 1032 2376 qui
1063 2306 1135 2360 ab
1170 2322 1236 2360 eo
1265 2322 1475 2376 passus
1507 2309 1598 2358 est
1615 2303 1942 2374 Cyprianus
1973 2303 2076 2358 ait:

431 2397 783 2452 Volentibus
807 2397 954 2450 mori
988 2411 1106 2449 non
1129 2393 1583 2468 permittebatur
1612 2392 2070 2448 occidi.»Notum

427 2492 516 2541 est
547 2492 602 2540 et
625 2486 770 2540 illud
803 2487 856 2540 S.
892 2485 1193 2555 Polycarpi
1221 2483 1500 2554 martyris
1530 2482 1602 2537 ad
1633 2482 2073 2554 proconsulem,

425 2599 586 2639 nunc
618 2584 859 2650 bestias,
885 2599 1042 2638 nunc
1075 2583 1345 2637 ﬂammas
1377 2581 1462 2635 illi
1499 2581 1896 2648 minitantem,
1927 2575 2074 2633 ἀλλὰ

426 2670 480 2724 τί
540 2667 839 2744 βραδύνεις,
873 2667 997 2746 φέρε
1047 2669 1076 2723 ὅ
1137 2667 1348 2742 βούλει,
1408 2670 1616 2734 «Quid
1646 2675 1844 2724 autem
1875 2685 2072 2725 moras

428 2763 616 2817 trahis
637 2762 664 2816 ?
694 2763 840 2816 aﬂ‘er
869 2760 1026 2832 quod
1055 2760 1222 2828 velis,
1272 2781 1299 2808 »
1331 2762 1498 2812 ταῦτα
1528 2758 1618 2812 καὶ
1670 2755 1815 2812 ἃλλα
1845 2757 2071 2812 πλείονι

425 2846 604 2925 λέγων
663 2847 889 2923 θάρσου)
939 2848 1028 2901 καὶ
1084 2851 1258 2922 χαρᾶς
1311 2845 1720 2919 ἀνεπίμπλητο,
1782 2870 1808 2898 ‹‹
1843 2849 1968 2903 ι]ωο
2011 2853 2068 2903 et

421 2940 596 3011 plura
625 2939 742 2994 alia
773 2956 905 2995 cum
937 2939 1180 3006 diceret,
1217 2938 1436 2993 ﬁducia
1467 2944 1523 2992 et
1554 2938 1760 2992 laetitia
1789 2938 2067 3008 impletus

419 3034 527 3095 est,
559 3052 578 3076 ι
606 3034 672 3084 ut
693 3029 1090 3084 vetustissima
1112 3028 1240 3099 ejus
1257 3030 1400 3082 Acta
1420 3031 1732 3082 testantur.
1762 3027 1940 3082 Plura
1967 3043 2068 3082 au-

421 3123 542 3173 tem
565 3119 666 3173 illa
689 3135 818 3189 quae
841 3117 1185 3172 fortitudine
1207 3121 1264 3171 et
1285 3116 1680 3172 exsultatione
1701 3116 1915 3186 plenus
1935 3133 2066 3186 pro-

415 3209 730 3276 nuntiavit,
766 3207 982 3279 qualia,
1017 3207 1249 3274 amabo,
1281 3207 1470 3276 fuere,
1516 3208 1562 3261 si
1598 3224 1718 3262 non
1741 3208 2063 3279 lgnatianis

2196 1951 2724 2006 acceleraret.lnde
2748 1955 2945 2006 autem
2977 1953 3195 2007 factum
3217 1957 3396 2018 est,ut
3428 1970 3634 2008 omnes
3663 1955 3845 2010 etiam

2197 2040 2418 2094 ethnici
2453 2040 2631 2095 etiam
2654 2047 3064 2112 persecutores
3083 2041 3182 2107 τήν
3212 2061 3570 2112 γενναιοτητα
3589 2045 3685 2095 τοῦ
3717 2054 3815 2105 Θεο
3832 2077 3847 2084 -

2193 2125 2387 2204 φιλοῢς
2418 2129 2504 2182 καὶ
2561 2123 2842 2190 θεοσεϐοῦς
2890 2128 3082 2205 γένους
3114 2134 3219 2183 τῶν
3269 2131 3620 2203 Χριστιανῶν
3653 2132 3846 2187 admi-

2190 2220 2598 2275 rarentur.llle
2632 2221 2810 2293 igitur
2831 2220 3419 2291 Germanicus,quem
3446 2228 3510 2276 ut
3543 2222 3845 2294 insignem

2191 2312 2249 2360 et
2277 2308 2540 2363 nobilem
2571 2308 2632 2362 in
2662 2309 2872 2379 primis
2901 2314 3220 2380 martyrem
3253 2311 3560 2380 proposuit
3589 2311 3843 2380 antiqua

2189 2401 2246 2450 et
2277 2396 2525 2452 celebris
2572 2397 2836 2453 Ecclesia
2867 2399 3262 2468 Smyrnensis,
3297 2398 3467 2469 cujus
3498 2400 3570 2453 ob
3602 2399 3841 2470 insigne

2185 2488 2416 2543 facinus
2466 2489 2686 2543 ethnici
2721 2489 2833 2560 ipsi
2879 2489 3250 2544 nobilitatem
3286 2495 3344 2543 et
3373 2491 3841 2560 generositatem

2183 2576 2532 2632 Christiana)
2581 2579 2771 2650 gentis
2805 2578 3079 2632 admirati
3113 2579 3424 2633 suntnihil
3455 2578 3618 2634 aliud
3671 2580 3847 2650 fecit,

2183 2666 2298 2720 nisi
2329 2666 2486 2736 quod
2515 2667 2775 2736 lgnatius
2797 2683 2858 2720 se
2889 2666 3186 2722 facturum
3221 2666 3371 2721 dixit
3397 2685 3410 2734 ;
3442 2668 3560 2722 imo
3595 2669 3705 2722 hoc
3760 2670 3847 2723 fe-

2182 2755 2331 2810 cisse
2363 2755 2494 2810 ideo
2526 2755 2776 2825 videtur,
2810 2755 2967 2826 quod
2998 2757 3260 2826 lgnatius
3311 2757 3577 2823 dixerat;
3625 2758 3842 2813 eadem

2182 2845 2343 2899 enim
2375 2861 2512 2900 voce
2544 2846 2732 2900 utitur
2769 2845 3031 2900 Ecclesia
3060 2845 3451 2915 Smyrnensis,
3486 2845 3643 2900 unde
3679 2847 3843 2902 hanc

2179 2935 2493 3006 epistolam
2529 2935 2602 2990 ad
2635 2938 2928 2990 Romanos
2953 2934 3197 2990 dederat
3227 2935 3508 3006 lgnatius,
3531 2936 3604 2990 ad
3637 2937 3844 3006 expri-

2176 3025 2460 3079 mendum
2493 3025 2824 3080 Germanici
2857 3025 3099 3091 factum,
3133 3041 3249 3095 qua
3292 3025 3553 3096 lgnatius
3594 3025 3665 3080 ad
3697 3026 3841 3080 ani-

2175 3113 2257 3166 mi
2290 3113 2379 3166 sui
2411 3113 2685 3168 ardorem
2707 3113 3095 3168 indicandum
3123 3130 3264 3168 usus
3296 3111 3621 3186 fueratzéycb
3653 3133 3836 3188 προσ-

2173 3193 2458 3272 ὅιάσομαι,
2519 3202 2718 3272 inquit
2775 3201 2898 3266 ille,
2970 3202 3066 3256 hic
3142 3200 3485 3255 ἀπεσπάσατο
3544 3198 3826 3276 προσϐιας

415 3297 683 3353 similia?
712 3299 759 3351 si
788 3314 908 3351 non
932 3297 1018 3350 illi
1040 3297 1165 3350 voci
1197 3311 1480 3364 consona,
1515 3312 1693 3366 quam
1725 3313 1755 3351 e
1789 3298 1934 3352 cmlo
1956 3315 2060 3353 au-

2201 3287 2426 3359 άμενος.
2465 3289 2628 3345 Unde
2661 3291 2838 3346 etiam
2868 3295 3005 3346 ante
3039 3293 3400 3360 monuimus,
3425 3291 3668 3346 dubium
3696 3310 3826 3349 non

419 3384 586 3453 divit,
638 3385 824 3457 Ἳσχυε
879 3383 971 3436 καὶ
1019 3379 1299 3456 ἀνδρίζου,
1360 3380 1706 3454 [Ιολύκαρπε.
1740 3401 1906 3440 non:
1942 3388 2060 3441 Mo-

409 3473 613 3528 destus
647 3478 794 3539 esto,
829 3473 967 3528 sed:
1006 3495 1032 3523 ‹‹
1065 3473 1320 3528 Fortiter
1345 3478 1402 3528 et
1443 3473 1694 3528 viriliter
1733 3490 1858 3545 age,
1889 3476 2058 3546 Poly-

405 3578 602 3633 carpe.
623 3582 650 3610 »
669 3563 986 3617 Notissima
1001 3568 1097 3617 est
1119 3562 1297 3617 etiam
1323 3562 1426 3617 illa
1449 3563 1696 3618 Romani
1719 3564 2056 3620 Caesareen-

407 3650 489 3705 sis
521 3651 755 3707 diaconi
788 3669 895 3706 vox
930 3652 1253 3707 Antiochiae
1289 3652 1511 3720 audita,
1545 3655 1651 3705 ποῦ
1687 3671 1781 3724 μοι
1813 3653 1876 3707 τὸ
1926 3657 2055 3730 πῦρ,

408 3761 436 3789 ‹‹
469 3739 714 3796 ubinam
745 3742 890 3795 mihi
922 3741 1178 3814 ignis?»

483 3847 754 3903 Secunda
767 3849 1032 3920 exceptio
1049 3847 1120 3904 ab
1140 3848 1213 3902 iis
1229 3847 1610 3920 petitur,quaa
1630 3848 1700 3904 de
1724 3865 1783 3903 se
1810 3850 2056 3922 sponde-

403 3953 467 3992 re
495 3937 1236 4010 diciturlgnatius;sci1icet
1251 3938 1406 4009 quod
1429 3955 1489 3992 se
1516 3938 1736 3994 bestias
1750 3939 1823 3993 ad
1846 3956 2053 3996 necem

409 4036 578 4081 suam
626 4026 1072 4082 accelerandam
1101 4031 1560 4098 provocaturum
1585 4027 1824 4096 scribat,
1853 4035 1911 4083 et
1940 4031 2053 4084 hoc

403 4117 574 4172 etiam
607 4117 734 4171 sine
768 4116 1055 4186 exemplo.
1081 4116 1206 4171 Duo
1240 4117 1416 4171 verba
1447 4123 1586 4172 sunt
1615 4134 1744 4188 quae
1768 4118 1855 4172 illi
1901 4120 2052 4175 mira

396 4205 690 4272 videntur,
742 4201 1061 4257 κολακεῦσω
1121 4211 1178 4260 et
1227 4200 1659 4279 προσϐιάσομαι,
1717 4227 1745 4256 ‹‹
1776 4207 2052 4264 blandiar

391 4293 558 4360 feris,
591 4293 711 4346 imo
744 4309 968 4364 cogam.
1003 4315 1030 4342 »
1060 4317 1085 4342 «
1114 4295 1156 4350 Ο
1180 4294 1649 4366 diras,inquit,et
1680 4297 2047 4353 truculentas

401 4383 590 4436 voces!
622 4381 742 4436 imo
765 4398 898 4438 vere
927 4389 1183 4452 sanctas,
1205 4389 1260 4438 et
1291 4384 1494 4450 fortes,
1530 4389 1587 4437 et
1609 4385 1771 4439 omni
1804 4402 2047 4442 venera-

397 4471 557 4525 tione
585 4470 958 4542 accipiendas
985 4472 996 4526 !
1021 4489 1141 4528 non
1173 4474 1287 4528 alia
1317 4474 1517 4527 anima
1541 4472 1746 4544 dignas
1779 4490 1956 4544 quam
1980 4492 2048 4531 ea

393 4576 524 4630 quas
554 4559 688 4614 vitae
721 4578 841 4615 suae
864 4566 1133 4633 pertzesa,
1168 4562 1500 4631 lucemque,
1536 4560 1694 4630 quod
1740 4567 1916 4632 poeta
1942 4565 2043 4633 ait,

2171 3380 2473 3450 esso,quin
2503 3380 2661 3435 hunc
2693 3380 2888 3451 ipsum
2912 3379 3114 3435 locum
3147 3381 3414 3451 epistolae
3429 3381 3501 3435 ad
3525 3384 3830 3437 Romanos

2169 3478 2541 3548 respexerint
2557 3477 3109 3550 Smyrnenses,cum
3138 3479 3249 3533 ista
3268 3479 3692 3534 scriberent.Et
3714 3481 3790 3535 ob
3813 3514 3829 3522 -

2169 3566 2455 3622 servanda
2478 3572 2616 3622 sunt
2646 3567 2825 3622 verba
2853 3566 3251 3639 Martyrologii
3283 3568 3547 3623 Romani:
3568 3591 3594 3618 ς(
3614 3569 3829 3641 Smyr-

2165 3672 2258 3710 naa
2290 3656 2513 3712 Natalis
2544 3658 2604 3712 B.
2673 3656 3007 3711 Germanici
3041 3657 3336 3728 martyris,
3371 3658 3472 3728 qui
3517 3674 3651 3712 cum
3702 3661 3828 3729 pri-

2165 3761 2364 3800 maavaa
2415 3746 2603 3801 aatatis
2637 3749 2942 3801 venustate
2977 3745 3237 3812 ﬂoreret,
3265 3745 3372 3800 sub
3404 3749 3594 3801 Marco
3628 3749 3824 3803 Anto-

2164 3833 2306 3888 nino
2342 3838 2398 3888 et
2421 3834 2596 3889 Lucio
2618 3833 2857 3890 Aurelio
2879 3851 2985 3906 per
3015 3836 3265 3907 gratiam
3293 3835 3523 3890 virtutis
3556 3836 3655 3890 Dei
3687 3854 3821 3892 me~

2163 3927 2289 3977 tum
2322 3940 2620 3994 corporeae
2639 3923 2975 3996 fragilitatis
2997 3924 3318 3980 excludens
3344 3930 3550 3995 sponte
3582 3943 3822 3997 praipa-

2160 4017 2349 4067 ratam
2381 4011 2490 4067 sibi
2520 4012 2773 4068 bestiam
2801 4014 3115 4070 damnatus
3145 4031 3180 4069 a
3197 4015 3399 4086 judice
3449 4018 3816 4086 provocavit,

2159 4103 2330 4172 cujus
2361 4101 2637 4158 dentibus
2660 4120 2786 4158 com
2799 4104 3062 4159 minutus
3084 4120 3216 4158 vero
3239 4105 3376 4174 pani
3403 4105 3650 4160 Domino
3671 4107 3821 4163 Jesu

2159 4192 2387 4247 Christo
2455 4209 2560 4263 pro
2607 4193 2734 4264 ipso
2767 4193 3025 4248 moriens
3075 4193 3292 4248 meruit
3332 4194 3745 4266 incorporari:
3787 4219 3816 4246 ››

2156 4287 2221 4336 ut
2252 4283 2390 4337 hinc
2412 4283 2590 4337 etiam
2614 4284 2837 4354 Ignatio
2861 4283 3202 4338 simillimus
3230 4288 3454 4354 martyr
3473 4300 3812 4355 repraasen-

2156 4376 2331 4431 tetur.
2369 4371 2545 4426 Miror
2573 4373 2772 4444 itaque
2827 4373 3112 4428 Dallaeum
3145 4372 3404 4428 scribere
3436 4375 3722 4443 potuisse,
3749 4376 3817 4430 in

2157 4462 2606 4532 Smyrnensium
2630 4468 2958 4534 martyrum
2977 4463 3135 4518 Actis
3165 4462 3311 4517 nihil
3341 4462 3636 4534 epistolici
3656 4466 3816 4519 scri-

2153 4551 2338 4622 ptoris
2367 4552 2627 4607 sermoni
2661 4552 2851 4607 simile
2901 4552 3189 4623 reperiri:
3252 4551 3419 4622 quasi
3467 4553 3816 4610 Germanici

392 4662 607 4717 perosa
637 4647 698 4700 in
731 4651 980 4703 mortem
1014 4666 1278 4720 prmceps
1327 4649 1446 4702 ruit
1476 4647 1685 4717 (instar
1715 4650 2044 4721 mancipio-
2075 4639 2119 4702 D
2153 4640 2385 4711 insigne
2415 4641 2638 4696 factum
2668 4645 2770 4695 aut
2791 4640 2943 4695 nihil
2965 4641 3172 4707 sit,aut
3191 4657 3312 4695 non
3343 4641 3651 4712 Ignatiano
3681 4659 3814 4697 ser-

391 4751 514 4790 rurr.
528 4735 725 4790 saeculi
743 4738 1326 4808 desperandorum,ut
1340 4735 1605 4805 loquitur
1617 4735 2038 4808 Blondellus),»

394 4825 514 4880 imo
565 4843 633 4881 ea
658 4828 856 4881 anima
902 4826 1300 4897 dignissimas,
1335 4841 1464 4894 quae
1495 4825 1805 4894 praesentis
1835 4829 2037 4883 saeculi

391 4917 591 4970 omnia
614 4917 1102 4984 contemnit,quaa
1130 4914 1370 4968 dissolvi
1402 4919 1459 4967 et
1490 4927 1624 4968 cum
1657 4915 1884 4972 Christo
1907 4934 2036 4973 esse

385 5006 571 5075 cupit,
601 5023 728 5074 quae
761 5005 834 5058 ad
857 5003 1105 5076 praemia
1149 5004 1430 5073 martyrio
1464 5006 1756 5075 promissa
1792 5008 2034 5078 aspirat,

380 5111 514 5164 quae
548 5093 901 5148 Christianae
934 5093 1240 5164 religionis
1281 5094 1764 5166 propagationem
1799 5097 2034 5152 deside-

382 5189 634 5252 rat,quae
664 5183 783 5236 vim
818 5188 874 5236 et
914 5183 1170 5254 vigorem
1221 5182 1472 5253 Spiritus
1503 5183 1661 5238 intus
1713 5185 2033 5241 habitantis

374 5262 713 5343 exprimere
748 5276 1158 5341 conatur,quaa
1180 5272 1426 5342 gentiles
1449 5278 1506 5326 et
1535 5273 1882 5329 idololatras
1910 5292 2033 5330 om-

378 5379 485 5417 nes
513 5362 741 5433 pudore
775 5361 1137 5424 suffundere,
1161 5362 1220 5416 in
1243 5361 1697 5417 admirationem
1734 5364 2030 5435 abripere,

375 5451 448 5505 ad
485 5450 967 5522 desperationem
998 5467 1226 5523 cogere,
1285 5457 1351 5506 ut
1381 5452 1452 5506 ad
1509 5453 1686 5507 fidem
1746 5453 2030 5510 Christia-

375 5547 516 5593 nam
537 5539 1010 5610 amplectendam
1028 5557 1368 5612 permovere
1381 5538 1687 5596 contendit
1705 5541 1716 5593 !
1737 5545 1821 5596 An
1841 5559 2031 5598 exem-

373 5624 538 5696 plum
565 5626 743 5696 hujus
773 5625 857 5681 rei
882 5628 1184 5698 quaeritur,
1206 5633 1432 5683 cumtot
1452 5644 1600 5698 pene
1621 5633 1856 5683 exstent
1886 5636 2031 5700 quot

377 5715 524 5769 Acta
556 5715 648 5770 vel
679 5717 979 5772 memoriae
1010 5725 1339 5789 martyrum
1369 5717 1397 5770 ‘l
1427 5717 1490 5771 In
1510 5717 1887 5787 Smyrnensis
1919 5721 2025 5774 Ec-

2153 4731 2315 4784 moni
2364 4729 2580 4794 simile,
2631 4746 2762 4784 cum
2817 4729 3027 4785 eodem
3069 4729 3351 4785 vocabulo
3416 4730 3814 4800 exprimatur.

2150 4821 2348 4889 Neque
2383 4824 2611 4874 tantum
2643 4817 2984 4887 bestiis,sed
3005 4824 3064 4873 et
3085 4819 3195 4890 ipsi
3222 4818 3411 4888 judici
3434 4819 3546 4872 vim
3581 4819 3811 4876 intule-

2149 4914 2291 4963 runt
2321 4913 2629 4980 martyres,
2663 4914 2728 4963 ut
2751 4911 3050 4964 Romanus
3083 4907 3179 4962 ille
3212 4925 3282 4961 ex
3314 4906 3633 4962 Palaestina
3669 4909 3806 4964 dia-

2149 5014 2354 5065 conus,
2389 4997 2492 5052 sed
2549 4997 2899 5062 Antiochiae,
2932 4997 3090 5052 unde
3141 4996 3398 5069 lgnatius
3433 5001 3656 5051 tractus
3691 5005 3813 5065 est,

2148 5089 2298 5144 forte
2356 5086 2737 5151 constitutus,
2771 5109 2796 5138 ‹‹
2834 5103 2968 5142 cum
3000 5087 3220 5142 multos
3257 5085 3480 5140 milites
3511 5087 3816 5142 cecidisse

2146 5185 2426 5240 Ecclesiae
2476 5185 2826 5252 invenisset,
2857 5201 2977 5239 non
3008 5189 3095 5239 est
3143 5200 3356 5255 passus
3386 5181 3527 5236 dare
3559 5181 3815 5240 diabolo

2146 5281 2210 5328 ut
2240 5274 2582 5342 exsultaret,
2607 5273 2710 5329 sed
2740 5273 3137 5329 exsultantem
3163 5273 3429 5344 judicem
3461 5272 3532 5326 de
3568 5273 3662 5326 his
3701 5276 3813 5344 qui

2143 5362 2380 5418 fuerant
2413 5363 2676 5434 superati
2693 5363 3032 5435 aggreditur
3057 5362 3174 5417 vim
3195 5362 3441 5428 faciens,
3459 5377 3644 5432 regno
3667 5379 3814 5419 vero

2143 5458 2330 5523 rapto,
2383 5458 2440 5506 et
2496 5451 2683 5509 dicit:
2737 5453 2864 5507 Non
2897 5453 3138 5508 recedes
3184 5451 3391 5518 laetus;
3426 5451 3607 5505 habet
3641 5453 3813 5509 enim

2141 5543 2296 5596 Deus
2329 5541 2552 5595 milites
2585 5542 2683 5611 qui
2717 5542 2986 5613 superari
3019 5558 3139 5597 non
3171 5545 3440 5611 possunt,
3472 5560 3494 5590 ιι
3522 5545 3590 5593 ut
3618 5541 3818 5597 tradit.

2141 5630 2448 5700 Eusebius,
2510 5633 2579 5686 De
2632 5635 3036 5688 resurrectione
3093 5631 3195 5687 lib.
3230 5647 3284 5684 ιι.
3321 5634 3512 5699 Atque
3542 5630 3627 5684 ita
3658 5647 3763 5702 pro
3787 5661 3809 5672 -

2143 5719 2229 5776 dit
2275 5716 2693 5774 αὐτοκέλευστον
2728 5719 2950 5794 ἱερεῖον,
3012 5740 3039 5774 ι
3089 5720 3325 5776 victima
3373 5721 3731 5790 spontauea,
3762 5740 3803 5770 »ι
