3974 6296
156 395 275 456 369
293 379 300 389 ‘

885 393 942 454 Ι.
987 393 1419 457 PEARSONII
1460 395 1834 460 VINDICLE
1878 402 2355 465 IGNATIANE.
2405 441 2480 451 —
2524 408 2724 469 PARS
2772 405 2853 466 II.

3457 401 3578 463 370
3611 404 3614 410 ’

153 535 220 584 ut
249 529 520 602 loquitur
552 533 766 586 auctor
795 529 1081 586 orationis
1105 531 1378 587 secundm
1400 533 1819 605 Chrysostomo
1851 539 1902 608 Α
1932 545 2131 597 autem
2156 543 2283 600 haec
2310 561 2429 600 non
2462 549 2692 600 tantum
2722 559 2858 598 vera
2887 559 3015 597 esse
3043 540 3268 608 dicunt,
3304 525 3406 595 sed
3437 545 3571 596 tan-

162 619 581 690 ascriptaaSed
613 619 846 692 reliqua
876 620 1147 693 exempla
1176 638 1658 694 percenseamus,
1693 626 1828 695 qui-

165 709 274 764 bus
303 727 549 782 semper
581 711 646 765 in
677 710 941 766 Ecclesia
999 710 1097 766 illa
1155 718 1482 785 martyrum
1541 713 1824 771 fortitudo

166 800 487 855 decantata
519 805 759 871 est,qua
786 800 1184 856 instrumenta
1204 801 1370 857 necis
1402 803 1476 858 ad
1507 819 1675 860 suam
1699 821 1824 876 pas-

161 907 397 945 sxonem
420 889 878 946 accelerandam
911 889 1218 963 urgebant.
1280 893 1346 946 In
1405 894 1823 964 antiquissima

155 981 473 1050 Perpetua:
505 980 783 1051 passione
816 981 940 1035 haec
969 980 1221 1052 legimus
1254 999 1267 1036 :
1303 1003 1330 1031 «
1366 983 1658 1054 Perpetua
1711 1000 1820 1039 au-

155 1075 269 1124 tem
302 1076 373 1126 ut
424 1070 654 1141 aliquid
693 1070 915 1126 doloris
971 1076 1255 1143 gustaret,
1287 1071 1444 1127 inter
1487 1090 1622 1129 ossa
1652 1091 1814 1129 como

149 1169 377 1234 puncta
399 1162 746 1230 exululavit,
781 1167 840 1216 et
865 1168 1163 1218 errantem
1210 1161 1472 1235 gladium
1534 1164 1814 1220 tirunculi

152 1252 510 1324 gladiatoris
540 1251 669 1323 ipsa
687 1251 748 1305 in
765 1250 1039 1322 jugulum
1071 1268 1245 1307 suum
1277 1253 1600 1307 transtulit.
1635 1254 1810 1308 »Βίο-

153 1343 364 1412 nysius
388 1340 768 1396 Alexandria;
790 1339 1104 1412 episcopus
1127 1340 1502 1412 Apolloniam
1525 1341 1812 1414 virginem

155 1447 527 1503 magnopere
557 1429 943 1500 laudat,quod
967 1446 1102 1484 cum
1134 1430 1246 1501 ipsi
1267 1430 1592 1486 verberatis
1613 1431 1812 1486 maxil-

151 1521 219 1576 lis
272 1520 483 1576 cuncti
544 1519 752 1574 dentes
806 1520 1060 1590 excussi,
1121 1519 1500 1590 ffammaeque
1557 1519 1811 1576 admota;

147 1615 374 1676 essent,
405 1606 685 1670 συντόνως
714 1604 1054 1676 ἐπεπήδησεν
1089 1606 1166 1670 εἷς
1220 1607 1284 1662 τὸ
1334 1611 1442 1682 πῦρ
1495 1608 1585 1662 καὶ
1644 1628 1812 1663 κατα-

142 1697 475 1771 πέφλεχται,
509 1721 537 1749 ‹‹
570 1698 845 1754 celeriter
866 1698 928 1752 in
951 1699 1146 1770 ignem
1169 1697 1386 1753 insiliit
1407 1703 1464 1753 et
1485 1699 1812 1771 conﬂagra-

143 1790 238 1844 vit.
272 1812 302 1838 ››
337 1789 398 1844 S.
465 1787 724 1844 Hilarius
783 1788 1161 1843 enarratione
1221 1788 1284 1843 in
1330 1787 1628 1860 psalmum
1660 1805 1762 1843 va
1794 1805 1806 1843 :

1930 647 2106 701 quam
2134 649 2434 689 summum
2465 633 2770 705 religionis
2799 631 3142 687 Christianis
3185 631 3366 686 decus
3422 647 3575 702 prae—

1927 719 2148 777 dicant.
2194 725 2457 779 Justinus
2509 729 2735 794 martyr
2781 723 3001 778 fatetur
3061 721 3459 776 Christianum
3514 735 3576 774 se

1923 810 2144 867 factum
2177 831 2327 883 esse,
2362 814 2519 885 quod
2551 814 2604 869 ei
2638 831 2812 870 nemo
2833 815 3048 883 ;matus
3077 813 3376 868 videretur
3421 809 3578 864 θάνα-

1923 919 2018 952 τον
2051 899 2402 971 ἀσπάζεσθαι,
2438 903 2548 978 οὐχ
2601 901 2682 957 ὅτι
2741 901 2930 956 ἑαυτὸν
2992 896 3332 974 κατήγγελλε
3380 920 3575 978 φονευ-

1924 988 2516 1060 θησόμενον,‹‹ιιε‹1ιιῐη
2537 999 2600 1047 ut
2614 993 2927 1064 quisquam
2947 992 3208 1063 seipsum
3230 991 3566 1046 necandum

1920 1079 2075 1134 ultro
2103 1081 2384 1152 proderet
2411 1099 2479 1138 ac
2510 1082 2787 1150 deferret,
2821 1101 2847 1132 ι
2887 1081 3045 1152 quod
3074 1080 3392 1136 Christiani
3419 1085 3561 1134 tunc
3605 1083 3608 1085 λ

1922 1171 2208 1240 temporis
2242 1169 2525 1226 fecerunt.
2559 1171 2834 1226 Clemens
2866 1169 3107 1243 quidem
3128 1169 3566 1225 Alexandrinus

1919 1263 2126 1315 contra
2151 1259 2594 1316 Valentinianos
2616 1260 2932 1332 disputans
2963 1260 3342 1330 reliquosque
3376 1260 3568 1313 Gnos-

1919 1347 2087 1418 ticos,
2121 1350 2220 1419 qui
2253 1367 2492 1404 omnem
2535 1367 2640 1422 pro
2690 1351 2934 1405 veritatc
2991 1349 3330 1420 passionem
3389 1364 3566 1419 nega-

1919 1437 2083 1505 bant,
2113 1439 2457 1495 Gnosticum
2490 1457 2664 1495 suum
2697 1441 2778 1495 ita
2810 1439 3090 1506 instituit,
3153 1443 3217 1493 ut
3271 1455 3392 1493 non
3441 1437 3560 1492 nisi

1919 1533 2158 1584 coactus
2176 1531 2524 1600 martyrium
2551 1529 3005 1598 subeat,fatetur
3025 1533 3223 1584 tamen
3246 1527 3392 1583 alios
3417 1543 3568 1581 mar-

1920 1626 2076 1690 tyres
2102 1619 2276 1675 aliter
2306 1620 2601 1675 animatos
2627 1621 2829 1687 fuisse,
2863 1621 3294 1690 Gnosticusque
3343 1619 3414 1674 ab
3464 1618 3563 1673 illo

1920 1709 2264 1764 eﬂ'ormatus
2321 1709 2579 1764 dicitur:
2641 1709 2825 1782 Ταύτῃ
2882 1712 2991 1762 τῶν
3023 1705 3208 1762 ἂλλων
3243 1705 3559 1781 λεγομὲνων

1922 1795 2208 1870 μαρτύρων
2242 1796 2643 1871 χωριζόμενος,
2751 1798 2801 1852 οἱ
2835 1797 2930 1869 μὲν
2981 1796 3232 1872 ἀφορμὰς
3288 1796 3562 1868 παρέχον.

146 1903 169 1928 ι(
203 1879 326 1934 Alii
362 1878 532 1933 enim
564 1879 627 1932 in
656 1878 906 1933 vinculis
940 1894 1246 1933 carcerum
1303 1877 1650 1950 gloriantur,
1712 1879 1799 1934 alii

1918 1886 2000 1947 τὲς
2033 1905 2209 1962 σφισιν
2242 1883 2428 1947 αὐτοῖς
2463 1883 2907 1960 ἐπιῤῥιπτοῧντες
2966 1882 3150 1945 αὐτοῖς
3211 1887 3327 1944 τοῖς
3382 1879 3564 1938 κινδύ-

143 1969 280 2022 caasi
315 1968 382 2022 in
414 1966 763 2022 verberibus
793 1966 1182 2038 gratulantur,
1215 1966 1315 2021 alii
1337 1969 1645 2038 postestati
1667 1969 1810 2024 irre-

143 2055 501 2128 ligiosorum
541 2055 876 2111 desecanda
904 2055 1168 2110 felicium
1200 2056 1461 2126 capitum
1496 2057 1646 2112 colla
1679 2057 1812 2113 sub-

141 2146 393 2200 mittunt
419 2161 434 2211 ;
459 2145 662 2216 plures
685 2145 746 2198 in
768 2149 1097 2199 exstructos
1127 2161 1300 2216 rogos
1329 2151 1660 2214 currunt,et
1691 2151 1810 2201 tre-

140 2235 496 2308 pidantibus
536 2251 723 2305 paenae
776 2233 1068 2289 ministris
1125 2235 1323 2306 ignem
1373 2235 1527 2290 saltu
1586 2236 1810 2291 devotas

141 2323 553 2380 festinationis
586 2323 932 2378 insiliunt.»
980 2325 1145 2378 Hunc
1197 2323 1260 2378 in
1319 2324 1674 2396 martyribus
1705 2342 1808 2396 pa-

147 2415 338 2470 tiendi
375 2413 655 2468 ardorem
681 2413 905 2484 optime
937 2411 1221 2468 describit
1249 2413 1305 2468 S.
1354 2413 1809 2484 Chrysostomus

141 2507 421 2561 oratione
456 2505 517 2558 in
544 2501 1211 2571 Romanum,diabolum
1239 2503 1321 2558 ita
1342 2502 1688 2573 loquentem
1717 2505 1809 2558 in-

145 2594 515 2649 troducens:
567 2592 870 2662 ’Λνθρακας
931 2589 1282 2663 ὑπεστόρεσα,
1343 2590 1394 2644 οἱ
1476 2587 1534 2644 δέ
1590 2591 1665 2654 ὡς
1718 2590 1808 2645 ἐπὶ

139 2679 275 2755 ῥόδα
308 2678 566 2754 ἔτρεχον,
591 2704 610 2729 ι
640 2697 859 2751 prunas
891 2680 1270 2748 substravi,hi
1303 2686 1502 2735 autem
1526 2687 1807 2751 tanquam

139 2773 212 2827 ad
245 2789 424 2826 rosas
455 2769 798 2834 currebant,
834 2793 860 2818 ››
893 2772 1002 2841 πῦρ
1031 2766 1234 2840 ἀνῆψα,
1269 2767 1320 2820 οἱ
1352 2764 1409 2822 δὲ
1442 2767 1517 2830 ὡς
1564 2767 1641 2829 εἰς
1696 2789 1808 2837 πη-

132 2861 230 2933 γὰς
263 2857 485 2912 ὑδάτων
513 2861 744 2931 ψυχρῶν
791 2854 1015 2918 ἑαυτοὺς
1073 2853 1321 2932 ἔρριψαν,
1373 2881 1400 2908 ‹‹
1463 2858 1661 2930 ignem
1710 2875 1805 2914 ac-

134 2949 338 3018 cendi,
371 2949 459 3003 illi
494 2953 691 3003 autem
725 2952 1008 3018 tanquam
1040 2948 1103 3002 in
1132 2946 1329 3002 fontes
1370 2964 1660 3018 aquarum
1709 2948 1808 3002 fri-

132 3041 418 3112 gidarum
450 3038 679 3108 seipsos
713 3035 1126 3108 projiciebant,
1156 3059 1182 3085 »
1209 3034 1299 3089 καὶ
1333 3033 1515 3110 ὣσπερ
1573 3035 1625 3090 ἐν
1685 3037 1806 3110 ἰερᾷ

132 3133 340 3200 πομπῇ
365 3127 694 3202 χορεύοντες
729 3125 818 3179 καὶ
858 3125 908 3179 ἐν
944 3123 1179 3198 λειμῶνι
1209 3124 1495 3193 παίζοντες
1555 3123 1801 3200 χλοερῷ,

136 3216 284 3270 οὕτω
318 3216 418 3276 τὰς
449 3215 722 3288 τιμωρίας
751 3210 978 3276 ἕκαστος
1007 3211 1278 3289 ἥρπαζον,
1319 3211 1433 3288 οὐχ
1487 3213 1563 3274 ὡς
1621 3235 1802 3286 τιμω-
1834 3253 1877 3319 C

179 3309 190 3319 ι
305 3304 350 3319 9‘
371 3305 392 3319 ς
415 3305 427 3319 I
474 3304 487 3319 Ι
597 3302 623 3319 Ἰ
659 3315 674 3319 -
783 3301 802 3319 κ
903 3298 933 3319 ρ
956 3304 965 3319 1
1213 3301 1228 3319 9
1368 3301 1381 3319 \
1534 3302 1548 3316 ε

139 3309 258 3381 pia:
294 3304 427 3359 ἀλλ’
459 3304 534 3365 ὡς
589 3302 720 3371 ἄνθη
783 3298 1156 3375 λαμϐάνοντες
1211 3301 1414 3377 ἐαρινὰ,
1461 3302 1551 3356 καὶ
1608 3322 1802 3376 στεφα-

138 3395 430 3467 νούμενοι,
461 3393 552 3447 καὶ
602 3398 670 3466 τῇ
726 3395 826 3457 τῆς
896 3391 1100 3454 οῗκείας
1156 3392 1468 3466 προθυμίας
1520 3386 1801 3465 ὑπερϐολῇ

136 3485 232 3545 τὰς
270 3484 411 3555 ἐμὰς
441 3485 781 3561 προέφθανον
808 3481 1101 3555 τιμωρίας,
1137 3506 1163 3533 ‹‹
1195 3491 1252 3538 et
1285 3487 1570 3552 tanquam
1602 3483 1664 3537 in
1719 3500 1804 3538 sa-

143 3594 244 3630 cra
265 3590 491 3646 pompa
516 3574 762 3628 choreas
795 3579 1058 3644 agentes,
1092 3576 1151 3626 et
1179 3573 1240 3626 in
1265 3571 1437 3626 viridi
1487 3575 1654 3642 prato
1711 3571 1801 3628 lu-

141 3665 468 3733 dentes,ita
488 3669 787 3718 tormenta
808 3663 1060 3732 quisque
1084 3661 1484 3732 arripuit,non
1517 3667 1799 3733 tanquam

142 3770 374 3825 pmnas,
407 3752 515 3807 sed
544 3750 706 3806 velut
725 3767 935 3804 vernos
966 3750 1142 3804 ﬂores
1173 3750 1554 3821 accipientes,
1589 3756 1647 3804 et
1702 3767 1798 3805 co-

140 3843 360 3911 ronati,
389 3841 716 3912 etpropriaa
735 3839 1058 3894 alacritatis
1084 3854 1327 3893 excessu
1351 3842 1646 3893 tormenta
1667 3855 1802 3894 mea

142 3931 589 4003 praeripiebant.
623 3951 651 3979 »

178 4029 190 4037 '
211 4025 420 4092 Neque
441 4021 658 4074 mirum
686 4024 777 4074 est
792 4019 1022 4088 aliquos
1055 4018 1274 4072 bestias
1297 4017 1425 4089 jam
1465 4023 1701 4089 paratas
1724 4017 1799 4073 ad

141 4113 412 4181 ipsorum
443 4126 651 4163 necem
677 4113 1157 4180 provocasse,aut
1188 4107 1797 4163 crudelitatisinstru—

143 4201 426 4254 mentain
459 4199 772 4269 procinctu
802 4197 994 4267 posita
1017 4197 1088 4252 ad
1111 4196 1565 4251 accelerandum
1584 4201 1801 4267 marty-

142 4291 305 4344 rium
333 4289 493 4343 ultro
516 4287 896 4352 adhibuisse;
929 4303 1063 4340 cum
1096 4286 1422 4340 certissime
1454 4291 1704 4348 constet.
1739 4286 1800 4340 id

146 4379 306 4450 quod
339 4377 525 4432 multo
553 4377 743 4446 majus
777 4375 1376 4446 est,quamplurimos
1408 4381 1660 4430 mortem
1690 4391 1795 4445 pro

143 4471 364 4524 Christi
399 4469 643 4523 nomine
669 4466 1046 4538 appetivisse,
1083 4483 1218 4521 cum
1249 4467 1310 4520 in
1345 4467 1602 4521 hostium
1634 4472 1797 4538 pote-

145 4566 298 4615 state
328 4575 452 4614 non
485 4556 938 4627 essent,seipsos
961 4555 1278 4621 indicasse,
1295 4556 1614 4626 hostesque
1637 4556 1800 4627 ipsos

144 4649 216 4704 ad
252 4646 614 4718 supplicium
637 4643 1025 4715 inﬂigendum
1047 4645 1501 4714 provocasse.De
1521 4643 1804 4699 Christia-

147 4739 240 4792 nis
273 4737 367 4791 sui
403 4735 681 4806 temporis
714 4734 1008 4788 Lucianus
1039 4733 1102 4787 in
1132 4735 1468 4802 Peregrina:
1505 4732 1801 4786 Πεπείκασι

143 4827 247 4899 γὰρ
307 4822 508 4883 αὐτοὺς
567 4823 618 4875 οἱ
671 4817 1064 4892 κακοδαίμονες
1118 4821 1179 4874 τὸ
1244 4821 1337 4892 μὲν
1367 4819 1500 4875 ὅλον
1551 4820 1805 4876 ἀθάνατοι

144 4917 362 4976 ὶσεσθαι
400 4910 492 4964 καὶ
557 4909 819 4986 βιώσεθαι
877 4909 967 4962 τὸν
1027 4907 1109 4963 ἀεὶ
1169 4908 1388 4983 χρόνον·
1451 4911 1580 4984 παρ’
1632 4909 1661 4962 8
1712 4909 1804 4964 καὶ

149 5006 553 5081 καταφρονοῦσι
585 5004 683 5055 τοῦ
717 4997 966 5069 θανάτου,
994 5000 1084 5053 καὶ
1147 4998 1355 5060 ἑκόντες
1423 4999 1620 5060 αὐτούς
1683 4998 1801 5053 ἄπι-

156 5092 400 5149 assam
435 5093 487 5146 oi
511 5087 738 5146 πολλοι.
779 5113 806 5139 ‹‹
833 5089 1025 5144 Miseri
1057 5090 1327 5145 homines
1370 5106 1404 5144 a
1433 5091 1644 5162 seipsis
1675 5107 1807 5162 per-

149 5184 464 5254 suasi,fore
485 5199 547 5238 se
569 5183 798 5252 integre
830 5179 1222 5248 immortales,
1251 5196 1604 5251 semperque
1624 5179 1804 5235 victu-

147 5294 265 5342 ros,
302 5280 558 5330 mortem
590 5274 1004 5336 contemnunt,
1037 5268 1331 5339 multique
1362 5269 1519 5324 ultro
1575 5270 1805 5341 seipsos

148 5365 393 5420 dedunt.
422 5361 806 5416 nTiberianus
829 5357 1159 5412 Palaestina:
1182 5375 1402 5428 praeses
1423 5357 1530 5412 sub
1553 5357 1804 5429 imperio

147 5455 381 5528 Trajani
415 5453 489 5509 de
521 5450 775 5507 Galilaeis
795 5449 914 5502 sive
937 5447 1292 5503 Christianis
1317 5449 1399 5503 ita
1415 5448 1679 5519 loquitur
1702 5465 1714 5504 :
1740 5447 1804 5500 οὐ

147 5563 411 5598 παυονται
443 5539 670 5599 ἑαυτούς
708 5533 1008 5609 μηνύοντες
1039 5533 1114 5596 εἰς
1146 5535 1208 5589 τὸ
1239 5535 1594 5610 ἀναιρεῖσθαι,
1628 5559 1655 5586 ‹‹
1681 5552 1802 5591 non

147 5640 383 5692 cessant
414 5631 491 5689 ad
514 5629 742 5686 caedem
767 5642 896 5681 sese
929 5626 1281 5697 patefacere.
1319 5648 1347 5675 »
1382 5627 1514 5680 Haec
1537 5625 1608 5680 de
1659 5626 1810 5682 anti-

144 5724 452 5801 quissimis
478 5715 844 5792 martyribus
863 5715 1114 5788 gentiles
1138 5719 1460 5772 testantur:
1486 5715 1805 5772 Christiani

1921 1994 2060 2042 νοις,
2088 1973 2186 2028 οὐκ
2216 1971 2321 2028 οἶδ’
2354 1972 2524 2043 ὅπως,
2564 1970 2853 2046 εὓστομεῖν
2884 1972 2983 2048 γὰρ
3017 1969 3247 2039 δίκαιον,
3279 1993 3306 2025 α
3327 1973 3436 2028 hac
3465 1990 3562 2027 ra.-

1922 2063 2082 2119 tione
2096 2069 2400 2135 separatus
2423 2064 2495 2118 ab
2517 2063 2651 2119 aliis
2668 2065 2767 2134 qui
2789 2064 3070 2119 dicuntur
3089 2061 3566 2134 martyres,quod

1921 2152 2021 2208 alii
2054 2153 2295 2223 quidem
2320 2152 2430 2206 sibi
2455 2153 2598 2224 ipsis
2620 2153 2954 2224 praebentes
2975 2151 3566 2218 occasionem,se,ne-

1922 2241 2042 2297 scio
2064 2241 2452 2312 quomodo,in
2476 2241 2604 2312 ipsa
2631 2240 2892 2312 pericula
2911 2239 3184 2311 injiciant
3202 2239 3377 2312 (bene
3404 2240 3563 2295 enim

1919 2330 2081 2400 loqui
2106 2347 2213 2401 par
2238 2332 2406 2400 est),»
2442 2330 2545 2385 sed
2577 2346 2696 2384 non
2728 2329 2800 2385 ab
2831 2329 2949 2384 illis
2974 2333 3204 2384 tantum
3233 2334 3562 2400 separatur,

1921 2420 2021 2490 qui
2054 2419 2209 2475 ultro
2246 2436 2306 2474 se
2339 2419 2911 2488 obtulerunt,verum
2937 2419 3114 2474 etiam
3139 2418 3209 2474 ab
3245 2419 3445 2490 iis,qui
3475 2418 3564 2473 vel

1920 2509 1994 2564 ob
2024 2515 2250 2564 metum
2283 2513 2602 2580 poenaa,aut
2625 2508 2698 2563 ob
2731 2525 2896 2580 spem
2916 2508 3123 2563 aeterni
3155 2508 3381 2578 praemii
3406 2507 3563 2579 passi

1923 2597 2295 2668 sunt,quales
2317 2597 2530 2669 opinor
2551 2613 2761 2652 omnes
2788 2597 2858 2652 de
2880 2597 3094 2666 quibus
3117 2596 3365 2668 legimus
3413 2613 3563 2650 mar-

1919 2695 2078 2759 tyres
2109 2688 2274 2742 fuere
2299 2705 2312 2754 ;
2337 2693 2495 2741 certe
2522 2687 2604 2741 ita
2634 2703 2695 2741 se
2728 2687 2788 2740 in
2815 2686 3040 2756 judicio
3082 2685 3373 2757 explicare
3409 2685 3566 2739 sole—

1917 2777 2080 2832 bant.
2111 2775 2511 2830 Tertullianus
2535 2776 2608 2829 ad
2636 2775 2930 2844 Scapulam
2960 2791 3088 2845 cap.
3122 2774 3144 2828 i
3189 2791 3201 2827 :
3235 2796 3263 2824 «
3293 2775 3409 2828 Nos
3431 2774 3562 2844 qui-

1918 2864 2052 2918 dem
2083 2879 2192 2918 nec
2224 2861 2666 2932 expavescimus
2689 2877 2798 2916 nec
2821 2861 3294 2932 pertimescimus
3327 2876 3396 2915 ea
3426 2877 3556 2930 quas

1917 2953 1989 3008 ab
2045 2951 2455 3025 ignorantibus
2507 2953 2803 3022 patimur:
2864 2967 2998 3004 cum
3038 2949 3110 3004 ad
3165 2951 3317 3004 hanc
3339 2955 3560 3006 sectam

1917 3043 2120 3112 u'tique
2144 3047 2410 3112 suscepta
2437 3039 2776 3095 conditione
2799 3039 2927 3110 ejus
2950 3039 3104 3111 pacti
3132 3039 3562 3104 venerimus,ut

1918 3132 2094 3186 etiam
2119 3131 2342 3185 animas
2361 3134 2596 3184 nostras
2619 3129 2954 3184 auctoritati
2978 3129 3038 3182 in
3062 3129 3165 3183 has
3196 3145 3422 3200 pugnas
3459 3145 3558 3183 ac-

1916 3219 2298 3282 cedamus.ea
2329 3236 2459 3290 quas
2484 3220 2637 3273 Deus
2662 3217 3020 3289 repromittit
3050 3217 3334 3288 consequi
3363 3223 3561 3288 optan-

1918 3315 2025 3377 tes,
2063 3314 2118 3362 et
2150 3325 2218 3362 ea
2248 3325 2380 3378 qua;
2423 3307 2664 3361 diversas
2721 3307 2852 3361 vitm
2911 3307 3310 3361 comminatur
3338 3306 3460 3377 pati
3492 3307 3560 3360 ti-

1913 3403 2164 3452 mentes.
2198 3395 2462 3467 Denique
2494 3413 2627 3450 cum
2662 3395 2826 3450 omni
2857 3396 3081 3450 saavitia
3101 3401 3291 3451 vestra
3321 3411 3558 3450 concer-

1913 3492 2109 3541 tamus
2141 3486 2317 3541 etiam
2349 3485 2503 3540 ultro
2534 3491 2914 3556 erumpentes
2947 3485 3250 3556 magisque
3291 3484 3554 3539 damnati

1913 3592 2092 3645 quam
2117 3574 2372 3630 absoluti
2404 3573 2747 3645 gaudemus.
2785 3594 2808 3624 ι
2838 3573 3001 3628 Idem
3043 3590 3169 3644 cap.
3205 3577 3272 3626 2:
3313 3595 3339 3624 α
3393 3573 3557 3626 Absit

1911 3669 1978 3719 ut
2006 3664 2248 3736 indigne
2274 3664 2531 3718 feramus
2562 3680 2631 3718 ea
2661 3679 2769 3717 nos
2797 3665 2921 3733 pati
2953 3680 3083 3733 quae
3116 3669 3387 3734 optamus
3411 3663 3458 3716 in
3493 3665 3561 3716 Et

1911 3771 2040 3824 cap'
2075 3756 2146 3808 4:
2183 3774 2209 3802 ‹‹
2245 3753 2384 3806 Vide
2418 3758 2647 3807 tantum
2679 3769 2755 3806 ne
2787 3753 2897 3806 hoc
2928 3752 3056 3821 ipso
3087 3753 3245 3822 quod
3270 3752 3408 3807 talia
3438 3769 3563 3806 sus-

1911 3841 2271 3905 tinemus,ad
2305 3842 2415 3896 hoc
2447 3841 2636 3895 solum
2670 3839 2975 3894 videamur
3005 3847 3417 3910 erumpere,ut
3447 3842 3558 3896 hoc

1911 3933 2108 4003 ipsum
2142 3931 2481 4002 probemus,
2515 3946 2623 3984 nos
2654 3929 2781 3983 haec
2807 3945 2928 3982 non
2959 3929 3191 3995 timere,
3241 3929 3344 3983 sed
3400 3929 3556 3983 ultro

1909 4039 2138 4078 vocare.
2173 4022 2348 4076 Arius
2377 4020 2670 4075 Antonius
2701 4020 2762 4074 in
2785 4019 2922 4074 Asia
2948 4035 3078 4074 cum
3105 4025 3563 4089 persequeretur

1911 4115 2439 4177 instanter,omnes
2472 4109 2632 4164 illius
2665 4108 2918 4164 civitatis
2947 4107 3266 4163 Christiani
3296 4113 3431 4162 ante
3450 4108 3558 4161 tri-

1911 4201 2158 4256 bunalia
2180 4217 2241 4256 se
2266 4216 2448 4256 manu
2478 4199 2632 4254 facta
2662 4197 3006 4252 obtulerunt
3029 4217 3042 4265 ;
3069 4213 3201 4251 cum
3227 4196 3558 4268 ille,paucis

1913 4289 2533 4362 ducijussis,reliquis
2564 4289 2682 4343 ait:
2718 4287 2784 4338 Ὦ
2843 4282 3038 4354 δειλοὶ,
3099 4284 3142 4338 εἰ
3195 4283 3377 4348 θέλετε
3433 4284 3564 4340 ἀπο-

1911 4379 2178 4447 θνήσκειν,
2207 4376 2488 4450 κρημνοὺς
2595 4371 2835 4450 βρόχους
2867 4368 3040 4452 ἔχετε.
3088 4377 3207 4431 Hoc
3239 4377 3284 4430 si
3319 4376 3558 4447 placue-

1911 4469 1990 4522 rit
2020 4473 2078 4522 et
2107 4467 2202 4522 hic
2235 4465 2536 4536 fieri,quid
2569 4465 2749 4520 facies
2781 4465 2853 4519 de
2886 4465 3066 4520 tantis
3084 4465 3348 4520 millibus
3369 4465 3560 4521 homi-

1913 4573 2058 4611 num
2093 4561 2176 4611 tot
2197 4555 2336 4609 viris
2369 4561 2427 4610 et
2453 4554 2715 4621 feminis,
2747 4555 2941 4609 omnis
2973 4554 3180 4624 (sexus,
3236 4554 3561 4628 dignitatis,

1838 4629 1882 4694 Ι)
1913 4644 2302 4700 offerentibus
2336 4661 2397 4699 se
2432 4644 2588 4698 tibi?
2620 4667 2641 4695 ι
2681 4644 2736 4698 S.
2773 4643 3121 4716 Cyprianus,
3156 4661 3290 4700 cum
3339 4650 3562 4716 marty-

1915 4735 2069 4789 rium
2088 4734 2356 4805 impense
2384 4732 2793 4798 laudasset,sic
2815 4733 3222 4802 praefationem
3243 4734 3559 4792 concludit!

1920 4848 1945 4874 ‹‹
1968 4823 2395 4894 Amplectenda
2424 4840 2520 4878 res
2551 4828 2639 4876 est
2669 4827 2728 4876 et
2765 4821 3040 4891 optanda,
3068 4828 3124 4876 et
3153 4822 3428 4876 omnibus
3458 4840 3564 4893 po-

1916 4913 2303 4968 stulationum
2335 4917 2672 4967 nostrarum
2697 4909 2969 4982 precibus
3002 4909 3433 4980 expetenda.ut
3461 4910 3563 4981 qui

1916 5004 2066 5057 servi
2098 5003 2197 5058 Dei
2223 5019 2442 5068 sumus,
2465 5003 2650 5056 simus
2681 5005 2738 5054 et
2763 5000 2956 5055 amici.
2996 5022 3024 5049 »
3056 5002 3137 5053 Ac
3165 5016 3371 5054 rursus
3396 5000 3469 5054 ad
3501 5001 3568 5055 fi-

1918 5108 2055 5147 nem
2085 5091 2221 5146 libri
2254 5107 2266 5144 :
2307 5111 2327 5137 ι
2352 5090 2490 5154 Quis
2532 5089 2713 5160 igitur
2741 5105 2861 5142 non
2897 5087 3171 5144 omnibus
3198 5087 3420 5142 viribus
3451 5087 3564 5142 ela-

1918 5180 2110 5248 borat,
2137 5179 2210 5234 ad
2241 5183 2468 5234 tantam
2500 5177 2827 5232 claritatem
2857 5177 3186 5249 pervenire,
3218 5182 3284 5232 ut
3337 5178 3563 5232 amicus

1918 5271 2022 5325 Dei
2056 5271 2175 5336 flat,
2201 5275 2267 5324 ut
2297 5285 2429 5323 cum
2461 5267 2692 5321 Christo
2751 5267 2950 5321 statim
2999 5267 3270 5339 gaudeat,
3325 5273 3390 5322 ut
3430 5272 3564 5337 post

1921 5363 2220 5414 tormenta
2249 5364 2306 5412 et
2331 5355 2621 5428 supplicia
2642 5359 2876 5408 terrena
2898 5356 3142 5425 prmmia
3164 5356 3361 5411 divina
3382 5356 3568 5427 perci-

1920 5449 2044 5520 piat
2068 5447 2096 5502 ‘?
2121 5470 2148 5498 »
2179 5449 2258 5502 De
2282 5463 2438 5502 nona
2465 5442 2874 5518 persecutione
2897 5443 3192 5514 Sulpicius
3216 5464 3228 5500 :
3259 5445 3569 5500 «Certatim

1919 5536 2176 5610 gloriosa
2198 5536 2259 5590 in
2295 5534 2621 5591 certamina
2644 5529 2959 5598 ruebatur;
2987 5530 3292 5602 multoque
3337 5533 3566 5590 avidius

1922 5633 2049 5682 tum
2074 5626 2353 5697 martyria
2369 5624 2641 5695 gloriosis
2656 5620 2943 5677 mortibus
2957 5620 3572 5692 quaerebantur,un

1922 5733 2087 5772 nunc
2107 5716 2482 5789 episcopatus
2493 5713 2698 5786 pronis
2708 5705 3133 5769 ambitionibus
3151 5715 3564 5781 appetuntur.»
