  <div class='ocr_page' id='page_1' title='image "/cluster/home/n/w/nwhite01/storage/ocr_20150623/5/pst.000005711819/193.png"; bbox 0 0 3974 6296; ppageno 0'>
   <div class='ocr_carea' id='block_1_1' title="bbox 328 397 438 455">
    <p class='ocr_par' dir='ltr' id='par_1_1' title="bbox 328 397 438 455">
     <span class='ocr_line' id='line_1_1' title="bbox 328 397 438 455; baseline -0.009 0"><span class='ocrx_word' id='word_1_1' title='bbox 328 397 438 455; x_wconf 79' lang='grc'>371</span> 
     </span>
    </p>
   </div>
   <div class='ocr_carea' id='block_1_2' title="bbox 1390 380 2684 462">
    <p class='ocr_par' dir='ltr' id='par_1_2' title="bbox 1390 380 2684 462">
     <span class='ocr_line' id='line_1_2' title="bbox 1390 380 2684 462; baseline 0.003 -18"><span class='ocrx_word' id='word_1_2' title='bbox 1390 382 1456 462; x_wconf 90' lang='lat' dir='ltr'>s,</span> <span class='ocrx_word' id='word_1_3' title='bbox 1500 380 1908 445; x_wconf 86' lang='lat' dir='ltr'>IGNATIUS.</span> <span class='ocrx_word' id='word_1_4' title='bbox 1953 415 2032 428; x_wconf 88' lang='lat'><strong><em>—</em></strong></span> <span class='ocrx_word' id='word_1_5' title='bbox 2076 381 2684 450; x_wconf 78' lang='lat' dir='ltr'>PROLEGOMENA.</span> 
     </span>
    </p>
   </div>
   <div class='ocr_carea' id='block_1_3' title="bbox 3633 381 3752 444">
    <p class='ocr_par' dir='ltr' id='par_1_3' title="bbox 3633 381 3752 444">
     <span class='ocr_line' id='line_1_3' title="bbox 3633 381 3752 444; baseline 0.008 -1"><span class='ocrx_word' id='word_1_6' title='bbox 3633 381 3752 444; x_wconf 79' lang='lat'>372</span> 
     </span>
    </p>
   </div>
   <div class='ocr_carea' id='block_1_4' title="bbox 331 518 3750 598">
    <p class='ocr_par' dir='ltr' id='par_1_4' title="bbox 331 518 3750 598">
     <span class='ocr_line' id='line_1_4' title="bbox 331 518 3750 598; baseline -0.004 -12"><span class='ocrx_word' id='word_1_7' title='bbox 331 529 501 586; x_wconf 88' lang='lat' dir='ltr'>Idem</span> <span class='ocrx_word' id='word_1_8' title='bbox 527 526 708 598; x_wconf 84' lang='lat' dir='ltr'>epist.</span> <span class='ocrx_word' id='word_1_9' title='bbox 744 524 804 579; x_wconf 89' lang='grc'>11</span> <span class='ocrx_word' id='word_1_10' title='bbox 840 522 912 578; x_wconf 90' lang='lat' dir='ltr'>de</span> <span class='ocrx_word' id='word_1_11' title='bbox 959 523 1021 576; x_wconf 90' lang='lat' dir='ltr'>B.</span> <span class='ocrx_word' id='word_1_12' title='bbox 1074 519 1359 576; x_wconf 87' lang='lat' dir='ltr'>Martino:</span> <span class='ocrx_word' id='word_1_13' title='bbox 1389 540 1410 569; x_wconf 72' lang='grc' dir='ltr'>ι</span> <span class='ocrx_word' id='word_1_14' title='bbox 1447 518 1612 584; x_wconf 88' lang='lat' dir='ltr'>Quod</span> <span class='ocrx_word' id='word_1_15' title='bbox 1637 519 1684 573; x_wconf 89' lang='lat' dir='ltr'>si</span> <span class='ocrx_word' id='word_1_16' title='bbox 1713 519 1766 573; x_wconf 92' lang='lat' dir='ltr'>ei</span> <span class='ocrx_word' id='word_1_17' title='bbox 1807 519 1987 573; x_wconf 90' lang='lat' dir='ltr'>Nero-</span> <span class='ocrx_word' id='word_1_18' title='bbox 2017 522 2066 586; x_wconf 81' lang='grc' dir='ltr'><strong>Α</strong></span> <span class='ocrx_word' id='word_1_19' title='bbox 2100 524 2229 576; x_wconf 91' lang='lat' dir='ltr'>tum</span> <span class='ocrx_word' id='word_1_20' title='bbox 2258 521 2320 577; x_wconf 92' lang='lat' dir='ltr'>in</span> <span class='ocrx_word' id='word_1_21' title='bbox 2353 525 2703 596; x_wconf 89' lang='lat' dir='ltr'>sanguinem</span> <span class='ocrx_word' id='word_1_22' title='bbox 2735 523 2970 595; x_wconf 90' lang='lat' dir='ltr'>piorum</span> <span class='ocrx_word' id='word_1_23' title='bbox 2997 520 3327 588; x_wconf 70' lang='lat' dir='ltr'>desaaviret,</span> <span class='ocrx_word' id='word_1_24' title='bbox 3379 518 3702 592; x_wconf 85' lang='lat' dir='ltr'>objurgant</span> <span class='ocrx_word' id='word_1_25' title='bbox 3738 537 3750 574; x_wconf 90' lang='lat'>:</span> 
     </span>
    </p>
   </div>
   <div class='ocr_carea' id='block_1_5' title="bbox 335 609 1988 684">
    <p class='ocr_par' dir='ltr' id='par_1_5' title="bbox 335 609 1988 684">
     <span class='ocr_line' id='line_1_5' title="bbox 335 609 1988 684; baseline -0.008 -9"><span class='ocrx_word' id='word_1_26' title='bbox 335 618 538 676; x_wconf 88' lang='lat' dir='ltr'>nianis</span> <span class='ocrx_word' id='word_1_27' title='bbox 560 614 954 684; x_wconf 89' lang='lat' dir='ltr'>Decianisque</span> <span class='ocrx_word' id='word_1_28' title='bbox 982 609 1346 682; x_wconf 75' lang='lat' dir='ltr'>temporibus</span> <span class='ocrx_word' id='word_1_29' title='bbox 1368 609 1546 663; x_wconf 92' lang='lat' dir='ltr'>inilla</span> <span class='ocrx_word' id='word_1_30' title='bbox 1567 625 1698 678; x_wconf 72' lang='lat' dir='ltr'>qum</span> <span class='ocrx_word' id='word_1_31' title='bbox 1723 614 1863 662; x_wconf 90' lang='lat' dir='ltr'>tunc</span> <span class='ocrx_word' id='word_1_32' title='bbox 1887 625 1988 662; x_wconf 52' lang='lat' dir='ltr'>ex-</span> 
     </span>
    </p>
   </div>
   <div class='ocr_carea' id='block_1_6' title="bbox 342 696 1990 773">
    <p class='ocr_par' dir='ltr' id='par_1_6' title="bbox 342 696 1990 773">
     <span class='ocr_line' id='line_1_6' title="bbox 342 696 1990 773; baseline -0.007 -11"><span class='ocrx_word' id='word_1_33' title='bbox 342 708 495 762; x_wconf 81' lang='lat' dir='ltr'>stitit</span> <span class='ocrx_word' id='word_1_34' title='bbox 523 704 810 759; x_wconf 86' lang='lat' dir='ltr'>dimicare</span> <span class='ocrx_word' id='word_1_35' title='bbox 831 699 1247 773; x_wconf 84' lang='lat' dir='ltr'>congressione</span> <span class='ocrx_word' id='word_1_36' title='bbox 1281 696 1567 766; x_wconf 88' lang='lat' dir='ltr'>licuisset,</span> <span class='ocrx_word' id='word_1_37' title='bbox 1597 703 1782 752; x_wconf 86' lang='lat' dir='ltr'>testor</span> <span class='ocrx_word' id='word_1_38' title='bbox 1803 698 1990 751; x_wconf 90' lang='lat' dir='ltr'>Deum</span> 
     </span>
    </p>
   </div>
   <div class='ocr_carea' id='block_1_7' title="bbox 339 784 1993 865">
    <p class='ocr_par' dir='ltr' id='par_1_7' title="bbox 339 784 1993 865">
     <span class='ocr_line' id='line_1_7' title="bbox 339 784 1993 865; baseline -0.008 -13"><span class='ocrx_word' id='word_1_39' title='bbox 339 796 471 852; x_wconf 63' lang='lat' dir='ltr'>caeli</span> <span class='ocrx_word' id='word_1_40' title='bbox 504 800 680 865; x_wconf 91' lang='lat' dir='ltr'>atque</span> <span class='ocrx_word' id='word_1_41' title='bbox 702 795 1110 862; x_wconf 87' lang='lat' dir='ltr'>terrae,sponte</span> <span class='ocrx_word' id='word_1_42' title='bbox 1133 787 1452 858; x_wconf 91' lang='lat' dir='ltr'>equuleum</span> <span class='ocrx_word' id='word_1_43' title='bbox 1489 786 1876 851; x_wconf 89' lang='lat' dir='ltr'>ascendisset,</span> <span class='ocrx_word' id='word_1_44' title='bbox 1904 784 1993 841; x_wconf 89' lang='lat' dir='ltr'>ul-</span> 
     </span>
    </p>
   </div>
   <div class='ocr_carea' id='block_1_8' title="bbox 336 875 1994 954">
    <p class='ocr_par' dir='ltr' id='par_1_8' title="bbox 336 875 1994 954">
     <span class='ocr_line' id='line_1_8' title="bbox 336 875 1994 954; baseline -0.005 -15"><span class='ocrx_word' id='word_1_45' title='bbox 336 891 427 939; x_wconf 94' lang='lat' dir='ltr'>tro</span> <span class='ocrx_word' id='word_1_46' title='bbox 453 901 514 938; x_wconf 92' lang='lat' dir='ltr'>se</span> <span class='ocrx_word' id='word_1_47' title='bbox 555 883 790 954; x_wconf 81' lang='lat' dir='ltr'>ignibus</span> <span class='ocrx_word' id='word_1_48' title='bbox 813 879 1178 934; x_wconf 88' lang='lat' dir='ltr'>intulisset...</span> <span class='ocrx_word' id='word_1_49' title='bbox 1210 879 1266 933; x_wconf 91' lang='lat' dir='ltr'>Si</span> <span class='ocrx_word' id='word_1_50' title='bbox 1298 893 1432 932; x_wconf 90' lang='lat' dir='ltr'>vero</span> <span class='ocrx_word' id='word_1_51' title='bbox 1481 875 1747 946; x_wconf 84' lang='lat' dir='ltr'>gentium</span> <span class='ocrx_word' id='word_1_52' title='bbox 1781 876 1994 930; x_wconf 89' lang='lat' dir='ltr'>Docto—</span> 
     </span>
    </p>
   </div>
   <div class='ocr_carea' id='block_1_9' title="bbox 335 963 1988 1042">
    <p class='ocr_par' dir='ltr' id='par_1_9' title="bbox 335 963 1988 1042">
     <span class='ocr_line' id='line_1_9' title="bbox 335 963 1988 1042; baseline -0.006 -14"><span class='ocrx_word' id='word_1_53' title='bbox 335 973 421 1028; x_wconf 90' lang='lat' dir='ltr'>ris</span> <span class='ocrx_word' id='word_1_54' title='bbox 449 971 720 1042; x_wconf 86' lang='lat' dir='ltr'>exemplo</span> <span class='ocrx_word' id='word_1_55' title='bbox 755 968 955 1041; x_wconf 91' lang='lat' dir='ltr'>gladio</span> <span class='ocrx_word' id='word_1_56' title='bbox 987 969 1323 1038; x_wconf 90' lang='lat' dir='ltr'>deputatus,</span> <span class='ocrx_word' id='word_1_57' title='bbox 1359 966 1516 1019; x_wconf 89' lang='lat' dir='ltr'>inter</span> <span class='ocrx_word' id='word_1_58' title='bbox 1545 963 1711 1031; x_wconf 89' lang='lat' dir='ltr'>alias,</span> <span class='ocrx_word' id='word_1_59' title='bbox 1739 969 1805 1018; x_wconf 90' lang='lat' dir='ltr'>ut</span> <span class='ocrx_word' id='word_1_60' title='bbox 1833 980 1988 1035; x_wconf 57' lang='lat' dir='ltr'>saepe</span> 
     </span>
    </p>
   </div>
   <div class='ocr_carea' id='block_1_10' title="bbox 333 1057 1990 1136">
    <p class='ocr_par' dir='ltr' id='par_1_10' title="bbox 333 1057 1990 1136">
     <span class='ocr_line' id='line_1_10' title="bbox 333 1057 1990 1136; baseline -0.005 -17"><span class='ocrx_word' id='word_1_61' title='bbox 333 1065 624 1136; x_wconf 86' lang='lat' dir='ltr'>provenit,</span> <span class='ocrx_word' id='word_1_62' title='bbox 641 1063 912 1116; x_wconf 86' lang='lat' dir='ltr'>victimas</span> <span class='ocrx_word' id='word_1_63' title='bbox 936 1061 1272 1126; x_wconf 90' lang='lat' dir='ltr'>duceretur,</span> <span class='ocrx_word' id='word_1_64' title='bbox 1296 1059 1523 1130; x_wconf 92' lang='lat' dir='ltr'>primus</span> <span class='ocrx_word' id='word_1_65' title='bbox 1545 1057 1835 1123; x_wconf 92' lang='lat' dir='ltr'>omnium,</span> <span class='ocrx_word' id='word_1_66' title='bbox 1865 1073 1990 1112; x_wconf 89' lang='lat' dir='ltr'>car-</span> 
     </span>
    </p>
   </div>
   <div class='ocr_carea' id='block_1_11' title="bbox 337 1147 1988 1223">
    <p class='ocr_par' dir='ltr' id='par_1_11' title="bbox 337 1147 1988 1223">
     <span class='ocr_line' id='line_1_11' title="bbox 337 1147 1988 1223; baseline -0.006 -14"><span class='ocrx_word' id='word_1_67' title='bbox 337 1154 516 1209; x_wconf 84' lang='lat' dir='ltr'>nifice</span> <span class='ocrx_word' id='word_1_68' title='bbox 547 1151 875 1223; x_wconf 89' lang='lat' dir='ltr'>compulso,</span> <span class='ocrx_word' id='word_1_69' title='bbox 909 1150 1167 1221; x_wconf 87' lang='lat' dir='ltr'>palmam</span> <span class='ocrx_word' id='word_1_70' title='bbox 1212 1147 1515 1220; x_wconf 82' lang='lat' dir='ltr'>sanguinis</span> <span class='ocrx_word' id='word_1_71' title='bbox 1564 1151 1931 1217; x_wconf 83' lang='lat' dir='ltr'>occupasset.</span> <span class='ocrx_word' id='word_1_72' title='bbox 1960 1167 1988 1197; x_wconf 73' lang='grc' dir='ltr'><strong>ιι</strong></span> 
     </span>
    </p>
   </div>
   <div class='ocr_carea' id='block_1_12' title="bbox 338 1235 1992 1309">
    <p class='ocr_par' dir='ltr' id='par_1_12' title="bbox 338 1235 1992 1309">
     <span class='ocr_line' id='line_1_12' title="bbox 338 1235 1992 1309; baseline -0.004 -12"><span class='ocrx_word' id='word_1_73' title='bbox 338 1242 688 1298; x_wconf 86' lang='lat' dir='ltr'>Valerianus</span> <span class='ocrx_word' id='word_1_74' title='bbox 711 1239 1096 1296; x_wconf 91' lang='lat' dir='ltr'>Cemeliensis</span> <span class='ocrx_word' id='word_1_75' title='bbox 1120 1239 1452 1309; x_wconf 88' lang='lat' dir='ltr'>episcopus,</span> <span class='ocrx_word' id='word_1_76' title='bbox 1474 1235 1723 1291; x_wconf 89' lang='lat' dir='ltr'>homilia</span> <span class='ocrx_word' id='word_1_77' title='bbox 1752 1237 1823 1290; x_wconf 87' lang='lat' dir='ltr'>De</span> <span class='ocrx_word' id='word_1_78' title='bbox 1857 1236 1992 1291; x_wconf 84' lang='lat' dir='ltr'>bona</span> 
     </span>
    </p>
   </div>
   <div class='ocr_carea' id='block_1_13' title="bbox 345 1323 1994 1401">
    <p class='ocr_par' dir='ltr' id='par_1_13' title="bbox 345 1323 1994 1401">
     <span class='ocr_line' id='line_1_13' title="bbox 345 1323 1994 1401; baseline -0.005 -15"><span class='ocrx_word' id='word_1_79' title='bbox 345 1333 613 1401; x_wconf 78' lang='lat' dir='ltr'>martyrii</span> <span class='ocrx_word' id='word_1_80' title='bbox 649 1348 661 1384; x_wconf 91' lang='lat'>:</span> <span class='ocrx_word' id='word_1_81' title='bbox 698 1352 724 1379; x_wconf 78' lang='grc' dir='ltr'>α</span> <span class='ocrx_word' id='word_1_82' title='bbox 750 1329 893 1394; x_wconf 92' lang='lat' dir='ltr'>Quis</span> <span class='ocrx_word' id='word_1_83' title='bbox 949 1345 1070 1381; x_wconf 88' lang='lat' dir='ltr'>non</span> <span class='ocrx_word' id='word_1_84' title='bbox 1123 1327 1359 1397; x_wconf 88' lang='lat' dir='ltr'>sapiens</span> <span class='ocrx_word' id='word_1_85' title='bbox 1417 1330 1758 1396; x_wconf 90' lang='lat' dir='ltr'>contempta</span> <span class='ocrx_word' id='word_1_86' title='bbox 1814 1323 1994 1396; x_wconf 88' lang='lat' dir='ltr'>hujus</span> 
     </span>
    </p>
   </div>
   <div class='ocr_carea' id='block_1_14' title="bbox 338 1413 1995 1486">
    <p class='ocr_par' dir='ltr' id='par_1_14' title="bbox 338 1413 1995 1486">
     <span class='ocr_line' id='line_1_14' title="bbox 338 1413 1995 1486; baseline -0.006 -11"><span class='ocrx_word' id='word_1_87' title='bbox 338 1420 490 1475; x_wconf 90' lang='lat' dir='ltr'>lucis</span> <span class='ocrx_word' id='word_1_88' title='bbox 516 1436 717 1486; x_wconf 91' lang='lat' dir='ltr'>usura,</span> <span class='ocrx_word' id='word_1_89' title='bbox 751 1417 800 1472; x_wconf 92' lang='lat' dir='ltr'>si</span> <span class='ocrx_word' id='word_1_90' title='bbox 833 1417 914 1470; x_wconf 89' lang='lat' dir='ltr'>ita</span> <span class='ocrx_word' id='word_1_91' title='bbox 935 1433 1077 1470; x_wconf 90' lang='lat' dir='ltr'>usus</span> <span class='ocrx_word' id='word_1_92' title='bbox 1110 1415 1356 1480; x_wconf 85' lang='lat' dir='ltr'>venerit,</span> <span class='ocrx_word' id='word_1_93' title='bbox 1391 1413 1464 1468; x_wconf 90' lang='lat' dir='ltr'>ad</span> <span class='ocrx_word' id='word_1_94' title='bbox 1494 1413 1842 1483; x_wconf 88' lang='lat' dir='ltr'>martyrium</span> <span class='ocrx_word' id='word_1_95' title='bbox 1875 1428 1995 1467; x_wconf 92' lang='lat' dir='ltr'>am-</span> 
     </span>
    </p>
   </div>
   <div class='ocr_carea' id='block_1_15' title="bbox 341 1500 1993 1572">
    <p class='ocr_par' dir='ltr' id='par_1_15' title="bbox 341 1500 1993 1572">
     <span class='ocr_line' id='line_1_15' title="bbox 341 1500 1993 1572; baseline -0.006 -10"><span class='ocrx_word' id='word_1_96' title='bbox 341 1507 557 1562; x_wconf 88' lang='lat' dir='ltr'>bitiose</span> <span class='ocrx_word' id='word_1_97' title='bbox 592 1506 852 1571; x_wconf 87' lang='lat' dir='ltr'>festinet,</span> <span class='ocrx_word' id='word_1_98' title='bbox 878 1521 1010 1559; x_wconf 92' lang='lat' dir='ltr'>cum</span> <span class='ocrx_word' id='word_1_99' title='bbox 1039 1503 1233 1558; x_wconf 84' lang='lat' dir='ltr'>videat</span> <span class='ocrx_word' id='word_1_100' title='bbox 1261 1503 1334 1557; x_wconf 92' lang='lat' dir='ltr'>ad</span> <span class='ocrx_word' id='word_1_101' title='bbox 1375 1502 1607 1556; x_wconf 89' lang='lat' dir='ltr'>lucrum</span> <span class='ocrx_word' id='word_1_102' title='bbox 1651 1501 1782 1554; x_wconf 72' lang='lat' dir='ltr'>vitm</span> <span class='ocrx_word' id='word_1_103' title='bbox 1813 1500 1993 1572; x_wconf 89' lang='lat' dir='ltr'>perti-</span> 
     </span>
    </p>
   </div>
   <div class='ocr_carea' id='block_1_16' title="bbox 342 1592 1994 1662">
    <p class='ocr_par' dir='ltr' id='par_1_16' title="bbox 342 1592 1994 1662">
     <span class='ocr_line' id='line_1_16' title="bbox 342 1592 1994 1662; baseline -0.005 -10"><span class='ocrx_word' id='word_1_104' title='bbox 342 1613 484 1652; x_wconf 88' lang='lat' dir='ltr'>nere</span> <span class='ocrx_word' id='word_1_105' title='bbox 510 1596 724 1651; x_wconf 81' lang='lat' dir='ltr'>animae</span> <span class='ocrx_word' id='word_1_106' title='bbox 747 1599 1001 1648; x_wconf 88' lang='lat' dir='ltr'>mortem</span> <span class='ocrx_word' id='word_1_107' title='bbox 1024 1592 1338 1662; x_wconf 90' lang='lat' dir='ltr'>depulasse</span> <span class='ocrx_word' id='word_1_108' title='bbox 1360 1592 1386 1645; x_wconf 70' lang='lat'>‘1</span> <span class='ocrx_word' id='word_1_109' title='bbox 1407 1592 1598 1654; x_wconf 88' lang='lat' dir='ltr'>Quare</span> <span class='ocrx_word' id='word_1_110' title='bbox 1643 1595 1840 1645; x_wconf 89' lang='lat' dir='ltr'>autem</span> <span class='ocrx_word' id='word_1_111' title='bbox 1874 1605 1994 1643; x_wconf 90' lang='lat' dir='ltr'>non</span> 
     </span>
    </p>
   </div>
   <div class='ocr_carea' id='block_1_17' title="bbox 339 1681 1995 1754">
    <p class='ocr_par' dir='ltr' id='par_1_17' title="bbox 339 1681 1995 1754">
     <span class='ocr_line' id='line_1_17' title="bbox 339 1681 1995 1754; baseline -0.005 -13"><span class='ocrx_word' id='word_1_112' title='bbox 339 1687 519 1741; x_wconf 90' lang='lat' dir='ltr'>homo</span> <span class='ocrx_word' id='word_1_113' title='bbox 541 1685 613 1740; x_wconf 91' lang='lat' dir='ltr'>ad</span> <span class='ocrx_word' id='word_1_114' title='bbox 637 1690 755 1738; x_wconf 90' lang='lat' dir='ltr'>tam</span> <span class='ocrx_word' id='word_1_115' title='bbox 783 1683 1110 1754; x_wconf 87' lang='lat' dir='ltr'>pretiosum</span> <span class='ocrx_word' id='word_1_116' title='bbox 1138 1698 1286 1752; x_wconf 90' lang='lat' dir='ltr'>opus</span> <span class='ocrx_word' id='word_1_117' title='bbox 1311 1681 1554 1735; x_wconf 90' lang='lat' dir='ltr'>devotus</span> <span class='ocrx_word' id='word_1_118' title='bbox 1612 1683 1903 1746; x_wconf 90' lang='lat' dir='ltr'>occurrat,</span> <span class='ocrx_word' id='word_1_119' title='bbox 1929 1694 1995 1732; x_wconf 88' lang='lat' dir='ltr'>ac</span> 
     </span>
    </p>
   </div>
   <div class='ocr_carea' id='block_1_18' title="bbox 339 1772 1995 1848">
    <p class='ocr_par' dir='ltr' id='par_1_18' title="bbox 339 1772 1995 1848">
     <span class='ocr_line' id='line_1_18' title="bbox 339 1772 1995 1848; baseline -0.005 -15"><span class='ocrx_word' id='word_1_120' title='bbox 339 1796 403 1834; x_wconf 90' lang='lat' dir='ltr'>se</span> <span class='ocrx_word' id='word_1_121' title='bbox 428 1778 489 1832; x_wconf 89' lang='lat' dir='ltr'>in</span> <span class='ocrx_word' id='word_1_122' title='bbox 525 1777 847 1848; x_wconf 89' lang='lat' dir='ltr'>impiorum</span> <span class='ocrx_word' id='word_1_123' title='bbox 873 1791 1084 1829; x_wconf 89' lang='lat' dir='ltr'>manus</span> <span class='ocrx_word' id='word_1_124' title='bbox 1108 1773 1388 1829; x_wconf 90' lang='lat' dir='ltr'>audacter</span> <span class='ocrx_word' id='word_1_125' title='bbox 1409 1772 1856 1844; x_wconf 84' lang='lat' dir='ltr'>objiciat,quem</span> <span class='ocrx_word' id='word_1_126' title='bbox 1885 1787 1995 1826; x_wconf 66' lang='lat' dir='ltr'>ca:-</span> 
     </span>
    </p>
   </div>
   <div class='ocr_carea' id='block_1_19' title="bbox 2101 608 3756 684">
    <p class='ocr_par' dir='ltr' id='par_1_19' title="bbox 2101 608 3756 684">
     <span class='ocr_line' id='line_1_19' title="bbox 2101 608 3756 684; baseline -0.001 -20"><span class='ocrx_word' id='word_1_127' title='bbox 2101 627 2250 680; x_wconf 92' lang='lat' dir='ltr'>quos</span> <span class='ocrx_word' id='word_1_128' title='bbox 2281 611 2381 666; x_wconf 91' lang='lat' dir='ltr'>ille</span> <span class='ocrx_word' id='word_1_129' title='bbox 2414 614 2692 668; x_wconf 91' lang='lat' dir='ltr'>continuo</span> <span class='ocrx_word' id='word_1_130' title='bbox 2723 629 2829 684; x_wconf 94' lang='lat' dir='ltr'>pro</span> <span class='ocrx_word' id='word_1_131' title='bbox 2848 612 3063 667; x_wconf 84' lang='lat' dir='ltr'>Christi</span> <span class='ocrx_word' id='word_1_132' title='bbox 3095 611 3321 667; x_wconf 87' lang='lat' dir='ltr'>nomine</span> <span class='ocrx_word' id='word_1_133' title='bbox 3339 609 3543 664; x_wconf 88' lang='lat' dir='ltr'>bestiis</span> <span class='ocrx_word' id='word_1_134' title='bbox 3572 608 3756 664; x_wconf 87' lang='lat' dir='ltr'>tradi-</span> 
     </span>
    </p>
   </div>
   <div class='ocr_carea' id='block_1_20' title="bbox 2101 697 3752 766">
    <p class='ocr_par' dir='ltr' id='par_1_20' title="bbox 2101 697 3752 766">
     <span class='ocr_line' id='line_1_20' title="bbox 2101 697 3752 766; baseline 0 -14"><span class='ocrx_word' id='word_1_135' title='bbox 2101 699 2187 753; x_wconf 87' lang='lat' dir='ltr'>dit</span> <span class='ocrx_word' id='word_1_136' title='bbox 2212 699 2596 757; x_wconf 89' lang='lat' dir='ltr'>devorandos.</span> <span class='ocrx_word' id='word_1_137' title='bbox 2631 724 2658 752; x_wconf 83' lang='lat'><strong>»</strong></span> <span class='ocrx_word' id='word_1_138' title='bbox 2692 704 2992 756; x_wconf 84' lang='lat' dir='ltr'>Romanus</span> <span class='ocrx_word' id='word_1_139' title='bbox 3014 699 3408 756; x_wconf 73' lang='lat' dir='ltr'>Caasareensis</span> <span class='ocrx_word' id='word_1_140' title='bbox 3439 697 3752 766; x_wconf 87' lang='lat' dir='ltr'>diaconus,</span> 
     </span>
    </p>
   </div>
   <div class='ocr_carea' id='block_1_21' title="bbox 2099 780 3753 861">
    <p class='ocr_par' dir='ltr' id='par_1_21' title="bbox 2099 780 3753 861">
     <span class='ocr_line' id='line_1_21' title="bbox 2099 780 3753 861; baseline -0.002 -19"><span class='ocrx_word' id='word_1_141' title='bbox 2099 789 2307 845; x_wconf 88' lang='lat' dir='ltr'>videns</span> <span class='ocrx_word' id='word_1_142' title='bbox 2338 791 2558 846; x_wconf 88' lang='lat' dir='ltr'>multos</span> <span class='ocrx_word' id='word_1_143' title='bbox 2591 792 3014 856; x_wconf 79' lang='lat' dir='ltr'>sacrificantes,</span> <span class='ocrx_word' id='word_1_144' title='bbox 3051 787 3206 860; x_wconf 82' lang='grc' dir='ltr'>ζήλῳ</span> <span class='ocrx_word' id='word_1_145' title='bbox 3237 780 3540 861; x_wconf 81' lang='grc' dir='ltr'>θεοσεϐείρς</span> <span class='ocrx_word' id='word_1_146' title='bbox 3576 786 3753 860; x_wconf 86' lang='grc' dir='ltr'>πρόσ-</span> 
     </span>
    </p>
   </div>
   <div class='ocr_carea' id='block_1_22' title="bbox 2101 877 3758 952">
    <p class='ocr_par' dir='ltr' id='par_1_22' title="bbox 2101 877 3758 952">
     <span class='ocr_line' id='line_1_22' title="bbox 2101 877 3758 952; baseline 0.002 -22"><span class='ocrx_word' id='word_1_147' title='bbox 2101 897 2227 948; x_wconf 82' lang='grc' dir='ltr'>εισι,</span> <span class='ocrx_word' id='word_1_148' title='bbox 2259 903 2286 930; x_wconf 83' lang='grc' dir='ltr'><strong>ι(</strong></span> <span class='ocrx_word' id='word_1_149' title='bbox 2321 880 2445 936; x_wconf 90' lang='lat' dir='ltr'>zelo</span> <span class='ocrx_word' id='word_1_150' title='bbox 2477 881 2657 936; x_wconf 85' lang='lat' dir='ltr'>divini</span> <span class='ocrx_word' id='word_1_151' title='bbox 2689 881 2881 937; x_wconf 91' lang='lat' dir='ltr'>cultus</span> <span class='ocrx_word' id='word_1_152' title='bbox 2914 881 3108 952; x_wconf 91' lang='lat' dir='ltr'>ipsum</span> <span class='ocrx_word' id='word_1_153' title='bbox 3161 878 3447 934; x_wconf 84' lang='lat' dir='ltr'>incitante</span> <span class='ocrx_word' id='word_1_154' title='bbox 3507 877 3758 948; x_wconf 89' lang='lat' dir='ltr'>propius</span> 
     </span>
    </p>
   </div>
   <div class='ocr_carea' id='block_1_23' title="bbox 2102 965 3762 1038">
    <p class='ocr_par' dir='ltr' id='par_1_23' title="bbox 2102 965 3762 1038">
     <span class='ocr_line' id='line_1_23' title="bbox 2102 965 3762 1038; baseline -0.004 -14"><span class='ocrx_word' id='word_1_155' title='bbox 2102 967 2350 1038; x_wconf 86' lang='lat' dir='ltr'>accedit,</span> <span class='ocrx_word' id='word_1_156' title='bbox 2385 992 2412 1019; x_wconf 85' lang='grc'>››</span> <span class='ocrx_word' id='word_1_157' title='bbox 2445 974 2503 1024; x_wconf 91' lang='lat' dir='ltr'>et</span> <span class='ocrx_word' id='word_1_158' title='bbox 2532 975 2812 1025; x_wconf 91' lang='lat' dir='ltr'>contenta</span> <span class='ocrx_word' id='word_1_159' title='bbox 2833 985 2972 1024; x_wconf 89' lang='lat' dir='ltr'>voce</span> <span class='ocrx_word' id='word_1_160' title='bbox 3000 968 3332 1022; x_wconf 88' lang='lat' dir='ltr'>inclamans</span> <span class='ocrx_word' id='word_1_161' title='bbox 3360 983 3459 1021; x_wconf 92' lang='lat' dir='ltr'>eos</span> <span class='ocrx_word' id='word_1_162' title='bbox 3483 965 3762 1037; x_wconf 85' lang='lat' dir='ltr'>objurga-</span> 
     </span>
    </p>
   </div>
   <div class='ocr_carea' id='block_1_24' title="bbox 2100 1053 3756 1130">
    <p class='ocr_par' dir='ltr' id='par_1_24' title="bbox 2100 1053 3756 1130">
     <span class='ocr_line' id='line_1_24' title="bbox 2100 1053 3756 1130; baseline -0.001 -20"><span class='ocrx_word' id='word_1_163' title='bbox 2100 1058 2201 1125; x_wconf 91' lang='lat' dir='ltr'>vit,</span> <span class='ocrx_word' id='word_1_164' title='bbox 2226 1058 2439 1130; x_wconf 90' lang='lat' dir='ltr'>judici,</span> <span class='ocrx_word' id='word_1_165' title='bbox 2464 1065 2530 1113; x_wconf 93' lang='lat' dir='ltr'>ut</span> <span class='ocrx_word' id='word_1_166' title='bbox 2559 1065 2696 1114; x_wconf 88' lang='lat' dir='ltr'>ante</span> <span class='ocrx_word' id='word_1_167' title='bbox 2722 1058 3001 1126; x_wconf 77' lang='lat' dir='ltr'>diximus,</span> <span class='ocrx_word' id='word_1_168' title='bbox 3030 1058 3146 1112; x_wconf 89' lang='lat' dir='ltr'>vim</span> <span class='ocrx_word' id='word_1_169' title='bbox 3180 1057 3338 1122; x_wconf 91' lang='lat' dir='ltr'>fecit,</span> <span class='ocrx_word' id='word_1_170' title='bbox 3373 1061 3431 1110; x_wconf 91' lang='lat' dir='ltr'>et</span> <span class='ocrx_word' id='word_1_171' title='bbox 3461 1054 3536 1110; x_wconf 91' lang='lat' dir='ltr'>ob</span> <span class='ocrx_word' id='word_1_172' title='bbox 3568 1053 3756 1109; x_wconf 88' lang='lat' dir='ltr'>auda-</span> 
     </span>
    </p>
   </div>
   <div class='ocr_carea' id='block_1_25' title="bbox 2103 1140 3757 1224">
    <p class='ocr_par' dir='ltr' id='par_1_25' title="bbox 2103 1140 3757 1224">
     <span class='ocr_line' id='line_1_25' title="bbox 2103 1140 3757 1224; baseline -0.004 -22"><span class='ocrx_word' id='word_1_173' title='bbox 2103 1148 2256 1203; x_wconf 87' lang='lat' dir='ltr'>ciam</span> <span class='ocrx_word' id='word_1_174' title='bbox 2283 1150 2772 1219; x_wconf 88' lang='lat' dir='ltr'>comprehensus,</span> <span class='ocrx_word' id='word_1_175' title='bbox 2814 1147 3196 1224; x_wconf 84' lang='grc' dir='ltr'>γενναιότατος</span> <span class='ocrx_word' id='word_1_176' title='bbox 3228 1143 3272 1198; x_wconf 83' lang='grc' dir='ltr'>εἷ</span> <span class='ocrx_word' id='word_1_177' title='bbox 3303 1144 3393 1198; x_wconf 89' lang='grc' dir='ltr'>καὶ</span> <span class='ocrx_word' id='word_1_178' title='bbox 3448 1165 3534 1207; x_wconf 89' lang='grc' dir='ltr'>τις</span> <span class='ocrx_word' id='word_1_179' title='bbox 3580 1140 3757 1204; x_wconf 79' lang='grc' dir='ltr'>ἄλλος</span> 
     </span>
    </p>
   </div>
   <div class='ocr_carea' id='block_1_26' title="bbox 2101 1233 3753 1310">
    <p class='ocr_par' dir='ltr' id='par_1_26' title="bbox 2101 1233 3753 1310">
     <span class='ocr_line' id='line_1_26' title="bbox 2101 1233 3753 1310; baseline -0.001 -21"><span class='ocrx_word' id='word_1_180' title='bbox 2101 1233 2479 1290; x_wconf 70' lang='grc' dir='ltr'>ἀποδέδεικται</span> <span class='ocrx_word' id='word_1_181' title='bbox 2547 1235 2754 1310; x_wconf 73' lang='grc' dir='ltr'>μάρτυς</span> <span class='ocrx_word' id='word_1_182' title='bbox 2790 1237 2889 1304; x_wconf 77' lang='grc' dir='ltr'>τὴς</span> <span class='ocrx_word' id='word_1_183' title='bbox 2952 1233 3236 1304; x_wconf 75' lang='grc' dir='ltr'>ἂληθείας,</span> <span class='ocrx_word' id='word_1_184' title='bbox 3297 1258 3324 1285; x_wconf 83' lang='grc'><em>‹‹</em></span> <span class='ocrx_word' id='word_1_185' title='bbox 3358 1251 3646 1306; x_wconf 82' lang='lat' dir='ltr'>generoso</span> <span class='ocrx_word' id='word_1_186' title='bbox 3701 1235 3753 1288; x_wconf 89' lang='lat' dir='ltr'>si</span> 
     </span>
    </p>
   </div>
   <div class='ocr_carea' id='block_1_27' title="bbox 2105 1323 3752 1397">
    <p class='ocr_par' dir='ltr' id='par_1_27' title="bbox 2105 1323 3752 1397">
     <span class='ocr_line' id='line_1_27' title="bbox 2105 1323 3752 1397; baseline -0.002 -17"><span class='ocrx_word' id='word_1_187' title='bbox 2105 1326 2240 1396; x_wconf 89' lang='lat' dir='ltr'>quis</span> <span class='ocrx_word' id='word_1_188' title='bbox 2271 1325 2424 1381; x_wconf 90' lang='lat' dir='ltr'>alius</span> <span class='ocrx_word' id='word_1_189' title='bbox 2455 1327 2740 1397; x_wconf 82' lang='lat' dir='ltr'>martyrio</span> <span class='ocrx_word' id='word_1_190' title='bbox 2777 1348 2804 1376; x_wconf 84' lang='lat'>»</span> <span class='ocrx_word' id='word_1_191' title='bbox 2833 1326 3158 1381; x_wconf 90' lang='lat' dir='ltr'>doronatus</span> <span class='ocrx_word' id='word_1_192' title='bbox 3186 1330 3296 1380; x_wconf 91' lang='lat' dir='ltr'>est.</span> <span class='ocrx_word' id='word_1_193' title='bbox 3327 1323 3540 1378; x_wconf 89' lang='lat' dir='ltr'>Euseb.</span> <span class='ocrx_word' id='word_1_194' title='bbox 3568 1323 3608 1378; x_wconf 94' lang='lat' dir='ltr'>l.</span> <span class='ocrx_word' id='word_1_195' title='bbox 3667 1339 3752 1390; x_wconf 80' lang='lat' dir='ltr'>1x,</span> 
     </span>
    </p>
   </div>
   <div class='ocr_carea' id='block_1_28' title="bbox 2106 1411 3759 1485">
    <p class='ocr_par' dir='ltr' id='par_1_28' title="bbox 2106 1411 3759 1485">
     <span class='ocr_line' id='line_1_28' title="bbox 2106 1411 3759 1485; baseline -0.002 -17"><span class='ocrx_word' id='word_1_196' title='bbox 2106 1431 2156 1468; x_wconf 93' lang='lat' dir='ltr'>c.</span> <span class='ocrx_word' id='word_1_197' title='bbox 2190 1417 2240 1468; x_wconf 83' lang='lat'>2.</span> <span class='ocrx_word' id='word_1_198' title='bbox 2267 1414 2602 1478; x_wconf 88' lang='lat' dir='ltr'>Quinetiam</span> <span class='ocrx_word' id='word_1_199' title='bbox 2634 1415 2981 1485; x_wconf 89' lang='lat' dir='ltr'>Apphianus</span> <span class='ocrx_word' id='word_1_200' title='bbox 3029 1415 3293 1468; x_wconf 79' lang='lat' dir='ltr'>fervente</span> <span class='ocrx_word' id='word_1_201' title='bbox 3341 1411 3759 1483; x_wconf 78' lang='lat' dir='ltr'>persecutione</span> 
     </span>
    </p>
   </div>
   <div class='ocr_carea' id='block_1_29' title="bbox 2104 1500 3760 1574">
    <p class='ocr_par' dir='ltr' id='par_1_29' title="bbox 2104 1500 3760 1574">
     <span class='ocr_line' id='line_1_29' title="bbox 2104 1500 3760 1574; baseline -0.002 -16"><span class='ocrx_word' id='word_1_202' title='bbox 2104 1503 2257 1558; x_wconf 90' lang='lat' dir='ltr'>clam</span> <span class='ocrx_word' id='word_1_203' title='bbox 2270 1504 2546 1559; x_wconf 91' lang='lat' dir='ltr'>omnibus</span> <span class='ocrx_word' id='word_1_204' title='bbox 2561 1504 2622 1558; x_wconf 92' lang='lat' dir='ltr'>in</span> <span class='ocrx_word' id='word_1_205' title='bbox 2639 1505 2845 1558; x_wconf 89' lang='lat' dir='ltr'>eadem</span> <span class='ocrx_word' id='word_1_206' title='bbox 2859 1504 3033 1558; x_wconf 93' lang='lat' dir='ltr'>domo</span> <span class='ocrx_word' id='word_1_207' title='bbox 3050 1502 3400 1574; x_wconf 83' lang='lat' dir='ltr'>degentibus</span> <span class='ocrx_word' id='word_1_208' title='bbox 3423 1507 3480 1556; x_wconf 92' lang='lat' dir='ltr'>et</span> <span class='ocrx_word' id='word_1_209' title='bbox 3501 1500 3760 1555; x_wconf 89' lang='lat' dir='ltr'>militum</span> 
     </span>
    </p>
   </div>
   <div class='ocr_carea' id='block_1_30' title="bbox 2105 1589 3760 1664">
    <p class='ocr_par' dir='ltr' id='par_1_30' title="bbox 2105 1589 3760 1664">
     <span class='ocr_line' id='line_1_30' title="bbox 2105 1589 3760 1664; baseline -0.002 -18"><span class='ocrx_word' id='word_1_210' title='bbox 2105 1592 2560 1660; x_wconf 85' lang='lat' dir='ltr'>etiamcohorte,</span> <span class='ocrx_word' id='word_1_211' title='bbox 2594 1593 2811 1648; x_wconf 90' lang='lat' dir='ltr'>Urbani</span> <span class='ocrx_word' id='word_1_212' title='bbox 2848 1592 3118 1664; x_wconf 63' lang='lat' dir='ltr'>praesidis</span> <span class='ocrx_word' id='word_1_213' title='bbox 3149 1591 3355 1646; x_wconf 88' lang='lat' dir='ltr'>dextra</span> <span class='ocrx_word' id='word_1_214' title='bbox 3379 1589 3760 1662; x_wconf 88' lang='lat' dir='ltr'>apprehensa</span> 
     </span>
    </p>
   </div>
   <div class='ocr_carea' id='block_1_31' title="bbox 2105 1681 3762 1755">
    <p class='ocr_par' dir='ltr' id='par_1_31' title="bbox 2105 1681 3762 1755">
     <span class='ocr_line' id='line_1_31' title="bbox 2105 1681 3762 1755; baseline -0.002 -18"><span class='ocrx_word' id='word_1_215' title='bbox 2105 1683 2461 1738; x_wconf 82' lang='lat' dir='ltr'>sacrificium</span> <span class='ocrx_word' id='word_1_216' title='bbox 2485 1684 2758 1738; x_wconf 85' lang='lat' dir='ltr'>omittere</span> <span class='ocrx_word' id='word_1_217' title='bbox 2789 1684 3066 1755; x_wconf 89' lang='lat' dir='ltr'>coegit,et</span> <span class='ocrx_word' id='word_1_218' title='bbox 3094 1681 3456 1754; x_wconf 88' lang='lat' dir='ltr'>gravissimis</span> <span class='ocrx_word' id='word_1_219' title='bbox 3485 1686 3762 1736; x_wconf 90' lang='lat' dir='ltr'>tormen-</span> 
     </span>
    </p>
   </div>
   <div class='ocr_carea' id='block_1_32' title="bbox 2105 1767 3758 1844">
    <p class='ocr_par' dir='ltr' id='par_1_32' title="bbox 2105 1767 3758 1844">
     <span class='ocr_line' id='line_1_32' title="bbox 2105 1767 3758 1844; baseline -0.002 -18"><span class='ocrx_word' id='word_1_220' title='bbox 2105 1772 2180 1826; x_wconf 90' lang='lat' dir='ltr'>tis</span> <span class='ocrx_word' id='word_1_221' title='bbox 2211 1789 2339 1827; x_wconf 91' lang='lat' dir='ltr'>sese</span> <span class='ocrx_word' id='word_1_222' title='bbox 2363 1771 2586 1828; x_wconf 85' lang='lat' dir='ltr'>dedens</span> <span class='ocrx_word' id='word_1_223' title='bbox 2607 1789 2815 1844; x_wconf 90' lang='lat' dir='ltr'>passus</span> <span class='ocrx_word' id='word_1_224' title='bbox 2849 1777 2955 1827; x_wconf 92' lang='lat' dir='ltr'>est.</span> <span class='ocrx_word' id='word_1_225' title='bbox 2989 1772 3053 1826; x_wconf 93' lang='lat' dir='ltr'>Id</span> <span class='ocrx_word' id='word_1_226' title='bbox 3074 1777 3271 1826; x_wconf 90' lang='lat' dir='ltr'>autem</span> <span class='ocrx_word' id='word_1_227' title='bbox 3326 1769 3644 1838; x_wconf 88' lang='lat' dir='ltr'>Eusebius,</span> <span class='ocrx_word' id='word_1_228' title='bbox 3668 1767 3758 1822; x_wconf 88' lang='lat' dir='ltr'>illi</span> 
     </span>
    </p>
   </div>
   <div class='ocr_carea' id='block_1_33' title="bbox 340 1856 3761 1945">
    <p class='ocr_par' dir='ltr' id='par_1_33' title="bbox 340 1856 3761 1945">
     <span class='ocr_line' id='line_1_33' title="bbox 340 1856 3761 1945; baseline -0.004 -22"><span class='ocrx_word' id='word_1_229' title='bbox 340 1867 507 1923; x_wconf 91' lang='lat' dir='ltr'>lestis</span> <span class='ocrx_word' id='word_1_230' title='bbox 538 1867 725 1938; x_wconf 89' lang='lat' dir='ltr'>gratia</span> <span class='ocrx_word' id='word_1_231' title='bbox 754 1864 1256 1920; x_wconf 87' lang='lat' dir='ltr'>remunerationis</span> <span class='ocrx_word' id='word_1_232' title='bbox 1283 1861 1640 1934; x_wconf 85' lang='lat' dir='ltr'>exspectat?</span> <span class='ocrx_word' id='word_1_233' title='bbox 1672 1883 1698 1910; x_wconf 82' lang='lat'><strong>»</strong></span> <span class='ocrx_word' id='word_1_234' title='bbox 1731 1861 1786 1914; x_wconf 94' lang='lat' dir='ltr'>S.</span> <span class='ocrx_word' id='word_1_235' title='bbox 1820 1860 1997 1931; x_wconf 85' lang='lat' dir='ltr'>Chry-</span> <span class='ocrx_word' id='word_1_236' title='bbox 2027 1880 2070 1945; x_wconf 77' lang='grc' dir='ltr'><strong>Β</strong></span> <span class='ocrx_word' id='word_1_237' title='bbox 2106 1860 2443 1929; x_wconf 90' lang='lat' dir='ltr'>familiaris,</span> <span class='ocrx_word' id='word_1_238' title='bbox 2463 1878 2599 1917; x_wconf 91' lang='lat' dir='ltr'>eum</span> <span class='ocrx_word' id='word_1_239' title='bbox 2623 1862 2833 1916; x_wconf 91' lang='lat' dir='ltr'>fecisse</span> <span class='ocrx_word' id='word_1_240' title='bbox 2846 1860 3156 1933; x_wconf 72' lang='lat' dir='ltr'>judicavit;</span> <span class='ocrx_word' id='word_1_241' title='bbox 3191 1859 3291 1927; x_wconf 76' lang='grc' dir='ltr'>τῆς</span> <span class='ocrx_word' id='word_1_242' title='bbox 3350 1857 3438 1912; x_wconf 80' lang='grc' dir='ltr'>ἐπὶ</span> <span class='ocrx_word' id='word_1_243' title='bbox 3466 1857 3612 1912; x_wconf 77' lang='grc' dir='ltr'>τοῦτ’</span> <span class='ocrx_word' id='word_1_244' title='bbox 3661 1856 3761 1910; x_wconf 82' lang='grc' dir='ltr'>αὐ-</span> 
     </span>
    </p>
   </div>
   <div class='ocr_carea' id='block_1_34' title="bbox 338 1945 1992 2024">
    <p class='ocr_par' dir='ltr' id='par_1_34' title="bbox 338 1945 1992 2024">
     <span class='ocr_line' id='line_1_34' title="bbox 338 1945 1992 2024; baseline -0.008 -11"><span class='ocrx_word' id='word_1_245' title='bbox 338 1962 621 2013; x_wconf 88' lang='lat' dir='ltr'>sostomus</span> <span class='ocrx_word' id='word_1_246' title='bbox 653 1953 1002 2010; x_wconf 89' lang='lat' dir='ltr'>observabat</span> <span class='ocrx_word' id='word_1_247' title='bbox 1021 1953 1130 2007; x_wconf 90' lang='lat' dir='ltr'>sub</span> <span class='ocrx_word' id='word_1_248' title='bbox 1152 1952 1402 2024; x_wconf 90' lang='lat' dir='ltr'>imperio</span> <span class='ocrx_word' id='word_1_249' title='bbox 1423 1951 1639 2006; x_wconf 85' lang='lat' dir='ltr'>Juliani</span> <span class='ocrx_word' id='word_1_250' title='bbox 1668 1952 1840 2002; x_wconf 83' lang='grc' dir='ltr'>πᾶσαν</span> <span class='ocrx_word' id='word_1_251' title='bbox 1863 1945 1992 2015; x_wconf 81' lang='grc' dir='ltr'>ἡλι-</span> 
     </span>
    </p>
   </div>
   <div class='ocr_carea' id='block_1_35' title="bbox 337 2033 1994 2113">
    <p class='ocr_par' dir='ltr' id='par_1_35' title="bbox 337 2033 1994 2113">
     <span class='ocr_line' id='line_1_35' title="bbox 337 2033 1994 2113; baseline -0.007 -14"><span class='ocrx_word' id='word_1_252' title='bbox 337 2045 458 2099; x_wconf 83' lang='grc' dir='ltr'>κίαν</span> <span class='ocrx_word' id='word_1_253' title='bbox 519 2042 711 2104; x_wconf 80' lang='grc' dir='ltr'>ἁπλῶς</span> <span class='ocrx_word' id='word_1_254' title='bbox 766 2041 854 2096; x_wconf 81' lang='grc' dir='ltr'>καὶ</span> <span class='ocrx_word' id='word_1_255' title='bbox 918 2039 1076 2113; x_wconf 57' lang='grc' dir='ltr'>φύσιν</span> <span class='ocrx_word' id='word_1_256' title='bbox 1140 2039 1415 2112; x_wconf 68' lang='grc' dir='ltr'>ἑκατέρα-δ,</span> <span class='ocrx_word' id='word_1_257' title='bbox 1468 2035 1732 2108; x_wconf 83' lang='grc' dir='ltr'>πηδῶσαν</span> <span class='ocrx_word' id='word_1_258' title='bbox 1763 2034 1850 2090; x_wconf 83' lang='grc' dir='ltr'>ἐπὶ</span> <span class='ocrx_word' id='word_1_259' title='bbox 1896 2033 1994 2096; x_wconf 81' lang='grc' dir='ltr'>τὰς</span> 
     </span>
    </p>
   </div>
   <div class='ocr_carea' id='block_1_36' title="bbox 340 2126 1996 2209">
    <p class='ocr_par' dir='ltr' id='par_1_36' title="bbox 340 2126 1996 2209">
     <span class='ocr_line' id='line_1_36' title="bbox 340 2126 1996 2209; baseline -0.005 -19"><span class='ocrx_word' id='word_1_260' title='bbox 340 2134 472 2209; x_wconf 79' lang='grc' dir='ltr'>ὗπὶρ</span> <span class='ocrx_word' id='word_1_261' title='bbox 520 2139 620 2202; x_wconf 84' lang='grc' dir='ltr'>τῆς</span> <span class='ocrx_word' id='word_1_262' title='bbox 677 2126 950 2191; x_wconf 76' lang='grc' dir='ltr'>εὐσεϐείας</span> <span class='ocrx_word' id='word_1_263' title='bbox 1002 2135 1228 2204; x_wconf 77' lang='grc' dir='ltr'>σφαγάς,</span> <span class='ocrx_word' id='word_1_264' title='bbox 1261 2155 1281 2180; x_wconf 71' lang='grc' dir='ltr'>α</span> <span class='ocrx_word' id='word_1_265' title='bbox 1346 2146 1583 2185; x_wconf 91' lang='lat' dir='ltr'>omnem</span> <span class='ocrx_word' id='word_1_266' title='bbox 1633 2134 1869 2184; x_wconf 58' lang='lat' dir='ltr'>aetatem</span> <span class='ocrx_word' id='word_1_267' title='bbox 1935 2132 1996 2181; x_wconf 89' lang='lat' dir='ltr'>et</span> 
     </span>
    </p>
   </div>
   <div class='ocr_carea' id='block_1_37' title="bbox 340 2215 1995 2292">
    <p class='ocr_par' dir='ltr' id='par_1_37' title="bbox 340 2215 1995 2292">
     <span class='ocr_line' id='line_1_37' title="bbox 340 2215 1995 2292; baseline -0.005 -14"><span class='ocrx_word' id='word_1_268' title='bbox 340 2229 663 2292; x_wconf 91' lang='lat' dir='ltr'>utrumque</span> <span class='ocrx_word' id='word_1_269' title='bbox 689 2237 893 2276; x_wconf 82' lang='lat' dir='ltr'>sexum</span> <span class='ocrx_word' id='word_1_270' title='bbox 913 2219 989 2274; x_wconf 89' lang='lat' dir='ltr'>ad</span> <span class='ocrx_word' id='word_1_271' title='bbox 1011 2225 1265 2273; x_wconf 91' lang='lat' dir='ltr'>mortem</span> <span class='ocrx_word' id='word_1_272' title='bbox 1284 2236 1390 2289; x_wconf 93' lang='lat' dir='ltr'>pro</span> <span class='ocrx_word' id='word_1_273' title='bbox 1405 2235 1541 2273; x_wconf 86' lang='lat' dir='ltr'>vera</span> <span class='ocrx_word' id='word_1_274' title='bbox 1559 2217 1843 2289; x_wconf 88' lang='lat' dir='ltr'>religione</span> <span class='ocrx_word' id='word_1_275' title='bbox 1866 2215 1995 2271; x_wconf 86' lang='lat' dir='ltr'>sub-</span> 
     </span>
    </p>
   </div>
   <div class='ocr_carea' id='block_1_38' title="bbox 343 2305 1998 2373">
    <p class='ocr_par' dir='ltr' id='par_1_38' title="bbox 343 2305 1998 2373">
     <span class='ocr_line' id='line_1_38' title="bbox 343 2305 1998 2373; baseline -0.005 -6"><span class='ocrx_word' id='word_1_276' title='bbox 343 2312 600 2368; x_wconf 89' lang='lat' dir='ltr'>eundam</span> <span class='ocrx_word' id='word_1_277' title='bbox 634 2310 1031 2365; x_wconf 84' lang='lat' dir='ltr'>exsilientem.</span> <span class='ocrx_word' id='word_1_278' title='bbox 1059 2331 1087 2357; x_wconf 90' lang='lat'><strong><em>»</em></strong></span> <span class='ocrx_word' id='word_1_279' title='bbox 1123 2310 1283 2362; x_wconf 79' lang='lat' dir='ltr'>Hanc</span> <span class='ocrx_word' id='word_1_280' title='bbox 1315 2308 1611 2362; x_wconf 86' lang='lat' dir='ltr'>rationem</span> <span class='ocrx_word' id='word_1_281' title='bbox 1643 2305 1859 2373; x_wconf 91' lang='lat' dir='ltr'>reddit,</span> <span class='ocrx_word' id='word_1_282' title='bbox 1891 2321 1998 2360; x_wconf 92' lang='lat' dir='ltr'>cur</span> 
     </span>
    </p>
   </div>
   <div class='ocr_carea' id='block_1_39' title="bbox 343 2395 1998 2470">
    <p class='ocr_par' dir='ltr' id='par_1_39' title="bbox 343 2395 1998 2470">
     <span class='ocr_line' id='line_1_39' title="bbox 343 2395 1998 2470; baseline -0.005 -15"><span class='ocrx_word' id='word_1_283' title='bbox 343 2401 608 2455; x_wconf 87' lang='lat' dir='ltr'>Julianus</span> <span class='ocrx_word' id='word_1_284' title='bbox 633 2402 914 2470; x_wconf 81' lang='lat' dir='ltr'>Apostata</span> <span class='ocrx_word' id='word_1_285' title='bbox 940 2403 1207 2467; x_wconf 88' lang='lat' dir='ltr'>apertam</span> <span class='ocrx_word' id='word_1_286' title='bbox 1233 2401 1441 2451; x_wconf 89' lang='lat' dir='ltr'>contra</span> <span class='ocrx_word' id='word_1_287' title='bbox 1470 2395 1835 2450; x_wconf 88' lang='lat' dir='ltr'>Christianos</span> <span class='ocrx_word' id='word_1_288' title='bbox 1860 2409 1998 2465; x_wconf 86' lang='lat' dir='ltr'>per-</span> 
     </span>
    </p>
   </div>
   <div class='ocr_carea' id='block_1_40' title="bbox 352 2478 1995 2558">
    <p class='ocr_par' dir='ltr' id='par_1_40' title="bbox 352 2478 1995 2558">
     <span class='ocr_line' id='line_1_40' title="bbox 352 2478 1995 2558; baseline -0.005 -15"><span class='ocrx_word' id='word_1_289' title='bbox 352 2489 720 2544; x_wconf 89' lang='lat' dir='ltr'>secutionem</span> <span class='ocrx_word' id='word_1_290' title='bbox 744 2486 943 2542; x_wconf 91' lang='lat' dir='ltr'>moliri</span> <span class='ocrx_word' id='word_1_291' title='bbox 970 2485 1252 2553; x_wconf 88' lang='lat' dir='ltr'>noluerit,</span> <span class='ocrx_word' id='word_1_292' title='bbox 1285 2479 1406 2556; x_wconf 72' lang='grc' dir='ltr'>ᾔδει</span> <span class='ocrx_word' id='word_1_293' title='bbox 1454 2481 1577 2558; x_wconf 74' lang='grc' dir='ltr'>γὰρ,</span> <span class='ocrx_word' id='word_1_294' title='bbox 1638 2478 1756 2556; x_wconf 77' lang='grc' dir='ltr'>ᾔδει</span> <span class='ocrx_word' id='word_1_295' title='bbox 1813 2483 1995 2558; x_wconf 65' lang='grc' dir='ltr'>σαφῶς</span> 
     </span>
    </p>
   </div>
   <div class='ocr_carea' id='block_1_41' title="bbox 352 2568 1996 2648">
    <p class='ocr_par' dir='ltr' id='par_1_41' title="bbox 352 2568 1996 2648">
     <span class='ocr_line' id='line_1_41' title="bbox 352 2568 1996 2648; baseline -0.006 -16"><span class='ocrx_word' id='word_1_296' title='bbox 352 2576 438 2632; x_wconf 81' lang='grc' dir='ltr'>ὅτι</span> <span class='ocrx_word' id='word_1_297' title='bbox 469 2580 632 2630; x_wconf 76' lang='grc' dir='ltr'>τοῦτο</span> <span class='ocrx_word' id='word_1_298' title='bbox 655 2573 1039 2648; x_wconf 76' lang='grc' dir='ltr'>τολμήσαντος</span> <span class='ocrx_word' id='word_1_299' title='bbox 1096 2572 1285 2641; x_wconf 78' lang='grc' dir='ltr'>αὑτοῦ,</span> <span class='ocrx_word' id='word_1_300' title='bbox 1345 2572 1537 2632; x_wconf 86' lang='grc' dir='ltr'>πάντες</span> <span class='ocrx_word' id='word_1_301' title='bbox 1598 2568 1658 2625; x_wconf 69' lang='grc' dir='ltr'>ἄν</span> <span class='ocrx_word' id='word_1_302' title='bbox 1721 2570 1850 2637; x_wconf 73' lang='grc' dir='ltr'>ὑπὲρ</span> <span class='ocrx_word' id='word_1_303' title='bbox 1899 2572 1996 2624; x_wconf 82' lang='grc' dir='ltr'>τοῦ</span> 
     </span>
    </p>
   </div>
   <div class='ocr_carea' id='block_1_42' title="bbox 349 2658 1993 2740">
    <p class='ocr_par' dir='ltr' id='par_1_42' title="bbox 349 2658 1993 2740">
     <span class='ocr_line' id='line_1_42' title="bbox 349 2658 1993 2740; baseline -0.007 -20"><span class='ocrx_word' id='word_1_304' title='bbox 349 2666 590 2740; x_wconf 76' lang='grc' dir='ltr'>Χριστοῦ</span> <span class='ocrx_word' id='word_1_305' title='bbox 621 2663 716 2724; x_wconf 79' lang='grc' dir='ltr'>τὰς</span> <span class='ocrx_word' id='word_1_306' title='bbox 750 2661 954 2716; x_wconf 76' lang='grc' dir='ltr'>ἑαυτῶν</span> <span class='ocrx_word' id='word_1_307' title='bbox 989 2658 1308 2734; x_wconf 68' lang='grc' dir='ltr'>προῦδωκαν</span> <span class='ocrx_word' id='word_1_308' title='bbox 1339 2662 1535 2734; x_wconf 68' lang='grc' dir='ltr'>ψυχάς,</span> <span class='ocrx_word' id='word_1_309' title='bbox 1573 2661 1783 2716; x_wconf 83' lang='lat' dir='ltr'>«Novit</span> <span class='ocrx_word' id='word_1_310' title='bbox 1813 2660 1993 2728; x_wconf 85' lang='lat' dir='ltr'>enim,</span> 
     </span>
    </p>
   </div>
   <div class='ocr_carea' id='block_1_43' title="bbox 348 2751 1994 2827">
    <p class='ocr_par' dir='ltr' id='par_1_43' title="bbox 348 2751 1994 2827">
     <span class='ocr_line' id='line_1_43' title="bbox 348 2751 1994 2827; baseline -0.005 -16"><span class='ocrx_word' id='word_1_311' title='bbox 348 2761 549 2827; x_wconf 89' lang='lat' dir='ltr'>aperte</span> <span class='ocrx_word' id='word_1_312' title='bbox 581 2755 762 2821; x_wconf 90' lang='lat' dir='ltr'>novit,</span> <span class='ocrx_word' id='word_1_313' title='bbox 799 2753 977 2824; x_wconf 84' lang='lat' dir='ltr'>quod,</span> <span class='ocrx_word' id='word_1_314' title='bbox 1014 2754 1060 2807; x_wconf 91' lang='lat' dir='ltr'>si</span> <span class='ocrx_word' id='word_1_315' title='bbox 1085 2753 1196 2807; x_wconf 92' lang='lat' dir='ltr'>hoc</span> <span class='ocrx_word' id='word_1_316' title='bbox 1227 2751 1470 2807; x_wconf 89' lang='lat' dir='ltr'>auderet</span> <span class='ocrx_word' id='word_1_317' title='bbox 1517 2751 1635 2818; x_wconf 90' lang='lat' dir='ltr'>ille,</span> <span class='ocrx_word' id='word_1_318' title='bbox 1661 2767 1868 2805; x_wconf 91' lang='lat' dir='ltr'>omnes</span> <span class='ocrx_word' id='word_1_319' title='bbox 1888 2766 1994 2820; x_wconf 88' lang='lat' dir='ltr'>pro</span> 
     </span>
    </p>
   </div>
   <div class='ocr_carea' id='block_1_44' title="bbox 352 2837 1994 2914">
    <p class='ocr_par' dir='ltr' id='par_1_44' title="bbox 352 2837 1994 2914">
     <span class='ocr_line' id='line_1_44' title="bbox 352 2837 1994 2914; baseline -0.005 -15"><span class='ocrx_word' id='word_1_320' title='bbox 352 2845 584 2900; x_wconf 85' lang='lat' dir='ltr'>Christo</span> <span class='ocrx_word' id='word_1_321' title='bbox 618 2844 847 2899; x_wconf 86' lang='lat' dir='ltr'>animas</span> <span class='ocrx_word' id='word_1_322' title='bbox 880 2859 1016 2898; x_wconf 90' lang='lat' dir='ltr'>suas</span> <span class='ocrx_word' id='word_1_323' title='bbox 1074 2841 1497 2914; x_wconf 89' lang='lat' dir='ltr'>prodidissent.</span> <span class='ocrx_word' id='word_1_324' title='bbox 1532 2863 1561 2890; x_wconf 89' lang='grc'>››</span> <span class='ocrx_word' id='word_1_325' title='bbox 1623 2840 1820 2900; x_wconf 83' lang='grc' dir='ltr'>Πάντες</span> <span class='ocrx_word' id='word_1_326' title='bbox 1871 2837 1994 2912; x_wconf 74' lang='grc' dir='ltr'>γὰρ,</span> 
     </span>
    </p>
   </div>
   <div class='ocr_carea' id='block_1_45' title="bbox 348 2926 1996 3007">
    <p class='ocr_par' dir='ltr' id='par_1_45' title="bbox 348 2926 1996 3007">
     <span class='ocr_line' id='line_1_45' title="bbox 348 2926 1996 3007; baseline -0.004 -21"><span class='ocrx_word' id='word_1_327' title='bbox 348 2931 537 3007; x_wconf 81' lang='grc' dir='ltr'>φησίν,</span> <span class='ocrx_word' id='word_1_328' title='bbox 562 2932 659 3003; x_wconf 84' lang='grc' dir='ltr'>ὡς,</span> <span class='ocrx_word' id='word_1_329' title='bbox 693 2929 780 2984; x_wconf 81' lang='grc' dir='ltr'>ἐπὶ</span> <span class='ocrx_word' id='word_1_330' title='bbox 807 2930 998 3005; x_wconf 82' lang='grc' dir='ltr'>κηρίον</span> <span class='ocrx_word' id='word_1_331' title='bbox 1033 2928 1279 3002; x_wconf 68' lang='grc' dir='ltr'>μέλιτται</span> <span class='ocrx_word' id='word_1_332' title='bbox 1309 2929 1535 3001; x_wconf 67' lang='grc' dir='ltr'>⁴ἥξουσιν</span> <span class='ocrx_word' id='word_1_333' title='bbox 1569 2927 1644 2990; x_wconf 85' lang='grc' dir='ltr'>ὡς</span> <span class='ocrx_word' id='word_1_334' title='bbox 1702 2926 1789 2982; x_wconf 83' lang='grc' dir='ltr'>ἐπὶ</span> <span class='ocrx_word' id='word_1_335' title='bbox 1853 2945 1996 3000; x_wconf 89' lang='grc' dir='ltr'>μαρ-</span> 
     </span>
    </p>
   </div>
   <div class='ocr_carea' id='block_1_46' title="bbox 348 3017 1993 3095">
    <p class='ocr_par' dir='ltr' id='par_1_46' title="bbox 348 3017 1993 3095">
     <span class='ocr_line' id='line_1_46' title="bbox 348 3017 1993 3095; baseline -0.004 -18"><span class='ocrx_word' id='word_1_336' title='bbox 348 3021 535 3095; x_wconf 78' lang='grc' dir='ltr'>τύριον</span> <span class='ocrx_word' id='word_1_337' title='bbox 566 3021 881 3094; x_wconf 84' lang='grc' dir='ltr'>πετόμενοι,</span> <span class='ocrx_word' id='word_1_338' title='bbox 910 3044 936 3074; x_wconf 74' lang='grc' dir='ltr'><strong>ιι</strong></span> <span class='ocrx_word' id='word_1_339' title='bbox 958 3023 1176 3077; x_wconf 88' lang='lat' dir='ltr'>Omnes</span> <span class='ocrx_word' id='word_1_340' title='bbox 1209 3019 1390 3089; x_wconf 88' lang='lat' dir='ltr'>enim,</span> <span class='ocrx_word' id='word_1_341' title='bbox 1423 3019 1638 3090; x_wconf 83' lang='lat' dir='ltr'>inquit,</span> <span class='ocrx_word' id='word_1_342' title='bbox 1669 3023 1735 3074; x_wconf 92' lang='lat' dir='ltr'>ut</span> <span class='ocrx_word' id='word_1_343' title='bbox 1779 3017 1850 3072; x_wconf 84' lang='lat' dir='ltr'>ad</span> <span class='ocrx_word' id='word_1_344' title='bbox 1905 3017 1993 3072; x_wconf 92' lang='lat' dir='ltr'>fa-</span> 
     </span>
    </p>
   </div>
   <div class='ocr_carea' id='block_1_47' title="bbox 340 3109 1656 3184">
    <p class='ocr_par' dir='ltr' id='par_1_47' title="bbox 340 3109 1656 3184">
     <span class='ocr_line' id='line_1_47' title="bbox 340 3109 1656 3184; baseline -0.005 -15"><span class='ocrx_word' id='word_1_345' title='bbox 340 3129 479 3169; x_wconf 84' lang='lat' dir='ltr'>vum</span> <span class='ocrx_word' id='word_1_346' title='bbox 502 3129 664 3184; x_wconf 90' lang='lat' dir='ltr'>apes,</span> <span class='ocrx_word' id='word_1_347' title='bbox 697 3111 771 3166; x_wconf 86' lang='lat' dir='ltr'>ad</span> <span class='ocrx_word' id='word_1_348' title='bbox 794 3112 1145 3182; x_wconf 83' lang='lat' dir='ltr'>martyrium</span> <span class='ocrx_word' id='word_1_349' title='bbox 1177 3109 1594 3164; x_wconf 89' lang='lat' dir='ltr'>convolabunt.</span> <span class='ocrx_word' id='word_1_350' title='bbox 1629 3130 1656 3156; x_wconf 92' lang='grc'>››</span> 
     </span>
    </p>
   </div>
   <div class='ocr_carea' id='block_1_48' title="bbox 418 3197 1998 3272">
    <p class='ocr_par' dir='ltr' id='par_1_48' title="bbox 418 3197 1998 3272">
     <span class='ocr_line' id='line_1_48' title="bbox 418 3197 1998 3272; baseline -0.003 -16"><span class='ocrx_word' id='word_1_351' title='bbox 418 3203 616 3272; x_wconf 85' lang='lat' dir='ltr'>Neque</span> <span class='ocrx_word' id='word_1_352' title='bbox 639 3217 773 3254; x_wconf 89' lang='lat' dir='ltr'>vero</span> <span class='ocrx_word' id='word_1_353' title='bbox 799 3205 1028 3254; x_wconf 89' lang='lat' dir='ltr'>tantum</span> <span class='ocrx_word' id='word_1_354' title='bbox 1049 3198 1227 3252; x_wconf 87' lang='lat' dir='ltr'>fortia</span> <span class='ocrx_word' id='word_1_355' title='bbox 1256 3198 1437 3253; x_wconf 91' lang='lat' dir='ltr'>locuti</span> <span class='ocrx_word' id='word_1_356' title='bbox 1461 3202 1599 3252; x_wconf 90' lang='lat' dir='ltr'>sunt</span> <span class='ocrx_word' id='word_1_357' title='bbox 1615 3197 1874 3268; x_wconf 83' lang='lat' dir='ltr'>antiquae</span> <span class='ocrx_word' id='word_1_358' title='bbox 1898 3199 1998 3252; x_wconf 89' lang='lat' dir='ltr'>Ec-</span> 
     </span>
    </p>
   </div>
   <div class='ocr_carea' id='block_1_49' title="bbox 341 3249 2078 3358">
    <p class='ocr_par' dir='ltr' id='par_1_49' title="bbox 341 3249 2078 3358">
     <span class='ocr_line' id='line_1_49' title="bbox 341 3249 2078 3358; baseline -0.002 -13"><span class='ocrx_word' id='word_1_359' title='bbox 341 3249 539 3346; x_wconf 55' lang='lat' dir='ltr'>clesi;</span> <span class='ocrx_word' id='word_1_360' title='bbox 561 3287 1017 3357; x_wconf 88' lang='lat' dir='ltr'>Christiani,sed</span> <span class='ocrx_word' id='word_1_361' title='bbox 1049 3292 1106 3342; x_wconf 87' lang='lat' dir='ltr'>et</span> <span class='ocrx_word' id='word_1_362' title='bbox 1136 3286 1327 3341; x_wconf 87' lang='lat' dir='ltr'>fecere</span> <span class='ocrx_word' id='word_1_363' title='bbox 1346 3292 1406 3341; x_wconf 91' lang='lat' dir='ltr'>et</span> <span class='ocrx_word' id='word_1_364' title='bbox 1429 3286 1586 3358; x_wconf 90' lang='lat' dir='ltr'>passi</span> <span class='ocrx_word' id='word_1_365' title='bbox 1637 3249 1790 3341; x_wconf 67' lang='lat' dir='ltr'>sunt.</span> <span class='ocrx_word' id='word_1_366' title='bbox 1829 3287 1997 3342; x_wconf 88' lang='lat' dir='ltr'>Cele-</span> <span class='ocrx_word' id='word_1_367' title='bbox 2035 3249 2078 3317; x_wconf 66' lang='grc' dir='ltr'>Ο</span> 
     </span>
    </p>
   </div>
   <div class='ocr_carea' id='block_1_50' title="bbox 341 3376 1997 3450">
    <p class='ocr_par' dir='ltr' id='par_1_50' title="bbox 341 3376 1997 3450">
     <span class='ocr_line' id='line_1_50' title="bbox 341 3376 1997 3450; baseline -0.002 -14"><span class='ocrx_word' id='word_1_368' title='bbox 341 3381 448 3436; x_wconf 86' lang='lat' dir='ltr'>bre</span> <span class='ocrx_word' id='word_1_369' title='bbox 480 3378 754 3450; x_wconf 89' lang='lat' dir='ltr'>inprimis</span> <span class='ocrx_word' id='word_1_370' title='bbox 775 3377 887 3431; x_wconf 91' lang='lat' dir='ltr'>fuit</span> <span class='ocrx_word' id='word_1_371' title='bbox 916 3392 1136 3431; x_wconf 92' lang='lat' dir='ltr'>nomen</span> <span class='ocrx_word' id='word_1_372' title='bbox 1163 3376 1372 3430; x_wconf 76' lang='lat' dir='ltr'>Phocaa</span> <span class='ocrx_word' id='word_1_373' title='bbox 1406 3376 1702 3448; x_wconf 80' lang='lat' dir='ltr'>martyris,</span> <span class='ocrx_word' id='word_1_374' title='bbox 1737 3377 1837 3446; x_wconf 89' lang='lat' dir='ltr'>qui</span> <span class='ocrx_word' id='word_1_375' title='bbox 1863 3392 1997 3433; x_wconf 91' lang='lat' dir='ltr'>cum</span> 
     </span>
    </p>
   </div>
   <div class='ocr_carea' id='block_1_51' title="bbox 343 3465 2001 3537">
    <p class='ocr_par' dir='ltr' id='par_1_51' title="bbox 343 3465 2001 3537">
     <span class='ocr_line' id='line_1_51' title="bbox 343 3465 2001 3537; baseline -0.001 -14"><span class='ocrx_word' id='word_1_376' title='bbox 343 3470 589 3523; x_wconf 88' lang='lat' dir='ltr'>lictores</span> <span class='ocrx_word' id='word_1_377' title='bbox 636 3468 787 3520; x_wconf 91' lang='lat' dir='ltr'>forte</span> <span class='ocrx_word' id='word_1_378' title='bbox 839 3465 1093 3537; x_wconf 88' lang='lat' dir='ltr'>hospitio</span> <span class='ocrx_word' id='word_1_379' title='bbox 1142 3466 1484 3535; x_wconf 90' lang='lat' dir='ltr'>accepisset,</span> <span class='ocrx_word' id='word_1_380' title='bbox 1532 3466 1633 3535; x_wconf 90' lang='lat' dir='ltr'>qui</span> <span class='ocrx_word' id='word_1_381' title='bbox 1677 3465 2001 3522; x_wconf 87' lang='lat' dir='ltr'>narrabant</span> 
     </span>
    </p>
   </div>
   <div class='ocr_carea' id='block_1_52' title="bbox 350 3553 1996 3626">
    <p class='ocr_par' dir='ltr' id='par_1_52' title="bbox 350 3553 1996 3626">
     <span class='ocr_line' id='line_1_52' title="bbox 350 3553 1996 3626; baseline -0.001 -14"><span class='ocrx_word' id='word_1_382' title='bbox 350 3557 565 3613; x_wconf 90' lang='lat' dir='ltr'>missos</span> <span class='ocrx_word' id='word_1_383' title='bbox 595 3571 658 3609; x_wconf 89' lang='lat' dir='ltr'>se</span> <span class='ocrx_word' id='word_1_384' title='bbox 689 3554 763 3608; x_wconf 89' lang='lat' dir='ltr'>ad</span> <span class='ocrx_word' id='word_1_385' title='bbox 795 3553 1276 3609; x_wconf 80' lang='lat' dir='ltr'>interficiendum</span> <span class='ocrx_word' id='word_1_386' title='bbox 1309 3554 1872 3626; x_wconf 87' lang='lat' dir='ltr'>Phocam,promisit</span> <span class='ocrx_word' id='word_1_387' title='bbox 1902 3556 1996 3610; x_wconf 90' lang='lat' dir='ltr'>die</span> 
     </span>
    </p>
   </div>
   <div class='ocr_carea' id='block_1_53' title="bbox 357 3645 2000 3714">
    <p class='ocr_par' dir='ltr' id='par_1_53' title="bbox 357 3645 2000 3714">
     <span class='ocr_line' id='line_1_53' title="bbox 357 3645 2000 3714; baseline -0.002 -9"><span class='ocrx_word' id='word_1_388' title='bbox 357 3648 615 3705; x_wconf 90' lang='lat' dir='ltr'>crastino</span> <span class='ocrx_word' id='word_1_389' title='bbox 647 3664 708 3701; x_wconf 87' lang='lat' dir='ltr'>se</span> <span class='ocrx_word' id='word_1_390' title='bbox 728 3646 984 3701; x_wconf 89' lang='lat' dir='ltr'>Phocam</span> <span class='ocrx_word' id='word_1_391' title='bbox 1005 3645 1120 3699; x_wconf 90' lang='lat' dir='ltr'>illis</span> <span class='ocrx_word' id='word_1_392' title='bbox 1142 3650 1540 3714; x_wconf 91' lang='lat' dir='ltr'>ostensurum,</span> <span class='ocrx_word' id='word_1_393' title='bbox 1563 3651 1619 3699; x_wconf 92' lang='lat' dir='ltr'>et</span> <span class='ocrx_word' id='word_1_394' title='bbox 1639 3645 1767 3700; x_wconf 93' lang='lat' dir='ltr'>loco</span> <span class='ocrx_word' id='word_1_395' title='bbox 1798 3646 1872 3701; x_wconf 89' lang='lat' dir='ltr'>ad</span> <span class='ocrx_word' id='word_1_396' title='bbox 1903 3661 2000 3701; x_wconf 81' lang='lat' dir='ltr'>se-</span> 
     </span>
    </p>
   </div>
   <div class='ocr_carea' id='block_1_54' title="bbox 357 3735 1996 3810">
    <p class='ocr_par' dir='ltr' id='par_1_54' title="bbox 357 3735 1996 3810">
     <span class='ocr_line' id='line_1_54' title="bbox 357 3735 1996 3810; baseline 0 -18"><span class='ocrx_word' id='word_1_397' title='bbox 357 3738 660 3810; x_wconf 89' lang='lat' dir='ltr'>pulturam</span> <span class='ocrx_word' id='word_1_398' title='bbox 683 3737 847 3808; x_wconf 86' lang='lat' dir='ltr'>prius</span> <span class='ocrx_word' id='word_1_399' title='bbox 878 3739 1209 3807; x_wconf 63' lang='lat' dir='ltr'>praeparato</span> <span class='ocrx_word' id='word_1_400' title='bbox 1239 3739 1440 3790; x_wconf 91' lang='lat' dir='ltr'>astans</span> <span class='ocrx_word' id='word_1_401' title='bbox 1473 3735 1558 3790; x_wconf 91' lang='lat' dir='ltr'>eis</span> <span class='ocrx_word' id='word_1_402' title='bbox 1598 3735 1784 3790; x_wconf 81' lang='lat' dir='ltr'>dixit:</span> <span class='ocrx_word' id='word_1_403' title='bbox 1824 3757 1852 3790; x_wconf 78' lang='grc' dir='ltr'>ιι</span> <span class='ocrx_word' id='word_1_404' title='bbox 1879 3738 1996 3808; x_wconf 91' lang='lat' dir='ltr'>Ego</span> 
     </span>
    </p>
   </div>
   <div class='ocr_carea' id='block_1_55' title="bbox 352 3825 1998 3896">
    <p class='ocr_par' dir='ltr' id='par_1_55' title="bbox 352 3825 1998 3896">
     <span class='ocr_line' id='line_1_55' title="bbox 352 3825 1998 3896; baseline -0.001 -14"><span class='ocrx_word' id='word_1_405' title='bbox 352 3827 456 3882; x_wconf 91' lang='lat' dir='ltr'>ille</span> <span class='ocrx_word' id='word_1_406' title='bbox 489 3825 878 3882; x_wconf 86' lang='lat' dir='ltr'>Phocas.»llli</span> <span class='ocrx_word' id='word_1_407' title='bbox 911 3841 1045 3880; x_wconf 91' lang='lat' dir='ltr'>cum</span> <span class='ocrx_word' id='word_1_408' title='bbox 1083 3825 1211 3896; x_wconf 88' lang='lat' dir='ltr'>jam</span> <span class='ocrx_word' id='word_1_409' title='bbox 1250 3825 1614 3894; x_wconf 81' lang='lat' dir='ltr'>haesitarent,</span> <span class='ocrx_word' id='word_1_410' title='bbox 1639 3825 1870 3881; x_wconf 90' lang='lat' dir='ltr'>animos</span> <span class='ocrx_word' id='word_1_411' title='bbox 1912 3827 1998 3881; x_wconf 91' lang='lat' dir='ltr'>eis</span> 
     </span>
    </p>
   </div>
   <div class='ocr_carea' id='block_1_56' title="bbox 351 3913 1995 3988">
    <p class='ocr_par' dir='ltr' id='par_1_56' title="bbox 351 3913 1995 3988">
     <span class='ocr_line' id='line_1_56' title="bbox 351 3913 1995 3988; baseline -0.004 -15"><span class='ocrx_word' id='word_1_412' title='bbox 351 3923 419 3974; x_wconf 89' lang='lat' dir='ltr'>ut</span> <span class='ocrx_word' id='word_1_413' title='bbox 442 3918 635 3988; x_wconf 92' lang='lat' dir='ltr'>ipsum</span> <span class='ocrx_word' id='word_1_414' title='bbox 677 3914 1081 3970; x_wconf 87' lang='lat' dir='ltr'>interﬁcerent</span> <span class='ocrx_word' id='word_1_415' title='bbox 1110 3913 1517 3969; x_wconf 83' lang='lat' dir='ltr'>exhortatione</span> <span class='ocrx_word' id='word_1_416' title='bbox 1549 3913 1822 3983; x_wconf 88' lang='lat' dir='ltr'>addebat,</span> <span class='ocrx_word' id='word_1_417' title='bbox 1853 3914 1995 3968; x_wconf 72' lang='grc' dir='ltr'>εἶπεν</span> 
     </span>
    </p>
   </div>
   <div class='ocr_carea' id='block_1_57' title="bbox 347 4000 1994 4079">
    <p class='ocr_par' dir='ltr' id='par_1_57' title="bbox 347 4000 1994 4079">
     <span class='ocr_line' id='line_1_57' title="bbox 347 4000 1994 4079; baseline -0.002 -18"><span class='ocrx_word' id='word_1_418' title='bbox 347 4001 581 4077; x_wconf 72' lang='grc' dir='ltr'>ἔπεισιν,</span> <span class='ocrx_word' id='word_1_419' title='bbox 610 4003 822 4074; x_wconf 81' lang='grc' dir='ltr'>ἔπαθεν,</span> <span class='ocrx_word' id='word_1_420' title='bbox 855 4004 944 4058; x_wconf 83' lang='grc' dir='ltr'>καὶ</span> <span class='ocrx_word' id='word_1_421' title='bbox 976 4003 1076 4071; x_wconf 78' lang='grc' dir='ltr'>τήν</span> <span class='ocrx_word' id='word_1_422' title='bbox 1109 4000 1349 4079; x_wconf 71' lang='grc' dir='ltr'>κεφαλὴν</span> <span class='ocrx_word' id='word_1_423' title='bbox 1408 4002 1742 4075; x_wconf 75' lang='grc' dir='ltr'>ἀποτμηθιὲς</span> <span class='ocrx_word' id='word_1_424' title='bbox 1799 4004 1994 4078; x_wconf 79' lang='grc' dir='ltr'>ἱερεῖον</span> 
     </span>
    </p>
   </div>
   <div class='ocr_carea' id='block_1_58' title="bbox 349 4091 1996 4172">
    <p class='ocr_par' dir='ltr' id='par_1_58' title="bbox 349 4091 1996 4172">
     <span class='ocr_line' id='line_1_58' title="bbox 349 4091 1996 4172; baseline -0.002 -21"><span class='ocrx_word' id='word_1_425' title='bbox 349 4101 429 4169; x_wconf 80' lang='grc' dir='ltr'>τῷ</span> <span class='ocrx_word' id='word_1_426' title='bbox 459 4100 573 4167; x_wconf 80' lang='grc' dir='ltr'>Θεῷ</span> <span class='ocrx_word' id='word_1_427' title='bbox 603 4091 1001 4172; x_wconf 85' lang='grc' dir='ltr'>κεχαρισμένον</span> <span class='ocrx_word' id='word_1_428' title='bbox 1033 4092 1353 4165; x_wconf 77' lang='grc' dir='ltr'>προσήχθη,</span> <span class='ocrx_word' id='word_1_429' title='bbox 1394 4112 1426 4145; x_wconf 75' lang='grc' dir='ltr'><strong>(ι</strong></span> <span class='ocrx_word' id='word_1_430' title='bbox 1482 4092 1651 4161; x_wconf 85' lang='lat' dir='ltr'>dixit,</span> <span class='ocrx_word' id='word_1_431' title='bbox 1680 4093 1996 4165; x_wconf 86' lang='lat' dir='ltr'>persuasit,</span> 
     </span>
    </p>
   </div>
   <div class='ocr_carea' id='block_1_59' title="bbox 350 4182 2000 4258">
    <p class='ocr_par' dir='ltr' id='par_1_59' title="bbox 350 4182 2000 4258">
     <span class='ocr_line' id='line_1_59' title="bbox 350 4182 2000 4258; baseline -0.004 -15"><span class='ocrx_word' id='word_1_432' title='bbox 350 4203 562 4258; x_wconf 88' lang='lat' dir='ltr'>passus</span> <span class='ocrx_word' id='word_1_433' title='bbox 593 4191 775 4253; x_wconf 87' lang='lat' dir='ltr'>est,ac</span> <span class='ocrx_word' id='word_1_434' title='bbox 804 4183 995 4254; x_wconf 89' lang='lat' dir='ltr'>capite</span> <span class='ocrx_word' id='word_1_435' title='bbox 1029 4186 1334 4237; x_wconf 88' lang='lat' dir='ltr'>truncatus</span> <span class='ocrx_word' id='word_1_436' title='bbox 1359 4186 1524 4254; x_wconf 87' lang='lat' dir='ltr'>grata</span> <span class='ocrx_word' id='word_1_437' title='bbox 1544 4184 1662 4238; x_wconf 89' lang='lat' dir='ltr'>Deo</span> <span class='ocrx_word' id='word_1_438' title='bbox 1684 4183 1878 4238; x_wconf 91' lang='lat' dir='ltr'>hostia</span> <span class='ocrx_word' id='word_1_439' title='bbox 1894 4182 2000 4237; x_wconf 92' lang='lat' dir='ltr'>ob-</span> 
     </span>
    </p>
   </div>
   <div class='ocr_carea' id='block_1_60' title="bbox 355 4271 1999 4342">
    <p class='ocr_par' dir='ltr' id='par_1_60' title="bbox 355 4271 1999 4342">
     <span class='ocr_line' id='line_1_60' title="bbox 355 4271 1999 4342; baseline -0.004 -10"><span class='ocrx_word' id='word_1_440' title='bbox 355 4278 510 4332; x_wconf 88' lang='lat' dir='ltr'>latus</span> <span class='ocrx_word' id='word_1_441' title='bbox 540 4279 662 4340; x_wconf 90' lang='lat' dir='ltr'>est;</span> <span class='ocrx_word' id='word_1_442' title='bbox 699 4295 726 4321; x_wconf 86' lang='grc'><strong>››</strong></span> <span class='ocrx_word' id='word_1_443' title='bbox 757 4277 824 4326; x_wconf 93' lang='lat' dir='ltr'>ut</span> <span class='ocrx_word' id='word_1_444' title='bbox 851 4271 1112 4342; x_wconf 89' lang='lat' dir='ltr'>loquitur</span> <span class='ocrx_word' id='word_1_445' title='bbox 1141 4271 1408 4326; x_wconf 82' lang='lat' dir='ltr'>Asterius</span> <span class='ocrx_word' id='word_1_446' title='bbox 1455 4275 1808 4338; x_wconf 83' lang='lat' dir='ltr'>Amasenus,</span> <span class='ocrx_word' id='word_1_447' title='bbox 1862 4272 1999 4342; x_wconf 92' lang='lat' dir='ltr'>Epi-</span> 
     </span>
    </p>
   </div>
   <div class='ocr_carea' id='block_1_61' title="bbox 354 4359 2002 4436">
    <p class='ocr_par' dir='ltr' id='par_1_61' title="bbox 354 4359 2002 4436">
     <span class='ocr_line' id='line_1_61' title="bbox 354 4359 2002 4436; baseline -0.001 -19"><span class='ocrx_word' id='word_1_448' title='bbox 354 4363 574 4436; x_wconf 91' lang='lat' dir='ltr'>phanio</span> <span class='ocrx_word' id='word_1_449' title='bbox 601 4359 1116 4432; x_wconf 85' lang='lat' dir='ltr'>synchronus.Sub</span> <span class='ocrx_word' id='word_1_450' title='bbox 1139 4359 1434 4415; x_wconf 89' lang='lat' dir='ltr'>Valeriani</span> <span class='ocrx_word' id='word_1_451' title='bbox 1455 4360 1867 4431; x_wconf 88' lang='lat' dir='ltr'>persecutione</span> <span class='ocrx_word' id='word_1_452' title='bbox 1883 4361 2002 4416; x_wconf 85' lang='lat' dir='ltr'>Pri-</span> 
     </span>
    </p>
   </div>
   <div class='ocr_carea' id='block_1_62' title="bbox 355 4448 1998 4520">
    <p class='ocr_par' dir='ltr' id='par_1_62' title="bbox 355 4448 1998 4520">
     <span class='ocr_line' id='line_1_62' title="bbox 355 4448 1998 4520; baseline -0.002 -14"><span class='ocrx_word' id='word_1_453' title='bbox 355 4468 512 4518; x_wconf 90' lang='lat' dir='ltr'>scus,</span> <span class='ocrx_word' id='word_1_454' title='bbox 546 4450 892 4518; x_wconf 88' lang='lat' dir='ltr'>Malchus,et</span> <span class='ocrx_word' id='word_1_455' title='bbox 919 4448 1272 4516; x_wconf 84' lang='lat' dir='ltr'>Alexander,</span> <span class='ocrx_word' id='word_1_456' title='bbox 1307 4450 1532 4520; x_wconf 91' lang='lat' dir='ltr'>seipsos</span> <span class='ocrx_word' id='word_1_457' title='bbox 1556 4449 1815 4504; x_wconf 90' lang='lat' dir='ltr'>invicem</span> <span class='ocrx_word' id='word_1_458' title='bbox 1847 4449 1998 4504; x_wconf 85' lang='lat' dir='ltr'>insi-</span> 
     </span>
    </p>
   </div>
   <div class='ocr_carea' id='block_1_63' title="bbox 358 4537 2001 4610">
    <p class='ocr_par' dir='ltr' id='par_1_63' title="bbox 358 4537 2001 4610">
     <span class='ocr_line' id='line_1_63' title="bbox 358 4537 2001 4610; baseline -0.002 -14"><span class='ocrx_word' id='word_1_459' title='bbox 358 4540 668 4596; x_wconf 87' lang='lat' dir='ltr'>mulabant</span> <span class='ocrx_word' id='word_1_460' title='bbox 688 4544 972 4609; x_wconf 88' lang='lat' dir='ltr'>tanquam</span> <span class='ocrx_word' id='word_1_461' title='bbox 1002 4539 1240 4610; x_wconf 89' lang='lat' dir='ltr'>ignavos</span> <span class='ocrx_word' id='word_1_462' title='bbox 1271 4542 1330 4592; x_wconf 91' lang='lat' dir='ltr'>et</span> <span class='ocrx_word' id='word_1_463' title='bbox 1362 4537 1618 4604; x_wconf 90' lang='lat' dir='ltr'>desides,</span> <span class='ocrx_word' id='word_1_464' title='bbox 1638 4538 1798 4608; x_wconf 90' lang='lat' dir='ltr'>quod</span> <span class='ocrx_word' id='word_1_465' title='bbox 1830 4553 2001 4593; x_wconf 90' lang='lat' dir='ltr'>occa-</span> 
     </span>
    </p>
   </div>
   <div class='ocr_carea' id='block_1_64' title="bbox 359 4623 2000 4700">
    <p class='ocr_par' dir='ltr' id='par_1_64' title="bbox 359 4623 2000 4700">
     <span class='ocr_line' id='line_1_64' title="bbox 359 4623 2000 4700; baseline -0.003 -15"><span class='ocrx_word' id='word_1_466' title='bbox 359 4631 526 4686; x_wconf 89' lang='lat' dir='ltr'>sione</span> <span class='ocrx_word' id='word_1_467' title='bbox 545 4629 741 4685; x_wconf 90' lang='lat' dir='ltr'>oblata</span> <span class='ocrx_word' id='word_1_468' title='bbox 771 4627 965 4683; x_wconf 89' lang='lat' dir='ltr'>adhuc</span> <span class='ocrx_word' id='word_1_469' title='bbox 998 4633 1351 4694; x_wconf 88' lang='lat' dir='ltr'>cessassent,</span> <span class='ocrx_word' id='word_1_470' title='bbox 1398 4625 1476 4698; x_wconf 81' lang='grc' dir='ltr'>μή</span> <span class='ocrx_word' id='word_1_471' title='bbox 1529 4623 1659 4680; x_wconf 74' lang='grc' dir='ltr'>οὐχὶ</span> <span class='ocrx_word' id='word_1_472' title='bbox 1715 4626 2000 4700; x_wconf 86' lang='grc' dir='ltr'>προαρπά-</span> 
     </span>
    </p>
   </div>
   <div class='ocr_carea' id='block_1_65' title="bbox 359 4713 1999 4790">
    <p class='ocr_par' dir='ltr' id='par_1_65' title="bbox 359 4713 1999 4790">
     <span class='ocr_line' id='line_1_65' title="bbox 359 4713 1999 4790; baseline -0.001 -18"><span class='ocrx_word' id='word_1_473' title='bbox 359 4726 540 4790; x_wconf 81' lang='grc' dir='ltr'>ζοντες</span> <span class='ocrx_word' id='word_1_474' title='bbox 583 4717 676 4771; x_wconf 89' lang='grc' dir='ltr'>τὸν</span> <span class='ocrx_word' id='word_1_475' title='bbox 720 4719 818 4770; x_wconf 81' lang='grc' dir='ltr'>τοῦ</span> <span class='ocrx_word' id='word_1_476' title='bbox 879 4715 1176 4790; x_wconf 80' lang='grc' dir='ltr'>μαρτυρίου</span> <span class='ocrx_word' id='word_1_477' title='bbox 1235 4713 1514 4788; x_wconf 77' lang='grc' dir='ltr'>στέφανον,</span> <span class='ocrx_word' id='word_1_478' title='bbox 1573 4731 1682 4770; x_wconf 91' lang='lat' dir='ltr'>nec</span> <span class='ocrx_word' id='word_1_479' title='bbox 1730 4717 1999 4788; x_wconf 84' lang='lat' dir='ltr'>martyrii</span> 
     </span>
    </p>
   </div>
   <div class='ocr_carea' id='block_1_66' title="bbox 359 4803 2000 4879">
    <p class='ocr_par' dir='ltr' id='par_1_66' title="bbox 359 4803 2000 4879">
     <span class='ocr_line' id='line_1_66' title="bbox 359 4803 2000 4879; baseline -0.004 -13"><span class='ocrx_word' id='word_1_480' title='bbox 359 4824 640 4866; x_wconf 88' lang='lat' dir='ltr'>coronam</span> <span class='ocrx_word' id='word_1_481' title='bbox 657 4807 1109 4879; x_wconf 78' lang='lat' dir='ltr'>praeripuissent</span> <span class='ocrx_word' id='word_1_482' title='bbox 1131 4820 1145 4871; x_wconf 86' lang='lat'>;</span> <span class='ocrx_word' id='word_1_483' title='bbox 1173 4825 1196 4855; x_wconf 78' lang='grc' dir='ltr'><strong>ιι</strong></span> <span class='ocrx_word' id='word_1_484' title='bbox 1226 4819 1408 4874; x_wconf 88' lang='lat' dir='ltr'>quare</span> <span class='ocrx_word' id='word_1_485' title='bbox 1419 4803 1688 4874; x_wconf 91' lang='lat' dir='ltr'>judicem</span> <span class='ocrx_word' id='word_1_486' title='bbox 1709 4803 2000 4874; x_wconf 80' lang='lat' dir='ltr'>adorti,ad</span> 
     </span>
    </p>
   </div>
   <div class='ocr_carea' id='block_1_67' title="bbox 359 4891 1998 4969">
    <p class='ocr_par' dir='ltr' id='par_1_67' title="bbox 359 4891 1998 4969">
     <span class='ocr_line' id='line_1_67' title="bbox 359 4891 1998 4969; baseline -0.011 -14"><span class='ocrx_word' id='word_1_487' title='bbox 359 4900 581 4955; x_wconf 88' lang='lat' dir='ltr'>bestias</span> <span class='ocrx_word' id='word_1_488' title='bbox 628 4895 1008 4953; x_wconf 90' lang='lat' dir='ltr'>condemnati</span> <span class='ocrx_word' id='word_1_489' title='bbox 1067 4891 1194 4962; x_wconf 84' lang='grc' dir='ltr'>θείῳ</span> <span class='ocrx_word' id='word_1_490' title='bbox 1250 4893 1732 4962; x_wconf 77' lang='grc' dir='ltr'>κατεκοσμήθησαν</span> <span class='ocrx_word' id='word_1_491' title='bbox 1796 4913 1998 4969; x_wconf 82' lang='grc' dir='ltr'>μαρτυ.</span> 
     </span>
    </p>
   </div>
   <div class='ocr_carea' id='block_1_68' title="bbox 362 4980 2003 5063">
    <p class='ocr_par' dir='ltr' id='par_1_68' title="bbox 362 4980 2003 5063">
     <span class='ocr_line' id='line_1_68' title="bbox 362 4980 2003 5063; baseline -0.009 -22"><span class='ocrx_word' id='word_1_492' title='bbox 362 4986 464 5063; x_wconf 83' lang='grc' dir='ltr'>ρίῳ</span> <span class='ocrx_word' id='word_1_493' title='bbox 488 5009 512 5040; x_wconf 71' lang='grc' dir='ltr'>α</span> <span class='ocrx_word' id='word_1_494' title='bbox 537 4987 734 5042; x_wconf 90' lang='lat' dir='ltr'>divino</span> <span class='ocrx_word' id='word_1_495' title='bbox 759 4985 1040 5055; x_wconf 87' lang='lat' dir='ltr'>martyrio</span> <span class='ocrx_word' id='word_1_496' title='bbox 1063 4980 1326 5037; x_wconf 87' lang='lat' dir='ltr'>coronati</span> <span class='ocrx_word' id='word_1_497' title='bbox 1355 4987 1512 5048; x_wconf 90' lang='lat' dir='ltr'>sunt,</span> <span class='ocrx_word' id='word_1_498' title='bbox 1537 5003 1565 5031; x_wconf 86' lang='grc'>››</span> <span class='ocrx_word' id='word_1_499' title='bbox 1591 4988 1657 5038; x_wconf 80' lang='lat' dir='ltr'>ut</span> <span class='ocrx_word' id='word_1_500' title='bbox 1676 4990 1878 5039; x_wconf 71' lang='lat' dir='ltr'>narrat</span> <span class='ocrx_word' id='word_1_501' title='bbox 1895 4987 2003 5040; x_wconf 80' lang='lat' dir='ltr'>Eu.</span> 
     </span>
    </p>
   </div>
   <div class='ocr_carea' id='block_1_69' title="bbox 361 5069 2004 5144">
    <p class='ocr_par' dir='ltr' id='par_1_69' title="bbox 361 5069 2004 5144">
     <span class='ocr_line' id='line_1_69' title="bbox 361 5069 2004 5144; baseline -0.002 -11"><span class='ocrx_word' id='word_1_502' title='bbox 361 5077 560 5133; x_wconf 89' lang='lat' dir='ltr'>sebius</span> <span class='ocrx_word' id='word_1_503' title='bbox 580 5075 681 5131; x_wconf 89' lang='lat' dir='ltr'>lib.</span> <span class='ocrx_word' id='word_1_504' title='bbox 717 5092 811 5143; x_wconf 87' lang='lat' dir='ltr'>vu,</span> <span class='ocrx_word' id='word_1_505' title='bbox 852 5090 902 5129; x_wconf 91' lang='lat' dir='ltr'>c.</span> <span class='ocrx_word' id='word_1_506' title='bbox 942 5075 1025 5126; x_wconf 89' lang='grc'>12.</span> <span class='ocrx_word' id='word_1_507' title='bbox 1061 5069 1221 5125; x_wconf 88' lang='lat' dir='ltr'>Unde</span> <span class='ocrx_word' id='word_1_508' title='bbox 1265 5069 1742 5144; x_wconf 82' lang='lat' dir='ltr'>Martyrologium</span> <span class='ocrx_word' id='word_1_509' title='bbox 1786 5076 2004 5130; x_wconf 81' lang='lat' dir='ltr'>Roma-</span> 
     </span>
    </p>
   </div>
   <div class='ocr_carea' id='block_1_70' title="bbox 361 5159 2006 5236">
    <p class='ocr_par' dir='ltr' id='par_1_70' title="bbox 361 5159 2006 5236">
     <span class='ocr_line' id='line_1_70' title="bbox 361 5159 2006 5236; baseline -0.002 -13"><span class='ocrx_word' id='word_1_510' title='bbox 361 5183 506 5223; x_wconf 91' lang='lat' dir='ltr'>num</span> <span class='ocrx_word' id='word_1_511' title='bbox 528 5165 734 5236; x_wconf 88' lang='lat' dir='ltr'>quinto</span> <span class='ocrx_word' id='word_1_512' title='bbox 751 5161 1126 5232; x_wconf 85' lang='lat' dir='ltr'>Kal.Aprilis:</span> <span class='ocrx_word' id='word_1_513' title='bbox 1153 5159 1466 5216; x_wconf 64' lang='lat' dir='ltr'>«Caesarea;</span> <span class='ocrx_word' id='word_1_514' title='bbox 1488 5161 1549 5217; x_wconf 91' lang='lat' dir='ltr'>in</span> <span class='ocrx_word' id='word_1_515' title='bbox 1571 5164 1884 5220; x_wconf 65' lang='lat' dir='ltr'>Palaestina</span> <span class='ocrx_word' id='word_1_516' title='bbox 1901 5181 2006 5220; x_wconf 84' lang='lat' dir='ltr'>na—</span> 
     </span>
    </p>
   </div>
   <div class='ocr_carea' id='block_1_71' title="bbox 363 5248 2002 5322">
    <p class='ocr_par' dir='ltr' id='par_1_71' title="bbox 363 5248 2002 5322">
     <span class='ocr_line' id='line_1_71' title="bbox 363 5248 2002 5322; baseline -0.002 -11"><span class='ocrx_word' id='word_1_517' title='bbox 363 5256 495 5316; x_wconf 87' lang='lat' dir='ltr'>talis</span> <span class='ocrx_word' id='word_1_518' title='bbox 529 5255 622 5310; x_wconf 91' lang='lat' dir='ltr'>SS.</span> <span class='ocrx_word' id='word_1_519' title='bbox 653 5257 980 5321; x_wconf 86' lang='lat' dir='ltr'>martyrum</span> <span class='ocrx_word' id='word_1_520' title='bbox 1030 5248 1236 5316; x_wconf 90' lang='lat' dir='ltr'>Prisci,</span> <span class='ocrx_word' id='word_1_521' title='bbox 1268 5249 1496 5320; x_wconf 87' lang='lat' dir='ltr'>Malchi,</span> <span class='ocrx_word' id='word_1_522' title='bbox 1552 5258 1610 5308; x_wconf 92' lang='lat' dir='ltr'>et</span> <span class='ocrx_word' id='word_1_523' title='bbox 1665 5253 2002 5322; x_wconf 82' lang='lat' dir='ltr'>Alexandri,</span> 
     </span>
    </p>
   </div>
   <div class='ocr_carea' id='block_1_72' title="bbox 365 5335 2005 5416">
    <p class='ocr_par' dir='ltr' id='par_1_72' title="bbox 365 5335 2005 5416">
     <span class='ocr_line' id='line_1_72' title="bbox 365 5335 2005 5416; baseline -0.001 -16"><span class='ocrx_word' id='word_1_524' title='bbox 365 5345 467 5416; x_wconf 90' lang='lat' dir='ltr'>qui</span> <span class='ocrx_word' id='word_1_525' title='bbox 497 5343 559 5398; x_wconf 91' lang='lat' dir='ltr'>in</span> <span class='ocrx_word' id='word_1_526' title='bbox 591 5339 1005 5413; x_wconf 88' lang='lat' dir='ltr'>persecutione</span> <span class='ocrx_word' id='word_1_527' title='bbox 1040 5335 1356 5405; x_wconf 89' lang='lat' dir='ltr'>Valeriani,</span> <span class='ocrx_word' id='word_1_528' title='bbox 1381 5355 1514 5394; x_wconf 91' lang='lat' dir='ltr'>cum</span> <span class='ocrx_word' id='word_1_529' title='bbox 1546 5341 1608 5395; x_wconf 90' lang='lat' dir='ltr'>in</span> <span class='ocrx_word' id='word_1_530' title='bbox 1666 5341 2005 5398; x_wconf 89' lang='lat' dir='ltr'>suburbano</span> 
     </span>
    </p>
   </div>
   <div class='ocr_carea' id='block_1_73' title="bbox 367 5426 2008 5508">
    <p class='ocr_par' dir='ltr' id='par_1_73' title="bbox 367 5426 2008 5508">
     <span class='ocr_line' id='line_1_73' title="bbox 367 5426 2008 5508; baseline -0.002 -19"><span class='ocrx_word' id='word_1_531' title='bbox 367 5433 559 5508; x_wconf 86' lang='lat' dir='ltr'>agello</span> <span class='ocrx_word' id='word_1_532' title='bbox 582 5428 937 5500; x_wconf 64' lang='lat' dir='ltr'>supradictas</span> <span class='ocrx_word' id='word_1_533' title='bbox 961 5426 1128 5482; x_wconf 89' lang='lat' dir='ltr'>urbis</span> <span class='ocrx_word' id='word_1_534' title='bbox 1159 5426 1702 5500; x_wconf 90' lang='lat' dir='ltr'>habitarent,atque</span> <span class='ocrx_word' id='word_1_535' title='bbox 1729 5431 1791 5485; x_wconf 91' lang='lat' dir='ltr'>in</span> <span class='ocrx_word' id='word_1_536' title='bbox 1813 5447 1880 5486; x_wconf 91' lang='lat' dir='ltr'>ea</span> <span class='ocrx_word' id='word_1_537' title='bbox 1899 5448 2008 5486; x_wconf 75' lang='lat' dir='ltr'>cce-</span> 
     </span>
    </p>
   </div>
   <div class='ocr_carea' id='block_1_74' title="bbox 365 5515 2007 5588">
    <p class='ocr_par' dir='ltr' id='par_1_74' title="bbox 365 5515 2007 5588">
     <span class='ocr_line' id='line_1_74' title="bbox 365 5515 2007 5588; baseline -0.003 -9"><span class='ocrx_word' id='word_1_538' title='bbox 365 5523 546 5579; x_wconf 89' lang='lat' dir='ltr'>lestes</span> <span class='ocrx_word' id='word_1_539' title='bbox 577 5515 844 5588; x_wconf 87' lang='lat' dir='ltr'>martyrii</span> <span class='ocrx_word' id='word_1_540' title='bbox 874 5522 1346 5586; x_wconf 86' lang='lat' dir='ltr'>proponerentur</span> <span class='ocrx_word' id='word_1_541' title='bbox 1366 5533 1599 5573; x_wconf 64' lang='lat' dir='ltr'>coronae</span> <span class='ocrx_word' id='word_1_542' title='bbox 1622 5518 1850 5584; x_wconf 87' lang='lat' dir='ltr'>;divino</span> <span class='ocrx_word' id='word_1_543' title='bbox 1869 5519 2007 5574; x_wconf 83' lang='lat' dir='ltr'>ﬁdei</span> 
     </span>
    </p>
   </div>
   <div class='ocr_carea' id='block_1_75' title="bbox 371 5603 2010 5676">
    <p class='ocr_par' dir='ltr' id='par_1_75' title="bbox 371 5603 2010 5676">
     <span class='ocr_line' id='line_1_75' title="bbox 371 5603 2010 5676; baseline -0.002 -10"><span class='ocrx_word' id='word_1_544' title='bbox 371 5610 566 5668; x_wconf 89' lang='lat' dir='ltr'>calore</span> <span class='ocrx_word' id='word_1_545' title='bbox 598 5604 887 5674; x_wconf 90' lang='lat' dir='ltr'>succensi,</span> <span class='ocrx_word' id='word_1_546' title='bbox 919 5605 1071 5660; x_wconf 92' lang='lat' dir='ltr'>ultro</span> <span class='ocrx_word' id='word_1_547' title='bbox 1096 5603 1362 5674; x_wconf 86' lang='lat' dir='ltr'>judicem</span> <span class='ocrx_word' id='word_1_548' title='bbox 1410 5606 1717 5676; x_wconf 87' lang='lat' dir='ltr'>adeuntes,</span> <span class='ocrx_word' id='word_1_549' title='bbox 1750 5625 1855 5664; x_wconf 92' lang='lat' dir='ltr'>cur</span> <span class='ocrx_word' id='word_1_550' title='bbox 1883 5613 2010 5664; x_wconf 88' lang='lat' dir='ltr'>tan-</span> 
     </span>
    </p>
   </div>
   <div class='ocr_carea' id='block_1_76' title="bbox 443 5692 1444 5768">
    <p class='ocr_par' dir='ltr' id='par_1_76' title="bbox 443 5692 1444 5768">
     <span class='ocr_line' id='line_1_76' title="bbox 443 5692 1444 5768; baseline -0.003 -13"><span class='ocrx_word' id='word_1_551' title='bbox 443 5696 488 5734; x_wconf 80' lang='grc'>³⁸</span> <span class='ocrx_word' id='word_1_552' title='bbox 515 5697 681 5768; x_wconf 82' lang='lat' dir='ltr'>Joan,</span> <span class='ocrx_word' id='word_1_553' title='bbox 711 5711 770 5766; x_wconf 86' lang='lat' dir='ltr'>x,</span> <span class='ocrx_word' id='word_1_554' title='bbox 804 5694 886 5751; x_wconf 87' lang='grc'>11.</span> <span class='ocrx_word' id='word_1_555' title='bbox 963 5692 1010 5731; x_wconf 81' lang='grc'>⁸⁷</span> <span class='ocrx_word' id='word_1_556' title='bbox 1039 5695 1176 5754; x_wconf 88' lang='lat' dir='ltr'>Luc.</span> <span class='ocrx_word' id='word_1_557' title='bbox 1206 5711 1322 5766; x_wconf 78' lang='lat' dir='ltr'>xiv,</span> <span class='ocrx_word' id='word_1_558' title='bbox 1355 5698 1444 5752; x_wconf 78' lang='lat'>26.</span> 
     </span>
    </p>
   </div>
   <div class='ocr_carea' id='block_1_77' title="bbox 2031 4591 2079 4656">
    <p class='ocr_par' dir='ltr' id='par_1_77' title="bbox 2031 4591 2079 4656">
     <span class='ocr_line' id='line_1_77' title="bbox 2031 4591 2079 4656; baseline 0 0"><span class='ocrx_word' id='word_1_559' title='bbox 2031 4591 2079 4656; x_wconf 92' lang='lat' dir='ltr'><strong>D</strong></span> 
     </span>
    </p>
   </div>
   <div class='ocr_carea' id='block_1_78' title="bbox 2102 1948 3761 2027">
    <p class='ocr_par' dir='ltr' id='par_1_78' title="bbox 2102 1948 3761 2027">
     <span class='ocr_line' id='line_1_78' title="bbox 2102 1948 3761 2027; baseline -0.002 -23"><span class='ocrx_word' id='word_1_560' title='bbox 2102 1951 2195 2004; x_wconf 90' lang='grc' dir='ltr'>τὸν</span> <span class='ocrx_word' id='word_1_561' title='bbox 2224 1951 2575 2027; x_wconf 78' lang='grc' dir='ltr'>προαγούσης</span> <span class='ocrx_word' id='word_1_562' title='bbox 2608 1950 2790 2005; x_wconf 78' lang='grc' dir='ltr'>ἒνθέου</span> <span class='ocrx_word' id='word_1_563' title='bbox 2833 1948 3112 2024; x_wconf 73' lang='grc' dir='ltr'>δυνάμεως</span> <span class='ocrx_word' id='word_1_564' title='bbox 3175 1949 3474 2022; x_wconf 74' lang='grc' dir='ltr'>μονονουχὶ</span> <span class='ocrx_word' id='word_1_565' title='bbox 3537 1949 3761 2023; x_wconf 79' lang='grc' dir='ltr'>βοώσης</span> 
     </span>
    </p>
   </div>
   <div class='ocr_carea' id='block_1_79' title="bbox 2104 2039 3751 2117">
    <p class='ocr_par' dir='ltr' id='par_1_79' title="bbox 2104 2039 3751 2117">
     <span class='ocr_line' id='line_1_79' title="bbox 2104 2039 3751 2117; baseline -0.001 -21"><span class='ocrx_word' id='word_1_566' title='bbox 2104 2039 2193 2096; x_wconf 77' lang='grc' dir='ltr'>διὰ</span> <span class='ocrx_word' id='word_1_567' title='bbox 2229 2048 2326 2097; x_wconf 77' lang='grc' dir='ltr'>τοῦ</span> <span class='ocrx_word' id='word_1_568' title='bbox 2350 2041 2699 2117; x_wconf 69' lang='grc' dir='ltr'>γιγνομένου,</span> <span class='ocrx_word' id='word_1_569' title='bbox 2722 2066 2747 2092; x_wconf 86' lang='grc'><strong><em>‹‹</em></strong></span> <span class='ocrx_word' id='word_1_570' title='bbox 2790 2043 2988 2098; x_wconf 86' lang='lat' dir='ltr'>divina</span> <span class='ocrx_word' id='word_1_571' title='bbox 3043 2043 3254 2098; x_wconf 90' lang='lat' dir='ltr'>virtute</span> <span class='ocrx_word' id='word_1_572' title='bbox 3304 2042 3379 2097; x_wconf 90' lang='lat' dir='ltr'>ad</span> <span class='ocrx_word' id='word_1_573' title='bbox 3409 2041 3518 2096; x_wconf 89' lang='lat' dir='ltr'>hoc</span> <span class='ocrx_word' id='word_1_574' title='bbox 3549 2041 3751 2112; x_wconf 88' lang='lat' dir='ltr'>ipsum</span> 
     </span>
    </p>
   </div>
   <div class='ocr_carea' id='block_1_80' title="bbox 2105 2130 3750 2206">
    <p class='ocr_par' dir='ltr' id='par_1_80' title="bbox 2105 2130 3750 2206">
     <span class='ocr_line' id='line_1_80' title="bbox 2105 2130 3750 2206; baseline -0.003 -19"><span class='ocrx_word' id='word_1_575' title='bbox 2105 2133 2706 2206; x_wconf 88' lang='lat' dir='ltr'>impellente,tantum</span> <span class='ocrx_word' id='word_1_576' title='bbox 2724 2150 2844 2188; x_wconf 92' lang='lat' dir='ltr'>non</span> <span class='ocrx_word' id='word_1_577' title='bbox 2869 2150 2976 2204; x_wconf 94' lang='lat' dir='ltr'>per</span> <span class='ocrx_word' id='word_1_578' title='bbox 3003 2133 3114 2188; x_wconf 89' lang='lat' dir='ltr'>hoc</span> <span class='ocrx_word' id='word_1_579' title='bbox 3135 2132 3365 2187; x_wconf 85' lang='lat' dir='ltr'>facinus</span> <span class='ocrx_word' id='word_1_580' title='bbox 3397 2130 3750 2196; x_wconf 86' lang='lat' dir='ltr'>clamante;»</span> 
     </span>
    </p>
   </div>
   <div class='ocr_carea' id='block_1_81' title="bbox 2105 2221 3749 2295">
    <p class='ocr_par' dir='ltr' id='par_1_81' title="bbox 2105 2221 3749 2295">
     <span class='ocr_line' id='line_1_81' title="bbox 2105 2221 3749 2295; baseline -0.003 -15"><span class='ocrx_word' id='word_1_581' title='bbox 2105 2226 2205 2295; x_wconf 90' lang='lat' dir='ltr'>qui</span> <span class='ocrx_word' id='word_1_582' title='bbox 2235 2231 2293 2281; x_wconf 91' lang='lat' dir='ltr'>et</span> <span class='ocrx_word' id='word_1_583' title='bbox 2320 2223 2806 2290; x_wconf 52' lang='lat' dir='ltr'>Edesiumﬁdem</span> <span class='ocrx_word' id='word_1_584' title='bbox 2839 2224 2997 2295; x_wconf 91' lang='lat' dir='ltr'>quod</span> <span class='ocrx_word' id='word_1_585' title='bbox 3027 2241 3061 2278; x_wconf 92' lang='lat' dir='ltr'>a</span> <span class='ocrx_word' id='word_1_586' title='bbox 3091 2224 3271 2279; x_wconf 88' lang='lat' dir='ltr'>fratre</span> <span class='ocrx_word' id='word_1_587' title='bbox 3295 2223 3518 2277; x_wconf 85' lang='lat' dir='ltr'>factum</span> <span class='ocrx_word' id='word_1_588' title='bbox 3543 2221 3749 2289; x_wconf 86' lang='lat' dir='ltr'>est,fa-</span> 
     </span>
    </p>
   </div>
   <div class='ocr_carea' id='block_1_82' title="bbox 2105 2311 3750 2383">
    <p class='ocr_par' dir='ltr' id='par_1_82' title="bbox 2105 2311 3750 2383">
     <span class='ocr_line' id='line_1_82' title="bbox 2105 2311 3750 2383; baseline -0.002 -15"><span class='ocrx_word' id='word_1_589' title='bbox 2105 2330 2238 2369; x_wconf 91' lang='lat' dir='ltr'>cere</span> <span class='ocrx_word' id='word_1_590' title='bbox 2265 2313 2781 2381; x_wconf 87' lang='lat' dir='ltr'>conatum,eodem</span> <span class='ocrx_word' id='word_1_591' title='bbox 2803 2313 2980 2368; x_wconf 93' lang='lat' dir='ltr'>modo</span> <span class='ocrx_word' id='word_1_592' title='bbox 3001 2329 3239 2383; x_wconf 90' lang='lat' dir='ltr'>passum</span> <span class='ocrx_word' id='word_1_593' title='bbox 3257 2311 3750 2382; x_wconf 87' lang='lat' dir='ltr'>narrat.Longum</span> 
     </span>
    </p>
   </div>
   <div class='ocr_carea' id='block_1_83' title="bbox 2105 2399 3753 2472">
    <p class='ocr_par' dir='ltr' id='par_1_83' title="bbox 2105 2399 3753 2472">
     <span class='ocr_line' id='line_1_83' title="bbox 2105 2399 3753 2472; baseline -0.002 -15"><span class='ocrx_word' id='word_1_594' title='bbox 2105 2407 2262 2457; x_wconf 87' lang='lat' dir='ltr'>esset</span> <span class='ocrx_word' id='word_1_595' title='bbox 2291 2419 2497 2458; x_wconf 88' lang='lat' dir='ltr'>omnes</span> <span class='ocrx_word' id='word_1_596' title='bbox 2516 2419 3002 2472; x_wconf 90' lang='lat' dir='ltr'>recensere,quos</span> <span class='ocrx_word' id='word_1_597' title='bbox 3025 2401 3306 2456; x_wconf 87' lang='lat' dir='ltr'>Eusebius</span> <span class='ocrx_word' id='word_1_598' title='bbox 3328 2400 3548 2470; x_wconf 90' lang='lat' dir='ltr'>aliique</span> <span class='ocrx_word' id='word_1_599' title='bbox 3580 2416 3642 2454; x_wconf 90' lang='lat' dir='ltr'>se</span> <span class='ocrx_word' id='word_1_600' title='bbox 3665 2399 3753 2454; x_wconf 88' lang='lat' dir='ltr'>ul-</span> 
     </span>
    </p>
   </div>
   <div class='ocr_carea' id='block_1_84' title="bbox 2106 2490 3748 2563">
    <p class='ocr_par' dir='ltr' id='par_1_84' title="bbox 2106 2490 3748 2563">
     <span class='ocr_line' id='line_1_84' title="bbox 2106 2490 3748 2563; baseline -0.002 -17"><span class='ocrx_word' id='word_1_601' title='bbox 2106 2497 2196 2546; x_wconf 93' lang='lat' dir='ltr'>tro</span> <span class='ocrx_word' id='word_1_602' title='bbox 2211 2497 2268 2547; x_wconf 91' lang='lat' dir='ltr'>et</span> <span class='ocrx_word' id='word_1_603' title='bbox 2283 2492 2353 2547; x_wconf 93' lang='lat' dir='ltr'>de</span> <span class='ocrx_word' id='word_1_604' title='bbox 2368 2491 2660 2547; x_wconf 90' lang='lat' dir='ltr'>industria</span> <span class='ocrx_word' id='word_1_605' title='bbox 2674 2492 2952 2563; x_wconf 90' lang='lat' dir='ltr'>martyrio</span> <span class='ocrx_word' id='word_1_606' title='bbox 2968 2490 3244 2546; x_wconf 80' lang='lat' dir='ltr'>obtulisse</span> <span class='ocrx_word' id='word_1_607' title='bbox 3259 2494 3748 2545; x_wconf 88' lang='lat' dir='ltr'>commemorant.</span> 
     </span>
    </p>
   </div>
   <div class='ocr_carea' id='block_1_85' title="bbox 2178 2580 3752 2651">
    <p class='ocr_par' dir='ltr' id='par_1_85' title="bbox 2178 2580 3752 2651">
     <span class='ocr_line' id='line_1_85' title="bbox 2178 2580 3752 2651; baseline -0.001 -17"><span class='ocrx_word' id='word_1_608' title='bbox 2178 2582 2286 2635; x_wconf 91' lang='lat' dir='ltr'>Sed</span> <span class='ocrx_word' id='word_1_609' title='bbox 2313 2604 2340 2630; x_wconf 85' lang='lat'><strong>«</strong></span> <span class='ocrx_word' id='word_1_610' title='bbox 2366 2580 2578 2636; x_wconf 89' lang='lat' dir='ltr'>Christi</span> <span class='ocrx_word' id='word_1_611' title='bbox 2608 2586 2916 2651; x_wconf 85' lang='lat' dir='ltr'>martyres,</span> <span class='ocrx_word' id='word_1_612' title='bbox 2936 2581 3234 2651; x_wconf 89' lang='lat' dir='ltr'>inquiunt,</span> <span class='ocrx_word' id='word_1_613' title='bbox 3267 2586 3515 2634; x_wconf 91' lang='lat' dir='ltr'>mortem</span> <span class='ocrx_word' id='word_1_614' title='bbox 3548 2594 3752 2650; x_wconf 85' lang='lat' dir='ltr'>exspe-</span> 
     </span>
    </p>
   </div>
   <div class='ocr_carea' id='block_1_86' title="bbox 2106 2667 3753 2740">
    <p class='ocr_par' dir='ltr' id='par_1_86' title="bbox 2106 2667 3753 2740">
     <span class='ocr_line' id='line_1_86' title="bbox 2106 2667 3753 2740; baseline -0.003 -15"><span class='ocrx_word' id='word_1_615' title='bbox 2106 2675 2415 2738; x_wconf 89' lang='lat' dir='ltr'>ctant,non</span> <span class='ocrx_word' id='word_1_616' title='bbox 2447 2675 2777 2725; x_wconf 88' lang='lat' dir='ltr'>accersunt.</span> <span class='ocrx_word' id='word_1_617' title='bbox 2814 2691 2841 2720; x_wconf 92' lang='lat'>»</span> <span class='ocrx_word' id='word_1_618' title='bbox 2875 2672 3025 2724; x_wconf 90' lang='lat' dir='ltr'>Eant</span> <span class='ocrx_word' id='word_1_619' title='bbox 3072 2669 3269 2740; x_wconf 87' lang='lat' dir='ltr'>igitur,</span> <span class='ocrx_word' id='word_1_620' title='bbox 3304 2674 3359 2723; x_wconf 86' lang='lat' dir='ltr'>et</span> <span class='ocrx_word' id='word_1_621' title='bbox 3383 2684 3589 2723; x_wconf 90' lang='lat' dir='ltr'>omnes</span> <span class='ocrx_word' id='word_1_622' title='bbox 3648 2667 3753 2737; x_wconf 92' lang='lat' dir='ltr'>qui</span> 
     </span>
    </p>
   </div>
   <div class='ocr_carea' id='block_1_87' title="bbox 2106 2757 3754 2832">
    <p class='ocr_par' dir='ltr' id='par_1_87' title="bbox 2106 2757 3754 2832">
     <span class='ocr_line' id='line_1_87' title="bbox 2106 2757 3754 2832; baseline -0.001 -20"><span class='ocrx_word' id='word_1_623' title='bbox 2106 2776 2167 2814; x_wconf 91' lang='lat' dir='ltr'>se</span> <span class='ocrx_word' id='word_1_624' title='bbox 2200 2759 2574 2832; x_wconf 85' lang='lat' dir='ltr'>passionibus</span> <span class='ocrx_word' id='word_1_625' title='bbox 2602 2758 2755 2813; x_wconf 88' lang='lat' dir='ltr'>ultro</span> <span class='ocrx_word' id='word_1_626' title='bbox 2793 2759 3156 2825; x_wconf 86' lang='lat' dir='ltr'>obtulerunt,</span> <span class='ocrx_word' id='word_1_627' title='bbox 3191 2775 3258 2812; x_wconf 89' lang='lat' dir='ltr'>ex</span> <span class='ocrx_word' id='word_1_628' title='bbox 3288 2757 3501 2812; x_wconf 85' lang='lat' dir='ltr'>Christi</span> <span class='ocrx_word' id='word_1_629' title='bbox 3530 2761 3754 2827; x_wconf 85' lang='lat' dir='ltr'>marty-</span> 
     </span>
    </p>
   </div>
   <div class='ocr_carea' id='block_1_88' title="bbox 2104 2843 3755 2918">
    <p class='ocr_par' dir='ltr' id='par_1_88' title="bbox 2104 2843 3755 2918">
     <span class='ocr_line' id='line_1_88' title="bbox 2104 2843 3755 2918; baseline -0.001 -17"><span class='ocrx_word' id='word_1_630' title='bbox 2104 2863 2236 2903; x_wconf 91' lang='lat' dir='ltr'>rum</span> <span class='ocrx_word' id='word_1_631' title='bbox 2269 2863 2518 2902; x_wconf 91' lang='lat' dir='ltr'>numero</span> <span class='ocrx_word' id='word_1_632' title='bbox 2571 2851 2929 2918; x_wconf 86' lang='lat' dir='ltr'>expungant,</span> <span class='ocrx_word' id='word_1_633' title='bbox 2981 2851 3040 2901; x_wconf 93' lang='lat' dir='ltr'>et</span> <span class='ocrx_word' id='word_1_634' title='bbox 3091 2851 3310 2918; x_wconf 68' lang='lat' dir='ltr'>trOpaaa</span> <span class='ocrx_word' id='word_1_635' title='bbox 3359 2845 3430 2900; x_wconf 91' lang='lat' dir='ltr'>de</span> <span class='ocrx_word' id='word_1_636' title='bbox 3477 2843 3755 2916; x_wconf 90' lang='lat' dir='ltr'>gentibus</span> 
     </span>
    </p>
   </div>
   <div class='ocr_carea' id='block_1_89' title="bbox 2107 2935 3756 3007">
    <p class='ocr_par' dir='ltr' id='par_1_89' title="bbox 2107 2935 3756 3007">
     <span class='ocr_line' id='line_1_89' title="bbox 2107 2935 3756 3007; baseline -0.002 -15"><span class='ocrx_word' id='word_1_637' title='bbox 2107 2942 2302 2993; x_wconf 85' lang='lat' dir='ltr'>erecta</span> <span class='ocrx_word' id='word_1_638' title='bbox 2329 2935 2657 3003; x_wconf 88' lang='lat' dir='ltr'>diruant,et</span> <span class='ocrx_word' id='word_1_639' title='bbox 2682 2937 2859 2991; x_wconf 91' lang='lat' dir='ltr'>unius</span> <span class='ocrx_word' id='word_1_640' title='bbox 2889 2935 3193 2990; x_wconf 63' lang='lat' dir='ltr'>modestia</span> <span class='ocrx_word' id='word_1_641' title='bbox 3226 2940 3756 3007; x_wconf 60' lang='lat' dir='ltr'>praetextupmnes</span> 
     </span>
    </p>
   </div>
   <div class='ocr_carea' id='block_1_90' title="bbox 2105 3025 3758 3096">
    <p class='ocr_par' dir='ltr' id='par_1_90' title="bbox 2105 3025 3758 3096">
     <span class='ocr_line' id='line_1_90' title="bbox 2105 3025 3758 3096; baseline -0.002 -13"><span class='ocrx_word' id='word_1_642' title='bbox 2105 3028 2373 3083; x_wconf 87' lang='lat' dir='ltr'>heroicas</span> <span class='ocrx_word' id='word_1_643' title='bbox 2404 3028 2648 3081; x_wconf 88' lang='lat' dir='ltr'>virtutes</span> <span class='ocrx_word' id='word_1_644' title='bbox 2681 3026 3003 3081; x_wconf 90' lang='lat' dir='ltr'>obliterent</span> <span class='ocrx_word' id='word_1_645' title='bbox 3037 3026 3047 3079; x_wconf 88' lang='lat'>!</span> <span class='ocrx_word' id='word_1_646' title='bbox 3075 3026 3263 3080; x_wconf 87' lang='lat' dir='ltr'>Aliter</span> <span class='ocrx_word' id='word_1_647' title='bbox 3291 3025 3519 3096; x_wconf 89' lang='lat' dir='ltr'>antiqui</span> <span class='ocrx_word' id='word_1_648' title='bbox 3549 3026 3758 3079; x_wconf 88' lang='lat' dir='ltr'>Patres</span> 
     </span>
    </p>
   </div>
   <div class='ocr_carea' id='block_1_91' title="bbox 2105 3113 3757 3187">
    <p class='ocr_par' dir='ltr' id='par_1_91' title="bbox 2105 3113 3757 3187">
     <span class='ocr_line' id='line_1_91' title="bbox 2105 3113 3757 3187; baseline -0.004 -14"><span class='ocrx_word' id='word_1_649' title='bbox 2105 3116 2450 3187; x_wconf 91' lang='lat' dir='ltr'>loquuntur,</span> <span class='ocrx_word' id='word_1_650' title='bbox 2475 3115 2575 3185; x_wconf 90' lang='lat' dir='ltr'>qui</span> <span class='ocrx_word' id='word_1_651' title='bbox 2609 3115 2902 3170; x_wconf 90' lang='lat' dir='ltr'>cruciatus</span> <span class='ocrx_word' id='word_1_652' title='bbox 2935 3120 2992 3170; x_wconf 91' lang='lat' dir='ltr'>et</span> <span class='ocrx_word' id='word_1_653' title='bbox 3026 3121 3323 3170; x_wconf 88' lang='lat' dir='ltr'>tormenta</span> <span class='ocrx_word' id='word_1_654' title='bbox 3352 3113 3443 3168; x_wconf 89' lang='lat' dir='ltr'>vel</span> <span class='ocrx_word' id='word_1_655' title='bbox 3472 3114 3586 3185; x_wconf 92' lang='lat' dir='ltr'>ipsi</span> <span class='ocrx_word' id='word_1_656' title='bbox 3620 3129 3757 3184; x_wconf 91' lang='lat' dir='ltr'>per-</span> 
     </span>
    </p>
   </div>
   <div class='ocr_carea' id='block_1_92' title="bbox 2107 3202 3760 3276">
    <p class='ocr_par' dir='ltr' id='par_1_92' title="bbox 2107 3202 3760 3276">
     <span class='ocr_line' id='line_1_92' title="bbox 2107 3202 3760 3276; baseline -0.002 -16"><span class='ocrx_word' id='word_1_657' title='bbox 2107 3205 2266 3276; x_wconf 90' lang='lat' dir='ltr'>pessi</span> <span class='ocrx_word' id='word_1_658' title='bbox 2298 3211 2456 3272; x_wconf 90' lang='lat' dir='ltr'>sunt,</span> <span class='ocrx_word' id='word_1_659' title='bbox 2488 3204 2577 3258; x_wconf 83' lang='lat' dir='ltr'>vel</span> <span class='ocrx_word' id='word_1_660' title='bbox 2606 3204 2753 3259; x_wconf 90' lang='lat' dir='ltr'>alios</span> <span class='ocrx_word' id='word_1_661' title='bbox 2785 3204 3016 3276; x_wconf 88' lang='lat' dir='ltr'>perpeti</span> <span class='ocrx_word' id='word_1_662' title='bbox 3043 3203 3482 3258; x_wconf 90' lang='lat' dir='ltr'>viderunt.Non</span> <span class='ocrx_word' id='word_1_663' title='bbox 3511 3202 3597 3256; x_wconf 91' lang='lat' dir='ltr'>illi</span> <span class='ocrx_word' id='word_1_664' title='bbox 3630 3218 3760 3257; x_wconf 89' lang='lat' dir='ltr'>mo-</span> 
     </span>
    </p>
   </div>
   <div class='ocr_carea' id='block_1_93' title="bbox 2112 3293 3762 3366">
    <p class='ocr_par' dir='ltr' id='par_1_93' title="bbox 2112 3293 3762 3366">
     <span class='ocr_line' id='line_1_93' title="bbox 2112 3293 3762 3366; baseline -0.001 -17"><span class='ocrx_word' id='word_1_665' title='bbox 2112 3295 2364 3350; x_wconf 89' lang='lat' dir='ltr'>destiam</span> <span class='ocrx_word' id='word_1_666' title='bbox 2386 3299 2713 3366; x_wconf 88' lang='lat' dir='ltr'>martyrum</span> <span class='ocrx_word' id='word_1_667' title='bbox 2741 3293 2913 3348; x_wconf 89' lang='lat' dir='ltr'>nobis</span> <span class='ocrx_word' id='word_1_668' title='bbox 2925 3294 3182 3348; x_wconf 86' lang='lat' dir='ltr'>maxime</span> <span class='ocrx_word' id='word_1_669' title='bbox 3206 3293 3402 3347; x_wconf 86' lang='lat' dir='ltr'>solent</span> <span class='ocrx_word' id='word_1_670' title='bbox 3419 3308 3762 3364; x_wconf 88' lang='lat' dir='ltr'>proponere</span> 
     </span>
    </p>
   </div>
   <div class='ocr_carea' id='block_1_94' title="bbox 2112 3373 3758 3456">
    <p class='ocr_par' dir='ltr' id='par_1_94' title="bbox 2112 3373 3758 3456">
     <span class='ocr_line' id='line_1_94' title="bbox 2112 3373 3758 3456; baseline -0.005 -16"><span class='ocrx_word' id='word_1_671' title='bbox 2112 3384 2216 3440; x_wconf 90' lang='lat' dir='ltr'>sed</span> <span class='ocrx_word' id='word_1_672' title='bbox 2245 3381 2462 3454; x_wconf 78' lang='grc' dir='ltr'>ἀρετὴν,</span> <span class='ocrx_word' id='word_1_673' title='bbox 2496 3377 2756 3454; x_wconf 82' lang='grc' dir='ltr'>ἀνδρείαν,</span> <span class='ocrx_word' id='word_1_674' title='bbox 2785 3381 3157 3456; x_wconf 79' lang='grc' dir='ltr'>γενναιότητα,</span> <span class='ocrx_word' id='word_1_675' title='bbox 3210 3379 3376 3449; x_wconf 78' lang='grc' dir='ltr'>ζῆλον</span> <span class='ocrx_word' id='word_1_676' title='bbox 3429 3373 3758 3452; x_wconf 73' lang='grc' dir='ltr'>θεοσεϐείας,</span> 
     </span>
    </p>
   </div>
   <div class='ocr_carea' id='block_1_95' title="bbox 2112 3467 3757 3546">
    <p class='ocr_par' dir='ltr' id='par_1_95' title="bbox 2112 3467 3757 3546">
     <span class='ocr_line' id='line_1_95' title="bbox 2112 3467 3757 3546; baseline -0.003 -20"><span class='ocrx_word' id='word_1_677' title='bbox 2112 3469 2487 3546; x_wconf 76' lang='grc' dir='ltr'>ἀνδραγαθὶαν,</span> <span class='ocrx_word' id='word_1_678' title='bbox 2521 3468 2850 3544; x_wconf 79' lang='grc' dir='ltr'>παῤῥησίαν,</span> <span class='ocrx_word' id='word_1_679' title='bbox 2883 3471 2944 3525; x_wconf 87' lang='grc' dir='ltr'>τὸ</span> <span class='ocrx_word' id='word_1_680' title='bbox 2977 3470 3196 3545; x_wconf 81' lang='grc' dir='ltr'>θάρσος,</span> <span class='ocrx_word' id='word_1_681' title='bbox 3227 3471 3325 3539; x_wconf 78' lang='grc' dir='ltr'>τήν</span> <span class='ocrx_word' id='word_1_682' title='bbox 3367 3467 3603 3542; x_wconf 74' lang='grc' dir='ltr'>τόλμαν,</span> <span class='ocrx_word' id='word_1_683' title='bbox 3658 3471 3757 3537; x_wconf 70' lang='grc' dir='ltr'>τὴν</span> 
     </span>
    </p>
   </div>
   <div class='ocr_carea' id='block_1_96' title="bbox 2111 3557 3758 3636">
    <p class='ocr_par' dir='ltr' id='par_1_96' title="bbox 2111 3557 3758 3636">
     <span class='ocr_line' id='line_1_96' title="bbox 2111 3557 3758 3636; baseline -0.003 -21"><span class='ocrx_word' id='word_1_684' title='bbox 2111 3559 2524 3636; x_wconf 78' lang='grc' dir='ltr'>προθυμότητα,</span> <span class='ocrx_word' id='word_1_685' title='bbox 2573 3560 2673 3627; x_wconf 73' lang='grc' dir='ltr'>τὴν</span> <span class='ocrx_word' id='word_1_686' title='bbox 2703 3561 3019 3635; x_wconf 86' lang='grc' dir='ltr'>προαίρεσιν</span> <span class='ocrx_word' id='word_1_687' title='bbox 3060 3560 3332 3634; x_wconf 80' lang='grc' dir='ltr'>γενναίαν,</span> <span class='ocrx_word' id='word_1_688' title='bbox 3365 3558 3430 3614; x_wconf 79' lang='grc' dir='ltr'>τὰ</span> <span class='ocrx_word' id='word_1_689' title='bbox 3491 3557 3758 3636; x_wconf 75' lang='grc' dir='ltr'>ἐγχειρή-</span> 
     </span>
    </p>
   </div>
   <div class='ocr_carea' id='block_1_97' title="bbox 2115 3645 3753 3724">
    <p class='ocr_par' dir='ltr' id='par_1_97' title="bbox 2115 3645 3753 3724">
     <span class='ocr_line' id='line_1_97' title="bbox 2115 3645 3753 3724; baseline -0.001 -20"><span class='ocrx_word' id='word_1_690' title='bbox 2115 3671 2280 3724; x_wconf 87' lang='grc' dir='ltr'>ματα,</span> <span class='ocrx_word' id='word_1_691' title='bbox 2311 3650 2377 3704; x_wconf 77' lang='grc' dir='ltr'>τὰ</span> <span class='ocrx_word' id='word_1_692' title='bbox 2416 3645 2893 3724; x_wconf 73' lang='grc' dir='ltr'>ἅνδραγαθήματα,</span> <span class='ocrx_word' id='word_1_693' title='bbox 2951 3648 3020 3703; x_wconf 83' lang='grc' dir='ltr'>τὰ</span> <span class='ocrx_word' id='word_1_694' title='bbox 3068 3649 3470 3722; x_wconf 85' lang='grc' dir='ltr'>κατορθώματα</span> <span class='ocrx_word' id='word_1_695' title='bbox 3517 3649 3753 3719; x_wconf 89' lang='lat' dir='ltr'>aliaque</span> 
     </span>
    </p>
   </div>
   <div class='ocr_carea' id='block_1_98' title="bbox 2110 3737 3756 3812">
    <p class='ocr_par' dir='ltr' id='par_1_98' title="bbox 2110 3737 3756 3812">
     <span class='ocr_line' id='line_1_98' title="bbox 2110 3737 3756 3812; baseline -0.002 -18"><span class='ocrx_word' id='word_1_696' title='bbox 2110 3740 2454 3812; x_wconf 87' lang='lat' dir='ltr'>hujusmodi</span> <span class='ocrx_word' id='word_1_697' title='bbox 2482 3745 2764 3809; x_wconf 88' lang='lat' dir='ltr'>tanquam</span> <span class='ocrx_word' id='word_1_698' title='bbox 2795 3739 3126 3795; x_wconf 90' lang='lat' dir='ltr'>certissima</span> <span class='ocrx_word' id='word_1_699' title='bbox 3169 3742 3266 3792; x_wconf 75' lang='grc' dir='ltr'>τοῦ</span> <span class='ocrx_word' id='word_1_700' title='bbox 3304 3737 3606 3808; x_wconf 78' lang='grc' dir='ltr'>πνεύματος</span> <span class='ocrx_word' id='word_1_701' title='bbox 3665 3757 3756 3791; x_wconf 84' lang='grc' dir='ltr'>τε-</span> 
     </span>
    </p>
   </div>
   <div class='ocr_carea' id='block_1_99' title="bbox 2109 3827 3759 3902">
    <p class='ocr_par' dir='ltr' id='par_1_99' title="bbox 2109 3827 3759 3902">
     <span class='ocr_line' id='line_1_99' title="bbox 2109 3827 3759 3902; baseline -0.001 -20"><span class='ocrx_word' id='word_1_702' title='bbox 2109 3831 2324 3902; x_wconf 79' lang='grc' dir='ltr'>κμήρια</span> <span class='ocrx_word' id='word_1_703' title='bbox 2354 3829 2676 3895; x_wconf 88' lang='lat' dir='ltr'>celebrare,</span> <span class='ocrx_word' id='word_1_704' title='bbox 2709 3829 2926 3899; x_wconf 91' lang='lat' dir='ltr'>quibus</span> <span class='ocrx_word' id='word_1_705' title='bbox 2957 3829 3083 3884; x_wconf 69' lang='lat' dir='ltr'>haec</span> <span class='ocrx_word' id='word_1_706' title='bbox 3116 3827 3366 3900; x_wconf 88' lang='lat' dir='ltr'>epistola</span> <span class='ocrx_word' id='word_1_707' title='bbox 3395 3828 3614 3882; x_wconf 90' lang='lat' dir='ltr'>referta</span> <span class='ocrx_word' id='word_1_708' title='bbox 3643 3832 3759 3881; x_wconf 88' lang='lat' dir='ltr'>est.</span> 
     </span>
    </p>
   </div>
   <div class='ocr_carea' id='block_1_100' title="bbox 2112 3917 3760 3990">
    <p class='ocr_par' dir='ltr' id='par_1_100' title="bbox 2112 3917 3760 3990">
     <span class='ocr_line' id='line_1_100' title="bbox 2112 3917 3760 3990; baseline -0.002 -16"><span class='ocrx_word' id='word_1_709' title='bbox 2112 3921 2246 3975; x_wconf 62' lang='lat' dir='ltr'>Haec</span> <span class='ocrx_word' id='word_1_710' title='bbox 2275 3924 2475 3974; x_wconf 88' lang='lat' dir='ltr'>autem</span> <span class='ocrx_word' id='word_1_711' title='bbox 2506 3919 2804 3990; x_wconf 68' lang='lat' dir='ltr'>praecipue</span> <span class='ocrx_word' id='word_1_712' title='bbox 2835 3917 2896 3971; x_wconf 90' lang='lat' dir='ltr'>in</span> <span class='ocrx_word' id='word_1_713' title='bbox 2921 3918 3144 3990; x_wconf 86' lang='lat' dir='ltr'>Ignatio</span> <span class='ocrx_word' id='word_1_714' title='bbox 3168 3917 3371 3973; x_wconf 91' lang='lat' dir='ltr'>laudat</span> <span class='ocrx_word' id='word_1_715' title='bbox 3407 3918 3760 3986; x_wconf 88' lang='lat' dir='ltr'>Chrysosto-</span> 
     </span>
    </p>
   </div>
   <div class='ocr_carea' id='block_1_101' title="bbox 2112 4003 3766 4080">
    <p class='ocr_par' dir='ltr' id='par_1_101' title="bbox 2112 4003 3766 4080">
     <span class='ocr_line' id='line_1_101' title="bbox 2112 4003 3766 4080; baseline -0.005 -16"><span class='ocrx_word' id='word_1_716' title='bbox 2112 4025 2265 4066; x_wconf 91' lang='lat' dir='ltr'>mus.</span> <span class='ocrx_word' id='word_1_717' title='bbox 2317 4009 2430 4063; x_wconf 78' lang='grc' dir='ltr'>Τοῦ</span> <span class='ocrx_word' id='word_1_718' title='bbox 2489 4007 2724 4080; x_wconf 79' lang='grc' dir='ltr'>Χριστοῦ</span> <span class='ocrx_word' id='word_1_719' title='bbox 2779 4003 3053 4079; x_wconf 73' lang='grc' dir='ltr'>λεγοντος,</span> <span class='ocrx_word' id='word_1_720' title='bbox 3114 4005 3195 4059; x_wconf 77' lang='grc' dir='ltr'>ὅτι</span> <span class='ocrx_word' id='word_1_721' title='bbox 3252 4006 3312 4061; x_wconf 89' lang='grc' dir='ltr'>Ὀ</span> <span class='ocrx_word' id='word_1_722' title='bbox 3366 4004 3636 4077; x_wconf 76' lang='grc' dir='ltr'>ποιμὴνὸ</span> <span class='ocrx_word' id='word_1_723' title='bbox 3667 4024 3766 4057; x_wconf 76' lang='grc' dir='ltr'>κα-</span> 
     </span>
    </p>
   </div>
   <div class='ocr_carea' id='block_1_102' title="bbox 2112 4087 3766 4173">
    <p class='ocr_par' dir='ltr' id='par_1_102' title="bbox 2112 4087 3766 4173">
     <span class='ocr_line' id='line_1_102' title="bbox 2112 4087 3766 4173; baseline -0.002 -22"><span class='ocrx_word' id='word_1_724' title='bbox 2112 4096 2211 4158; x_wconf 86' lang='grc' dir='ltr'>λὸς</span> <span class='ocrx_word' id='word_1_725' title='bbox 2285 4097 2386 4165; x_wconf 74' lang='grc' dir='ltr'>τὴν</span> <span class='ocrx_word' id='word_1_726' title='bbox 2440 4095 2625 4173; x_wconf 78' lang='grc' dir='ltr'>ψυχὴν</span> <span class='ocrx_word' id='word_1_727' title='bbox 2688 4093 2850 4149; x_wconf 80' lang='grc' dir='ltr'>αὐτοῦ</span> <span class='ocrx_word' id='word_1_728' title='bbox 2907 4094 3120 4164; x_wconf 82' lang='grc' dir='ltr'>τίθησιν</span> <span class='ocrx_word' id='word_1_729' title='bbox 3194 4093 3324 4168; x_wconf 73' lang='grc' dir='ltr'>ὑπὲρ</span> <span class='ocrx_word' id='word_1_730' title='bbox 3370 4097 3478 4148; x_wconf 84' lang='grc' dir='ltr'>τῶν</span> <span class='ocrx_word' id='word_1_731' title='bbox 3555 4087 3766 4168; x_wconf 68' lang='grc' dir='ltr'>προϐά-</span> 
     </span>
    </p>
   </div>
   <div class='ocr_carea' id='block_1_103' title="bbox 2111 4179 3762 4258">
    <p class='ocr_par' dir='ltr' id='par_1_103' title="bbox 2111 4179 3762 4258">
     <span class='ocr_line' id='line_1_103' title="bbox 2111 4179 3762 4258; baseline -0.002 -18"><span class='ocrx_word' id='word_1_732' title='bbox 2111 4207 2239 4257; x_wconf 85' lang='grc' dir='ltr'>των,</span> <span class='ocrx_word' id='word_1_733' title='bbox 2298 4185 2435 4255; x_wconf 80' lang='grc' dir='ltr'>μετὰ</span> <span class='ocrx_word' id='word_1_734' title='bbox 2485 4185 2662 4253; x_wconf 81' lang='grc' dir='ltr'>πάσης</span> <span class='ocrx_word' id='word_1_735' title='bbox 2719 4180 2964 4256; x_wconf 68' lang='grc' dir='ltr'>ἀνδρείας</span> <span class='ocrx_word' id='word_1_736' title='bbox 3021 4182 3190 4252; x_wconf 72' lang='grc' dir='ltr'>αὐτὴν</span> <span class='ocrx_word' id='word_1_737' title='bbox 3278 4179 3552 4238; x_wconf 74' lang='grc' dir='ltr'>ἀπέδωκεν</span> <span class='ocrx_word' id='word_1_738' title='bbox 3622 4182 3762 4258; x_wconf 73' lang='grc' dir='ltr'>ὑπὲρ</span> 
     </span>
    </p>
   </div>
   <div class='ocr_carea' id='block_1_104' title="bbox 2110 4269 3767 4348">
    <p class='ocr_par' dir='ltr' id='par_1_104' title="bbox 2110 4269 3767 4348">
     <span class='ocr_line' id='line_1_104' title="bbox 2110 4269 3767 4348; baseline 0.001 -20"><span class='ocrx_word' id='word_1_739' title='bbox 2110 4278 2216 4328; x_wconf 78' lang='grc' dir='ltr'>νῶν</span> <span class='ocrx_word' id='word_1_740' title='bbox 2248 4269 2558 4348; x_wconf 81' lang='grc' dir='ltr'>προϐάτων.</span> <span class='ocrx_word' id='word_1_741' title='bbox 2601 4297 2621 4322; x_wconf 80' lang='grc' dir='ltr'>ι</span> <span class='ocrx_word' id='word_1_742' title='bbox 2657 4275 2802 4329; x_wconf 91' lang='lat' dir='ltr'>Cum</span> <span class='ocrx_word' id='word_1_743' title='bbox 2819 4274 3085 4330; x_wconf 90' lang='lat' dir='ltr'>Christus</span> <span class='ocrx_word' id='word_1_744' title='bbox 3120 4272 3379 4330; x_wconf 89' lang='lat' dir='ltr'>diceret:</span> <span class='ocrx_word' id='word_1_745' title='bbox 3416 4280 3615 4330; x_wconf 81' lang='lat' dir='ltr'>Pastor</span> <span class='ocrx_word' id='word_1_746' title='bbox 3666 4274 3767 4329; x_wconf 88' lang='lat' dir='ltr'>bo—</span> 
     </span>
    </p>
   </div>
   <div class='ocr_carea' id='block_1_105' title="bbox 2111 4362 3765 4436">
    <p class='ocr_par' dir='ltr' id='par_1_105' title="bbox 2111 4362 3765 4436">
     <span class='ocr_line' id='line_1_105' title="bbox 2111 4362 3765 4436; baseline -0.002 -16"><span class='ocrx_word' id='word_1_747' title='bbox 2111 4381 2214 4422; x_wconf 85' lang='lat' dir='ltr'>nus</span> <span class='ocrx_word' id='word_1_748' title='bbox 2225 4367 2391 4436; x_wconf 86' lang='lat' dir='ltr'>ponit</span> <span class='ocrx_word' id='word_1_749' title='bbox 2413 4366 2655 4419; x_wconf 84' lang='lat' dir='ltr'>animam</span> <span class='ocrx_word' id='word_1_750' title='bbox 2683 4380 2836 4419; x_wconf 87' lang='lat' dir='ltr'>suam</span> <span class='ocrx_word' id='word_1_751' title='bbox 2859 4379 2967 4433; x_wconf 84' lang='lat' dir='ltr'>pro</span> <span class='ocrx_word' id='word_1_752' title='bbox 2987 4364 3175 4418; x_wconf 82' lang='lat' dir='ltr'>ovibus</span> <span class='ocrx_word' id='word_1_753' title='bbox 3194 4362 3261 4429; x_wconf 66' lang='grc'>⁸6,</span> <span class='ocrx_word' id='word_1_754' title='bbox 3312 4387 3340 4414; x_wconf 86' lang='grc'><em>‹‹</em></span> <span class='ocrx_word' id='word_1_755' title='bbox 3400 4379 3533 4418; x_wconf 92' lang='lat' dir='ltr'>cum</span> <span class='ocrx_word' id='word_1_756' title='bbox 3591 4365 3765 4418; x_wconf 92' lang='lat' dir='ltr'>omni</span> 
     </span>
    </p>
   </div>
   <div class='ocr_carea' id='block_1_106' title="bbox 2111 4451 3765 4524">
    <p class='ocr_par' dir='ltr' id='par_1_106' title="bbox 2111 4451 3765 4524">
     <span class='ocr_line' id='line_1_106' title="bbox 2111 4451 3765 4524; baseline 0 -16"><span class='ocrx_word' id='word_1_757' title='bbox 2111 4454 2460 4510; x_wconf 87' lang='lat' dir='ltr'>fortitudine</span> <span class='ocrx_word' id='word_1_758' title='bbox 2483 4454 2669 4524; x_wconf 89' lang='lat' dir='ltr'>ipsam</span> <span class='ocrx_word' id='word_1_759' title='bbox 2703 4468 2808 4524; x_wconf 91' lang='lat' dir='ltr'>pro</span> <span class='ocrx_word' id='word_1_760' title='bbox 2841 4451 3042 4507; x_wconf 90' lang='lat' dir='ltr'>ovibus</span> <span class='ocrx_word' id='word_1_761' title='bbox 3066 4452 3326 4508; x_wconf 90' lang='lat' dir='ltr'>tradidit.</span> <span class='ocrx_word' id='word_1_762' title='bbox 3362 4455 3596 4507; x_wconf 81' lang='lat' dir='ltr'>»Monet</span> <span class='ocrx_word' id='word_1_763' title='bbox 3626 4454 3765 4523; x_wconf 89' lang='lat' dir='ltr'>qui-</span> 
     </span>
    </p>
   </div>
   <div class='ocr_carea' id='block_1_107' title="bbox 2115 4541 3762 4614">
    <p class='ocr_par' dir='ltr' id='par_1_107' title="bbox 2115 4541 3762 4614">
     <span class='ocr_line' id='line_1_107' title="bbox 2115 4541 3762 4614; baseline 0 -15"><span class='ocrx_word' id='word_1_764' title='bbox 2115 4543 2252 4599; x_wconf 91' lang='lat' dir='ltr'>dem</span> <span class='ocrx_word' id='word_1_765' title='bbox 2275 4544 2332 4599; x_wconf 91' lang='lat' dir='ltr'>S.</span> <span class='ocrx_word' id='word_1_766' title='bbox 2355 4543 2682 4614; x_wconf 87' lang='lat' dir='ltr'>Cyprianus</span> <span class='ocrx_word' id='word_1_767' title='bbox 2714 4541 2963 4612; x_wconf 88' lang='lat' dir='ltr'>epistola</span> <span class='ocrx_word' id='word_1_768' title='bbox 2995 4545 3050 4608; x_wconf 88' lang='lat'>6,</span> <span class='ocrx_word' id='word_1_769' title='bbox 3073 4542 3445 4598; x_wconf 85' lang='lat' dir='ltr'>confessores</span> <span class='ocrx_word' id='word_1_770' title='bbox 3477 4543 3762 4612; x_wconf 89' lang='lat' dir='ltr'>humiles,</span> 
     </span>
    </p>
   </div>
   <div class='ocr_carea' id='block_1_108' title="bbox 2113 4629 3769 4704">
    <p class='ocr_par' dir='ltr' id='par_1_108' title="bbox 2113 4629 3769 4704">
     <span class='ocr_line' id='line_1_108' title="bbox 2113 4629 3769 4704; baseline -0.001 -17"><span class='ocrx_word' id='word_1_771' title='bbox 2113 4637 2172 4687; x_wconf 91' lang='lat' dir='ltr'>et</span> <span class='ocrx_word' id='word_1_772' title='bbox 2200 4632 2522 4700; x_wconf 90' lang='lat' dir='ltr'>modestos,</span> <span class='ocrx_word' id='word_1_773' title='bbox 2548 4636 2606 4686; x_wconf 90' lang='lat' dir='ltr'>et</span> <span class='ocrx_word' id='word_1_774' title='bbox 2638 4631 2870 4701; x_wconf 90' lang='lat' dir='ltr'>quietos</span> <span class='ocrx_word' id='word_1_775' title='bbox 2903 4647 3032 4685; x_wconf 91' lang='lat' dir='ltr'>esse</span> <span class='ocrx_word' id='word_1_776' title='bbox 3067 4630 3308 4698; x_wconf 90' lang='lat' dir='ltr'>debere,</span> <span class='ocrx_word' id='word_1_777' title='bbox 3347 4629 3450 4685; x_wconf 92' lang='lat' dir='ltr'>sed</span> <span class='ocrx_word' id='word_1_778' title='bbox 3482 4629 3769 4704; x_wconf 86' lang='lat' dir='ltr'>intelligit</span> 
     </span>
    </p>
   </div>
   <div class='ocr_carea' id='block_1_109' title="bbox 2111 4721 3766 4793">
    <p class='ocr_par' dir='ltr' id='par_1_109' title="bbox 2111 4721 3766 4793">
     <span class='ocr_line' id='line_1_109' title="bbox 2111 4721 3766 4793; baseline 0.001 -17"><span class='ocrx_word' id='word_1_779' title='bbox 2111 4722 2464 4778; x_wconf 89' lang='lat' dir='ltr'>modestiam</span> <span class='ocrx_word' id='word_1_780' title='bbox 2498 4737 2634 4793; x_wconf 87' lang='lat' dir='ltr'>erga</span> <span class='ocrx_word' id='word_1_781' title='bbox 2666 4722 3003 4792; x_wconf 88' lang='lat' dir='ltr'>superiores</span> <span class='ocrx_word' id='word_1_782' title='bbox 3034 4722 3096 4776; x_wconf 90' lang='lat' dir='ltr'>in</span> <span class='ocrx_word' id='word_1_783' title='bbox 3120 4721 3414 4777; x_wconf 89' lang='lat' dir='ltr'>Ecclesia:</span> <span class='ocrx_word' id='word_1_784' title='bbox 3449 4722 3509 4775; x_wconf 90' lang='lat' dir='ltr'>in</span> <span class='ocrx_word' id='word_1_785' title='bbox 3542 4721 3766 4791; x_wconf 85' lang='lat' dir='ltr'>iis,sci-</span> 
     </span>
    </p>
   </div>
   <div class='ocr_carea' id='block_1_110' title="bbox 2111 4809 3768 4882">
    <p class='ocr_par' dir='ltr' id='par_1_110' title="bbox 2111 4809 3768 4882">
     <span class='ocr_line' id='line_1_110' title="bbox 2111 4809 3768 4882; baseline 0 -15"><span class='ocrx_word' id='word_1_786' title='bbox 2111 4811 2271 4879; x_wconf 82' lang='lat' dir='ltr'>licet,</span> <span class='ocrx_word' id='word_1_787' title='bbox 2299 4834 2327 4861; x_wconf 85' lang='grc'>‹‹</span> <span class='ocrx_word' id='word_1_788' title='bbox 2352 4827 2484 4881; x_wconf 64' lang='lat' dir='ltr'>quas</span> <span class='ocrx_word' id='word_1_789' title='bbox 2516 4809 2846 4864; x_wconf 91' lang='lat' dir='ltr'>secundum</span> <span class='ocrx_word' id='word_1_790' title='bbox 2879 4811 3318 4881; x_wconf 86' lang='lat' dir='ltr'>Scripturarum</span> <span class='ocrx_word' id='word_1_791' title='bbox 3351 4811 3768 4882; x_wconf 86' lang='lat' dir='ltr'>magisterium</span> 
     </span>
    </p>
   </div>
   <div class='ocr_carea' id='block_1_111' title="bbox 2114 4898 3768 4971">
    <p class='ocr_par' dir='ltr' id='par_1_111' title="bbox 2114 4898 3768 4971">
     <span class='ocr_line' id='line_1_111' title="bbox 2114 4898 3768 4971; baseline 0 -15"><span class='ocrx_word' id='word_1_792' title='bbox 2114 4900 2514 4956; x_wconf 90' lang='lat' dir='ltr'>ecclesiastica</span> <span class='ocrx_word' id='word_1_793' title='bbox 2534 4898 2849 4970; x_wconf 90' lang='lat' dir='ltr'>disciplina</span> <span class='ocrx_word' id='word_1_794' title='bbox 2879 4898 3228 4971; x_wconf 73' lang='lat' dir='ltr'>deposcat.»</span> <span class='ocrx_word' id='word_1_795' title='bbox 3243 4901 3513 4965; x_wconf 84' lang='lat' dir='ltr'>Quamvis</span> <span class='ocrx_word' id='word_1_796' title='bbox 3532 4917 3646 4955; x_wconf 88' lang='lat' dir='ltr'>nec</span> <span class='ocrx_word' id='word_1_797' title='bbox 3669 4901 3768 4956; x_wconf 90' lang='lat' dir='ltr'>hic</span> 
     </span>
    </p>
   </div>
   <div class='ocr_carea' id='block_1_112' title="bbox 2114 4987 3770 5060">
    <p class='ocr_par' dir='ltr' id='par_1_112' title="bbox 2114 4987 3770 5060">
     <span class='ocr_line' id='line_1_112' title="bbox 2114 4987 3770 5060; baseline 0 -15"><span class='ocrx_word' id='word_1_798' title='bbox 2114 4989 2331 5045; x_wconf 90' lang='lat' dir='ltr'>desunt</span> <span class='ocrx_word' id='word_1_799' title='bbox 2357 4989 2524 5060; x_wconf 88' lang='lat' dir='ltr'>signa</span> <span class='ocrx_word' id='word_1_800' title='bbox 2545 4987 2850 5043; x_wconf 83' lang='lat' dir='ltr'>modestiae</span> <span class='ocrx_word' id='word_1_801' title='bbox 2876 4989 3286 5056; x_wconf 87' lang='lat' dir='ltr'>manifesta,ut</span> <span class='ocrx_word' id='word_1_802' title='bbox 3301 4989 3382 5043; x_wconf 92' lang='lat' dir='ltr'>ibi</span> <span class='ocrx_word' id='word_1_803' title='bbox 3399 4990 3481 5044; x_wconf 89' lang='lat' dir='ltr'>ait</span> <span class='ocrx_word' id='word_1_804' title='bbox 3504 5005 3516 5042; x_wconf 89' lang='lat'><strong><em>:</em></strong></span> <span class='ocrx_word' id='word_1_805' title='bbox 3544 5011 3572 5038; x_wconf 84' lang='lat'>«</span> <span class='ocrx_word' id='word_1_806' title='bbox 3594 4990 3770 5045; x_wconf 87' lang='lat' dir='ltr'>Nunc</span> 
     </span>
    </p>
   </div>
   <div class='ocr_carea' id='block_1_113' title="bbox 2114 5077 3768 5149">
    <p class='ocr_par' dir='ltr' id='par_1_113' title="bbox 2114 5077 3768 5149">
     <span class='ocr_line' id='line_1_113' title="bbox 2114 5077 3768 5149; baseline 0 -16"><span class='ocrx_word' id='word_1_807' title='bbox 2114 5078 2333 5149; x_wconf 91' lang='lat' dir='ltr'>incipio</span> <span class='ocrx_word' id='word_1_808' title='bbox 2365 5077 2695 5148; x_wconf 89' lang='lat' dir='ltr'>discipulus</span> <span class='ocrx_word' id='word_1_809' title='bbox 2719 5093 2866 5146; x_wconf 89' lang='lat' dir='ltr'>esse,</span> <span class='ocrx_word' id='word_1_810' title='bbox 2894 5098 2921 5126; x_wconf 87' lang='lat'>»</span> <span class='ocrx_word' id='word_1_811' title='bbox 2941 5078 3097 5148; x_wconf 91' lang='lat' dir='ltr'>quod</span> <span class='ocrx_word' id='word_1_812' title='bbox 3123 5093 3432 5149; x_wconf 89' lang='lat' dir='ltr'>perperam</span> <span class='ocrx_word' id='word_1_813' title='bbox 3465 5077 3768 5133; x_wconf 88' lang='lat' dir='ltr'>etincom-</span> 
     </span>
    </p>
   </div>
   <div class='ocr_carea' id='block_1_114' title="bbox 2114 5167 3768 5239">
    <p class='ocr_par' dir='ltr' id='par_1_114' title="bbox 2114 5167 3768 5239">
     <span class='ocr_line' id='line_1_114' title="bbox 2114 5167 3768 5239; baseline 0 -16"><span class='ocrx_word' id='word_1_814' title='bbox 2114 5167 2289 5223; x_wconf 91' lang='lat' dir='ltr'>mode</span> <span class='ocrx_word' id='word_1_815' title='bbox 2313 5167 2534 5222; x_wconf 91' lang='lat' dir='ltr'>dictum</span> <span class='ocrx_word' id='word_1_816' title='bbox 2548 5167 2896 5239; x_wconf 88' lang='lat' dir='ltr'>pronuntiat</span> <span class='ocrx_word' id='word_1_817' title='bbox 2915 5182 3127 5222; x_wconf 88' lang='lat' dir='ltr'>censor</span> <span class='ocrx_word' id='word_1_818' title='bbox 3137 5183 3272 5222; x_wconf 90' lang='lat' dir='ltr'>acce</span> <span class='ocrx_word' id='word_1_819' title='bbox 3281 5167 3611 5222; x_wconf 87' lang='lat' dir='ltr'>rrimus.An</span> <span class='ocrx_word' id='word_1_820' title='bbox 3628 5185 3768 5223; x_wconf 87' lang='lat' dir='ltr'>vero</span> 
     </span>
    </p>
   </div>
   <div class='ocr_carea' id='block_1_115' title="bbox 2117 5254 3771 5327">
    <p class='ocr_par' dir='ltr' id='par_1_115' title="bbox 2117 5254 3771 5327">
     <span class='ocr_line' id='line_1_115' title="bbox 2117 5254 3771 5327; baseline 0.001 -15"><span class='ocrx_word' id='word_1_821' title='bbox 2117 5257 2218 5327; x_wconf 94' lang='lat' dir='ltr'>qui</span> <span class='ocrx_word' id='word_1_822' title='bbox 2242 5255 2423 5327; x_wconf 92' lang='lat' dir='ltr'>probe</span> <span class='ocrx_word' id='word_1_823' title='bbox 2454 5255 2617 5310; x_wconf 88' lang='lat' dir='ltr'>novit</span> <span class='ocrx_word' id='word_1_824' title='bbox 2643 5255 2940 5310; x_wconf 90' lang='lat' dir='ltr'>Christum</span> <span class='ocrx_word' id='word_1_825' title='bbox 2995 5255 3188 5325; x_wconf 90' lang='lat' dir='ltr'>ipsum</span> <span class='ocrx_word' id='word_1_826' title='bbox 3248 5254 3485 5322; x_wconf 85' lang='lat' dir='ltr'>dixisse,</span> <span class='ocrx_word' id='word_1_827' title='bbox 3537 5255 3602 5310; x_wconf 94' lang='lat' dir='ltr'>Si</span> <span class='ocrx_word' id='word_1_828' title='bbox 3642 5261 3771 5327; x_wconf 82' lang='lat' dir='ltr'>quis</span> 
     </span>
    </p>
   </div>
   <div class='ocr_carea' id='block_1_116' title="bbox 2117 5330 3772 5415">
    <p class='ocr_par' dir='ltr' id='par_1_116' title="bbox 2117 5330 3772 5415">
     <span class='ocr_line' id='line_1_116' title="bbox 2117 5330 3772 5415; baseline 0 -14"><span class='ocrx_word' id='word_1_829' title='bbox 2117 5347 2266 5401; x_wconf 83' lang='lat' dir='ltr'>venit</span> <span class='ocrx_word' id='word_1_830' title='bbox 2295 5345 2368 5400; x_wconf 87' lang='lat' dir='ltr'>ad</span> <span class='ocrx_word' id='word_1_831' title='bbox 2398 5361 2480 5400; x_wconf 90' lang='lat' dir='ltr'>me</span> <span class='ocrx_word' id='word_1_832' title='bbox 2524 5330 2586 5399; x_wconf 73' lang='grc' dir='ltr'>ἐι</span> <span class='ocrx_word' id='word_1_833' title='bbox 2617 5361 2726 5400; x_wconf 86' lang='grc' dir='ltr'>ηοη</span> <span class='ocrx_word' id='word_1_834' title='bbox 2783 5345 2902 5399; x_wconf 78' lang='lat' dir='ltr'>odit</span> <span class='ocrx_word' id='word_1_835' title='bbox 2953 5346 3199 5399; x_wconf 81' lang='lat' dir='ltr'>animam</span> <span class='ocrx_word' id='word_1_836' title='bbox 3226 5360 3403 5410; x_wconf 85' lang='lat' dir='ltr'>suam,</span> <span class='ocrx_word' id='word_1_837' title='bbox 3447 5361 3556 5398; x_wconf 87' lang='lat' dir='ltr'>non</span> <span class='ocrx_word' id='word_1_838' title='bbox 3580 5353 3772 5415; x_wconf 79' lang='lat' dir='ltr'>potest</span> 
     </span>
    </p>
   </div>
   <div class='ocr_carea' id='block_1_117' title="bbox 2116 5431 3768 5504">
    <p class='ocr_par' dir='ltr' id='par_1_117' title="bbox 2116 5431 3768 5504">
     <span class='ocr_line' id='line_1_117' title="bbox 2116 5431 3768 5504; baseline -0.001 -14"><span class='ocrx_word' id='word_1_839' title='bbox 2116 5451 2265 5490; x_wconf 83' lang='lat' dir='ltr'>meus</span> <span class='ocrx_word' id='word_1_840' title='bbox 2288 5449 2397 5489; x_wconf 85' lang='lat' dir='ltr'>esse</span> <span class='ocrx_word' id='word_1_841' title='bbox 2417 5432 2722 5503; x_wconf 83' lang='lat' dir='ltr'>discipulus</span> <span class='ocrx_word' id='word_1_842' title='bbox 2752 5431 2796 5467; x_wconf 84' lang='grc'><strong>³⁷</strong></span> <span class='ocrx_word' id='word_1_843' title='bbox 2831 5450 2843 5500; x_wconf 92' lang='grc'><strong>;</strong></span> <span class='ocrx_word' id='word_1_844' title='bbox 2874 5449 3008 5487; x_wconf 90' lang='lat' dir='ltr'>cum</span> <span class='ocrx_word' id='word_1_845' title='bbox 3051 5433 3178 5504; x_wconf 88' lang='lat' dir='ltr'>jam</span> <span class='ocrx_word' id='word_1_846' title='bbox 3221 5433 3383 5487; x_wconf 88' lang='lat' dir='ltr'>novit</span> <span class='ocrx_word' id='word_1_847' title='bbox 3433 5433 3613 5488; x_wconf 89' lang='lat' dir='ltr'>etiam</span> <span class='ocrx_word' id='word_1_848' title='bbox 3673 5452 3768 5489; x_wconf 89' lang='lat' dir='ltr'>se-</span> 
     </span>
    </p>
   </div>
   <div class='ocr_carea' id='block_1_118' title="bbox 2118 5522 3770 5595">
    <p class='ocr_par' dir='ltr' id='par_1_118' title="bbox 2118 5522 3770 5595">
     <span class='ocr_line' id='line_1_118' title="bbox 2118 5522 3770 5595; baseline 0.001 -17"><span class='ocrx_word' id='word_1_849' title='bbox 2118 5524 2312 5595; x_wconf 90' lang='lat' dir='ltr'>ipsum</span> <span class='ocrx_word' id='word_1_850' title='bbox 2344 5522 2516 5594; x_wconf 90' lang='lat' dir='ltr'>plene</span> <span class='ocrx_word' id='word_1_851' title='bbox 2539 5537 2888 5594; x_wconf 89' lang='lat' dir='ltr'>persuasum</span> <span class='ocrx_word' id='word_1_852' title='bbox 2920 5538 3050 5577; x_wconf 89' lang='lat' dir='ltr'>esse</span> <span class='ocrx_word' id='word_1_853' title='bbox 3082 5522 3156 5577; x_wconf 90' lang='lat' dir='ltr'>ad</span> <span class='ocrx_word' id='word_1_854' title='bbox 3187 5523 3370 5578; x_wconf 89' lang='lat' dir='ltr'>vitam</span> <span class='ocrx_word' id='word_1_855' title='bbox 3392 5539 3497 5593; x_wconf 89' lang='lat' dir='ltr'>pro</span> <span class='ocrx_word' id='word_1_856' title='bbox 3531 5523 3770 5580; x_wconf 86' lang='lat' dir='ltr'>Christo</span> 
     </span>
    </p>
   </div>
   <div class='ocr_carea' id='block_1_119' title="bbox 2120 5610 3770 5686">
    <p class='ocr_par' dir='ltr' id='par_1_119' title="bbox 2120 5610 3770 5686">
     <span class='ocr_line' id='line_1_119' title="bbox 2120 5610 3770 5686; baseline 0.002 -17"><span class='ocrx_word' id='word_1_857' title='bbox 2120 5611 2533 5686; x_wconf 88' lang='lat' dir='ltr'>deponendam</span> <span class='ocrx_word' id='word_1_858' title='bbox 2563 5627 2673 5668; x_wconf 91' lang='lat' dir='ltr'>nec</span> <span class='ocrx_word' id='word_1_859' title='bbox 2690 5610 3014 5668; x_wconf 90' lang='lat' dir='ltr'>terroribus</span> <span class='ocrx_word' id='word_1_860' title='bbox 3030 5615 3131 5668; x_wconf 89' lang='lat' dir='ltr'>aut</span> <span class='ocrx_word' id='word_1_861' title='bbox 3149 5610 3458 5668; x_wconf 88' lang='lat' dir='ltr'>blanditiis</span> <span class='ocrx_word' id='word_1_862' title='bbox 3477 5611 3550 5668; x_wconf 88' lang='lat' dir='ltr'>ab</span> <span class='ocrx_word' id='word_1_863' title='bbox 3578 5629 3648 5669; x_wconf 87' lang='lat' dir='ltr'>ea</span> <span class='ocrx_word' id='word_1_864' title='bbox 3669 5631 3770 5672; x_wconf 83' lang='lat' dir='ltr'>vo-</span> 
     </span>
    </p>
   </div>
  </div>
