3974 6296
206 435 325 496 3'73

934 439 991 500 J.
1036 438 1461 501 PEABSONII
1505 431 1887 503 VINDlCIE
1929 431 2407 492 IGNATIANE.
2459 463 2534 474 -—
2581 427 2780 490 PARS
2827 428 2907 491 II.

3511 437 3631 496 374

205 565 434 623 luntate
466 567 760 624 dimoveri
777 576 1103 642 posse,tum
1124 571 1376 628 nonnisi
1397 567 1870 645 perperamscri-
1901 573 1954 639 Α
1984 569 2043 619 et
2071 568 2235 619 tanto
2291 563 2412 618 viro
2471 563 2712 635 dignam
2761 563 3072 620 rationem.
3107 566 3189 620 Ne
3247 582 3381 621 cum
3411 567 3634 624 obdor-

205 655 347 713 bere
373 659 608 728 potuit:
644 689 672 710 ιι
706 661 872 716 Nunc
903 661 1124 733 incipio
1158 662 1487 734 discipulus
1517 677 1648 719 esse
1668 661 1695 715 ‘?
1719 661 1868 714 »An-

206 761 328 800 non
359 748 460 816 qui
495 748 612 804 ista
644 748 863 804 Christi
886 751 1062 806 verba
1089 751 1316 820 legerat
1348 769 1362 806 :
1395 755 1501 818 Qui
1518 769 1631 807 non
1653 751 1870 820 bajulat

208 853 427 891 crucem
483 855 644 894 suam
701 847 755 894 et
811 843 956 896 venit
1000 848 1126 912 post
1181 859 1285 909 me,
1343 859 1456 898 non
1490 847 1672 913 potest
1721 855 1871 896 meus

205 943 313 981 esse
345 928 657 999 discipulus
685 929 752 996 ⁸⁸,
803 931 946 986 satis
1005 932 1317 987 commode
1375 932 1573 987 dicere
1630 930 1868 1002 potuit:

209 1039 234 1065 ι(
265 1019 432 1072 Tunc
469 1034 571 1072 ero
603 1018 936 1090 discipulus
969 1037 1139 1076 verus
1183 1023 1323 1078 Jesu
1370 1020 1609 1089 Christi,
1635 1019 1871 1091 quando

205 1123 408 1176 neque
441 1124 659 1178 corpus
690 1125 889 1164 meum
943 1111 1201 1166 mundus
1259 1111 1499 1176 videbit,
1532 1132 1561 1160 ››
1620 1111 1733 1164 hoc
1762 1113 1871 1172 est,

207 1195 454 1264 quando
489 1196 745 1252 maxime
776 1198 913 1253 Jesu
959 1198 1192 1254 Christo
1251 1199 1574 1255 conformis
1601 1199 1768 1253 fuero
1817 1203 1875 1250 et

204 1287 449 1354 Agnum
482 1287 926 1357 sequar.Neque
949 1289 1108 1344 enim
1130 1288 1266 1344 inde
1290 1287 1559 1359 sequitur
1572 1287 1874 1342 neminem

205 1377 429 1430 Christi
464 1377 825 1448 discipulum
852 1381 1180 1452 esse,cujus
1211 1397 1426 1452 corpus
1455 1397 1576 1435 non
1592 1379 1874 1435 fueritve!

202 1464 542 1521 bestiarum
576 1467 666 1521 vel
699 1468 1077 1524 ﬂammarum
1099 1471 1152 1524 vi
1213 1470 1616 1540 absumptum,
1649 1469 1788 1540 quia
1819 1473 1876 1522 et

203 1553 316 1609 hac
379 1556 606 1628 insigni
661 1562 720 1612 et
771 1557 890 1613 alia
940 1559 1170 1614 ratione
1259 1558 1374 1614 dici
1460 1559 1592 1629 quis
1677 1561 1876 1628 potest

205 1645 429 1699 Christi
465 1644 810 1717 discipulus.
871 1649 938 1702 Ut
994 1649 1380 1704 vetustissimi
1412 1649 1781 1702 Viennenses
1816 1650 1875 1700 et

207 1731 639 1804 Lugdunenses
671 1735 1010 1802 Christiani,
1045 1736 1118 1791 de
1176 1737 1364 1791 Vettio
1412 1736 1733 1808 Epagatho,
1767 1734 1870 1805 qui

206 1836 503 1900 tanquam
521 1831 836 1887 advocatus
857 1833 1332 1890 Christianorum
1352 1835 1509 1888 ultro
1526 1849 1736 1904 passus
1755 1838 1874 1901 est,

1975 657 2186 725 miero,
2219 656 2506 713 molestus
2553 658 2831 727 cuiquam
2863 657 3151 713 inveniar.
3184 679 3213 708 »
3243 660 3403 717 Hanc
3466 667 3626 717 certe

1975 762 2210 818 gravem
2242 753 2300 801 et
2331 751 2490 802 tanto
2521 747 2644 801 viro
2666 746 2904 817 dignam
2927 747 3218 803 rationem
3232 749 3520 819 putabant
3533 768 3634 807 an-

1976 836 2298 907 tiquissimi
2328 836 2777 906 Christiani,qui
2798 837 3006 908 Ignatii
3039 842 3332 908 tempora,
3357 845 3415 893 et
3435 839 3629 910 ipsum

1979 927 2157 981 etiam
2183 930 2504 997 martyrem
2557 925 2777 996 optime
2835 927 3067 981 novisse
3121 933 3460 985 censentur.
3493 930 3629 984 Haec

1979 1015 2139 1070 enim
2181 1014 2433 1088 legimus
2473 1015 2536 1070 in
2589 1015 3005 1070 vetustissimis
3065 1015 3193 1085 ejus
3244 1018 3446 1072 Actis:
3481 1041 3500 1066 ι
3540 1020 3634 1074 Sic

1977 1105 2184 1160 bestiis
2215 1104 2555 1160 crudelibus
2585 1105 2656 1159 ab
2688 1104 2885 1176 impiis
2913 1105 3412 1176 apponebatur,ut
3432 1109 3630 1163 confe-

1981 1193 2119 1248 stim
2140 1193 2328 1249 sancti
2353 1193 2628 1264 martyris
2648 1193 2858 1265 Ignatii
2903 1195 3303 1264 compleretur
3351 1196 3634 1252 desideri-

1980 1299 2104 1351 um,
2138 1283 2466 1338 secundum
2492 1283 2649 1354 quod
2671 1283 2959 1354 scriptum
2981 1289 3102 1338 est:
3126 1286 3467 1341 Desiderium
3487 1289 3634 1356 justi

1981 1373 2336 1443 acceptabile,
2370 1378 2434 1426 ut
2465 1372 2542 1426 sit
2559 1372 2709 1426 nulli
2735 1372 2984 1427 fratrum
3002 1375 3193 1444 gravis
3210 1391 3315 1445 per
3338 1374 3633 1432 collectio~

1972 1478 2118 1530 nem
2151 1461 2560 1532 reliquiarum,
2597 1462 2926 1516 secundum
2949 1463 3107 1532 quod
3129 1480 3546 1535 praeoccupans
3569 1465 3630 1519 in

1982 1549 2230 1621 epistola
2249 1549 2552 1621 propriam
2574 1550 2941 1621 concupiscit
2963 1550 3088 1604 ﬁeri
3107 1551 3472 1606 fruitionem.
3491 1574 3519 1600 ››

2052 1641 2180 1696 Haec
2212 1641 2391 1712 igitur
2419 1641 2623 1695 omnia
2652 1657 2787 1695 cum
2837 1641 2954 1710 pia,
2988 1641 3274 1712 legitima,
3319 1642 3624 1713 praeclara,

1982 1730 2260 1802 martyris
2291 1730 2669 1801 cogitatione,
2702 1730 2948 1784 consilio
2981 1736 3038 1784 et
3069 1748 3246 1802 opere
3277 1733 3422 1788 satis
3453 1731 3629 1804 digna

1982 1836 2110 1874 esse
2143 1819 2475 1884 videantur,
2507 1835 2714 1874 vereor
2767 1836 2841 1874 ne
2895 1819 3166 1874 odiosum
3215 1821 3292 1874 sit
3338 1838 3624 1889 asserere,

208 1919 586 1988 loquuntur:
621 1921 722 1975 Ἦν
771 1921 876 1996 γὰρ
924 1922 1014 1976 καὶ
1071 1915 1182 1976 ἔστι
1233 1923 1460 1998 γνήσιος
1489 1922 1725 1995 Χριστοῦ
1768 1941 1855 1991 μα-

1994 1917 2137 1964 [ιεωο
2169 1909 2483 1980 epistolam
2514 1925 2635 1962 non
2652 1907 2770 1963 alia
2787 1908 2857 1962 de
2880 1924 3058 1964 causa
3070 1909 3144 1964 ad
3175 1911 3470 1965 Romanos
3485 1911 3626 1965 scri-

207 2007 384 2075 Θητὴς
413 2006 742 2071 ἀκολουθῶν
785 2013 866 2081 τῷ
902 2009 1070 2084 ἀρνίῳ
1110 2009 1248 2065 ὅπου
1305 2009 1368 2064 ἄν
1430 2011 1637 2086 ὑπάγῃ.
1679 2033 1707 2061 ‹‹
1739 2011 1872 2065 Fuit

205 2098 368 2152 enim
403 2103 469 2152 et
498 2103 589 2152 est
615 2115 936 2171 germanus
965 2099 1180 2155 Christi
1230 2099 1559 2172 discipulus
1606 2115 1867 2170 sequens

203 2192 442 2259 Agnum
475 2205 832 2260 quocunque
864 2191 1058 2246 ierit.»
1088 2189 1376 2246 Eusebius
1406 2189 1508 2244 lib.
1560 2206 1613 2254 v,
1647 2205 1774 2260 cap.
1810 2190 1863 2246 1.

195 2277 474 2331 Christus
502 2292 603 2332 eos
633 2283 803 2333 vocat
830 2279 1074 2342 amicos,
1109 2280 1210 2350 qui
1249 2279 1618 2334 voluntatem
1651 2279 1752 2332 Dei
1783 2278 1862 2333 fa-

198 2365 388 2431 ciunt,
414 2366 530 2420 hoc
564 2372 652 2421 est
680 2369 780 2437 qui
813 2368 962 2422 servi
995 2369 1123 2438 ejus
1148 2373 1324 2435 sunt;
1359 2373 1418 2422 et
1449 2373 1646 2423 tamen
1667 2368 1721 2422 S.
1747 2368 1858 2438 Cy-

198 2455 452 2524 prianus
484 2471 604 2510 non
630 2455 706 2510 ad
736 2462 1085 2527 martyrium
1106 2457 1468 2520 exhortatur,
1498 2461 1564 2510 ut
1587 2455 1688 2526 qui
1711 2455 1860 2510 servi

197 2544 299 2597 Dei
351 2560 588 2612 sumus,
621 2545 808 2599 simus
860 2550 919 2601 et
945 2545 1142 2610 amici,
1193 2550 1251 2600 et
1307 2544 1584 2600 omnibus
1637 2543 1862 2598 viribus

197 2633 640 2688 elaborandum
672 2651 801 2690 esse
822 2635 1014 2702 docet,
1047 2641 1113 2689 ut
1169 2635 1303 2704 quis
1335 2651 1403 2690 eo
1435 2634 1612 2689 modo
1634 2633 1862 2688 amicus

196 2722 299 2776 Dei
335 2723 464 2776 ﬁat.
499 2723 641 2786 Quis
672 2729 871 2778 tamen
905 2724 1043 2778 inde
1091 2723 1330 2795 colligat
1386 2723 1710 2789 neminem,
1744 2722 1860 2776 nisi

195 2818 336 2880 post
370 2818 695 2872 tormenta.
729 2813 983 2868 amicum
1022 2813 1119 2866 Dei
1179 2829 1308 2867 esse
1364 2828 1534 2883 posse
1567 2811 1594 2866 ‘l
1625 2813 1861 2866 Veteres

198 2909 288 2963 illi
314 2911 379 2964 in
413 2911 722 2967 Gallicana
765 2912 1030 2967 Ecclesia
1059 2917 1350 2982 martyres
1369 2911 1599 2966 nobiles
1649 2910 1712 2965 in
1741 2910 1862 2981 pri-

199 3000 487 3066 mis,cum
521 3000 593 3055 ab
625 3001 900 3056 omnibus
930 3001 1210 3056 fratribus
1233 3006 1367 3072 post
1387 3000 1577 3056 multa
1605 3006 1863 3055 tormen-

203 3094 260 3142 ta
270 3095 458 3158 atque
471 3089 769 3144 cruciatus
787 3090 1027 3145 nomine
1049 3095 1376 3162 martyrum
1396 3088 1862 3160 appellarentur,

199 3177 353 3230 illud
385 3179 785 3244 recusabant;
819 3180 938 3234 imo
971 3180 1198 3250 eos,qui
1229 3179 1319 3233 vel
1340 3193 1612 3233 sermone
1627 3176 1712 3231 vel
1733 3177 1862 3247 epi-

202 3267 375 3320 stolis
409 3269 570 3338 ipsos
599 3285 666 3322 eo
698 3268 864 3323 titulo
898 3267 1288 3335 honorabant,
1316 3267 1709 3338 objurgabant
1729 3281 1856 3336 gra—

199 3357 352 3410 viter
385 3373 397 3423 ;
433 3362 768 3411 asserentes
798 3358 1094 3412 Christum
1130 3358 1322 3412 solum
1353 3373 1481 3412 esse
1513 3361 1855 3426 martyrem,
1897 3325 1939 3390 Ο

200 3452 258 3499 et
289 3463 394 3500 eos
427 3447 605 3501 etiam
628 3464 776 3517 quos
805 3447 906 3502 ille
935 3447 1206 3519 dignatus
1233 3452 1322 3501 est
1349 3445 1594 3514 assumi,
1627 3450 1686 3498 et
1711 3461 1850 3514 quo-

201 3551 338 3588 rum
361 3535 586 3588 exitum
615 3534 738 3605 ipse
769 3535 1114 3607 obsignavit.
1165 3534 1281 3588 Alii
1314 3540 1510 3588 tamen
1568 3549 1689 3587 non
1720 3531 1858 3585 inde

202 3623 566 3695 colligebant
579 3640 679 3678 eos
701 3624 801 3694 qui
835 3624 1012 3678 ﬁdem
1045 3623 1442 3678 Christianam
1465 3637 1663 3676 coram
1676 3619 1857 3692 genti-

199 3713 361 3770 libus
393 3729 523 3768 cum
555 3714 684 3767 vita;
717 3713 1062 3768 discrimine
1095 3712 1345 3784 professi
1377 3715 1536 3775 sunt,
1570 3716 1630 3764 et
1650 3725 1860 3779 quam-

202 3803 468 3874 plurima
498 3808 796 3857 tormenta
822 3803 1085 3874 perpessi
1110 3800 1506 3869 sunt,etiamsi
1530 3800 1860 3853 intormen-

208 3893 280 3946 tis
304 3909 423 3946 non
446 3897 1137 3962 morerentur,martyres
1151 3889 1534 3961 appellandos
1552 3905 1672 3943 non
1689 3904 1818 3942 esse
1840 3904 1854 3953 ;

205 3987 308 4034 aut
329 3981 656 4036 catholicos
686 3981 788 4051 qui
815 3981 949 4035 illos
1003 3979 1268 4051 epistolis
1326 3984 1428 4034 aut
1459 3993 1734 4033 sermone
1767 3992 1854 4031 sa-

203 4069 498 4137 lutabant,
534 4071 732 4125 minus
765 4070 1003 4141 proprie
1033 4087 1132 4124 eos
1164 4068 1475 4124 salutasse.
1509 4066 1676 4122 Tales
1697 4065 1858 4120 enim

200 4161 356 4217 viros
389 4178 456 4216 ac
488 4167 655 4217 tanta
679 4178 786 4232 pro
817 4160 1045 4215 Christo
1077 4176 1302 4231 passos,
1354 4157 1588 4212 etiamsi
1642 4158 1706 4210 in
1737 4161 1860 4210 tor-

199 4251 420 4305 mentis
449 4267 573 4304 non
603 4249 1088 4313 obdormiverint,
1113 4247 1381 4302 novimus
1401 4261 1637 4317 semper
1666 4244 1737 4300 ab
1760 4260 1860 4298 an-

199 4341 383 4410 tiquis
411 4346 470 4394 et
499 4339 713 4393 merito
746 4344 1036 4408 martyres
1064 4335 1390 4408 appellatos
1419 4335 1622 4390 fuisse.

269 4439 400 4492 lam
431 4453 566 4491 vero
599 4437 773 4492 tertia
803 4436 1068 4506 exceptio
1099 4435 1273 4506 plane
1307 4432 1479 4487 nihili
1512 4438 1602 4488 est
1630 4447 1857 4502 :neque

203 4527 536 4598 quidquam
581 4526 808 4598 Ignatio
843 4525 1153 4596 indignum
1184 4523 1472 4579 continet.
1504 4520 1670 4586 Quod
1699 4521 1859 4576 enim

1978 2003 2141 2070 ptam
2173 2014 2508 2069 esse,quam
2539 2004 2605 2052 ut
2635 1998 2739 2053 has
2761 1998 2866 2052 viri
2897 1998 3114 2071 glorias
3136 1999 3404 2054 viderent
3424 2006 3484 2054 et
3503 2005 3626 2054 stu-

1972 2092 2202 2159 perent.
2235 2088 2401 2143 Certe
2434 2105 2483 2142 ει
2514 2087 2640 2142 haec
2672 2087 2935 2157 legitima
2982 2093 3042 2142 et
3070 2089 3171 2159 pia
3199 2089 3338 2156 sint,
3369 2105 3479 2143 nec
3509 2089 3624 2144 im-

1973 2181 2274 2247 postorem
2305 2176 2447 2231 talia
2477 2193 2772 2243 exarasse,
2804 2193 2915 2231 nec
2967 2176 3083 2230 alio
3142 2177 3342 2232 animo
3392 2194 3461 2232 ea
3487 2178 3626 2233 scri-

1972 2267 2160 2336 psisse
2191 2267 2636 2321 sanctissimum
2667 2271 2988 2338 martyrem
3045 2283 3153 2338 par
3209 2272 3300 2320 est
3355 2267 3619 2336 credere,

1972 2372 2150 2426 quam
2177 2361 2243 2411 ut
2271 2356 2478 2412 eadem
2509 2358 2805 2412 Romanos
2839 2357 3058 2427 pietate
3090 2356 3402 2424 imbueret,
3439 2357 3511 2412 ad
3543 2357 3625 2411 si-

1970 2445 2175 2500 milem
2207 2450 2579 2500 terrenarum
2592 2461 2793 2500 rerum
2807 2450 3212 2517 contemptum
3233 2452 3624 2517 permoveret,

1969 2533 2043 2589 ad
2074 2535 2577 2606 exspectationem
2598 2535 2810 2589 futuras
2840 2535 2976 2589 vita)
3006 2535 3626 2607 erigeret,admortem

1971 2623 2248 2693 denique,
2283 2624 2330 2678 si
2350 2625 2466 2678 Deo
2485 2623 2566 2678 ita
2584 2624 2771 2678 visum
2806 2623 3003 2690 fuerit,
3037 2641 3141 2694 pro
3161 2624 3273 2678 fide
3291 2625 3623 2680 Christiana

1971 2728 2106 2766 cum
2138 2727 2372 2767 summa
2429 2712 2734 2767 alacritate
2767 2713 3165 2783 oppetendam
3213 2713 3523 2769 animaret.
3555 2714 3619 2767 In

1973 2801 2188 2871 quibus
2221 2800 2372 2854 nihil
2395 2800 2848 2871 putidum,nihil
2878 2801 3167 2869 odiosum,
3202 2801 3354 2855 nihil
3383 2801 3618 2869 inscite,

1972 2894 2074 2944 aut
2103 2888 2517 2960 imprudenter
2547 2890 2835 2960 scriptum
2866 2894 2973 2945 est.

2630 2980 2861 3034 CAPUT
2899 2980 2966 3035 X.

1980 3069 2262 3122 Veracitas
2290 3069 2347 3123 S.
2403 3067 2606 3136 Ignatii
2650 3068 2989 3135 defenditur.
3033 3069 3178 3132 Quid
3222 3071 3295 3123 sit
3324 3071 3468 3122 πᾶσα
3500 3066 3615 3122 ἐπι-

2045 3136 2219 3207 στολή
2253 3140 2584 3208 explicatur.
2642 3140 2899 3208 Epistolz
2931 3139 2986 3195 S.
3039 3141 3202 3194 Pauli
3232 3141 3305 3194 ad
3357 3141 3616 3210 Ephesios

2041 3217 2246 3265 natura
2274 3212 2571 3280 singularis
2602 3211 2944 3265 describitur.
2984 3212 3128 3265 Vera
3158 3211 3317 3266 lectio
3356 3219 3406 3265 et
3427 3219 3613 3267 aucto-

2044 3285 2140 3348 ris,
2172 3288 2223 3336 et
2253 3282 2418 3349 inter;
2440 3283 2662 3336 olatoris
2692 3285 2971 3337 asseritur.
3016 3285 3219 3337 Auctor
3249 3284 3610 3352 epistolarum

2038 3370 2145 3407 non
2171 3355 2305 3408 dicit
2333 3370 2386 3408 se
2419 3353 2706 3408 Christum
2737 3359 2795 3408 in
2824 3370 2988 3408 carne
3016 3355 3230 3409 vidisse.
3257 3357 3431 3411 Graeci
3459 3355 3612 3409 codi-

2036 3441 2117 3480 ces
2147 3441 2349 3491 omnes,
2409 3432 2460 3478 et
2517 3431 2756 3479 veterum
2805 3432 3067 3494 excerpta
3123 3421 3270 3495 orsa,
3332 3442 3441 3481 non
3468 3422 3611 3478 εἶδον

2037 3503 2358 3564 agnoscunt.
2398 3498 2651 3565 Rufﬁnus
2678 3503 2726 3550 et
2784 3497 3005 3551 librarii
3063 3504 3269 3552 textum
3307 3496 3613 3567 corrupisse

2036 3568 2176 3622 male
2215 3569 2496 3622 dicuntur.
2555 3567 2878 3636 Hieronymi
2907 3573 3210 3623 auctoritas
3247 3572 3306 3623 in
3335 3570 3612 3623 vertendis

2037 3640 2240 3695 Graecis
2272 3646 2429 3693 tanta
2456 3654 2565 3691 non
2597 3647 2694 3704 est,
2727 3645 2787 3692 ut
2818 3641 3131 3694 Graecorum
3184 3643 3427 3694 omnium
3453 3642 3612 3694 colli-

2034 3727 2156 3766 cum
2182 3711 2343 3779 fidem
2372 3713 2431 3763 in
2462 3710 2691 3764 dubium
2738 3717 2905 3764 vocet.
2942 3714 3190 3779 Hugonis
3220 3712 3402 3766 Grotii
3429 3712 3612 3781 expli-

2035 3781 2181 3836 catio
2228 3781 2568 3849 defenditur.
2628 3785 2756 3846 Quos
2815 3782 3085 3836 habentur
3143 3785 3199 3835 in
3256 3784 3488 3851 epistola
3544 3783 3610 3836 de

2033 3853 2190 3907 stella
2217 3852 2395 3921 magis
2423 3853 2560 3918 visa,
2592 3858 2786 3905 temere
2814 3854 3017 3921 scripta
3060 3869 3167 3905 non
3219 3861 3367 3907 sunt.
3401 3854 3608 3907 Eadem

2027 3925 2263 3994 plurimi
2293 3925 2351 3977 in
2380 3924 2621 3977 Ecclesia
2649 3924 2819 3976 secuti
2846 3930 2992 3977 sunt.
3035 3923 3314 3978 Christum
3364 3925 3531 3977 edisse
3557 3930 3608 3977 et

2037 3994 2230 4049 bibisse
2245 4001 2374 4064 post
2402 3997 2852 4048 resurrectionem
2881 4010 2990 4048 non
3019 3995 3161 4047 male
3192 3995 3470 4048 asseritur.

2034 4084 2234 4154 Capite
2266 4086 2330 4137 19
2362 4083 2436 4137 ad
2479 4082 2595 4138 alia
2625 4082 2892 4153 procedit
2919 4098 2954 4137 a
2983 4083 3295 4136 veracitate
3326 4088 3384 4136 et
3404 4098 3606 4138 rerum

1964 4174 2298 4228 divinarum
2320 4173 2656 4246 cognitione
2673 4171 2867 4228 aliena
2891 4190 2904 4240 ;
2925 4189 3056 4244 qua)
3071 4171 3308 4243 quidem
3325 4173 3436 4227 tria
3448 4178 3608 4240 sunt,

1964 4279 2217 4333 quorum
2245 4263 2358 4317 duo
2390 4262 2464 4317 ab
2495 4260 2942 4332 interpolatore,
2965 4277 3149 4316 unum
3180 4278 3214 4316 a
3245 4266 3448 4316 nostro
3472 4278 3609 4332 pro-

1963 4351 2277 4415 fert.Quod
2307 4368 2337 4406 e
2362 4355 2564 4405 nostro
2587 4350 2758 4405 affert
2783 4350 2894 4405 hoc
2925 4356 3015 4404 est
3038 4368 3052 4406 :
3072 4373 3100 4400 «
3123 4351 3439 4422 Scripsisse
3471 4367 3607 4406 eum

1964 4441 2115 4496 falso
2133 4440 2207 4495 ad
2241 4441 2521 4512 Ephesios
2554 4441 2803 4495 Paulum
2835 4441 3169 4511 apostolum
3197 4441 3258 4495 in
3288 4441 3449 4496 omni
3481 4441 3610 4511 epi-

1965 4529 2115 4584 stola
2144 4531 2494 4584 memoriam
2527 4546 2729 4585 eorum
2762 4531 2954 4585 facere
2973 4530 3034 4584 in
3063 4531 3086 4584 J
3097 4547 3200 4586 esu
3229 4531 3610 4586 Christo.»An

203 4624 388 4688 optat,
423 4617 506 4670 ita
544 4617 737 4672 vorari
771 4621 946 4685 atque
977 4613 1210 4669 absumi
1237 4628 1446 4668 omnes
1476 4611 1566 4666 sui
1597 4610 1861 4681 corporis
1895 4690 1916 4691 ί
1966 4618 2092 4673 haec
2121 4625 2319 4674 autem
2349 4619 2498 4674 falso
2530 4619 2749 4690 scripta
2767 4624 2905 4674 sunt
2928 4621 3085 4674 ‘lnon
3108 4619 3609 4691 credo:quomodo

203 4706 550 4777 particulas,
583 4711 650 4759 ut
677 4720 881 4759 earum
904 4703 1054 4758 nihil
1084 4701 1160 4758 ad
1189 4701 1558 4773 sepulturam
1579 4701 1856 4770 supersit,
1887 4690 1934 4754 Ι)
1966 4707 2176 4778 probat
2202 4709 2289 4762 vir
2318 4709 2697 4764 doctissimus
2717 4708 2746 4762 ‘2
2775 4724 2849 4762 ne
2883 4724 3001 4763 uno
3063 4708 3303 4778 quidem
3348 4707 3606 4762 verbulo.

203 4796 263 4850 id
283 4813 318 4850 a
349 4796 572 4866 pietate
602 4792 1166 4848 consummatissimi
1199 4791 1497 4862 martyris,
1531 4794 1590 4844 et
1617 4788 1859 4859 quidem

201 4885 389 4955 ipsius
420 4883 635 4954 Ignatii
674 4881 923 4937 minime
953 4881 1250 4936 abhorret.
1297 4877 1634 4933 Asserimus
1665 4877 1857 4947 ipsum

199 4973 498 5045 lgnatium
523 4972 830 5043 scripsisse
854 4987 868 5026 :
903 4993 922 5019 ι
949 4972 1336 5025 Frumentum
1357 4983 1490 5024 sum
1510 4967 1637 5034 Dei,
1665 4972 1721 5021 et
1753 4981 1859 5036 per

200 5062 412 5118 dentes
441 5061 771 5116 bestiarum
805 5059 1087 5124 molor,ut
1114 5057 1375 5114 mundus
1395 5056 1566 5127 panis
1592 5055 1858 5110 inveniar

197 5151 453 5216 Christi;
480 5171 510 5199 »
536 5150 755 5205 fatetur
811 5149 1068 5204 Dallaaus
1099 5148 1225 5202 huic
1254 5145 1545 5218 Ignatium
1585 5144 1802 5200 dixisse
1839 5163 1852 5213 ;

196 5241 403 5297 laudat
433 5241 694 5295 Irenams
740 5244 1026 5308 tanquam
1082 5235 1546 5308 pulcherrimam
1579 5234 1854 5304 martyris

198 5340 595 5405 sententiam;
627 5337 778 5392 nihil
807 5335 989 5408 igitur
1008 5335 1070 5389 in
1097 5350 1168 5389 ea
1197 5332 1492 5389 sententia
1512 5332 1632 5386 viro
1664 5332 1854 5385 maxi-

198 5447 292 5486 mo
313 5429 627 5502 indignum
650 5426 882 5483 censeri
913 5424 1106 5480 debet.
1138 5426 1209 5478 At
1268 5422 1588 5493 quomodo,
1621 5420 1848 5486 amabo,

197 5525 486 5590 tanquam
516 5518 882 5572 frumentum
913 5529 1020 5585 per
1037 5511 1245 5568 dentes
1266 5511 1589 5566 bestiarum
1603 5509 1852 5564 molere-

194 5615 290 5664 tur
315 5615 381 5664 ut
410 5607 581 5678 panis
611 5603 927 5672 fieret,nisi
959 5618 1166 5658 omnes
1195 5600 1460 5673 corporis
1481 5597 1785 5671 particula
1816 5614 1851 5653 a

191 5700 403 5757 bestiis
432 5698 556 5754 illis
576 5694 997 5752 vorareutur‘h
1023 5692 1174 5748 Audi
1195 5691 1575 5760 vero,inquit,
1615 5704 1850 5761 gravem

261 5789 313 5830 ³⁸
333 5787 485 5851 Ibid.
517 5791 606 5848 2'1.

1971 4796 2198 4853 Siccine
2213 4795 2797 4852 decetChristianum
2808 4837 2820 4861 ,
2843 4796 3119 4851 falsitatis
3133 4797 3616 4866 antiquissimum

1971 4885 2317 4955 scriptorem
2349 4885 2716 4949 insimulare,
2747 4889 2807 4939 et
2835 4884 3232 4939 accusationis
3257 4883 3483 4938 nullam
3505 4899 3618 4937 om-

1967 4974 2110 5029 nino
2140 4975 2433 5030 rationem
2462 4974 2709 5028 reddere
2728 4973 2756 5027 ‘l
2787 4972 2945 5028 Fecit
2983 4973 3092 5027 hoc
3122 4977 3259 5026 ante
3277 4988 3413 5026 eum
3435 4971 3610 5026 Blon-

1966 5063 2178 5133 dellus,
2239 5063 2636 5134 objectionem
2667 5063 2826 5117 nuda
2884 5061 3210 5134 quastione
3251 5060 3559 5132 praposuit
3594 5077 3608 5115 :

1967 5172 1995 5201 ‹‹
2028 5155 2117 5207 An
2145 5167 2281 5206 vere
2312 5150 2384 5206 de
2433 5151 2702 5220 Ephesiis
2768 5151 3075 5223 scriptum,
3137 5146 3349 5209 Ηαῦλος
3377 5145 3430 5202 ἐν
3459 5146 3603 5221 πάσῃ

1963 5237 2226 5312 ἐπιστολῇ
2264 5237 2593 5312 μνημονεύει
2628 5237 2779 5310 ὑμῶν
2815 5258 2828 5306 ς
2860 5263 2886 5290 ››
2921 5241 3133 5313 qumrit
3171 5257 3246 5296 an
3275 5255 3431 5306 vere,
3465 5238 3603 5294 sub-

1963 5332 2186 5388 indicat
2215 5332 2362 5387 falso
2387 5330 2668 5401 scriptum
2705 5345 2718 5395 ;
2751 5330 2812 5384 in
2863 5348 2977 5401 quo
3034 5331 3261 5386 falsitas
3311 5329 3600 5395 consistit,

1961 5438 2082 5476 non
2115 5421 2393 5477 ostendit.
2456 5418 2810 5474 Mentionem
2860 5418 3072 5474 fecisse
3127 5420 3515 5492 Ephesiorum
3546 5418 3602 5473 S.

1960 5510 2210 5566 Paulum
2242 5515 2409 5565 extra
2443 5507 2690 5564 dubium
2721 5510 2831 5573 est,
2865 5512 2921 5562 et
2950 5506 3190 5576 quidem
3209 5510 3270 5562 in
3307 5507 3557 5580 epistola
3589 5523 3602 5562 :

1961 5599 2062 5655 illa
2092 5606 2292 5655 tamen
2323 5599 2630 5671 Ignatiana
2659 5597 2828 5665 falsa,
2859 5600 2923 5650 ut
2972 5595 3204 5664 opinor,
3238 5598 3600 5665 existimant,

1960 5689 2114 5759 quod
2149 5690 2210 5745 in
2241 5688 2405 5746 omni
2451 5687 2699 5760 epistola
2754 5686 2812 5740 id
2862 5700 2980 5740 non
3029 5682 3236 5739 fecerit
3267 5701 3280 5752 ;
3313 5687 3604 5758 putabant
