3942 6302
358 417 472 477 3³75

1412 413 1476 474 S.
1523 412 1908 475 IGNATIUS.
1955 425 2033 455 -‘-
2073 406 2690 472 PROLEGOMENA.

3644 393 3766 466 376

359 552 520 607 enim
552 573 580 602 «
609 550 671 607 in
703 550 863 607 omni
897 552 1188 625 epistola»
1214 550 1371 607 idem
1403 567 1533 606 esse
1565 550 1722 622 quod
1749 573 1769 599 ι
1796 551 1856 604 in
1874 567 2004 605 om-
2035 554 2090 620 Α
2119 549 2237 620 psit
2265 548 2320 604 S.
2353 548 2634 620 Ignatius,
2666 550 2722 604 S.
2757 544 3002 603 Paul-um
3027 546 3087 601 in
3119 548 3241 602 tota
3272 545 3521 618 epistola
3541 566 3769 606 memo-

360 641 536 696 nibus
568 641 849 712 epistolis.
876 663 904 692 »
936 642 1047 696 Sed
1080 642 1296 697 mirum
1335 641 1504 696 nobis
1528 641 1876 712 scriptorem
1909 655 2004 694 re-

360 734 755 800 praesentant;
790 731 908 784 sive
938 730 986 784 is
1010 731 1288 801 lgnatius,
1322 730 1440 784 sive
1473 729 1604 799 quis
1631 728 1784 783 alius
1804 726 1999 782 fuerit.

361 818 500 883 Quis
525 820 686 874 enim
715 819 803 874 vel
835 819 941 874 sub
973 820 1244 890 Trajano,
1306 819 1395 873 vel
1453 818 1560 872 sub
1618 817 2004 872 Constantino

363 909 447 962 sic
481 909 811 965 scriberet?
841 913 928 964 An
963 911 1226 965 fictorem
1261 923 1433 964 suum
1465 909 1644 963 talem
1670 907 1860 962 virum
1892 907 2008 962 ﬁn-

361 1014 496 1070 gere
528 1006 872 1070 potuerunt,
905 1001 1002 1071 qui
1039 1001 1092 1054 S.
1119 999 1367 1054 Paulum
1413 999 1474 1052 in
1528 997 1804 1052 omnibus
1862 1013 2007 1067 quas

363 1089 600 1159 scripsit
628 1090 896 1160 epistolis
926 1090 1314 1160 Ephesiorum
1339 1088 1682 1143 meminisse
1697 1086 2007 1158 putaverit,

361 1185 461 1233 aut
491 1178 666 1233 talem
698 1179 1056 1234 sententiam
1084 1178 1306 1250 lgnatio
1339 1178 1597 1232 tribuere
1629 1193 1698 1231 ex
1719 1174 2012 1230 industria

360 1268 654 1322 voluerit?
677 1267 802 1323 Sive
829 1268 1032 1323 Latina
1054 1273 1302 1338 spectes,
1337 1289 1364 1315 «
1399 1267 1458 1321 in
1483 1266 1643 1322 omni
1675 1265 1946 1336 epistola,
1981 1286 2010 1314 ››

363 1357 482 1410 sive
505 1358 724 1423 Graaca,
775 1355 828 1410 ἐν
885 1363 1028 1429 πάσῃ
1088 1353 1374 1428 ἐπιστολῇ,
1422 1356 1583 1411 aliud
1642 1356 1886 1410 omnino
1913 1371 2010 1410 so-

363 1454 528 1514 nant,
561 1448 719 1502 idem
742 1465 956 1520 nempe
988 1447 1146 1518 quod
1168 1449 1228 1501 in
1260 1451 1384 1502 tota
1414 1446 1678 1518 epistola.
1731 1445 1899 1500 Certe
1952 1444 2010 1500 S.

362 1537 589 1608 Ignatio
611 1540 754 1589 πᾶσα
781 1535 1074 1605 ἒπιστολή,
1102 1542 1189 1591 est
1222 1557 1246 1588 α
1279 1542 1400 1591 tota
1423 1537 1690 1608 epistola,
1727 1557 1754 1584 »
1775 1539 1842 1589 ut
1870 1536 2014 1587 πᾶσα

364 1622 689 1695 Ἐκκλησία,
724 1648 752 1675 ‹‹
786 1631 907 1681 tota
935 1625 1268 1681 Ecclesia.»
1294 1627 1378 1680 lta
1395 1626 1556 1680 enim
1586 1623 2013 1696 Ephesiosipse

366 1717 692 1786 alloquitur
741 1735 753 1771 :
802 1714 864 1770 Et
923 1715 1023 1789 γὰρ
1088 1714 1207 1777 ἑνὸς
1279 1714 1368 1768 καὶ
1423 1711 1672 1788 δευτέρου
1728 1714 2010 1791 προσευχὴ

364 1804 632 1875 τοσαύτην
674 1805 828 1880 ἰσχὺν
864 1802 1001 1878 ἔχει,
1034 1804 1188 1876 πόσῳ
1251 1801 1465 1876 μᾶλλον
1514 1804 1549 1874 ἢ
1581 1823 1639 1858 τε
1668 1808 1764 1857 τοῦ
1795 1802 2017 1858 ἐπισκό-

2113 638 2262 693 riam
2293 654 2498 693 eorum
2528 639 2722 694 facere
2754 639 2814 692 in
2835 639 2970 692 Iesu
2992 637 3223 692 Christo
3245 637 3272 690 ‘2
3295 637 3428 693 Haac
3445 655 3478 693 a
3503 646 3768 712 martyre

2115 745 2234 783 non
2265 728 2452 784 otiose
2484 732 2585 783 aut
2615 727 2844 799 frigide,
2880 727 2982 782 sed
3015 744 3172 794 vere,
3213 727 3330 782 imo
3375 729 3682 800 signanter
3714 736 3802 785 et-

2113 817 2423 890 vigilanter
2443 818 2600 872 dicta
2627 823 2784 872 sunt.
2821 818 2960 872 Tota
2992 816 3152 871 enim
3185 817 3438 889 epistola
3475 819 3549 873 ad
3573 820 3776 890 Ephe-

2116 908 2235 961 sios
2267 907 2504 978 scripta,
2536 907 2693 978 ipsos
2727 907 3027 978 Ephesios,
3053 923 3376 978 eorumque
3398 908 3684 964 honorem
3714 915 3782 964 et

2117 1012 2319 1051 curam
2354 996 2606 1051 maxime
2639 1001 2960 1066 spectat,et
2990 1012 3219 1050 summe
3250 996 3639 1053 honoriﬁcam
3665 1014 3779 1054 eo-

2118 1103 2249 1140 rum
2282 1085 2631 1139 memoriam
2682 1084 2755 1139 ad
2812 1090 3078 1155 posteros
3136 1087 3502 1141 transmittit.
3539 1089 3603 1141 In
3635 1088 3778 1142 aliis

2120 1175 2386 1246 epistolis
2418 1174 2735 1246 Apostolus
2757 1190 2857 1229 eos
2884 1174 2956 1228 ad
2987 1189 3135 1244 quos
3157 1176 3544 1248 scribit,saepe
3557 1178 3782 1232 acriter

2121 1265 2520 1337 objurgat,aut
2543 1269 2699 1319 certe
2723 1264 2881 1318 haud
2903 1264 3166 1332 omnino,
3190 1265 3281 1319 vel
3314 1283 3490 1336 parce
3513 1266 3721 1322 laudat
3767 1283 3780 1332 ;

2120 1355 2210 1408 vel
2241 1355 2312 1409 de
2346 1354 2520 1408 rebus
2553 1354 2626 1408 ad
2658 1353 2833 1409 ﬁdem
2879 1355 3332 1424 pertinentibus,
3363 1362 3464 1410 aut
3511 1356 3582 1410 de
3617 1374 3783 1427 qua:-

2122 1446 2414 1500 stionibus
2446 1444 2787 1500 decidendis
2820 1445 2996 1499 latius
3026 1445 3306 1517 disputat.
3340 1446 3441 1502 llic
3489 1449 3781 1504 omnibus

2122 1536 2315 1592 modis
2346 1540 2628 1607 perpetuo
2663 1553 2722 1590 se
2751 1535 3022 1606 Ephesiis
3051 1537 3331 1608 applicat,
3363 1537 3615 1608 illosque
3651 1545 3790 1594 tan-

2125 1643 2301 1698 quam
2335 1625 2598 1697 egregios
2619 1625 2981 1680 Christianos
3014 1631 3245 1694 tractat,
3269 1627 3584 1699 Evangelio
3613 1628 3784 1683 salu-

2127 1716 2199 1770 tis
2229 1715 2483 1770 ﬂrmiter
2507 1713 2914 1782 credentes,et
2943 1715 3151 1785 spiritu
3180 1716 3592 1786 promissionis
3615 1717 3782 1772 obsi-

2125 1805 2632 1877 gnatos,concives
2660 1809 3001 1859 sanctorum
3035 1810 3092 1858 et
3123 1804 3483 1861 domesticos
3509 1807 3640 1872 Dei;
3665 1825 3774 1879 pro

363 1915 470 1949 που
499 1896 589 1949 καὶ
620 1895 796 1964 πάσης
831 1893 1176 1963 Ἐκκλησίας.
1211 1917 1240 1944 ‹‹
1274 1895 1329 1949 Si
1362 1895 1521 1948 enim
1555 1894 1732 1949 unius
1763 1899 1822 1949 et
1862 1893 2012 1949 alte-

2230 1911 2386 1966 saepe
2419 1894 2696 1949 ardenter
2725 1899 2874 1962 orat,
2909 1893 3066 1965 ipsos
3094 1895 3384 1964 hortatur,
3419 1895 3784 1964 obtestatur,

363 1987 489 2040 rius
513 1986 700 2041 oratio
733 1991 953 2039 tantam
997 1986 1112 2038 vim
1170 1984 1367 2053 habet,
1397 1988 1617 2054 quanto
1673 1983 1855 2055 magis
1908 1983 2013 2038 illa
2047 1980 2074 1983 ”
2118 1980 2344 2051 laudat,
2379 1999 2618 2038 omnem
2645 1989 2900 2051 artatem,
2932 1989 3250 2053 utrumque
3305 2001 3511 2039 sexum
3573 1986 3786 2042 sedulo

365 2076 624 2147 episcopi
676 2081 736 2130 et
764 2075 958 2129 omnis
988 2074 1302 2129 Ecclesiml
1339 2095 1365 2122 ››
1418 2073 1524 2128 Ubi
1581 2077 1724 2126 πᾶσα
1773 2068 2012 2141 Ἐκκλη-

369 2163 456 2217 σία
483 2171 574 2220 est
613 2187 640 2212 «
675 2169 796 2219 tota
825 2164 1088 2219 Ecclesia
1129 2185 1157 2212 η
1189 2163 1295 2218 sub
1328 2164 1604 2234 episcopo
1637 2180 1741 2217 suo
1769 2177 2015 2234 congre-

365 2259 518 2326 gata.
552 2254 645 2308 Sic
677 2253 890 2320 Latini,
925 2254 1008 2307 sic
1039 2253 1222 2307 Graeci
1254 2253 1596 2322 loquuntur.
1649 2254 1735 2306 Ita
1764 2253 1965 2306 Cicero
1997 2269 2011 2309 :

369 2366 398 2392 «
424 2342 673 2413 Sanguis
704 2358 808 2412 per
841 2359 1019 2396 venas
1050 2343 1111 2395 in
1143 2358 1319 2396 omne
1352 2357 1563 2411 corpus
1594 2340 1964 2408 diffunditur,
1987 2361 2014 2390 ››

368 2435 428 2489 id
459 2440 549 2490 est
570 2452 687 2489 non
721 2434 782 2488 in
805 2435 1003 2488 omnia
1022 2433 1399 2504 corpora,sed
1422 2434 1518 2487 «in
1540 2438 1727 2487 totum
1746 2449 2015 2503 corpus.»

368 2525 531 2580 Idem
557 2541 569 2578 :
607 2547 632 2573 ‹‹
661 2526 726 2578 In
749 2525 859 2578 hoc
877 2524 1174 2595 singulare
1191 2523 1484 2594 judicium
1510 2538 1686 2577 causa
1717 2522 2016 2576 omnisin-

370 2613 729 2681 cluderetur,
766 2632 790 2664 ι
825 2613 884 2668 id
917 2620 1007 2667 est
1037 2629 1157 2667 non
1187 2629 1395 2668 omnes
1427 2625 1637 2681 causae,
1698 2611 1800 2666 sed
1835 2633 1862 2662 ‹‹
1895 2615 2020 2665 tota

381 2704 725 2769 causa.nQui
749 2705 924 2758 etiam
955 2726 981 2753 ‹‹
1007 2709 1127 2759 tota
1144 2709 1410 2769 mente,»
1440 2709 1498 2758 et
1522 2724 1550 2754 «
1583 2702 1744 2757 omni
1765 2703 1964 2756 animo
1990 2722 2018 2750 »

374 2793 582 2848 eadem
614 2793 1047 2865 signiﬁcatione
1103 2793 1270 2848 dixit.
1324 2793 1669 2864 Hesychius,
1705 2795 1832 2857 Πᾶς,
1865 2789 2018 2860 ὅλος,

368 2879 612 2941 ἕκαστος.
649 2884 1060 2946 Homerum,ut
1090 2881 1257 2949 solet,
1281 2881 1630 2952 respiciens,
1664 2879 1820 2952 apud
1843 2897 2020 2951 quem

378 2977 630 3042 utroque
663 2988 841 3026 sensu
863 2988 932 3026 ea
962 2988 1068 3025 vox
1095 2971 1383 3042 accipitur
1407 2987 1419 3036 ;
1451 2975 1653 3024 nostro
1672 2975 1893 3037 autem,
1920 2969 2021 3024 ubi

374 3060 444 3115 de
478 3062 720 3114 Hectore
745 3061 882 3132 agit.
915 3063 1027 3120 Πᾶς
1088 3056 1133 3112 δ’
1192 3056 1294 3134 ἄρα
1350 3055 1546 3133 χαλκῷ
1579 3056 1774 3130 λάμφ’,
1803 3081 1830 3109 ‹‹
1866 3065 2022 3114 totus

375 3166 490 3204 aere
529 3149 898 3221 Splendebat,
932 3173 959 3200 ››
1003 3153 1068 3204 ut
1097 3149 1168 3204 de
1199 3148 1408 3204 eodem
1441 3148 1759 3220 Sophocles
1793 3165 1806 3202 :

646 3243 833 3305 Κεῖνος
863 3239 920 3295 δὲ
950 3239 1095 3312 λύπῃ
1143 3243 1238 3300 κᾶς
1275 3237 1547 3295 ὶλῆλαται
1574 3239 1743 3312 καπῇ.

376 3329 481 3385 Ubi
503 3328 818 3385 Triclinius
836 3345 848 3381 :
867 3327 941 3380 Τὸ
971 3330 1072 3386 πᾶς
1087 3322 1343 3393 εἶπεν,’ίνα
1375 3323 1518 3398 δείξῃ
1540 3325 1614 3386 ὡς
1637 3324 1766 3386 ὅλος
1798 3332 1899 3394 τῆς
1920 3324 2020 3381 λύ.

374 3439 482 3487 πης
499 3416 736 3490 γὲγονε.‹‹
752 3417 909 3471 Dixit
927 3418 1124 3486 ni<,ut
1141 3415 1480 3471 ostenderet
1492 3432 1624 3470 eum
1639 3421 1828 3471 totum
1845 3415 2026 3471 fuisse

377 3508 578 3563 dolore
601 3506 1003 3577 absorptum.»
1027 3506 1172 3560 Hinc
1187 3505 1286 3560 illa
1308 3504 1588 3576 loquendi
1611 3505 1865 3561 formula
1877 3507 2029 3560 Gras-

379 3598 463 3652 cis
482 3595 816 3663 familiaris,
844 3595 1032 3650 Suidaa
1083 3594 1387 3650 observata
1422 3611 1434 3649 :
1467 3590 1638 3655 Ὅλος
1677 3593 1764 3647 καὶ
1797 3597 1923 3655 πᾶς.
1958 3595 2031 3649 Ut

380 3687 558 3758 igitur
583 3687 726 3738 πᾶσα
756 3684 1156 3761 γραφή,νεῐει’ἱ
1179 3685 1544 3756 interpreti,«
1562 3683 1756 3739 omnis
1786 3684 2032 3754 scriptu-

378 3792 462 3846 ra,
488 3773 824 3830 nThBOdOI‘O
843 3776 1018 3844 Bezae,
1043 3779 1196 3828 «tota
1217 3774 1509 3846 scriptura
1528 3792 1541 3843 ;
1559 3774 1674 3828 »ita
1690 3774 1787 3829 hic
1801 3774 1856 3826 ἓν
1880 3771 2026 3845 πάσῃ

386 3863 676 3939 ἐπιστολῇ,
709 3889 729 3915 ι
752 3867 816 3922 in
849 3865 1066 3932 omni,»
1090 3865 1201 3920 hoc
1228 3869 1317 3920 est
1349 3887 1376 3916 «
1411 3865 1471 3920 in
1505 3869 1625 3920 tota
1646 3864 2032 3937 epistola.»Ut

379 3955 654 4011 Clemens
683 3954 1124 4010 Alexandrinus
1144 3955 1406 4010 Stromat.
1439 3953 1544 4008 lib.
1567 3970 1621 4021 v,
1653 3954 1757 4010 illa
1779 3955 1833 4009 S.
1867 3953 2031 4008 Pauli

379 4042 468 4099 ἳνα
518 4044 953 4118 παραστήσωμεν
1001 4041 1173 4096 πάντα
1216 4040 1492 4114 ἄνθρωπον
1538 4038 1752 4096 τέλειον
1817 4039 1870 4095 ἓν
1897 4041 2028 4114 Χρι-

381 4136 513 4204 στῷ,
546 4133 994 4204 interpretatur,
1030 4129 1090 4184 οὗ
1122 4133 1292 4185 πάντα
1339 4128 1531 4191 ἁπλῶς
1579 4127 1880 4204 ἄνθρωπον,
1915 4127 2027 4184 ἐπεὶ

420 4219 474 4242 μ
508 4220 521 4238 ε
833 4218 858 4238 ν
1058 4239 1070 4250 ,
1176 4218 1189 4239 ν
1536 4218 1546 4236 1
1729 4219 1742 4236 ι
1985 4217 1998 4237 ι

381 4239 556 4284 ουοεις
605 4218 666 4274 ἄν
726 4221 791 4289 ἦν
825 4240 1049 4282 απιστος
1136 4216 1258 4275 ουδὲ
1321 4221 1426 4292 μὴν
1477 4239 1648 4274 παντα
1689 4239 1781 4274 τον
1812 4238 2030 4273 πιστευ-

385 4330 516 4364 οντα
542 4306 753 4363 τέλειον
785 4308 838 4364 ἐν
897 4311 1136 4384 Χριστῷ,
1196 4305 1343 4363 ἀλλὰ
1398 4308 1572 4362 πάντα
1623 4305 1902 4381 ἄνθρωπον
1940 4306 2029 4362 lt-

380 4416 488 4473 γει,
521 4397 593 4459 ὡς
626 4396 814 4467 εἰπεῖν,
846 4395 977 4453 ὅλον
1034 4398 1124 4452 τὸν
1185 4393 1486 4470 ἄνθρωπον,
1547 4398 1667 4451 οἷον
1697 4396 1910 4468 σώματι
1941 4396 2029 4450 καὶ

381 4488 540 4561 ψυχῇ
570 4487 918 4560 ἡγνισμένον.
953 4489 1123 4542 «Non
1153 4503 1394 4542 omnem
1424 4487 1729 4542 hominem
1747 4485 2032 4554 absolute,

388 4578 671 4651 quoniam
700 4576 898 4633 nullus
930 4581 1088 4632 esset
1108 4575 1369 4632 infidelis
1393 4575 1527 4643 ;sed
1550 4591 1659 4630 nec
1675 4590 1914 4630 omnem
1933 4574 2034 4645 qui

2125 2071 2562 2140 instruit,suum
2589 2087 2724 2142 erga
2755 2087 2852 2125 eos
2879 2070 3239 2142 singularem
3261 2073 3538 2127 affectum
3553 2073 3782 2144 ubique

2126 2160 2341 2232 prodit.
2376 2157 2604 2227 Πολλῆς
2637 2152 2738 2212 ἔδει
2773 2162 2852 2229 τῷ
2883 2157 3084 2230 Παύλῳ
3142 2156 3382 2228 σπουδῆς
3441 2161 3578 2235 πρὸς
3641 2160 3788 2216 ἐκεῖ-

2126 2270 2251 2310 νους
2299 2248 2581 2326 γράφοντι,
2634 2249 2829 2319 inquit
2885 2249 2938 2305 S.
2975 2250 3445 2321 Chrysostomus,
3489 2271 3516 2303 α
3567 2269 3789 2325 magno

2129 2357 2263 2395 cum
2315 2339 2510 2394 studio
2559 2340 2632 2394 ad
2680 2339 2964 2410 Ephesios
3017 2340 3240 2396 scribit.
3275 2363 3303 2390 »
3347 2341 3568 2414 Λέγεται
3603 2337 3658 2395 δὲ
3690 2362 3791 2396 me

2129 2427 2398 2502 βαθῦτερα
2453 2432 2560 2482 τῶν
2622 2427 2915 2498 νοημάτων
2987 2426 3171 2489 αὐτοῖς
3253 2427 3628 2501 ἰμπιστεῦσαι,
3693 2431 3785 2486 ὁὲτὶ

2128 2513 2236 2587 ἤδη
2269 2515 2702 2591 κατηχημένοις.
2739 2540 2768 2567 ι(
2801 2518 3023 2572 Dicitur
3052 2524 3250 2574 autem
3283 2525 3341 2574 et
3387 2521 3786 2592 profundissi-

2129 2624 2260 2663 mos
2280 2613 2600 2679 conceptus
2631 2608 2703 2662 iis
2736 2607 3194 2671 concredidisse,
3230 2609 3528 2680 quodjam
3551 2611 3782 2666 fuerint

2132 2699 2670 2770 abipsoinstituti,»
2695 2703 2751 2751 et
2771 2714 2904 2752 cum
2930 2697 3000 2752 iis
3023 2697 3394 2753 Timotheum
3411 2699 3777 2769 reliquisset,

2131 2789 2286 2844 unde
2319 2804 2418 2842 eos
2452 2785 2669 2840 Παύλου
2701 2785 3020 2857 συμμῦστας
3053 2789 3778 2860 vocatlgnatius,quibus,

2133 2878 2362 2934 scilicet
2391 2876 2491 2930 ille
2518 2880 2703 2931 totum
2737 2877 3053 2932 consilium
3087 2878 3186 2931 Dei
3220 2877 3612 2948 patefecisset.
3647 2879 3785 2934 Ori-

2132 2965 2570 3041 geneshomilia
2590 2969 2962 3038 l5,magnum
2982 2967 3252 3022 observat
3269 2968 3424 3022 inter
3439 2968 3783 3024 Corinthios

2135 3062 2192 3112 et
2213 3056 2495 3128 Ephesios
2516 3054 2876 3112 discrimen:
2903 3079 2931 3106 ‹‹
2967 3057 3106 3111 Vide
3139 3057 3437 3128 quomodo
3460 3057 3532 3112 ad
3570 3059 3788 3113 Corin-

2135 3148 2290 3202 thios
2324 3145 2543 3200 Paulus
2575 3144 2874 3216 loquitur:
2906 3146 3074 3202 Lacte
3103 3163 3202 3202 vos
3232 3149 3572 3219 potavi,non
3607 3148 3746 3204 cibo
3773 3165 3787 3204 :

2133 3237 2358 3292 necdum
2391 3237 2538 3289 enim
2560 3235 2834 3304 pote-ratis
2861 3252 2884 3296 ,·
2914 3237 3007 3290 sed
3031 3253 3208 3307 neque
3260 3253 3404 3292 nunc
3453 3240 3684 3308 potestis
3716 3238 3787 3297 3°.

2133 3329 2203 3381 Et
2243 3326 2383 3397 quia
2411 3324 2563 3379 lacte
2605 3325 2800 3380 adhuc
2830 3325 3194 3398 indigebant,
3255 3343 3325 3382 ea
3381 3327 3618 3382 discunt
3648 3345 3788 3398 qum

2133 3417 2361 3473 discere
2391 3413 2614 3486 parvuli
2646 3414 2875 3469 solent:
2937 3418 3150 3471 Bonum
3206 3424 3284 3471 est
3334 3417 3615 3472 mulierem
3675 3435 3788 3473 non

2135 3514 2402 3577 tangere:
2426 3512 2656 3576 propter
2683 3505 3110 3571 fornicationem
3141 3513 3328 3561 autem
3371 3507 3435 3574 ‘0,
3487 3513 3596 3562 etc.
3633 3510 3787 3564 Rur-

2135 3613 2385 3666 sumque
2418 3596 2911 3665 instiluuntur,ne
2941 3595 3270 3667 idolothyta
3299 3597 3633 3652 comedant.
3673 3599 3793 3654 Ista

2135 3685 2328 3740 omnis
2360 3684 2629 3742 doctrina
2685 3688 2777 3742 lac
2821 3684 3200 3757 parvulorum
3235 3691 3344 3751 est,
3365 3691 3424 3741 et
3471 3686 3665 3742 adhuc
3701 3689 3790 3742 in-

2134 3775 2388 3830 fantium
2418 3775 2478 3830 in
2498 3775 3000 3842 Christo.Quando
3026 3791 3164 3830 vero
3189 3775 3458 3846 Ephesiis
3479 3777 3787 3847 scribitur,

2137 3865 2394 3920 solidum
2425 3865 2545 3920 illis
2573 3866 2799 3936 prtebet
2863 3866 3081 3921 cibum.
3135 3866 3261 3920 Non
3293 3865 3532 3920 auditur
3561 3867 3786 3938 quippe

2137 3953 2198 4006 in
2228 3953 2458 4023 Epheso
2489 3953 2802 4009 fornicatio
2828 3970 2841 4019 ;
2863 3969 2983 4007 non
3031 3952 3270 4008 auditur
3298 3953 3360 4008 iu
3391 3954 3621 4025 Epheso
3666 3955 3793 4010 ido-

2135 4040 2394 4107 lolatria,
2428 4046 2484 4095 et
2517 4055 2650 4096 esus
2681 4041 3166 4112 idolothytorum.
3206 4063 3231 4091 η

2207 4131 2351 4186 Mira
2381 4135 2519 4186 sunt
2549 4145 2679 4202 quae
2711 4132 2806 4186 hic
2839 4131 3356 4202 deinterpolalore
3386 4135 3790 4190 comminisci-

2139 4227 2233 4276 tur
2263 4220 2533 4276 Dallaaus.
2570 4221 2672 4276 llle
2705 4221 2885 4290 enim,
2926 4221 3141 4291 inquit,
3201 4222 3342 4292 quia
3397 4223 3794 4294 Ephesiorum

2139 4312 2354 4366 factam
2379 4312 2440 4365 in
2473 4311 2634 4365 omni
2667 4310 2919 4380 epistola
2940 4327 2974 4365 a
3011 4312 3194 4367 Paulo
3223 4313 3590 4368 mentionem
3621 4329 3795 4386 repe-

2139 4400 2350 4468 riebat,
2384 4416 2490 4472 pro
2522 4400 2691 4468 vobis,
2723 4416 2818 4456 nos
2843 4418 2865 4464 ;
2896 4417 3001 4470 pro
3058 4400 3312 4470 epistola,
3371 4405 3649 4458 orationes
3711 4405 3796 4459 sic

2139 4490 2467 4557 substituit,
2517 4487 2574 4550 ὅς
2622 4487 2854 4543 πάντοτε
2883 4487 2934 4542 ἐν
2994 4494 3111 4550 ταῖς
3145 4486 3388 4560 δεήσεσιν
3449 4490 3617 4545 αὐτοῦ
3652 4514 3795 4564 μνη-

2144 4578 2358 4650 μονεύει
2387 4580 2571 4650 ἡμῶν,
2602 4601 2630 4628 α
2663 4579 2763 4650 qui
2787 4594 3022 4650 semper
3051 4580 3112 4634 in
3145 4580 3268 4635 suis
3289 4581 3660 4637 orationibus
3680 4600 3799 4637 me-

387 4667 594 4738 credit,
626 4667 954 4738 perfectum
1010 4667 1072 4720 in
1102 4665 1371 4731 Christo;
1405 4665 1510 4720 sed
1537 4680 1747 4719 omnem
1769 4663 1913 4718 dicit
1945 4669 2032 4720 ho-
2062 4661 2112 4726 ’Β
2142 4685 2274 4724 mor
2294 4674 2385 4723 est
2400 4669 2608 4723 nostri.
2645 4689 2672 4717 υ
2696 4670 2838 4723 Nam
2864 4669 3080 4739 primo,
3111 4685 3217 4739 pro
3246 4691 3266 4718 ι
3300 4669 3520 4738 vobis,»
3543 4687 3644 4725 nos
3678 4689 3798 4727 non

384 4760 610 4824 minem,
642 4757 888 4829 perinde
919 4772 987 4810 ac
1016 4756 1066 4810 si
1098 4754 1342 4822 diceret,
1366 4759 1555 4810 totum
1587 4753 1915 4820 hominem,
1946 4759 2036 4808 ut-

387 4854 520 4920 pote
555 4863 799 4919 corpore
825 4852 885 4902 et
914 4845 1116 4900 anima
1147 4843 1600 4899 sanctificatum.
1639 4866 1659 4892 ι

465 4937 616 4992 Vidit
645 4937 770 4992 haec
792 4934 1317 5007 praestantissimus
1340 4933 1573 4989 Isaacus
1587 4933 1850 4998 Vossius,
1876 4949 2040 4988 eam-

387 5027 641 5098 demque
660 5023 1214 5096 interpretationem
1239 5021 1543 5078 Blondello
1566 5023 1660 5094 obj
1671 5023 1915 5079 ecit.Cui
1938 5021 2038 5077 ille

389 5118 516 5173 huic
539 5115 830 5187 reposuit:
869 5135 889 5162 ι
919 5115 1008 5168 An
1030 5128 1164 5166 vero
1210 5112 1499 5182 Ignatium
1542 5113 1859 5184 quisquam
1888 5112 2036 5168 adeo

392 5205 720 5277 desipuisse
735 5201 1144 5268 crediderit,ut
1159 5200 1445 5271 Ephesios
1456 5202 1530 5258 ad
1547 5220 1609 5258 se
1643 5209 1824 5259 totam
1857 5217 2037 5274 quam

386 5295 605 5353 Paulus
637 5293 873 5364 scripsit
901 5289 1215 5362 epistolam
1249 5290 1490 5347 missam
1525 5294 1853 5349 monendos
1874 5297 2038 5364 puta-

386 5386 506 5442 rit?
539 5407 566 5435 »
589 5386 712 5440 Imo
746 5399 880 5437 vero
912 5396 986 5434 an
1016 5379 1117 5434 ille
1148 5396 1257 5436 nos
1288 5381 1434 5438 adeo
1465 5383 1733 5454 desipere
1761 5382 2034 5454 credidit,

385 5482 452 5533 ut
476 5474 710 5530 nullum
731 5470 1049 5526 discrimen
1063 5469 1529 5526 animadvertere
1542 5472 2038 5544 possemus,inter

388 5583 458 5623 ea
477 5582 608 5635 quae
640 5566 765 5637 ipse
799 5562 962 5628 dicit,
997 5566 1178 5616 totam
1210 5579 1389 5633 quam
1410 5562 1627 5619 Paulus
1658 5561 2034 5635 scripsitepi-

389 5654 597 5713 stolam
628 5653 700 5709 ad
733 5650 1017 5724 Ephesios
1040 5651 1282 5708 missam
1331 5657 1548 5721 esse,et
1577 5651 1679 5709 illa
1708 5669 1840 5724 qua)
1886 5649 2033 5707 scri-

458 5742 549 5801 ³⁹Ι
579 5743 709 5800 Cor.
742 5758 825 5817 ιιι,
865 5744 917 5799 2.
949 5740 1194 5798 “ICor.
1226 5758 1326 5814 vn,
1351 5745 1401 5798 1.

2146 4758 2451 4813 substituit
2481 4757 2884 4828 interpolator.
2917 4756 3050 4812 Tria
3078 4759 3366 4814 habemus
3397 4761 3598 4815 Graeca
3618 4760 3804 4816 inter-

2144 4848 2432 4919 polatoris
2461 4845 2862 4918 exemplaria;
2896 4846 2958 4900 in
3006 4863 3125 4902 uno
3158 4847 3422 4918 quidem,
3447 4852 3797 4921 Augustano

2147 4935 2390 5004 scilicet,
2425 4937 2639 5008 legitur
2667 4936 2851 5006 ἡμῶν,
2887 4935 2989 4990 sed
3023 4942 3297 5008 corrupte
3332 4953 3346 5003 ;
3377 4953 3510 4992 cum
3545 4939 3606 4993 in
3641 4938 3802 5010 Nyd-

2144 5027 2462 5097 prucciano
2487 5032 2544 5080 et
2576 5025 2899 5097 Anglicano
2947 5025 3176 5097 legatur
3202 5026 3376 5097 ὑμῶν,
3409 5032 3475 5082 ut
3511 5028 3798 5100 Vulgatus

2146 5116 2441 5188 interpres
2472 5115 2739 5186 legit,qui
2768 5114 3024 5169 reddidit
3053 5137 3080 5165 «
3114 5116 3315 5170 vestri.
3352 5138 3379 5165 »
3403 5117 3554 5180 Quin
3574 5119 3802 5172 ethunc

2145 5205 2630 5260 substitutionem
2671 5203 3009 5258 vetustioris
3037 5205 3342 5276 scriptoris
3359 5207 3687 5261 auctoritas
3711 5222 3801 5261 re-

2145 5293 2317 5360 fellit,
2352 5309 2485 5348 cum
2546 5293 2606 5346 in
2664 5292 2921 5347 Mediceo
2964 5291 3165 5348 codice
3191 5292 3419 5365 legatur
3447 5291 3624 5364 ὑμῶν,
3650 5302 3712 5350 et
3739 5296 3802 5350 in

2144 5383 2324 5438 veteri
2356 5381 2681 5454 interprete
2699 5404 2727 5430 ‹‹
2752 5381 2950 5437 vestri.
2990 5399 3018 5431 υ
3057 5383 3248 5437 Causa
3275 5382 3454 5454 igitur
3474 5382 3642 5438 nulla
3666 5384 3800 5452 fuit,

2144 5471 2438 5528 curunius
2451 5470 2672 5526 codicis
2691 5470 3008 5529 lectionem
3030 5476 3240 5527 contra
3257 5471 3527 5528 omnium
3541 5473 3807 5543 reliquo-

2143 5577 2275 5616 rum
2295 5576 2651 5615 consensum
2682 5558 3141 5630 amplecteretur
3169 5562 3462 5626 Usserius,
3496 5567 3602 5616 aut
3657 5563 3805 5617 arri-

2141 5654 2308 5721 peret
2336 5648 3035 5720 Dallwus.Secundo,non
3057 5653 3290 5706 constat
3309 5649 3812 5723 interpolatorem
