3942 6302
171 445 291 506 3⁸7⁸7

920 443 978 509 J.
1025 442 1439 508 PEARSONII
1479 440 1852 510 VINDICI£
1895 442 2372 511 IGNATIANE.
2429 481 2501 494 --
2545 444 2747 512 PARS
2793 444 2872 511 II.

3479 446 3599 512 378

175 596 281 651 pro
336 581 596 651 epistola,
637 546 927 637 orationes.
972 581 1348 639 substituisse
1382 602 1396 651 ;
1448 598 1587 638 nam
1642 581 1840 655 potius
1871 588 1921 652 Α
1952 587 2135 650 ratur,
2160 583 2316 654 quod
2336 583 2655 640 foedissime
2678 585 3034 658 interpolata
3063 587 3156 643 sit.
3178 609 3206 639 »
3231 584 3306 643 At
3334 603 3442 642 nos
3473 586 3603 643 haac

180 668 419 725 videtur
471 667 524 722 ἐν
559 669 707 742 πάσῃ
774 667 1039 743 ἐπιστολῇ
1096 672 1427 728 reddidisse
1458 689 1565 745 per
1595 670 1845 739 πάντοτε,

179 766 238 815 et
266 756 322 813 ἐν
356 763 483 823 ταῖς
513 755 732 831 δεήσεσι
792 761 1092 818 addidisse
1151 763 1225 818 ad
1256 763 1717 836 explicationem
1746 765 1847 816 τοῦ

180 848 545 920 μνημονεύει,
570 850 728 921 quod
756 851 981 907 videret
1011 852 1069 907 S.
1104 853 1353 909 Paulum
1384 854 1446 908 in
1478 852 1845 909 orationibus

177 955 285 1011 per
304 945 500 996 totam
523 940 835 1012 epistolam
859 943 1078 1015 sparsis
1098 943 1384 1016 Ephesios
1411 945 1525 1000 Deo
1548 961 1848 1000 commen-

173 1028 348 1086 dasse
367 1031 432 1086 in
450 1032 475 1086 J
483 1047 591 1087 esu
608 1031 840 1087 Christo
864 1047 877 1098 ;
900 1033 987 1087 vel
1004 1033 1078 1088 ad
1095 1034 1263 1090 illum
1282 1035 1640 1091 versiculum
1662 1035 1847 1106 respi-

173 1124 362 1187 ceret,
386 1117 453 1173 οὖ
484 1117 732 1192 παύομαι
755 1116 1091 1196 εὐχαριστῶν
1118 1122 1249 1197 ὑπὲρ
1277 1121 1429 1196 ὑμῶν
1467 1124 1653 1192 μνείαν
1689 1122 1841 1196 ὑμῶν

169 1207 516 1281 ποιούμενος
574 1206 661 1264 ἐπὶ
712 1213 821 1265 τῶν
880 1215 1203 1287 προσευχῶν
1235 1233 1362 1286 μου.
1409 1236 1437 1265 ››
1495 1216 1623 1269 Non
1675 1229 1842 1268 cesso

168 1300 398 1372 gratias
422 1316 607 1372 agens
633 1317 739 1372 pro
762 1301 1306 1369 vobis,memoriam
1329 1304 1510 1359 vestri
1535 1302 1756 1359 faciens
1779 1303 1842 1359 in

170 1389 555 1445 orationibus
576 1391 743 1445 meis.
763 1414 789 1440 »
807 1391 1268 1448 Laurentianum
1286 1393 1551 1448 codicem
1565 1392 1838 1461 defendo,

168 1477 598 1533 confusionem
645 1479 958 1551 utriusque
1005 1481 1224 1537 codicis
1247 1480 1319 1537 ab
1344 1481 1713 1538 Hammondo
1743 1481 1840 1536 fa-

171 1574 334 1623 ctam
367 1585 495 1623 non
525 1569 733 1641 probo.

238 1658 455 1731 Capite
488 1660 559 1713 2O
589 1659 662 1714 de
696 1659 822 1715 solo
873 1660 1041 1716 Pauli
1091 1661 1368 1733 conjugio
1401 1661 1540 1733 agit,
1574 1665 1631 1717 et
1662 1661 1841 1715 inter-

165 1748 516 1820 polatorem
544 1752 774 1804 tantum
797 1749 954 1805 ferit.
974 1750 1161 1823 Caput
1190 1754 1252 1805 2t
1281 1756 1538 1823 quatuor
1560 1750 1840 1822 objectio-

167 1854 277 1893 nes
311 1838 609 1904 continet,
635 1854 886 1908 quarum
913 1856 1031 1895 una
1048 1840 1119 1895 de
1151 1838 1461 1896 Salomone
1486 1839 1721 1895 etJosia
1742 1839 1835 1893 in-

1952 672 2128 729 verha
2146 675 2307 729 omni
2325 674 2788 747 interpolatione
2808 676 2999 733 libera
3022 694 3090 732 ex
3111 694 3180 734 ea
3193 676 3600 750 producimus;

1953 762 2180 818 scilicet
2211 762 2357 818 Μετᾶ
2409 763 2508 832 τὴν
2558 763 2841 820 ἀνάστασιν
2875 762 2928 820 ἒν
2961 766 3118 842 σαρκὶ
3162 768 3325 822 αὐτὸν
3354 764 3481 823 οἴδα
3509 766 3599 822 καὶ

1952 850 2190 905 πιστεύω
2223 848 2371 910 ὄντα.
2406 856 2783 927 Quaecunque
2841 857 3018 931 igitur
3064 857 3423 931 interpolata
3452 858 3595 927 sint,

1953 941 2079 997 haec
2115 947 2273 997 certe
2305 959 2450 999 sana
2481 947 2539 998 et
2581 945 2810 1016 integra
2855 953 3192 1019 supersunt,
3227 964 3357 1002 cum
3391 946 3594 1003 codice

1952 1031 2646 1102 Laurentiano,Eusebio,
2673 1039 2730 1088 et
2752 1034 3118 1091 Theodoreto
3140 1037 3593 1092 consentientia.

1951 1121 2240 1192 Secundo,
2267 1122 2329 1177 in
2350 1124 2602 1179 Eusebio
2633 1125 2960 1181 hariolatur
2986 1127 3075 1181 vel
3096 1126 3482 1198 antiquarios,
3510 1126 3599 1181 vel

1949 1208 2250 1266 Rufﬁnum
2296 1228 2401 1283 pro
2456 1208 2595 1265 εἶδον
2649 1214 3023 1286 rescripsisse
3081 1211 3225 1268 οῖδα·
3260 1233 3328 1271 ex
3360 1216 3596 1271 Eusebii

1949 1303 2117 1358 libris
2143 1303 2216 1359 ad
2246 1304 2703 1367 Theodoretum,
2764 1311 2822 1360 et
2875 1307 3229 1379 scriptorum
3272 1306 3597 1362 Florentini

1949 1392 2170 1448 codicis
2200 1391 2560 1451 dimanasse.
2581 1394 2623 1450 Ο
2649 1393 2912 1466 lepidum
2949 1401 3350 1451 commentum
3379 1394 3390 1449 !
3422 1398 3598 1450 Euse-

1947 1483 2029 1538 bii
2052 1484 2308 1540 Historia
2319 1490 2558 1540 centum
2579 1485 2763 1541 ferme
2777 1487 2949 1543 annis
2969 1487 3315 1559 priusquam
3328 1486 3596 1543 Rufﬁnus

1952 1590 2081 1629 eam
2105 1573 2164 1627 in
2189 1573 2461 1629 Latinum
2483 1575 2673 1629 vertit.
2693 1575 2754 1630 in
2777 1576 3052 1631 manibus
3075 1577 3342 1632 omnium
3364 1577 3595 1643 fuerat;

1947 1661 2310 1733 exemplaria
2329 1679 2435 1735 per
2454 1667 2638 1719 totam
2655 1663 2980 1721 Ecclesiam
2997 1665 3356 1721 Orientalem
3373 1665 3595 1737 ubique

1951 1747 2218 1819 dispersa
2239 1753 2298 1802 et
2323 1765 2538 1821 magna
2562 1750 2832 1805 omnium
2856 1767 2991 1805 cum
3013 1750 3407 1806 admiratione
3438 1767 3598 1806 acce-

1944 1842 2063 1909 pta.
2096 1839 2187 1892 An
2236 1838 2414 1910 igitur
2442 1837 2713 1894 Ruftlnus
2745 1839 2808 1894 in
2851 1838 3115 1895 Ecclesia
3159 1839 3367 1896 Latina
3395 1857 3596 1895 vocem

168 1927 624 1999 terpolatorem,
657 1927 904 1999 reliquae
936 1935 1238 1985 auctorem
1269 1931 1465 2001 ipsum
1496 1933 1727 2002 petunt.
1754 1930 1835 1983 De
1866 1956 1912 2021 Β
1942 1927 2180 1982 unicam
2215 1927 2275 1980 in
2309 1944 2413 1981 suo
2445 1927 2645 1983 codice
2680 1927 2749 1983 de
2797 1928 3089 1984 industria
3128 1933 3359 1984 mutare
3391 1928 3595 1999 voluit,

163 2016 269 2072 illo
302 2018 438 2072 haec
466 2017 649 2073 habet
673 2035 686 2072 :
717 2040 743 2069 «
765 2019 949 2074 Homo
973 2020 1403 2076 audacissimus
1425 2020 1682 2076 scribere
1708 2036 1830 2075 non

165 2105 466 2161 dubitavit
499 2107 799 2163 Christum
830 2110 1199 2165 Dominuma
1221 2126 1282 2165 se
1314 2110 1377 2165 in
1407 2127 1583 2165 carne
1614 2110 1827 2164 visum.

165 2196 635 2268 Chrysostomus
689 2204 865 2271 negat
913 2199 1207 2271 Ignatium
1262 2200 1475 2255 vidisse
1509 2200 1827 2255 Christum.

160 2286 571 2359 Epistolarum
603 2305 740 2361 ergo
772 2288 1024 2361 scriptor
1051 2291 1352 2346 manifesti
1376 2290 1668 2346 mendacii
1696 2306 1833 2345 con-

162 2375 446 2431 vincitur.
470 2399 498 2425 »
520 2377 657 2432 Haac
680 2379 1013 2449 argumenti
1039 2397 1291 2437 summa.
1321 2381 1444 2446 Qua
1474 2378 1829 2435 certitudine

165 2462 387 2518 dixerit
410 2464 867 2537 Chrysostomus
897 2466 1194 2522 Christum
1216 2466 1288 2522 ab
1318 2468 1541 2537 Ignatio
1570 2470 1829 2539 martyre

164 2571 481 2627 nunquam
515 2557 707 2611 visum
739 2556 941 2626 fuisse,
1003 2574 1107 2630 ego
1166 2575 1287 2613 non
1327 2574 1548 2629 quaero.
1581 2557 1748 2613 Certe
1782 2558 1830 2612 si

166 2644 564 2714 epistolarum
596 2645 851 2716 scriptor
878 2649 983 2701 200
1013 2650 1146 2718 post
1191 2646 1481 2719 Ignatium
1537 2646 1734 2712 annis,
1767 2649 1833 2701 ut

164 2732 288 2787 vult
311 2732 595 2800 Dallzeus,
618 2733 835 2789 dixerit
855 2735 1155 2790 Christum
1178 2753 1213 2791 a
1244 2752 1305 2791 se
1330 2736 1389 2790 in
1415 2752 1591 2791 carne
1614 2735 1828 2804 visum,

163 2826 223 2876 et
238 2822 424 2877 homo
442 2822 874 2879 audacissimus
893 2830 951 2879 et
967 2825 1460 2881 mendacissimus
1473 2824 1584 2881 fuit
1598 2840 1611 2892 ;
1627 2841 1830 2896 quem-

159 2911 493 2967 admodum
524 2913 1001 2969 Pseudo-Abdias
1025 2932 1144 2970 non
1168 2916 1296 2971 sine
1324 2932 1559 2970 summa
1580 2913 1831 2969 audacia

159 3007 220 3056 et
250 3006 463 3073 aperto
493 3002 807 3058 mendacio
867 3003 1061 3075 ipsum
1119 2992 1305 3061 oculis
1358 3005 1480 3060 suis
1511 3004 1828 3059 Dominum

155 3090 382 3145 vidisse
415 3096 622 3147 narrat
652 3092 1003 3164 Apostolica:
1037 3094 1298 3149 historiaa
1331 3092 1432 3148 lib.
1463 3110 1539 3159 v1,
1562 3110 1697 3148 cum
1729 3109 1829 3147 eo-

158 3179 299 3234 dem
329 3179 486 3235 libro
538 3197 661 3235 non
703 3185 930 3238 tantum
985 3182 1381 3255 Hegesippum
1413 3181 1826 3249 nominaverit,

158 3269 267 3325 sed
294 3275 355 3324 et
386 3268 519 3342 ejus
547 3270 727 3325 verba
771 3287 841 3325 ex
870 3271 1256 3341 translatione
1286 3271 1509 3328 Rufﬁni
1541 3270 1826 3326 transcri-

158 3359 372 3431 pserit.
431 3362 652 3415 Auctor
693 3360 915 3416 Politia
963 3362 1057 3418 SS.
1112 3360 1341 3417 Patrum
1370 3360 1746 3432 Metrophanis
1777 3364 1829 3413 et

161 3448 485 3503 Alexandri
511 3448 668 3520 apud
699 3450 977 3505 Photium
1016 3450 1218 3506 codice
1268 3453 1392 3514 256,
1428 3455 1485 3505 et
1511 3450 1689 3505 homo
1721 3464 1829 3504 au-

164 3535 531 3592 dacissimus
563 3542 622 3592 et
651 3538 1145 3595 mendacissimus
1175 3539 1306 3604 fuit,
1351 3539 1396 3594 si
1431 3537 1735 3611 scripserit
1765 3553 1827 3593 se

159 3625 389 3681 vidisse
421 3627 877 3683 Constantinum
910 3629 1068 3683 inter
1108 3628 1367 3700 ephebos
1399 3632 1729 3683 merentem
1764 3627 1827 3682 in

156 3714 485 3771 Palaestina
507 3715 616 3771 sub
642 3716 1029 3783 Diocletiano,
1055 3717 1269 3773 Verum
1291 3718 1402 3772 hoc
1427 3717 1678 3788 scriptor
1698 3715 1824 3787 ipse

158 3820 289 3858 non
328 3802 494 3871 dixit,
532 3805 634 3860 sed
677 3805 1082 3863 obscuriorem
1115 3806 1306 3862 Photii
1356 3805 1824 3862 contractionem

156 3893 244 3948 ita
279 3893 587 3948 transtulit
616 3894 913 3965 Schottus,
943 3896 1114 3968 cujus
1146 3895 1697 3966 interpretationem
1728 3911 1822 3948 re-

152 3980 384 4036 fellunt
432 3982 641 4038 eadem
698 3986 844 4039 Acta
901 3984 1135 4056 plenius
1167 4001 1201 4039 a
1231 3983 1581 4039 Combeﬁsio
1634 3998 1825 4054 nuper

154 4070 357 4137 edita;
393 4087 466 4127 ex
495 4072 714 4144 quibus
747 4078 980 4129 constat
1002 4091 1123 4130 non
1157 4075 1524 4146 scriptorem,
1560 4072 1664 4128 sed
1696 4074 1820 4127 Ma—

150 4162 489 4218 ximianum
512 4168 656 4219 tunc
678 4163 895 4219 vidisse
917 4165 1394 4220 Constantinum.
1418 4162 1571 4219 Illud
1602 4161 1825 4235 pariter

155 4257 215 4305 et
247 4268 355 4324 ego
396 4268 619 4320 assero,
653 4256 959 4307 auctorem
992 4253 1400 4324 epistolarum,
1436 4269 1582 4322 quas
1615 4250 1819 4306 defen-

158 4341 383 4410 dimus,
407 4357 719 4412 nunquam
743 4341 1050 4415 scripsisse
1079 4342 1399 4411 ,Christum
1422 4359 1456 4397 a
1478 4358 1539 4397 se
1563 4341 1624 4396 in
1646 4354 1823 4395 carne

156 4430 376 4485 visum.
409 4430 464 4485 Si
498 4431 623 4485 haec
650 4430 1006 4503 scripsisset,
1041 4431 1364 4488 Salmasius
1395 4436 1453 4486 et
1483 4429 1823 4485 Blondellus

154 4536 265 4591 pro
300 4535 411 4575 sua
442 4519 505 4574 in
525 4518 622 4574 his
643 4519 822 4575 rebus
847 4520 1109 4590 solertia,
1134 4520 1195 4576 id
1225 4519 1555 4592 prmterire,
1589 4519 1826 4590 opinor,

155 4608 459 4665 noluisset
479 4626 493 4676 ;
527 4608 632 4664 sed
664 4609 909 4664 omnino
942 4626 1063 4665 non
1095 4609 1355 4681 scripsit.
1397 4607 1667 4665 Auctoris
1698 4607 1825 4680 epi-

1943 2020 2044 2071 aut
2069 2015 2496 2071 correctionem
2528 2033 2696 2072 suam
2744 2016 2804 2072 in
2834 2017 3066 2090 reliqua
3103 2018 3303 2074 omnia
3333 2017 3595 2077 Orientis

1943 2102 2305 2174 exemplaria
2328 2103 2731 2173 recipiendam
2773 2104 2897 2160 fore
2929 2121 3167 2176 sperare
3199 2105 3432 2177 potuit?
3458 2106 3588 2161 Non

1941 2191 2088 2247 adeo
2136 2192 2383 2247 demens
2431 2193 2543 2249 fuit
2588 2194 2892 2263 Rufﬁnus;
2924 2196 3253 2266 praesertim
3302 2212 3435 2251 cum
3458 2196 3587 2268 jam

1939 2281 2264 2337 acerrimus
2295 2282 2422 2354 ejus
2473 2282 2658 2338 hostis
2716 2284 3106 2356 Hieronymus
3136 2290 3226 2340 tot
3253 2286 3426 2341 annis
3453 2290 3589 2341 ante

1940 2372 2090 2426 hanc
2120 2371 2449 2427 versionem
2507 2373 2835 2446 catalogum
2893 2390 3067 2429 suum
3112 2359 3412 2430 edidisset.
3460 2375 3589 2432 Non

1941 2464 2030 2515 est
2059 2460 2257 2532 itaque
2281 2461 2445 2533 justa
2476 2461 2751 2534 suspicio,
2784 2463 3086 2519 Rufﬁnum
3130 2464 3362 2521 Eusebii
3392 2465 3589 2520 Histo-

1941 2549 2090 2604 riam
2122 2549 2297 2605 verba
2347 2550 2719 2606 immutando
2777 2554 3132 2624 corrupisse.
3189 2555 3269 2610 De
3328 2554 3588 2610 librariis

1941 2644 2139 2694 autem
2171 2639 2329 2710 quod
2360 2641 2621 2712 conjicit,
2656 2641 2829 2697 verba
2858 2643 3069 2714 lgnatii
3099 2643 3171 2698 ab
3195 2643 3445 2699 Eusebio
3470 2648 3591 2700 tra-

1941 2727 2065 2783 dita
2086 2728 2357 2783 consulto
2382 2745 2482 2784 eos
2504 2729 2914 2786 animadversa
2940 2732 3024 2785 rei
3052 2731 3437 2798 absurditate,
3464 2750 3592 2787 coro

1938 2817 2180 2886 rexisse,
2222 2817 2292 2872 ab
2345 2818 2506 2872 omni
2564 2818 3081 2875 verisimilitudine
3114 2819 3412 2877 abhorret.
3445 2822 3586 2886 Quis

1939 2906 2100 2961 enim
2132 2923 2232 2961 eos
2262 2905 2538 2962 librarios
2598 2924 2860 2980 unquam
2920 2909 3283 2965 existimabit
3315 2911 3375 2965 in
3416 2928 3585 2965 com-

1938 3014 2120 3053 mune
2165 2996 2555 3067 consuluisse,
2609 2997 2680 3053 de
2729 2999 2962 3071 scriptis
3010 3000 3245 3055 Eusebii
3289 3000 3585 3072 judicium

1940 3084 2163 3151 tulisse,
2222 3090 2280 3139 et
2335 3084 2406 3140 de
2456 3085 2783 3140 mutatione
2816 3087 2972 3141 vocis
3004 3088 3420 3143 consensisse?
3448 3088 3586 3150 Quis

1940 3191 2040 3230 eos
2072 3173 2320 3229 Eusebio
2377 3173 2528 3246 ipso,
2588 3180 2828 3230 auctore
2878 3176 2966 3231 sui
3013 3177 3295 3247 temporis
3326 3178 3585 3234 maximo

1941 3264 2333 3335 sapientiores
2348 3262 2661 3334 judicabit,
2689 3282 2835 3336 quos
2867 3266 3028 3321 omni
3070 3284 3191 3322 aavo
3223 3267 3376 3323 viros
3405 3267 3588 3325 fuisse

1941 3354 2233 3409 bonarum
2263 3353 2596 3409 litterarum
2651 3354 2909 3427 ignaros,
2955 3356 3228 3412 mercede
3261 3356 3333 3413 ad
3366 3359 3587 3413 exscri-

1938 3443 2197 3499 bendum
2230 3444 2641 3499 tantummodo
2674 3446 3015 3517 conductos,
3047 3448 3155 3502 viri
3192 3466 3399 3503 omnes
3429 3446 3586 3504 docti

1940 3537 1999 3587 et
2028 3532 2091 3586 in
2122 3531 2217 3587 his
2247 3532 2425 3588 rebus
2451 3534 2663 3589 versati
2690 3538 2747 3590 et
2767 3536 3128 3592 confitentur
3148 3543 3207 3592 et
3226 3537 3586 3609 queruntur?

1938 3619 1994 3675 Si
2048 3620 2274 3692 aliquid
2333 3623 2393 3677 in
2446 3622 2682 3678 Eusebii
2743 3624 2946 3680 codice
3003 3631 3295 3683 tentatum
3354 3626 3583 3696 fuisset,

1944 3711 2078 3781 quis
2131 3710 2294 3766 dabit
2325 3727 2392 3766 ea
2440 3713 2810 3768 correctione
2841 3715 3207 3771 Theodoreto
3239 3716 3583 3789 impositum

1934 3798 2138 3868 fuisse,
2174 3799 2273 3870 qui
2316 3805 2402 3854 tot
2457 3800 2572 3855 alia
2633 3802 2762 3857 loca
2817 3819 2937 3857 non
2970 3820 3040 3858 ex
3070 3804 3345 3873 Eusebio,
3380 3805 3482 3861 sed
3514 3821 3585 3860 ex

1935 3886 2081 3959 ipsis
2110 3889 2318 3961 Ignatii
2351 3889 2615 3961 epistolis
2648 3890 3068 3963 transcripsit?
3110 3892 3250 3957 Quis
3283 3893 3586 3964 praestabit

1936 3978 2283 4051 scriptorem
2318 3978 2692 4034 Laurentiani
2735 3979 2976 4048 codicis,
3020 3980 3227 4035 relicto
3261 3981 3583 4053 exemplari

1936 4083 2064 4135 suo,
2099 4071 2200 4122 aut
2227 4067 2465 4122 Eusebii
2496 4067 2832 4137 Historiam,
2865 4072 2966 4125 aut
2994 4068 3346 4124 Theodoreti
3377 4070 3581 4141 dispu-

1936 4155 2191 4211 tationes
2248 4157 2310 4211 in
2368 4156 2685 4212 consilium
2738 4157 3098 4213 adhibuisse.
3153 4157 3337 4214 Nimis
3377 4157 3580 4214 dilutae

1935 4253 2072 4304 sunt
2127 4248 2216 4303 haa
2275 4249 2670 4321 conjectura);
2732 4255 2789 4305 et
2863 4252 3204 4322 aequissima
3259 4250 3580 4324 postulatio

1935 4344 2043 4409 est,
2077 4343 2141 4395 ut
2171 4356 2241 4395 ea
2269 4357 2375 4411 pro
2407 4341 2598 4396 verbis
2621 4341 3001 4413 epistolarum
3035 4341 3293 4400 auctoris
3319 4342 3585 4399 habean-

1934 4432 2052 4497 tur,
2082 4446 2212 4499 quze
2244 4430 2520 4485 omnibus
2552 4431 2767 4487 Graecis
2797 4430 3251 4504 exemplaribus,
3287 4439 3345 4487 et
3373 4431 3586 4487 veteri-

1934 4516 2044 4573 bus
2086 4518 2377 4590 excerptis
2407 4523 2825 4591 agnoscuntur.
2878 4519 2958 4576 Iis
3005 4526 3203 4577 autem
3241 4520 3434 4577 verbis
3464 4537 3586 4577 non

1936 4606 2153 4663 dicitur
2173 4608 2233 4662 id
2256 4607 2412 4679 quod
2436 4625 2470 4663 a
2491 4607 2613 4664 solo
2637 4609 2857 4664 Dalleeo
2881 4610 2974 4681 obj
2986 4617 3180 4666 ectum
3203 4615 3311 4678 est,
3336 4611 3388 4667 S.
3416 4611 3587 4683 Igna-

155 4699 324 4755 stolaa
354 4698 535 4754 verba
566 4700 693 4754 haec
726 4706 861 4754 sunt
916 4699 988 4755 de
1049 4700 1281 4756 Christo
1309 4717 1321 4754 :
1381 4697 1528 4774 Ἐγὼ
1556 4697 1660 4773 γὰρ
1694 4697 1830 4771 μετὰ
1862 4680 1907 4746 D
1940 4697 2087 4752 tium
2108 4697 2170 4752 in
2195 4714 2373 4753 carne
2396 4697 2693 4754 Christum
2711 4680 3133 4755 vidisseAliud
3148 4701 3305 4755 enim
3329 4702 3418 4754 est
3435 4680 3583 4768 οἶδα,

153 4788 255 4854 τὴν
316 4783 605 4840 ἀνάστασιν
659 4784 712 4839 ἔν
774 4787 929 4861 σαρκὶ
989 4786 1147 4842 αὐτὸν
1237 4783 1359 4842 οἴδα
1443 4785 1533 4841 καὶ
1586 4786 1825 4840 πιστεύω

158 4870 303 4930 ὄντα.
337 4878 428 4931 Ita
452 4877 517 4931 in
550 4876 756 4932 codice
793 4878 1192 4933 Laurentiano
1220 4877 1474 4951 legitur;
1509 4876 1715 4933 eadem
1750 4876 1830 4931 le-

159 4966 276 5021 ctio
308 4965 468 5037 apud
492 4964 816 5020 Eusebium
840 4966 1139 5021 invenitur
1163 4984 1177 5031 ;
1213 4964 1485 5021 eamdem
1508 4981 1831 5037 repraesen-

160 5060 246 5110 tat
275 5051 687 5109 Theodoretus
712 5070 727 5120 ;
766 5054 1037 5111 eamdem
1063 5055 1438 5111 retinuerunt
1460 5054 1642 5110 Graeci
1665 5054 1825 5109 codi-

158 5161 256 5201 ces
287 5143 535 5216 vulgati,
573 5149 697 5199 tum
729 5144 1236 5218 Nydpruccianus,
1271 5150 1396 5201 tum
1443 5145 1824 5219 Tylinganus,

159 5238 282 5288 tum
317 5232 707 5304 Anglicanus.
742 5249 951 5288 omnes
976 5251 1010 5290 a
1035 5251 1214 5289 manu
1245 5233 1689 5306 interpolatoris
1712 5234 1826 5290 hoc

160 5322 287 5376 loco
317 5319 517 5376 liberi.
554 5320 835 5376 Summus
868 5322 965 5376 hic
1016 5323 1196 5395 igitur
1226 5328 1284 5377 et
1313 5320 1607 5391 codicum,
1640 5329 1698 5377 et
1728 5340 1826 5378 ex-

159 5415 503 5482 cerptorum
532 5426 862 5466 consensus
883 5432 898 5483 ;
919 5428 1097 5483 quem
1122 5414 1322 5468 tamen
1344 5412 1512 5467 miris
1534 5413 1665 5485 conj
1676 5418 1828 5468 ectu-

158 5501 241 5556 ris
267 5499 633 5556 labefactare
665 5506 914 5556 conatur
941 5503 1030 5556 vir
1089 5503 1492 5573 doctissimus,
1536 5502 1637 5574 qui
1683 5502 1821 5559 alibi

160 5588 501 5644 exclamare
535 5586 707 5656 solet,
742 5590 974 5660 quoties
1008 5591 1215 5663 aliqua
1260 5596 1524 5648 veterum
1556 5591 1828 5648 codicum

156 5677 335 5734 lectio
370 5676 754 5733 sollicitatur.

223 5767 433 5825 Primo
461 5782 474 5822 :
512 5788 541 5816 «
562 5765 902 5827 Editionem
930 5769 1197 5833 Graecam
1218 5768 1515 5845 vulgatam
1535 5769 1689 5827 nihil
1711 5785 1834 5829 mo-

1933 4785 2095 4841 aliud
2144 4782 2287 4840 εἶδον
2339 4787 2429 4843 vel
2457 4784 2596 4841 ἲδον·
2629 4805 2749 4843 non
2788 4788 3074 4860 scriptum
3106 4795 3196 4844 est
3224 4785 3392 4857 εἶδον,
3424 4789 3583 4860 quod

1934 4881 2021 4930 est
2050 4875 2264 4931 Graecis
2297 4898 2326 4926 «
2353 4876 2493 4946 vidi,
2520 4899 2548 4928 »
2595 4875 2700 4933 sed
2747 4871 2885 4944 οἶδα,
2919 4877 3075 4946 quod
3106 4877 3317 4933 iisdem
3350 4894 3585 4949 semper

1936 4968 2073 5018 est«
2105 4965 2261 5031 novi,
2289 4984 2314 5016 ο
2352 4965 2442 5020 vel
2477 4987 2507 5016 ‹‹
2540 4966 2681 5021 scio.
2715 4987 2744 5017 »
2794 4966 2880 5020 Ita
2933 4964 3145 5020 harum
3194 4965 3583 5037 epistolarum

1935 5057 2141 5109 auctor
2163 5052 2307 5109 alibi
2339 5052 2668 5127 distinguit.
2692 5054 2779 5110 Ad
2811 5054 3133 5126 Ephesios:
3167 5054 3244 5107 Δι’
3278 5053 3351 5107 ὧν
3381 5052 3582 5114 πάντας

1936 5139 2076 5214 ὑμᾶς
2109 5140 2242 5195 κατὰ
2272 5139 2485 5213 ἀγάπην
2519 5138 2685 5211 εἶδον,
2747 5165 2774 5194 ‹‹
2806 5159 2914 5216 per
2945 5160 3093 5215 quos
3122 5160 3222 5198 vos
3252 5159 3459 5199 omnes
3489 5161 3584 5199 se-

1936 5231 2194 5288 cundum
2226 5230 2576 5286 charitatem
2604 5231 2741 5287 vidi.
2764 5255 2785 5284 ι
2817 5233 2906 5288 Ad
2930 5233 3255 5305 Magnesios
3279 5250 3292 5289 :
3327 5228 3466 5288 Οἶδα
3494 5232 3582 5287 ’ὁτι

1935 5318 1997 5374 οὗ
2030 5321 2336 5387 φυσιοῦσθε,
2375 5339 2403 5368 α
2443 5319 2577 5374 novi
2610 5320 2891 5391 quoniam
2917 5339 3038 5378 non
3068 5321 3383 5392 inﬂamini,
3415 5342 3443 5372 »
3479 5328 3576 5381 et:

1936 5406 2075 5466 Οἶδα
2133 5405 2215 5462 ὅτι
2274 5405 2607 5482 ἐντρέπεσθε,
2665 5410 2861 5464 «novi
2914 5412 3197 5483 quoniam
3225 5410 3583 5468 verecunda-

1937 5497 2104 5554 mini.
2133 5518 2161 5546 ››
2194 5495 2282 5551 Ad
2338 5495 2833 5569 Philadelphicos,
2894 5494 3033 5553 οἶδεν
3090 5501 3190 5575 γὰρ
3222 5499 3382 5563 πόθεν
3415 5494 3579 5576 ἔρχε-

1936 5605 2046 5655 ται,
2078 5584 2169 5639 καὶ
2198 5586 2304 5639 ποῖ’)
2336 5584 2548 5659 ὑπαγει,
2573 5611 2599 5637 ‹‹
2625 5587 2785 5643 novit
2815 5588 2976 5643 enim
3006 5588 3163 5646 unde
3194 5591 3438 5661 venit,et
3461 5608 3578 5664 quo

1938 5675 2114 5731 vadit.
2140 5697 2168 5727 »
2194 5676 2330 5733 Haec
2359 5675 2551 5749 primo
2581 5695 2687 5751 pro
2710 5679 2887 5733 certis
2909 5683 2969 5733 et
2987 5677 3340 5734 indubitatis
3368 5680 3578 5739 habeo.

2010 5765 2123 5824 Sed
2155 5765 2420 5841 disputat
2474 5762 2728 5827 Dallaus
2785 5785 2857 5827 ex
2907 5768 3091 5826 veteri
3119 5767 3417 5842 versione,
3447 5786 3580 5844 qua
