3942 6302
351 356 470 415 379

1406 353 1470 413 S.
1517 348 1912 415 lGNA'l‘IUS.
1959 384 2033 402 --
2078 353 2684 416 PHOLEGOMENA.

3642 353 3761 414 380

350 490 530 546 verba
543 489 896 546 auctorisita
913 489 1997 561 repraesentat,«postresurrectionem
2031 491 2078 560 Α
2113 494 2371 550 Athenas
2393 493 2698 563 subvertit,
2716 515 2744 545 »
2760 511 2866 566 pro
2882 489 3149 566 καθαίρει,
3175 492 3449 558 «lustrat;
3475 515 3503 544 »
3524 493 3625 564 qui
3645 493 3764 546 ἓτε-

357 580 420 635 in
439 598 612 637 carne
633 597 766 636 eum
788 580 1180 635 vidi.»Verum
1197 596 1315 634 nou
1339 578 1793 649 quaaritur,quid
1814 579 2000 634 inter-

355 688 489 742 pres
511 671 733 738 fecerit,
760 671 861 726 sed
892 669 1031 740 quid
1055 674 1261 724 auctor
1292 668 1557 739 epistolae
1591 668 1914 740 scripserit,
1950 673 2006 723 et

357 776 432 814 an
455 761 538 814 ita
567 761 857 830 interpres
883 759 984 813 ille
1015 758 1271 814 auctoris
1298 757 1475 813 verba
1504 757 1753 812 reddere
1785 757 2007 812 debue-

355 850 910 920 rit.Simplicitatem
943 848 1194 903 etﬁdem
1227 849 1286 905 in
1320 866 1387 903 eo
1421 845 1680 916 laudem,
1714 847 1775 902 in
1807 847 2008 918 lingua

357 939 555 995 Graaca
583 940 857 1012 peritiam
881 939 1038 994 haud
1062 940 1222 994 item.
1245 937 1410 1003 Quod
1433 955 1629 993 errare
1660 937 1921 1008 potuerit
1943 938 2005 992 in

359 1030 664 1101 scriptoris
695 1029 876 1085 Graeci
918 1035 1115 1084 mente
1179 1028 1550 1099 explicanda,
1585 1044 1799 1099 negare
1830 1042 2005 1082 nemo

358 1124 590 1188 potest;
625 1120 783 1190 quod
812 1121 924 1173 hoc
955 1119 1082 1173 loco
1107 1118 1408 1182 erraverit,
1433 1117 1684 1172 affirmo.
1708 1116 1821 1172 Sed
1844 1122 2009 1171 vetu-

356 1208 619 1262 stissimo
647 1208 957 1278 interpreti
979 1207 1154 1276 plane
1181 1206 1450 1277 congruit
1481 1206 1897 1276 Hieronymus,
1921 1205 2007 1261 fa-

357 1300 520 1350 teor:
556 1313 757 1351 verum
787 1302 918 1368 post
952 1296 1375 1366 Hieronymum
1407 1295 1652 1349 disentit
1697 1294 2004 1365 Ruftinus;

357 1385 642 1454 quaeritur
673 1386 804 1456 quis
866 1391 1126 1439 mentem
1186 1384 1444 1439 auctoris
1502 1384 1696 1454 potius
1724 1383 2003 1455 attigerit,

361 1475 867 1546 Hieronymus,an
899 1476 1193 1540 Rufﬁnus,
1227 1476 1596 1544 Usserianus,
1631 1492 1706 1528 an
1737 1474 2006 1546 vulgatus

359 1564 689 1636 interpres;
719 1566 776 1620 id
809 1572 900 1621 est
947 1565 1019 1620 ad
1068 1566 1186 1620 vim
1236 1571 1294 1620 et
1323 1565 1817 1637 signiﬁcationem
1851 1564 2006 1618 vocis

355 1649 480 1706 οἶδα
512 1655 754 1709 omnino
799 1655 1172 1710 redeundum
1204 1661 1309 1709 est.
1348 1657 1474 1725 Ipse
1506 1671 1624 1708 non
1653 1653 1831 1708 audet
1862 1670 1996 1708 cum

353 1742 425 1796 iis
456 1743 818 1799 contendere
851 1745 950 1814 qui
974 1749 1193 1815 negant
1211 1744 1454 1799 verbum
1477 1739 1598 1795 οἶδα
1630 1761 1734 1814 pro
1765 1743 1880 1797 vidi
1910 1759 1999 1797 ac-

2115 579 2368 656 ροδόξους
2424 606 2452 635 ‹‹
2501 601 2602 639 eos
2633 584 2736 656 qui
2767 583 2958 640 aliena
2987 601 3021 639 a
3052 585 3167 640 Deo
3199 583 3400 654 gloriae
3432 581 3760 654 cupiditate

2110 674 2265 744 rapti
2292 680 2450 742 sunt,
2483 697 2502 724 ι
2541 670 2820 727 διάλεκτον
2853 671 3197 745 ἀνθρωπίνην
3229 695 3255 721 ‹‹
3284 673 3607 727 humanam
3639 671 3765 725 fra-

2109 763 2420 836 gilitatem,
2453 783 2484 817 »
2525 763 2591 817 τὰ
2623 758 2964 841 διαφέροντα,
3017 788 3044 812 (ι
3079 763 3436 830 diﬁerentia,
3474 785 3499 811 »ι
3535 761 3764 834 μείζονα

2109 851 2209 905 τοῦ
2241 850 2428 908 λαλεῖν
2464 877 2484 904 ι
2511 853 2738 926 majora
2759 853 2945 924 loqui,
2973 875 3000 903 »
3028 852 3506 928 πεντηκόνταρχθν
3529 874 3557 901 ‹‹
3582 851 3766 923 quin-

2112 944 2563 1016 quagenarium,
2586 966 2614 992 ››
2636 942 2946 1018 πυροφόρον
2975 962 2995 991 ι
3021 943 3545 1010 frumentarium,»
3573 942 3624 992 οἳ
3647 939 3767 993 ἀθε·

2108 1035 2327 1092 τοῦντες
2359 1032 2673 1103 ἀθετήματα
2700 1055 2728 1082 ‹‹
2753 1033 2852 1103 qui
2877 1037 3228 1104 spreverunt
3255 1037 3710 1087 contemnentes
3739 1051 3767 1078 »

2111 1123 2534 1194 interpretatus
2565 1128 2690 1188 est;
2749 1121 2846 1192 qui
2900 1137 2970 1176 ex
3001 1121 3154 1176 male
3184 1120 3496 1176 intellectis
3529 1117 3770 1174 Eusebii

2113 1211 2330 1266 Graecis
2360 1211 2737 1282 Apollonium
2761 1217 3096 1266 senatorem
3126 1211 3283 1272 fecit.
3313 1211 3542 1284 insigne
3574 1211 3626 1265 ei
3659 1225 3764 1262 vo-

2111 1299 2315 1354 lumen
2365 1300 2655 1368 attribuit,
2705 1301 3019 1372 ipsumque
3052 1300 3113 1354 in
3142 1300 3483 1373 Catalogum
3517 1300 3774 1370 scripto—

2112 1405 2244 1443 rum
2293 1389 2830 1444 ecclesiasticorum
2881 1387 3128 1443 retulit?
3157 1391 3238 1443 Ex
3287 1389 3465 1457 male,
3497 1389 3772 1460 inquam,

2111 1477 2431 1533 intellectis
2463 1479 2697 1533 Eusebii
2729 1479 2945 1533 Graecis
2975 1496 2988 1532 :
3031 1479 3375 1550 conjectura
3406 1479 3564 1534 enim
3593 1481 3772 1534 Jose-

2112 1568 2214 1638 phi
2246 1568 2525 1641 Scaligeri
2549 1569 2792 1624 omnino
2817 1568 3186 1640 repudianda
3216 1574 3324 1633 est,
3350 1569 3450 1640 qui
3478 1569 3777 1641 Hierony-

2113 1673 2297 1727 mum,
2332 1674 2465 1712 cum
2523 1657 2628 1712 illa
2689 1657 2996 1726 scriberet,
3057 1675 3177 1713 non
3235 1659 3498 1714 Graacum
3531 1659 3773 1713 Eusebii

2115 1746 2435 1818 exemplar,
2469 1747 2572 1801 sed
2621 1746 2841 1802 Rufﬁni
2893 1747 3445 1819 interpretationem
3492 1747 3773 1802 manibus

356 1833 468 1902 cipi
491 1833 807 1903 posse.Sed
828 1839 929 1888 aut
945 1834 1032 1888 illi
1053 1833 1276 1888 cumiis
1293 1832 1772 1888 contendendum
1791 1836 2009 1898 est,aut
2040 1855 2084 1920 Β
2115 1835 2392 1890 habuisse
2425 1837 2652 1890 asserit.
2686 1835 2747 1890 Id
2780 1836 2941 1891 enim
2981 1837 3108 1891 fieri
3145 1836 3307 1890 nullo
3340 1836 3514 1891 modo
3547 1837 3770 1908 potuit,

356 1937 568 1976 manus
592 1921 822 1977 dandas.
853 1923 998 1978 Cum
1039 1923 1198 1977 enim
1220 1939 1355 1977 vera
1375 1921 1548 1976 lectio
1565 1922 1689 1993 jam
1713 1926 1878 1975 extra
1899 1920 2006 1974 du-

353 2009 518 2065 bium
550 2012 742 2082 posita
772 2013 867 2082 sit,
900 2011 1052 2066 nihil
1100 2012 1262 2066 aliud
1320 2012 1379 2065 in
1437 2011 1838 2066 controversia
1868 2009 2010 2081 poni

352 2101 687 2170 potest,nisi
717 2118 847 2171 quae
880 2102 956 2155 sit
986 2101 1254 2156 vocabuli
1286 2117 1423 2156 vera
1450 2107 1506 2155 et
1535 2099 1795 2172 genuina
1826 2099 2012 2171 signi-

361 2189 578 2246 ﬁcatio.
614 2189 727 2244 Sed
759 2196 818 2245 et
847 2214 872 2239 ‹‹
901 2190 1294 2262 Sophronius,
1318 2191 1532 2260 inquit,
1559 2189 1617 2243 id
1649 2189 1845 2260 ipsum
1876 2205 2013 2259 per-

363 2279 564 2348 spicue
598 2278 893 2334 reddidit:
933 2301 958 2328 ››
1018 2277 1163 2352 Ἐγὼ
1217 2275 1274 2331 δὲ
1335 2276 1468 2348 μετᾶ
1511 2278 1612 2345 τὴν
1642 2276 1925 2330 ἀνάστασιν
1957 2272 2009 2328 ἐν

359 2369 575 2440 σώματι
607 2368 766 2424 αὐτὸν
798 2367 961 2425 εἶδον.
985 2371 1155 2440 Quid,
1182 2388 1404 2442 quaeso,
1430 2377 1518 2426 est
1541 2371 1600 2425 id
1629 2371 1825 2442 ipsum
1853 2370 2012 2440 quod

356 2458 723 2529 Sophronius
752 2461 1065 2532 perspicue
1097 2459 1402 2515 reddidit?
1446 2477 1567 2516 non
1609 2460 1759 2514 illud
1791 2459 1861 2514 de
1895 2476 2010 2529 quo

358 2548 674 2617 quaeritur;
699 2548 758 2603 id
785 2549 945 2604 enim
969 2550 1226 2620 est,quid
1252 2556 1456 2604 auctor
1476 2549 1742 2621 epistola:
1764 2549 2014 2620 scripse-

356 2638 435 2691 rit
458 2657 470 2705 ;
508 2639 872 2709 Sophronius
895 2645 1092 2694 autem
1122 2656 1242 2694 non
1267 2638 2007 2712 transtulitlgnatium,sed

360 2726 567 2797 Ignatii
627 2728 1010 2799 interpretem
1066 2729 1510 2799 Hieronymum.
1553 2729 1610 2782 Si
1670 2745 1731 2783 se
1788 2729 2009 2800 Ignatio

361 2814 728 2872 Scholiasten
753 2817 1102 2888 praebuisset
1118 2818 1215 2872 ille
1240 2818 1512 2889 quisquis
1529 2822 1619 2872 est
1640 2817 1740 2886 qui
1762 2819 2014 2888 Sophro-

361 2904 494 2959 nius
527 2905 760 2976 dicitur,
800 2923 1102 2977 nunquam
1149 2903 1268 2959 οἶδα
1315 2924 1420 2978 per
1459 2902 1601 2959 εἶδον
1633 2907 2007 2962 reddidisset.

360 2993 474 3048 Sed
504 3013 638 3049 cum
672 2997 1013 3067 Hieronymi
1065 2995 1284 3050 librum
1315 2996 1742 3068 interpretatus
1770 3001 1876 3065 est,
1910 2996 2011 3067 qui

356 3083 476 3138 vidi
506 3085 842 3156 scripserat,
869 3085 1018 3140 illud
1044 3103 1149 3156 per
1171 3081 1314 3138 εἶδον
1337 3085 1616 3151 reddidit,
1637 3103 1743 3156 per
1765 3081 1888 3138 οἶδα
1917 3103 2008 3141 re-

359 3179 447 3228 cte
481 3174 726 3230 reddere
768 3191 888 3230 non
919 3176 1129 3246 potuit.
1163 3175 1234 3229 Ut
1281 3191 1419 3229 voce
1454 3195 1480 3222 ‹‹
1513 3174 1863 3243 Quadratus,
1898 3198 1926 3224 »
1955 3173 2008 3227 ἐν

357 3259 626 3318 Ἐλευσῖνι
659 3262 949 3336 γενόμενος
979 3262 1146 3330 dixit,
1179 3263 1519 3332 Hieronymi
1554 3263 1776 3333 Latina,
1809 3285 1836 3312 «
1867 3265 2012 3318 invi-

361 3371 500 3410 sens
517 3354 859 3409 Eleusinam
874 3354 1397 3424 .nrespiciens,non
1412 3359 1609 3409 autem
1628 3354 1729 3410 illa
1742 3371 1871 3425 quze
1888 3355 2015 3410 Hie-

358 3459 647 3512 ronymus
692 3459 811 3513 prae
862 3442 1048 3497 oculis
1073 3442 1300 3506 habuit,
1332 3440 1636 3496 Ἐλευσίνια
1666 3439 2010 3497 ἒποπτεῦων.

446 3533 717 3600 Verum,«
740 3537 1041 3601 utcunque
1065 3549 1125 3587 se
1149 3549 1245 3586 res
1267 3531 1859 3604 habeat,praecellens
1882 3533 2016 3587 Hie-

373 3620 607 3690 ronymi
631 3619 882 3675 eruditio
915 3620 1184 3676 dubitare
1226 3638 1345 3675 non
1377 3621 1538 3690 sinit,
1571 3622 1715 3692 quin
1738 3622 1815 3676 sit
1844 3622 1894 3676 is
1923 3638 2016 3676 ve-

365 3709 638 3764 rissimus
657 3727 883 3776 sensus,
909 3727 1088 3782 quem
1118 3711 1241 3782 ipse
1270 3711 1529 3766 exhibet.
1561 3711 1728 3765 Absit
1759 3710 1916 3765 enim
1955 3715 2019 3765 ut

366 3797 556 3854 virum
590 3805 818 3856 tantum
854 3799 1176 3856 nescivisse
1235 3806 1458 3871 putem,
1487 3799 1628 3870 quid
1664 3801 1739 3854 sit
1766 3803 1862 3852 τοῦ
1895 3797 2018 3852 οἶδα

370 3884 441 3938 ab
473 3881 617 3938 εἶδον
648 3886 738 3940 vel
769 3884 980 3958 ἑώρακα
1011 3885 1333 3940 discrimen
1359 3885 1370 3939 !
1394 3908 1420 3934 ››
1447 3888 1566 3940 Hoc
1587 3891 1742 3941 certe
1773 3885 2016 3940 unicum

368 3981 781 4045 argumentum
807 3975 880 4030 ad
911 3975 1065 4030 hanc
1087 3991 1212 4029 rem
1241 3975 1576 4045 appositum
1601 3991 1615 4040 ;
1641 3974 1796 4044 quod
1819 3979 2017 4028 tamen

371 4064 710 4136 Hieronymi
743 4065 804 4118 in
829 4065 1027 4118 Graeca
1057 4063 1259 4136 lingua
1284 4063 1684 4135 perspicaciaa,
1715 4069 1771 4118 et
1802 4064 1862 4118 in
1886 4080 2015 4118 ver-

368 4154 544 4209 tendo
579 4171 733 4208 curae
765 4159 940 4222 atque
970 4152 1290 4224 diligentiae
1315 4158 1598 4224 tanquam
1628 4152 2014 4208 fundamento

367 4242 662 4298 innititur.
695 4245 775 4297 De
805 4242 1118 4314 posteriori
1145 4243 1454 4298 audiamus
1483 4242 1677 4314 ipsum
1709 4243 1769 4296 in
1803 4243 2014 4314 praefa-

366 4332 527 4386 tione
559 4332 833 4386 Clironici
865 4331 1214 4387 Eusebiani:
1263 4353 1290 4380 ‹‹
1325 4331 1602 4398 Obsecro,
1631 4336 1697 4385 ut
1727 4331 2017 4402 quidquid

368 4421 480 4475 hoc
510 4421 882 4475 tumultuarii
913 4422 1109 4492 operis
1135 4419 2016 4489 est,amicorum,nonjudicum

369 4511 567 4565 animo
599 4511 863 4581 relegas:
906 4511 1236 4582 praesertim
1268 4526 1403 4565 eum
1436 4515 1494 4563 et
1523 4509 1777 4578 notario,
1810 4514 1875 4563 ut
1903 4509 2016 4564 sci-

2120 1941 2256 1979 cum
2288 1929 2371 1978 tot
2397 1925 2566 1979 annis
2615 1924 2953 1996 Catalogum
3011 1925 3316 1996 scripserit
3355 1925 3772 1996 Hieronymus,

2121 2019 2454 2084 antequaem
2486 2013 2721 2068 Eusebii
2757 2013 3074 2069 Historiam
3102 2019 3355 2068 verteret
3387 2013 3677 2069 Bufﬁnus.
3712 2014 3772 2069 Si

2121 2104 2180 2157 in
2206 2103 2483 2158 omnibus
2514 2103 2608 2158 his
2638 2102 2805 2169 locis,
2834 2103 3088 2174 aliisque
3121 2103 3528 2174 compluribus
3553 2127 3579 2153 ‹‹
3613 2103 3664 2158 is
3697 2103 3776 2158 sit

2120 2193 2464 2247 verissimus
2497 2209 2727 2260 sensus,
2787 2209 2965 2264 quem
3025 2192 3266 2247 exhibet
3296 2193 3708 2264 Hieronymus,
3743 2215 3772 2241 »

2122 2281 2396 2336 dabimus
2426 2286 2527 2336 aut
2558 2277 2684 2334 οῖδα
2717 2281 3049 2353 significare
3077 2302 3100 2333 «ι
3130 2281 3268 2346 vidi,
3293 2301 3323 2333 »
3346 2286 3445 2336 aut
3467 2298 3663 2336 veram
3689 2281 3780 2336 le-

2122 2372 2377 2426 ctionem
2411 2388 2538 2426 esse
2586 2367 2754 2426 εἶὸον.
2806 2371 2918 2426 Sed
2967 2387 3101 2426 cum
3149 2371 3272 2440 ille,
3305 2371 3396 2426 vel
3426 2389 3532 2442 per
3561 2387 3779 2442 prope-

2122 2460 2400 2528 rantiam,
2457 2460 2550 2515 vel
2606 2478 2714 2532 per
2782 2461 3336 2528 hallucinationem,
3394 2477 3515 2515 non
3567 2461 3774 2515 minus

2123 2551 2280 2604 hunc
2310 2549 2506 2605 locum
2559 2567 2735 2620 quam
2795 2550 2942 2605 alios
3000 2550 3347 2604 innumeros
3387 2550 3584 2604 minus
3614 2555 3779 2605 recte

2122 2637 2371 2692 reddere
2396 2638 2674 2709 potuerit,
2699 2654 2834 2692 vera
2855 2637 3031 2692 lectio
3056 2637 3318 2709 epistolas
3342 2639 3556 2692 Graecae
3578 2653 3780 2707 neque

2122 2728 2412 2783 mutanda
2442 2733 2648 2783 contra
2682 2727 2950 2783 omnium
2973 2727 3244 2783 codicum
3275 2744 3652 2794 consensum,
3677 2743 3785 2782 ne-

2123 2834 2237 2887 que
2271 2817 2465 2872 aliena
2489 2817 2977 2888 interpretatione
3002 2815 3414 2888 detorquenda
3435 2824 3546 2884 est,
3569 2822 3786 2871 contra

2123 2905 2403 2978 loquendi
2452 2906 2691 2961 modum
2743 2907 2957 2962 Graecis
3005 2907 3560 2962 familiarissimum.
3608 2907 3784 2961 Certe

2123 2994 2482 3066 Freculphus
2526 2995 2890 3066 prmcellenti
2936 2995 3258 3051 Hieronimi
3295 2995 3630 3050 eruditione
3664 2997 3785 3049 mi-

2123 3084 2286 3138 nime
2316 3089 2532 3150 motus,
2559 3101 2692 3138 cum
2716 3101 2785 3138 ex
2809 3085 2910 3138 illo
2943 3085 3292 3155 plerumque
3325 3085 3526 3138 omnia
3557 3084 3786 3138 exscri-

2127 3173 2266 3229 bere
2288 3173 2527 3243 soleret,
2558 3174 2670 3229 ista
2691 3179 2889 3229 tamen
2912 3175 2972 3229 in
2995 3175 3119 3229 hanc
3142 3173 3318 3229 verba
3341 3173 3608 3240 mutavit,
3633 3179 3784 3228 tom.

2127 3264 2197 3331 II,
2231 3262 2332 3317 lib.
2369 3280 2423 3329 ιι,
2453 3279 2581 3332 cap.
2621 3263 2715 3317 ll:
2752 3285 2779 3312 ‹‹
2812 3265 2928 3335 Ego
2975 3280 3111 3318 vero
3147 3269 3206 3318 et
3233 3268 3367 3334 post
3395 3264 3787 3317 resurrectio-

2128 3365 2269 3404 nem
2297 3350 2357 3404 in
2390 3366 2567 3404 carne
2595 3366 2731 3405 eum
2762 3349 2944 3405 fuisse
2975 3351 3116 3417 scio,
3138 3355 3196 3405 et
3224 3350 3398 3404 credo
3431 3351 3571 3420 quia
3601 3351 3785 3406 scio.»

2203 3438 2312 3494 Sed
2337 3455 2579 3494 sensum
2601 3439 2672 3493 ad
2693 3440 3048 3512 Hieronymo
3079 3440 3378 3495 redditum
3404 3439 3789 3496 verissimum

2129 3527 2437 3583 contendit
2491 3529 2582 3582 vir
2642 3528 3020 3584 doctissimus
3073 3546 3141 3584 ex
3200 3530 3417 3584 «fama
3448 3529 3519 3584 de
3550 3530 3789 3585 Christo

2129 3617 2200 3672 ab
2234 3619 2456 3690 lgnatio
2493 3617 2552 3671 in
2584 3634 2760 3673 carne
2819 3619 2963 3686 viso,
3024 3635 3154 3689 qua:
3212 3619 3370 3673 unde
3404 3619 3517 3672 nisi
3569 3636 3641 3673 ex
3677 3619 3790 3674 hoc

2129 3705 2393 3778 epistola)
2422 3707 2551 3761 loco
2615 3713 2935 3778 propagata
2991 3708 3085 3770 sit,
3147 3707 3342 3762 dicere
3373 3708 3462 3762 vel
3493 3709 3788 3778 suspicari

2129 3795 2479 3850 difficillime
2505 3801 2612 3860 est,
2637 3796 2967 3865 prmsertim
2997 3795 3153 3867 apud
3179 3798 3408 3851 Graecos
3439 3797 3788 3851 Latinorum

2127 3885 2248 3940 fere
2280 3884 2567 3939 librorum
2599 3884 2950 3940 incuriosos.
2983 3905 3007 3935 ι
3043 3886 3260 3940 Demus
3291 3886 3520 3940 Graecos
3558 3886 3791 3941 Latino-

2127 3989 2260 4028 rum
2290 3973 2578 4028 librorum
2637 3973 2969 4028 incuriosos
3023 3973 3228 4037 fuisse,
3280 3990 3478 4027 nonne
3513 3974 3785 4029 Graacum

2126 4061 2345 4117 librum
2377 4061 2732 4128 habuerunt,
2779 4079 2849 4116 ex
2898 4079 3013 4133 quo
3058 4079 3194 4117 eum
3243 4078 3508 4117 errorem
3540 4064 3781 4118 haurire

2125 4157 2464 4223 potuerunt.
2494 4151 2792 4224 Quidquid
2827 4176 2846 4200 σι
2899 4152 3014 4206 vidi
3066 4174 3092 4202 »
3127 4151 3282 4223 apud
3329 4153 3784 4224 Hieronymum,

2126 4241 2284 4297 idem
2319 4237 2464 4295 εἶδον
2495 4241 2653 4313 apud
2684 4241 3081 4310 Sophronium
3125 4243 3360 4297 efﬁcere
3388 4243 3618 4314 potuit:
3657 4251 3789 4299 erat

2127 4337 2325 4386 autem
2357 4331 2673 4403 Sophronii
2696 4331 2882 4385 versio
2905 4331 3120 4386 ercis
3143 4331 3514 4401 sequentium
3539 4333 3790 4388 saeculo-

2125 4438 2257 4475 rum
2289 4419 2470 4491 probe
2521 4420 2771 4491 cognita.
2805 4420 3014 4475 Suidas
3047 4435 3181 4474 eum
3223 4421 3462 4491 smpisse
3496 4423 3784 4476 transcri-

2124 4508 2247 4564 bit:
2282 4515 2337 4564 et
2386 4515 2521 4564 ante
2567 4509 2804 4566 Suidam
2847 4509 3092 4564 Photius
3123 4509 3400 4564 eumdem
3432 4511 3780 4575 cognovisse

369 4600 842 4667 tis,velocissime
873 4600 1269 4655 dictaverim.-
1305 4599 1539 4654 Mallem
1563 4597 1825 4652 .aliorum
1847 4598 2011 4668 judi-
2044 4588 2090 4652 D
2124 4599 2604 4669 deprehenditur.
2643 4600 2713 4653 Ut
2764 4599 2942 4670 igitur
3001 4598 3340 4669 Hieronymi
3405 4598 3649 4666 Latinis,
3696 4601 3783 4655 ita

371 4689 522 4744 cium
556 4707 731 4760 quam
763 4707 963 4746 meum
1013 4690 1084 4744 de
1141 4693 1392 4758 utraque
1431 4685 1728 4758 accipiant
1777 4687 2013 4744 eruditi.

371 4800 400 4829 «
433 4780 582 4844 Quot
607 4786 666 4834 et
690 4786 912 4850 quanta
939 4777 1202 4849 peccavit
1260 4775 1553 4831 maximus
1582 4775 1688 4840 vir,
1722 4793 1881 4832 nunc
1913 4793 2018 4848 per

285 4865 293 4873 ’
363 4870 830 4939 properantiam,
854 4884 1014 4923 nunc
1037 4884 1142 4938 per
1166 4863 1720 4932 hallucinationem,
1747 4887 1775 4914 »
1810 4865 2016 4921 obser-

360 4955 512 5009 vavit
538 4956 828 5027 Josephus
859 4955 1139 5025 Scaliger.
1197 4955 1267 5006 Et
1323 4951 1530 5023 quidni
1565 4951 1662 5008 ille
1694 4953 2013 5011 discrimen

363 5043 520 5099 inter
549 5041 672 5096 οἶδα
705 5050 763 5100 et
791 5041 934 5097 εἶδον
966 5060 1088 5098 non
1110 5041 1624 5110 animadverteret,
1649 5043 1750 5114 qui
1776 5062 2009 5116 στρατη-

366 5130 488 5208 γίαν
532 5151 667 5189 eum
729 5133 970 5205 στρατιᾷ,
1033 5128 1336 5204 στρατεύειν
1393 5147 1526 5186 cum
1589 5131 1879 5205 μάχεσθαι,
1907 5128 2011 5194 ἕως

364 5221 560 5276 τούτου
606 5240 741 5278 curn
797 5222 919 5296 περὶ
971 5218 1168 5274 τούτου
1202 5219 1504 5288 confudit;
1538 5221 1638 5293 qui
1668 5221 1922 5296 γιώμην,
1954 5221 2014 5276 id

369 5317 458 5366 est
487 5335 515 5362 ‹‹
542 5312 919 5377 sententiam,
945 5331 972 5359 »
1003 5326 1111 5380 pro
1143 5331 1168 5357 ‹‹
1195 5308 1458 5364 subsidio
1492 5331 1519 5359 »
1552 5310 1798 5377 habuit;
1831 5311 1933 5382 qui
1951 5309 2012 5364 τὸ

368 5396 668 5473 βασιλειᾷν,
701 5400 760 5456 id
792 5407 881 5455 est
911 5398 1283 5454 affectionem
1304 5399 1606 5471 regni,pro
1631 5400 1790 5472 regia
1810 5399 2013 5454 indole

365 5489 628 5559 accepit;
653 5489 754 5560 qui
780 5487 916 5560 μετὰ
934 5489 1040 5540 τῶν
1065 5485 1390 5542 ἀποστόλων
1416 5511 1442 5538 ‹‹
1469 5494 1601 5560 post
1622 5488 1922 5560 apostolos
1948 5505 2011 5556 ;»

365 5573 418 5645 ἒξ
449 5574 677 5644 ἐκείνου,
735 5580 846 5634 hoc
902 5583 990 5633 est
1037 5601 1064 5628 «
1099 5577 1170 5634 ab
1226 5577 1322 5633 illo
1356 5583 1644 5651 tempore,
1679 5600 1706 5629 »
1753 5580 1811 5632 in
1844 5578 2016 5648 hujus

370 5667 776 5724 amulationem
828 5667 1122 5743 reddidit;
1177 5668 1278 5740 qui
1342 5667 1537 5724 dixit:
1580 5666 2014 5740 «Epimenides

2126 4687 2438 4758 Sophronii
2471 4688 2658 4743 versio
2717 4688 2930 4742 Gracis
2988 4685 3181 4742 fraudi
3223 4704 3350 4742 esse
3402 4689 3611 4759 potuit.
3662 4689 3779 4744 Sed

2126 4791 2254 4830 eam
2288 4776 2507 4831 famam
2539 4793 2609 4832 ex
2639 4777 2749 4831 hoc
2775 4776 2903 4831 loco
2926 4781 3116 4831 ortam
3147 4793 3275 4830 esse
3304 4777 3621 4832 verisimile
3655 4795 3782 4832 non

2124 4871 2248 4919 est:
2283 4864 2380 4919 hic
2413 4865 2571 4920 enim
2625 4866 2897 4935 traditur,
2957 4871 3024 4920 ut
3079 4865 3164 4919 illi
3226 4864 3446 4934 volunt,
3483 4867 3781 4938 lgnatium

2123 4959 2256 5023 post
2285 4955 2781 5009 resurrectionem
2811 4954 3109 5009 Christum
3140 4954 3201 5008 in
3233 4971 3408 5009 carne
3439 4955 3695 5010 vidisse:
3721 4963 3787 5011 at

2123 5042 2225 5098 illa
2244 5042 2401 5099 fama
2425 5043 2575 5097 nihil
2597 5043 2714 5099 tale
2741 5042 3003 5114 tradidit,
3027 5043 3129 5098 sed
3147 5044 3440 5116 Ignatium
3463 5045 3620 5098 inter
3640 5062 3782 5116 par-

2122 5133 2287 5188 vulos
2320 5133 2393 5188 ad
2424 5133 2718 5190 Christum
2775 5133 3060 5189 adductos
3114 5133 3297 5188 fuisse
3338 5133 3524 5204 ipsius
3556 5135 3778 5190 Christi

2124 5222 2400 5277 manibus
2431 5229 2760 5293 exceptum.
2787 5223 2920 5278 Haec
2940 5227 3138 5278 autem
3161 5221 3277 5276 duo
3311 5229 3449 5277 sunt
3478 5223 3653 5294 plane
3685 5223 3782 5278 di-

2122 5327 2308 5366 versa.
2343 5311 2399 5366 Si
2431 5312 2690 5384 Ignatius
2733 5312 2979 5367 dixisset
3023 5327 3084 5365 se
3133 5311 3348 5365 vidisse
3380 5312 3679 5367 Christum
3715 5312 3784 5368 in

2124 5418 2297 5456 carne
2323 5407 2457 5472 post
2485 5403 3004 5468 resurrectionem,
3024 5417 3099 5456 an
3132 5401 3450 5471 quisquam
3482 5401 3620 5456 inde
3653 5403 3785 5457 col-

2123 5489 2352 5561 ligeret,
2388 5491 2661 5546 eumdem
2695 5490 2861 5562 quasi
2895 5489 3233 5562 puerulum,
3260 5489 3535 5544 manibus
3559 5489 3782 5547 Christi

2125 5585 2415 5652 gestatum
2447 5579 2629 5636 fuisse
2679 5584 2816 5636 ante
2863 5580 2992 5652 ejus
3041 5578 3342 5634 mortem?
3401 5595 3578 5636 nemo
3613 5597 3785 5641 sane.

2124 5667 2375 5724 Aliunde
2407 5669 2584 5741 igitur
2614 5685 2684 5726 ea
2712 5670 2871 5727 fama
2900 5674 3030 5726 orta
3077 5672 3200 5737 est;
3259 5683 3453 5742 neque
3484 5669 3546 5728 id
3574 5672 3786 5747 suspi-
