3942 6302
171 393 287 454 381

917 391 974 455 J.
1023 389 1448 455 PEARSONII
1490 388 1868 456 VINDIGIE
1907 394 2388 460 IGNATIANE.
2437 431 2513 446 —-
2552 396 2757 462 PARS
2799 398 2884 461 II.

3468 398 3585 459 382

175 528 296 584 cari
329 527 598 597 difﬁcile,
636 527 742 584 sed
771 528 834 585 in
853 533 1130 602 promptu
1157 534 1263 586 est.
1286 531 1368 585 Ex
1398 529 1641 586 nomine
1674 528 1834 586 enim
1861 529 1918 602 Α
1947 545 2379 601 pervacaneum
2409 539 2518 603 est,
2551 533 2655 590 sed
2712 550 2818 606 per
2863 537 3183 604 utrumque
3231 531 3588 588 describitur

176 617 462 693 Θεοφόρου
495 636 532 674 a
560 618 990 691 posterioribus
1012 620 1293 674 Graeculis
1313 620 1568 675 conﬁcta
1608 624 1698 674 est
1720 624 1841 674 tra-

185 707 332 762 ditio
353 706 480 772 illa,
507 708 679 779 cujus
703 707 866 764 nulla
890 708 1005 764 alia
1027 709 1272 781 vestigia
1291 709 1448 780 apud
1469 707 1838 780 antiquiores

177 801 430 851 exstant.
467 797 577 862 Qui
627 797 788 854 illam
833 797 1095 853 fabulam
1150 798 1578 871 excogitarunt,
1633 797 1842 853 dicunt

170 883 308 941 ideo
338 885 641 958 Ignatium
673 884 944 959 Θεοφόρον
974 887 1200 943 dictum
1226 903 1238 953 ;
1271 887 1376 943 sed
1407 887 1595 943 multo
1634 887 1838 943 verisi-

172 974 379 1030 milius
413 981 506 1030 est
532 975 666 1030 ideo
697 991 828 1031 eam
859 975 1123 1032 fabulam
1187 977 1573 1048 excogitatam
1631 976 1836 1044 fuisse,

174 1065 318 1135 quia
352 1081 492 1119 eum
521 1064 793 1140 Θεοφόρον
825 1065 1050 1121 dictum
1081 1070 1496 1138 cognoverant,
1539 1065 1697 1137 quod
1728 1081 1840 1120 no-

170 1170 310 1209 men
339 1155 476 1225 ipsa
504 1155 708 1211 fabula
737 1155 916 1227 longe
948 1156 1252 1227 antiquius
1301 1161 1432 1211 est:
1485 1155 1556 1211 de
1610 1171 1728 1226 qua
1775 1173 1838 1211 re

170 1248 383 1314 postea
415 1244 531 1298 erit
560 1243 975 1300 disserendum
1007 1246 1204 1301 latius.

241 1336 382 1390 Haec
408 1352 546 1390 cum
571 1335 644 1391 ad
668 1335 846 1392 ﬁdem
869 1337 1204 1393 Graecorum
1250 1336 1521 1392 codicum
1555 1335 1837 1392 tuendam

175 1429 232 1478 et
261 1441 475 1480 verum
535 1425 842 1497 scriptoris
891 1443 1132 1483 sensum
1166 1443 1200 1481 a
1230 1428 1423 1497 pravis
1466 1425 1838 1481 versionibus

173 1514 602 1570 vindicandum
637 1515 910 1571 sufﬁcere
937 1522 1181 1586 possent
1209 1535 1222 1582 ;
1256 1517 1507 1572 ulterius
1531 1516 1840 1571 observan-

174 1603 320 1659 dum
343 1611 438 1660 est
481 1605 1012 1676 prudentissimum
1065 1608 1277 1662 harum
1328 1623 1528 1662 rerum
1568 1605 1836 1678 judicem

171 1694 486 1765 Hugonem
519 1694 784 1750 Grotium
815 1695 886 1750 de
945 1695 1055 1752 hac
1103 1697 1231 1768 ipsa
1280 1696 1686 1751 controversia
1725 1696 1839 1750 ista

172 1782 246 1837 ad
266 1783 533 1838 Matthaai
555 1800 683 1855 cap.
708 1801 886 1839 xxvm
935 1783 1287 1840 adnotasse:
1319 1779 1438 1840 «'Si
1472 1785 1604 1855 quis
1634 1784 1830 1840 locum

1943 622 2260 692 Apostolus
2290 620 2758 699 πληροφορηθείς.
2793 624 2944 688 Quin
2968 628 3026 678 et
3054 623 3195 679 alibi
3220 623 3589 695 conjunctim
3680 662 3690 668 .

1946 713 2261 782 expressit,
2291 711 2382 764 καὶ
2411 711 2574 766 τοῦτο
2605 711 2881 775 πεποιθὼς
2941 708 3082 780 οἴδα,
3135 712 3389 784 Philipp.
3423 730 3461 766 ι.
3495 713 3584 766 25.

1943 799 2126 864 Quem
2158 801 2426 857 imitatus
2457 806 2547 856 est
2594 803 2652 858 S.
2703 802 3059 857 Athanasius
3117 807 3265 857 orat.
3320 803 3345 856 1
3399 807 3592 857 contra

1944 887 2391 946 ΑγὶαηοεεΟῖδα
2429 890 2530 964 γὰρ
2575 889 2664 944 καὶ
2713 885 3006 961 πέπεισμαι
3055 887 3140 944 ὅτι
3194 895 3310 949 τοῖς
3371 888 3588 960 ὑπομέ-

1939 997 2118 1031 νουσιν
2148 972 2294 1033 ἔσται
2331 979 2522 1051 μισθὸς
2565 979 2671 1033 ἀπὸ
2708 983 2804 1034 τοῦ
2853 981 3150 1052 Σωτῆροςε
3204 1005 3230 1030 «
3268 979 3395 1036 Scio
3429 981 3590 1034 enim

1943 1073 2002 1123 et
2021 1074 2250 1124 certum
2273 1069 2461 1125 habeo
2493 1070 2806 1140 praamium
2837 1070 2911 1125 iis
2943 1070 3042 1140 qui
3075 1069 3373 1125 sustinent
3418 1068 3595 1123 retri-

1941 1157 2243 1213 buendum
2268 1176 2396 1215 esse
2419 1176 2454 1215 a
2479 1159 2797 1216 Salvatore.
2820 1182 2848 1210 »
2881 1161 2953 1215 Ut
2982 1159 3140 1216 idem
3169 1161 3247 1215 sit
3293 1159 3450 1231 apud
3479 1177 3588 1214 no-

1943 1251 2150 1302 strum.
2183 1243 2320 1304 Οἶδα
2349 1246 2438 1302 καὶ
2464 1249 2727 1318 πιστεύω,
2780 1249 2937 1319 quod
2970 1245 3128 1309 εἰδὼς
3177 1248 3436 1315 πιστεύω,
3487 1255 3588 1305 aut

1939 1335 2208 1390 πιστεύων
2240 1334 2379 1392 οἶδα.
2413 1339 2563 1394 Nihil
2586 1339 2746 1393 enim
2769 1338 2931 1394 aliud
2961 1355 3140 1408 quam
3163 1339 3504 1394 ﬁrmitatem
3529 1343 3587 1393 et

1942 1427 2356 1483 certitudinem
2370 1427 2505 1483 ﬁdei
2523 1429 3014 1500 haecloquuntur:
3042 1452 3067 1478 (ι
3089 1428 3202 1483 Sed
3220 1445 3350 1483 cum
3373 1429 3488 1482 duo
3509 1427 3589 1482 di-

1941 1531 2109 1570 versa
2129 1516 2306 1572 verba
2323 1517 2606 1588 posuerit,
2631 1517 2893 1573 ostendit
2917 1535 2978 1572 se
3006 1517 3301 1573 Christum
3326 1518 3386 1572 in
3409 1533 3588 1572 carne

1940 1604 2119 1659 fuisse
2134 1605 2306 1660 aliter
2325 1623 2500 1661 nosse
2516 1623 2694 1677 quam
2718 1623 2850 1662 eum
2869 1607 2928 1661 in
2950 1607 3156 1662 eadem
3188 1623 3348 1663 nunc
3375 1622 3522 1661 esse.
3558 1628 3586 1655 ››

1941 1695 2042 1748 Hic
2057 1699 2214 1749 certe
2229 1695 2497 1750 omnium
2513 1696 2573 1750 in
2594 1697 2701 1751 hac
2717 1712 2780 1750 re
2798 1701 3159 1762 errorum,ut
3175 1695 3319 1750 mihi
3334 1695 3585 1764 videtur,

1941 1783 2072 1838 fons
2105 1789 2212 1839 est.
2245 1787 2371 1839 Non
2419 1784 2658 1840 aliunde
2702 1785 3123 1840 hallucinatum
3169 1785 3350 1840 fuisse
3393 1785 3583 1856 primo

171 1871 390 1942 Ignatii
425 1889 562 1928 cum
592 1890 735 1929 cura
765 1873 1062 1945 inspiciat,
1093 1874 1315 1930 videbit
1336 1879 1559 1930 rectam
1588 1890 1715 1929 esse
1748 1873 1832 1928 le-
1863 1883 1908 1948 Β
1941 1873 3028 1944 Hieronymum,deininterpretem,ac
3053 1874 3289 1929 tandem
3302 1873 3581 1929 Dallazum

171 1961 437 2016 ctionem
471 1957 615 2030 οἶδα,
650 1979 844 2033 neque
877 1963 948 2018 de
982 1964 1140 2020 visus
1174 1981 1354 2019 sensu
1386 1964 1466 2018 ibi
1491 1964 1602 2036 agi,
1631 1963 1736 2018 sed
1758 1963 1829 2017 de

173 2051 310 2119 ﬁde,
345 2067 529 2122 quam
560 2068 681 2107 non
715 2068 844 2118 suo,
879 2052 984 2108 sed
1017 2051 1268 2108 aliorum
1303 2053 1644 2108 testimonio
1689 2069 1831 2106 con—

173 2140 392 2195 ﬁrmat.
441 2163 468 2189 ›ι
500 2141 872 2196 Rectissime.
905 2141 1113 2197 Adhuc
1144 2148 1345 2198 tamen
1402 2142 1655 2198 Dalleeus
1701 2141 1832 2196 loco

170 2229 443 2301 inspecto
474 2229 674 2285 videre
707 2230 819 2285 sibi
839 2231 999 2286 visus
1023 2237 1112 2287 est
1141 2231 1330 2287 multo
1356 2248 1486 2287 esse
1507 2231 1831 2304 appositio-

170 2336 297 2374 rem
319 2320 851 2392 Hieronymianum
872 2338 1050 2392 quam
1077 2322 1422 2377 Grotianum
1445 2337 1687 2376 sensum
1711 2337 1723 2387 ;
1749 2320 1834 2374 id-

172 2425 288 2479 que
322 2407 396 2463 ob
430 2409 578 2464 duas
609 2409 892 2477 rationes,
947 2426 1196 2481 quarum
1248 2411 1441 2482 prima
1479 2427 1512 2466 a
1542 2408 1835 2481 particula

169 2495 269 2570 γάρ
305 2497 550 2569 petitur,
585 2514 764 2569 quam
797 2499 1112 2555 ostendere
1142 2499 1271 2554 vult
1303 2499 1655 2571 scriptorem
1710 2515 1832 2553 ver—

178 2585 272 2640 bis
313 2587 703 2657 sequentibus
736 2588 865 2658 ejus
895 2588 1054 2658 quod
1080 2587 1558 2660 praecedentibus
1579 2586 1834 2655 dixerat,

178 2678 477 2732 rationem
511 2677 744 2734 aﬁ‘erre.
806 2677 1042 2734 Dixerat
1098 2684 1297 2734 autem
1355 2678 1652 2733 Christum
1699 2693 1834 2732 vere

179 2771 486 2822 mortuum
519 2773 578 2821 et
602 2767 1020 2823 resuscitatum
1053 2785 1065 2821 :
1095 2769 1266 2840 cujus
1299 2768 1385 2822 rei
1417 2769 1709 2839 optimum
1739 2784 1836 2820 ar-

178 2857 722 2930 gumentum,quod
745 2857 938 2928 ipsum
962 2857 1023 2912 in
1043 2874 1218 2912 carne
1244 2857 1662 2914 resuscitatum
1684 2854 1838 2909 vide-

177 2947 412 3002 rit.Imo
436 2963 570 3001 vero
594 2963 704 3001 nec
726 2946 1018 3016 particula
1047 2945 1153 3019 γάρ
1185 2947 1481 3002 rationem
1514 2944 1836 3016 superioris

181 3035 538 3090 assertionis
569 3036 852 3100 continet,
885 3051 1082 3106 neque
1113 3036 1258 3091 visio
1290 3035 1415 3102 illa,
1449 3051 1627 3106 quam
1662 3034 1836 3106 Igna-

180 3126 301 3179 tius
324 3130 560 3196 poterat
580 3124 924 3190 obtendere,
953 3142 1059 3196 pro
1082 3125 1348 3197 legitimo
1367 3127 1716 3192 argumento
1731 3124 1840 3178 ha-

179 3214 309 3270 beri
343 3215 555 3286 potuit.
590 3214 885 3270 Particula
914 3212 1017 3289 γάρ
1051 3215 1225 3270 habet
1268 3215 1446 3270 aliam
1488 3212 1837 3311 particulam
1873 3254 1915 3320 Ο

183 3302 280 3356 καί
314 3303 685 3374 adjunctam,
717 3319 848 3374 quas
879 3303 1142 3358 ostendit
1168 3303 1518 3375 scriptorem
1551 3302 1625 3358 ad
1653 3301 1834 3356 aliam

181 3393 547 3447 sententiam
579 3391 762 3446 dilabi
790 3407 802 3457 ;
837 3392 956 3446 sive
987 3392 1061 3447 ad
1095 3392 1436 3448 ulteriorem
1472 3391 1839 3447 adversario-

180 3498 316 3536 rum
348 3481 822 3536 confutationem
840 3481 1495 3554 progredi.Asseruerat
1516 3485 1652 3536 ante
1673 3481 1748 3535 Ch
1760 3480 1840 3533 ri-

184 3575 345 3625 stum
362 3585 496 3624 vere
523 3586 783 3641 passum,
819 3575 878 3624 et
896 3586 1030 3625 vere
1050 3571 1312 3641 seipsum
1342 3569 1749 3638 resuscitasse,
1783 3573 1842 3623 et

184 3663 323 3731 post
350 3658 576 3714 nudam
611 3658 1003 3714 assertionem
1037 3675 1204 3714 suam
1225 3659 1559 3724 haereticos,
1587 3658 1686 3729 qui
1711 3673 1841 3713 eam

187 3765 310 3803 non
325 3747 740 3815 admittebant,
764 3747 1161 3803 daamoniacos
1183 3752 1490 3804 vocaverat
1512 3765 1526 3814 ;
1559 3747 1723 3802 addit
1747 3747 1845 3817 igi-

189 3843 286 3892 tur
307 3843 426 3892 tam
445 3853 662 3892 severae
684 3835 1115 3909 objurgationis
1141 3837 1431 3893 rationem
1453 3837 1842 3892 assertionem

186 3927 382 3992 aliam,
417 3943 597 3997 quam
631 3925 808 3997 plena
852 3926 965 3981 ﬁde
1016 3926 1278 3998 seipsum
1329 3927 1607 3998 amplecti
1649 3925 1841 3998 docet,

186 4015 438 4084 scilicet,
472 4015 772 4070 Christum
805 4021 940 4086 post
989 4014 1491 4071 resurrectionem
1540 4015 1732 4071 adhuc
1783 4015 1844 4070 in

185 4122 364 4161 carne
398 4105 706 4173 exsistere,
769 4104 1021 4174 ideoque
1082 4105 1279 4160 statim
1340 4104 1612 4176 plurimis
1671 4120 1844 4176 argu-

184 4195 425 4261 mentis,
460 4211 532 4248 ex
576 4193 830 4248 aliorum
880 4194 1222 4248 testimonio
1272 4194 1603 4249 conﬁrmat.
1656 4195 1845 4265 Argu-

183 4291 455 4340 mentum
490 4287 691 4337 autem
721 4298 755 4336 a
787 4288 1107 4353 conspectu
1132 4281 1458 4353 lgnatiiaut
1487 4298 1592 4353 pro
1614 4281 1842 4336 levissi-

183 4391 278 4430 mo
313 4372 544 4435 haberi,
574 4376 676 4426 aut
705 4387 812 4441 pro
853 4369 1012 4426 nullo
1063 4371 1262 4444 potius
1305 4370 1525 4426 debuit.
1579 4371 1634 4425 Si
1684 4370 1845 4426 enim

184 4463 282 4518 ille
308 4463 441 4534 jam
482 4463 550 4514 80
575 4461 764 4514 ferme
794 4459 968 4515 annis
985 4466 1120 4532 post
1137 4460 1478 4531 passionem
1494 4460 1722 4514 Domini
1746 4475 1846 4514 su-

185 4559 416 4624 perstes
446 4549 828 4614 asseruisset,
890 4565 952 4603 se
1010 4549 1205 4604 adhuc
1266 4549 1579 4620 parvulum
1629 4548 1844 4604 vidisse

1942 1961 2217 2018 arbitror.
2252 1963 2374 2018 Duo
2405 1963 2723 2035 signiﬁcari
2747 1963 3066 2018 Dominicae
3089 1964 3284 2019 carnis
3315 1968 3584 2035 tempora

1943 2052 2273 2120 voluerunt,
2307 2058 2442 2124 post
2468 2053 2960 2109 resurrectionem
2991 2054 3054 2108 in
3092 2054 3288 2121 terris,
3320 2058 3455 2125 post
3491 2070 3583 2109 as-

1943 2150 2284 2205 censionem
2319 2151 2380 2205 in
2411 2151 2597 2219 caelis,
2631 2168 2761 2222 qua)
2789 2167 2824 2206 a
2851 2156 3050 2206 mente
3083 2152 3387 2222 scriptoris
3417 2168 3584 2222 pror-

1944 2256 2042 2294 sus
2073 2239 2271 2294 aliena
2291 2246 2447 2294 sunt.
2472 2241 2698 2296 Fictum
2717 2245 2805 2295 est
2826 2241 2976 2295 illud
3005 2262 3032 2290 «
3055 2240 3258 2308 fuisse,
3288 2263 3308 2289 ι
3336 2240 3495 2312 quod
3517 2258 3588 2295 ex

1941 2327 2239 2384 Vairlenio
2288 2329 2614 2400 proferunt.
2665 2331 2924 2402 lgnatius
2975 2335 3205 2385 tantum
3262 2329 3412 2384 dixit
3460 2326 3588 2383 ὅντα

1944 2421 2102 2490 quod
2131 2437 2265 2476 cum
2296 2417 2349 2474 ἰν
2380 2419 2536 2494 σαρκί
2567 2421 3048 2493 cenjungendum
3093 2427 3200 2476 est.
3251 2421 3403 2476 Illud
3450 2422 3585 2476 uni-

1944 2527 2079 2566 cum
2111 2516 2200 2566 est
2229 2511 2387 2582 quod
2417 2510 2512 2566 hic
2544 2512 2800 2583 lgnatius
2830 2511 2979 2565 dixit
3006 2527 3068 2565 se
3099 2511 3277 2582 plena
3307 2511 3422 2567 ﬁde
3454 2527 3582 2566 am-

1943 2600 2146 2671 plecti,
2177 2599 2476 2654 Christum
2508 2595 2560 2652 ἐν
2593 2600 2748 2673 σαρκὶ
2798 2597 2942 2668 ὄντα,
2994 2601 3184 2656 adhuc
3230 2601 3407 2655 etiam
3455 2606 3587 2670 post

1943 2689 2443 2744 resurrectionem
2475 2712 2501 2737 ‹‹
2527 2689 2587 2742 in
2607 2705 2786 2744 carne
2803 2689 3207 2744 exsistentem.
3234 2712 3262 2739 ››
3287 2691 3366 2744 De
3386 2705 3586 2744 ascen-

1945 2778 2110 2832 sione
2142 2777 2291 2832 nihil
2335 2778 2431 2832 hic
2479 2777 2644 2845 dixit,
2700 2777 2850 2831 nihil
2903 2777 3189 2848 probavit.
3249 2777 3585 2832 Ridiculum

1947 2873 2037 2923 est
2065 2867 2413 2937 scriptorem
2454 2866 2569 2922 duo
2602 2866 2820 2935 dicere,
2855 2883 3109 2936 quorum
3140 2866 3391 2922 alterum
3422 2866 3586 2934 vidit,

1945 2957 2196 3012 alterum
2228 2954 2513 3021 credidit;
2547 2954 2763 3009 deinde
2792 2954 2961 3025 plura
2990 2954 3330 3010 testimonia
3376 2955 3589 3010 afferre

1946 3062 2052 3116 pro
2075 3061 2143 3099 eo
2168 3044 2326 3115 quod
2349 3043 2611 3110 viderat;
2635 3061 2740 3115 pro
2763 3061 2830 3099 eo
2855 3044 3011 3114 quod
3035 3043 3304 3111 credidit,
3331 3043 3584 3098 nullum.

1947 3135 2155 3190 Omnia
2188 3134 2346 3188 enim
2377 3149 2508 3204 quas
2539 3138 2870 3203 sequuntur
2899 3133 3308 3188 tantummodo
3338 3132 3593 3204 probant

1947 3225 2412 3294 Christum,dum
2430 3225 2492 3278 in
2513 3224 2687 3279 terris
2710 3223 2953 3291 esset,in
2971 3240 3148 3279 carne
3167 3222 3349 3278 fuisse
3365 3239 3377 3288 ;
3393 3239 3586 3292 neque

1945 3314 2183 3371 aliunde
2216 3315 2326 3370 hoc
2356 3314 2520 3368 novit
2547 3320 2649 3369 aut
2669 3313 2920 3369 credidit
2940 3314 3221 3386 lgnatius,
3247 3313 3362 3368 nisi
3385 3312 3589 3367 exillis

1947 3422 2077 3475 quae
2095 3409 2424 3474 sequuntur
2439 3403 2867 3458 testimoniis.H
2877 3420 2948 3458 uc
2960 3404 3137 3458 etiam
3152 3401 3592 3474 pertinet,quod

1945 3499 2158 3566 putant
2187 3487 2308 3546 οἶδα
2338 3493 2622 3564 praeteriti
2659 3493 2940 3564 temporis
2969 3492 3460 3565 signiﬁcationem
3492 3492 3590 3546 ha-

1945 3585 2084 3640 bere
2109 3581 2350 3638 πιστεύω
2381 3583 2710 3654 praesentis.
2744 3584 2862 3638 Hoc
2892 3588 3088 3639 autem
3122 3583 3346 3654 pariter
3371 3581 3588 3637 falsum

1948 3674 2317 3744 est,Verbum
2341 3674 2500 3726 enim
2523 3669 2646 3725 οἶδα
2674 3673 2812 3728 licet
2831 3673 3022 3728 forma
3043 3673 3119 3728 sit
3139 3673 3422 3744 praeteriti
3445 3679 3588 3727 tem-

1947 3764 2128 3836 poris,
2161 3761 2315 3834 apud
2356 3763 2607 3830 Graecos,
2630 3767 2830 3816 tamen
2871 3761 3302 3831 signiﬁcatione
3327 3777 3588 3832 prasens

1949 3857 2058 3921 est,
2090 3857 2148 3906 et
2177 3869 2311 3907 cum
2334 3850 2508 3906 verbo
2536 3851 2845 3922 praesentis
2871 3849 3154 3920 temporis
3185 3850 3391 3904 eadem
3416 3850 3591 3920 signi-
3658 3848 3663 3856 ’

1950 3941 2225 3998 ﬁcatione
2249 3940 2510 4011 ponitur,
2543 3944 2609 3994 ut
2637 3939 2792 4011 apud
2823 3941 3141 3994 Homerum
3167 3955 3179 3992 :

2163 4065 2348 4141 Αὐτὰρ
2379 4061 2489 4140 ἐγὼ
2520 4067 2679 4136 θυμῷ
2715 4063 2849 4118 νοὲω
2879 4064 2966 4118 καὶ
3002 4061 3124 4117 οἴδα
3162 4059 3374 4118 ἕκαστα.

2020 4191 2277 4263 Ideoque
2309 4191 2498 4246 Latini
2531 4191 2884 4262 interpretes
2903 4190 3077 4246 verbo
3105 4190 3412 4262 praisentis
3442 4193 3594 4243 tem-

1951 4282 2113 4355 poris
2143 4282 2419 4349 efferunt,
2452 4287 2517 4335 ut
2548 4280 2749 4336 Matth.
2782 4297 2854 4345 vi,
2887 4282 2990 4334 32:
3027 4275 3153 4335 Οἵδε
3200 4277 3302 4354 γὰρ
3345 4278 3371 4331 ὁ
3405 4277 3591 4350 Πατὴρ

1953 4369 2125 4442 ὑμῶν,
2158 4369 2273 4426 Scit
2331 4372 2473 4424 enim
2534 4373 2698 4423 Pater
2747 4375 2966 4433 vester;
3020 4386 3172 4438 xxnv,
3232 4368 3346 4424 36:
3397 4361 3593 4428 Οὐδεὶς

1953 4457 2086 4527 οἶδε,
2137 4462 2300 4514 Nemo
2355 4461 2472 4514 scit.
2536 4457 2898 4513 Glossarium
2960 4459 3182 4514 Vetus:
3242 4453 3402 4525 Οἶδα,
3460 4460 3592 4521 scio,

1951 4565 2109 4618 noro,
2140 4564 2338 4615 nosco;
2373 4552 2431 4602 et
2459 4546 2618 4602 aliud
2652 4547 3052 4602 Glossarium:
3099 4549 3244 4613 Scio,
3297 4541 3435 4600 οἶδα.
3468 4546 3598 4616 Ety-

187 4647 489 4701 Christum
523 4643 583 4697 in
616 4658 794 4697 carne
820 4647 955 4713 post
983 4641 1506 4711 resurrectionem,
1530 4641 1663 4712 quis
1695 4641 1837 4696 illud

2020 4638 2285 4710 ologicon
2313 4654 2326 4691 :
2369 4634 2562 4701 Οἶσθα,
2597 4633 2715 4688 ἀντὶ
2740 4638 2858 4707 τοῦ,
2892 4635 3196 4710 γινώσκεις.
3222 4638 3396 4693 Recte
3420 4635 3598 4707 igitur

187 4733 602 4788 testimonium
633 4731 705 4787 ad
738 4731 1045 4786 veritatem
1068 4733 1345 4787 humanae
1379 4736 1606 4786 naturae
1629 4730 1842 4786 Christi

187 4822 519 4894 quidquam
550 4821 742 4876 valere
776 4819 1180 4875 concederet?
1211 4821 1301 4875 An
1333 4836 1403 4874 ea
1435 4819 1674 4875 aetatula
1703 4820 1846 4875 satis

185 4917 348 4968 certo
374 4909 650 4981 judicare
673 4909 885 4980 potuit,
921 4914 1121 4964 utrum
1171 4925 1305 4965 vere
1356 4925 1431 4964 an
1475 4908 1846 4980 phantastice

183 5002 453 5055 Christus
483 4998 743 5069 seipsum
776 4997 1160 5054 exhibuerit?
1207 4998 1447 5052 Nullum
1497 5003 1656 5052 certe
1706 4998 1847 5053 Gro-

181 5090 350 5145 tiano
385 5086 584 5142 sensui
618 5085 946 5157 periculum
981 5103 1051 5141 ex
1083 5086 1374 5156 particula
1402 5083 1524 5159 γάρ.
1553 5086 1846 5156 Secundo,

183 5178 405 5250 inquit,
439 5199 466 5226 «
503 5175 560 5229 Si
594 5175 653 5229 id
703 5175 885 5230 vellet
933 5175 1206 5246 scriptor,
1257 5175 1413 5246 quod
1463 5175 1547 5230 ait
1593 5175 1846 5244 Grotius,

184 5279 697 5340 supervacaneum
723 5263 838 5319 erit
857 5264 1102 5319 verbum
1137 5259 1281 5317 οἶδα.
1318 5286 1346 5313 ››
1369 5264 1659 5318 Fortasse.
1693 5264 1848 5318 Fieri

185 5358 346 5412 enim
376 5357 574 5425 potest
596 5358 664 5407 ut
683 5354 744 5407 in
768 5353 991 5424 optimo
1016 5353 1304 5425 scriptore
1335 5351 1655 5423 aliquando
1681 5368 1847 5408 voca-

183 5445 396 5500 bulum
419 5441 732 5497 redundet.
755 5441 868 5495 Sed
893 5457 1397 5514 supervacaneum
1415 5457 1536 5496 non
1559 5446 1666 5508 est,
1691 5440 1848 5512 quod

185 5533 327 5589 ﬁdei
356 5530 783 5587 certitudinem
817 5535 878 5584 et
916 5527 1300 5606 πληροφορίαν
1349 5529 1638 5603 adjungit.
1695 5530 1852 5584 Dixit

185 5625 241 5681 S.
303 5621 564 5678 Paulus:
615 5614 760 5674 Οἶδα
817 5617 906 5672 καὶ
956 5619 1255 5693 πέπεισμαι
1302 5617 1354 5672 ὲν
1408 5618 1588 5692 Κυρίῳ
1645 5618 1846 5688 Ἰησοῦ,

179 5719 358 5777 Rom.
394 5731 511 5784 xiv,
547 5713 636 5786 14,
670 5711 773 5770 ubi
804 5727 998 5786 neque
1031 5707 1156 5767 οἶδα
1198 5704 1392 5784 neque
1424 5709 1718 5784 πέπεισμαι
1749 5727 1848 5771 su-

1957 4723 2076 4780 οἶδα
2109 4731 2166 4781 et
2195 4742 2328 4782 cum
2358 4722 2598 4778 πιστεύω
2629 4725 3030 4796 conjungitur,
3063 4730 3122 4780 et
3151 4723 3225 4779 ad
3256 4719 3386 4778 ὄντα
3414 4723 3602 4778 refer-

1958 4822 2071 4882 tur,
2105 4820 2171 4870 ut
2201 4814 2276 4870 ad
2300 4814 2752 4886 Xenophontem
2785 4809 2908 4866 οἶδα
2937 4809 3168 4884 ἐμαυτὸν
3196 4809 3398 4880 ἥττονα
3443 4806 3594 4874 ὄντα,

1956 4910 2114 4960 recte
2145 4903 2388 4959 unicum
2418 4902 2515 4958 hic
2543 4902 2842 4974 objectum
2875 4901 3012 4956 ﬁdei
3045 4904 3404 4973 agnoscitur,
3437 4900 3598 4970 quod

1958 4993 2344 5065 sequentibus
2359 4991 2715 5046 testimoniis
2738 4991 3140 5046 conﬁrmatur.
3157 4991 3355 5061 Neque
3376 5005 3511 5044 vero
3529 5007 3599 5044 ea

1956 5085 2156 5140 minus
2186 5083 2474 5155 Ignatium
2506 5081 2739 5153 decent,
2771 5088 2871 5138 aut
2901 5082 2974 5138 ad
3005 5099 3245 5138 sensum
3295 5082 3600 5153 scriptoris

1959 5173 2288 5229 eruendum
2317 5172 2504 5244 magis
2535 5171 2750 5239 valent,
2782 5173 2941 5242 quod
2972 5189 3091 5228 non
3122 5172 3332 5228 iisdem
3355 5187 3597 5244 prorsus

1956 5263 2151 5318 verbis
2182 5259 2612 5332 concipiantur,
2640 5275 2769 5328 quae
2791 5276 2949 5315 nunc
2972 5261 3032 5315 in
3053 5260 3382 5333 Evangeliis
3401 5260 3600 5330 legun-

1957 5358 2075 5408 tur.
2108 5350 2194 5406 Ad
2226 5367 2355 5406 eam
2389 5365 2517 5405 rem
2537 5347 2928 5420 probandam,
2953 5367 3132 5419 quam
3163 5352 3415 5422 scriptor
3439 5364 3596 5404 asse-

1957 5444 2177 5504 ruerat,
2205 5439 2460 5494 maxime
2483 5435 2927 5493 accommodata
2947 5442 3087 5491 sunt
3110 5453 3124 5504 ;
3148 5444 3207 5493 at
3228 5439 3275 5492 si
3298 5437 3598 5509 duplicem

1959 5529 2348 5586 assertionem
2369 5527 2676 5592 faciamus,
2699 5541 2892 5596 neque
2913 5542 3112 5592 unam,
3136 5543 3328 5597 neque
3349 5528 3598 5584 alteram

1960 5618 2239 5691 probant.
2277 5603 2404 5671 Non
2434 5615 2686 5687 probant
2708 5615 2998 5687 Ignatium
3023 5615 3319 5670 Christum
3342 5622 3478 5685 post
3504 5634 3601 5672 re-

1961 5706 2390 5769 surrectionem
2402 5704 2615 5763 vidisse
2633 5723 2648 5778 ς
2673 5722 2796 5763 non
2809 5705 3128 5765 ostendunt
3148 5703 3446 5764 Christum
3465 5711 3602 5781 post
