3942 6302
323 379 440 442 383

1379 384 1446 444 S.
1492 371 1889 444 IGNATIUS.
1935 410 2011 422 —
2054 367 2662 437 PROLEGOMENA.

3622 375 3728 435 384

325 515 735 572 ascensionem
775 515 837 572 in
897 533 1070 572 carne
1130 533 1278 587 esse,
1337 517 1732 587 undecunque
1791 513 1971 586 igitur
1998 512 2050 579 Α
2081 498 2315 579 cunque
2347 505 2504 561 dicta
2531 503 2862 572 videantur,
2886 503 2960 562 ad
2977 503 3138 562 hunc
3166 503 3361 578 ipsum
3393 507 3603 579 lgnatii
3637 507 3726 564 lo-

327 615 561 679 sumpta
591 614 746 675 sunt,
783 610 1107 664 secundum
1132 626 1374 664 sensum
1403 609 1768 663 Dallaaanum
1799 605 1971 660 nihili

324 703 481 753 sunt.
515 699 594 753 De
642 699 977 770 apocrypha
1028 704 1162 754 ante
1198 699 1376 754 latius
1425 697 1791 770 disputatum
1843 700 1968 763 est;

328 788 423 841 liic
455 788 632 859 igitur
661 787 948 844 concludo
1005 795 1304 844 auctorem
1355 788 1618 860 epistolae
1665 801 1971 857 nunquam

330 878 636 949 scripsisse
669 879 965 933 Christum
999 894 1032 934 a
1060 896 1122 934 se
1154 880 1215 934 in
1249 896 1426 934 carne
1457 879 1668 934 visum.

399 967 536 1031 Quae
563 967 822 1022 habetde
842 968 1015 1023 stella
1035 969 1220 1040 magis
1243 968 1602 1039 prmlucente
1615 966 1779 1022 nullo
1798 964 1974 1020 modo

328 1055 596 1111 fictitium
628 1058 917 1128 lgnatium
949 1057 1204 1128 probant
1231 1074 1244 1123 ;
1271 1074 1461 1128 neque
1486 1057 1612 1127 ipse
1631 1054 1856 1126 aliquid
1878 1053 1976 1108 ob-

320 1144 471 1214 jicit,
507 1146 618 1200 nisi
652 1146 810 1216 quod
841 1147 961 1200 sint
994 1153 1212 1200 temere
1247 1147 1466 1217 scripta
1494 1162 1507 1212 ;
1541 1153 1598 1201 et
1619 1144 1775 1217 quod
1798 1160 1972 1199 nemo

328 1234 718 1305 interpretum
752 1252 820 1290 ea
860 1236 936 1289 sit
991 1242 1244 1290 secutus.
1293 1236 1480 1291 Verba
1524 1236 1731 1308 Ignatii
1793 1237 1970 1289 sunt:

325 1325 526 1398 Ἀστήρ
558 1325 608 1380 ἐν
645 1327 859 1399 οὐρανῷ
917 1324 1160 1400 ἔλαμψεν
1207 1328 1339 1401 ὑπὲρ
1388 1328 1591 1388 πάντας
1645 1327 1771 1387 τοὺς
1820 1322 1977 1379 ἀστέ-

331 1434 447 1487 ρας,
479 1415 566 1468 καῖ
599 1415 660 1470 τὸ
693 1420 806 1491 φῶς
840 1415 1002 1470 αὐτοῦ
1034 1415 1400 1486 ἆνεκλάλητον
1451 1418 1540 1485 ἦν·
1591 1417 1680 1472 καὶ
1731 1416 1974 1488 ξενισμὸν

331 1509 590 1578 παρεῖχεν
620 1507 654 1573 ἠ
687 1507 940 1574 καινότης
971 1506 1154 1560 αὐτοῦ’
1187 1505 1252 1561 τά
1283 1503 1339 1560 δὲ
1371 1505 1540 1561 λοιπὰ
1589 1505 1756 1559 πάντα
1811 1501 1978 1577 ἄστρα

332 1594 446 1665 ἅμα
475 1591 626 1664 ἡλίῳ
653 1595 740 1648 καὶ
776 1593 981 1669 σελήνῃ
1023 1597 1194 1671 χορὸς
1225 1595 1438 1670 ἐγένετο
1465 1599 1545 1666 τῷ
1577 1593 1780 1671 ἀστέρι’
1815 1593 1976 1654 αὐτὸς

332 1679 388 1736 δὲ
417 1683 483 1751 ἦν
523 1679 880 1758 ὑπερϐάλλων
913 1685 974 1739 τὸ
1007 1683 1119 1758 φῶς
1170 1687 1338 1739 αὐτοῦ
1391 1685 1520 1758 ὑπὲρ
1565 1685 1752 1740 πάντα.
1805 1685 1980 1755 Ταρα-

331 1775 406 1846 χή
439 1775 486 1826 τ’
528 1775 616 1843 ἦν,
669 1775 825 1828 πόθεν
860 1777 894 1842 ἡ
928 1775 1187 1844 καινότης
1218 1777 1252 1842 ἡ
1285 1773 1544 1841 ἀνόμοιος
1595 1774 1804 1834 αὐτοῖς’
1858 1771 1976 1826 ὅθεν

329 1859 516 1916 ἐλύετο
543 1869 686 1917 πᾶσα
721 1864 938 1940 μαγεία.
978 1867 1152 1920 Vetus
1201 1866 1532 1920 interores:
1581 1887 1608 1913 ‹‹
1646 1867 1882 1918 Astrum
1915 1862 1976 1916 in

332 1955 476 2008 cmlo
499 1955 869 2025 resplenduit
891 1971 1068 2026 super
1088 1955 1288 2010 omnia
1304 1961 1478 2022 astra,
1497 1959 1555 2009 et
1575 1954 1778 2009 lumen
1793 1953 1980 2024 ipsius

333 2043 633 2097 ineffabile
654 2049 865 2108 erat,et
881 2049 1184 2114 stuporem
1207 2043 1649 2098 tribuitnovitas
1667 2043 1985 2114 ipsius.Re-

335 2133 497 2202 liqua
518 2149 653 2188 vero
677 2134 878 2189 omnia
898 2139 1056 2188 astra
1077 2135 1253 2188 simul
1287 2150 1419 2188 cum
1452 2133 1575 2188 sole
1595 2138 1652 2186 et
1677 2132 1819 2186 luna
1841 2133 1982 2186 cho-

337 2239 439 2276 rus
461 2222 597 2277 facti
619 2228 758 2277 sunt
787 2223 871 2276 illi
900 2229 1056 2277 astro
1083 2239 1094 2276 :
1133 2224 1325 2292 ipsum
1349 2229 1546 2277 autem
1565 2227 1692 2276 erat
1715 2221 1984 2292 superfe—

338 2327 476 2364 rens
501 2311 701 2365 lumen
723 2328 893 2366 suum
917 2328 1096 2382 super
1116 2311 1619 2367 omnia.Turbatio
1639 2316 1835 2366 autem
1859 2315 1987 2365 erat

337 2400 495 2455 unde
528 2401 753 2455 novitas
785 2417 915 2470 quas
947 2400 1252 2455 dissimilis
1279 2402 1456 2472 ipsis;
1485 2419 1555 2456 ex
1578 2417 1694 2472 qua
1715 2399 1984 2454 solveba-

339 2496 438 2543 tur
457 2491 652 2544 omnis
675 2490 887 2561 magia.
913 2511 940 2538 η
966 2491 1099 2544 Hinc
1123 2496 1345 2545 temere
1371 2490 1529 2545 dicta
1560 2490 1683 2545 vult
1707 2489 1984 2556 Dallaeus,

342 2587 544 2653 utpote
579 2605 605 2632 ι(
638 2599 671 2636 a
700 2583 1002 2654 Scriptura
1032 2583 1246 2649 aliena,
1271 2588 1328 2638 et
1353 2583 1425 2638 ab
1449 2583 1576 2654 ipso
1600 2582 1776 2652 hujus
1799 2581 1986 2636 stellae

342 2688 452 2725 usu
475 2671 954 2738 abhorrentia,ad
980 2671 1479 2739 domum,scilicet
1498 2670 1989 2737 Bethelebem,in-

344 2759 679 2826 dicandam,
708 2760 807 2815 ubi
838 2767 1012 2815 natus
1040 2768 1168 2816 erat
1189 2762 1472 2815 Christus.
1497 2783 1524 2810 »
1547 2760 1659 2815 Sed
1691 2759 1987 2830 quomodo

343 2849 468 2904 haec
501 2867 533 2904 a
562 2851 864 2921 Scriptura
888 2851 1070 2922 magis
1096 2850 1289 2905 aliena
1310 2855 1471 2916 sunt,
1498 2867 1676 2920 quam
1708 2849 1828 2915 illa,
1859 2864 1989 2918 quae

340 2939 440 2994 alii
473 2940 544 2993 de
567 2939 774 2994 eadem
809 2940 984 2994 stella
1015 2940 1409 3007 tradiderunt,
1444 2956 1564 2994 non
1587 2939 1995 3008 video.l\'eque

341 3028 509 3082 illum
535 3045 722 3083 unum
747 3046 918 3084 usum
949 3031 1261 3100 quisquam
1296 3029 1487 3084 adhuc
1517 3029 1750 3101 agnovit
1780 3027 1852 3082 ad
1883 3028 1994 3082 do-

341 3117 853 3172 mumBethlehem
869 3118 1410 3173 indicandam.Duaa
1432 3119 1672 3173 fuerunt
1688 3117 1846 3172 illius
1860 3117 1995 3172 stel-

342 3207 414 3261 la:
447 3206 651 3270 φάσεις,
683 3225 804 3262 una
862 3208 921 3262 in
980 3209 1238 3274 Oriente,
1300 3208 1486 3262 altera
1546 3207 1982 3276 Hierosolymis.
2026 3241 2069 3308 α

347 3298 494 3351 Usus
516 3297 722 3367 prima:
745 3296 1132 3366 apparitionis
1159 3296 1269 3350 fuit
1284 3296 1359 3350 ad
1389 3312 1588 3367 magos
1603 3312 1671 3349 ex
1693 3312 1798 3351 sua
1830 3301 1986 3350 terra

345 3386 418 3440 ad
450 3384 834 3456 quierendum
867 3387 1080 3456 Regem
1111 3385 1447 3440 Iudaeorum
1478 3385 1823 3440 excitandos
1854 3410 1866 3452 ;
1897 3401 1988 3439 se-

347 3474 554 3529 cundae
584 3474 657 3528 ad
688 3474 924 3528 domum
973 3475 1371 3530 indicandam.
1424 3474 1600 3530 Multa
1646 3479 1871 3529 veteres
1917 3474 1988 3529 de

349 3563 530 3634 priori
563 3563 908 3633 loquuntur,
941 3580 1117 3634 quam
1150 3565 1452 3635 Scriptura
1475 3563 1883 3619 tantummodo
1908 3564 1993 3617 in-

350 3652 527 3717 dicat,
553 3669 740 3723 pauca
784 3653 1081 3724 lgnatius:
1143 3669 1338 3724 neque
1380 3653 1496 3720 hic,
1543 3670 1738 3724 neque
1788 3653 1874 3707 illi
1923 3669 1994 3707 ex

355 3742 654 3812 Scriptura
683 3757 753 3796 ea
783 3758 913 3811 qua:
943 3742 1212 3798 dicerent
1251 3749 1652 3814 sumpserunt,
1704 3743 1806 3798 sed
1851 3741 1995 3813 quid

355 3831 467 3902 ipsi
498 3831 568 3885 de
597 3847 666 3886 ea
690 3848 754 3886 re
785 3832 1077 3887 sentirent
1122 3832 1307 3887 libere
1355 3832 1839 3904 pronuntiabant.
1896 3832 1998 3886 Ubi

353 3929 431 3977 est
461 3926 558 3992 qui
587 3931 748 3978 natus
777 3929 855 3978 est
887 3925 1002 3977 Rea:
1029 3923 1365 3991 Iudaeorum,
1397 3924 1678 3995 inquiunt
1707 3921 1881 3994 magi,
1911 3923 1997 3976 vi-

351 4013 530 4067 dimus
587 4016 729 4068 enim
785 4013 1001 4068 stellam
1059 4013 1177 4081 ejus
1239 4014 1298 4067 in
1345 4014 1582 4080 Oriente,
1650 4019 1700 4067 et
1755 4012 1996 4067 venimus

353 4111 586 4156 acto-rare
617 4119 740 4156 eum
789 4102 852 4156 δι.
905 4101 1210 4165 Quomodo
1260 4102 1601 4174 apparuerit
1645 4102 1706 4156 in
1759 4101 1996 4156 Oriente

355 4189 524 4244 stella
554 4189 675 4254 illa,
710 4189 1006 4258 quomodo
1039 4189 1189 4260 magi
1220 4189 1357 4243 inde
1388 4189 1751 4244 crediderint
1779 4190 1996 4260 Regem

349 4278 685 4332 Judazorum
719 4283 922 4332 natum
948 4295 1098 4342 esse,
1132 4277 1426 4348 quomodo
1462 4278 1740 4334 commoti
1765 4277 1838 4332 ad
1859 4293 1996 4332 eum

352 4365 720 4420 adorandum
751 4365 1042 4433 venerint,
1075 4367 1147 4421 ab
1190 4367 1468 4423 omnibus
1517 4367 1833 4439 quaesitum
1884 4371 1994 4419 est.

354 4455 532 4508 Suam
575 4455 932 4508 sententiam
978 4455 1174 4526 prodit
1218 4457 1501 4528 lgnatius,
1551 4456 1786 4511 stellam
1830 4454 1994 4508 illam

356 4543 613 4598 maxime
646 4544 802 4598 inter
832 4560 1038 4598 omnes
1070 4544 1356 4600 illustrem
1399 4545 1602 4613 fuisse,
1655 4550 1713 4599 et
1769 4561 1837 4598 ex
1887 4559 1994 4599 sua

2080 615 2213 654 cum
2248 595 2544 667 respicere
2602 594 2734 664 quis
2792 593 3041 658 dubitet,
3102 596 3221 650 sive
3280 593 3552 668 ξενισμέν,
3613 598 3724 652 sive

2078 686 2394 753 καινότητα,
2428 685 2546 739 sive
2603 679 2898 739 κατάλυσιν
2946 689 3172 755 spectet
3201 685 3229 739 7
3257 687 3400 740 Nam
3449 692 3507 742 et
3537 684 3729 757 ἀστρο-

2080 775 2227 831 Θεσία
2259 776 2426 846 quasi
2449 789 2756 846 magorum
2788 772 3128 844 disciplina,
3160 789 3195 829 a
3225 774 3460 830 diabolo
3494 776 3726 831 inventa

2079 867 2329 921 Tatiana
2356 864 2593 920 dicitur.
2648 865 2728 918 De
2787 862 2938 918 mira
2994 862 3124 934 ejus
3180 864 3310 919 luce
3364 864 3724 936 reliquarum

2083 955 2391 1011 stellarum
2423 953 2803 1026 splendorem
2836 957 3154 1024 superante
3187 953 3299 1008 Leo
3331 956 3592 1023 Magnus,
3626 955 3726 1009 bo-

2084 1045 2250 1100 milia
2281 1049 2301 1098 1
2339 1047 2416 1099 De
2445 1043 2749 1098 Nativitatc
2771 1059 2792 1098 :
2823 1065 2850 1092 «
2885 1043 2949 1097 In
2979 1043 3220 1113 regione
3265 1043 3513 1098 orientis
3563 1043 3730 1098 stella

2082 1151 2246 1188 novae
2267 1132 2554 1188 claritatis
2576 1132 2870 1202 apparuit,
2897 1147 3028 1202 qua)
3049 1131 3338 1186 illustrior
3349 1133 3582 1187 casteris
3604 1132 3733 1203 pul-

2083 1223 2402 1292 chriorque
2433 1221 2725 1276 sideribus
2746 1219 2917 1275 facile
2943 1220 3004 1274 in
3024 1237 3086 1274 se
3113 1221 3472 1276 intuentium
3501 1222 3729 1276 animos

2085 1312 2410 1382 oculosque
2432 1315 2824 1366 converteret.
2841 1329 2868 1359 »ι
2890 1309 3521 1377 Maximus,homilia3:
3543 1333 3572 1359 «
3592 1311 3728 1376 Quis

2087 1403 2246 1457 enim
2278 1401 2509 1457 dubitat
2538 1399 2728 1471 ipsam
2761 1399 2997 1453 stellam
3029 1399 3239 1455 lmtiori
3267 1399 3396 1455 luce
3423 1405 3481 1454 et
3511 1400 3732 1472 fulgen-

2084 1489 2336 1546 tioribus
2350 1489 2532 1545 radiis
2549 1504 3053 1557 coruscasse,qum
3077 1488 3207 1543 coeli
3224 1494 3516 1559 terrasque
3531 1488 3729 1544 lumen

2085 1581 2363 1636 humanis
2383 1579 2571 1634 oculis
2593 1577 2936 1650 ingerebat?
2957 1580 3024 1633 Et
3053 1594 3294 1634 necesse
3327 1584 3454 1634 erat
3481 1584 3549 1634 ut
3567 1578 3732 1634 stella

2085 1671 2210 1725 haec
2232 1687 2265 1725 a
2280 1669 2510 1724 caeteris
2537 1667 2834 1723 sideribus
2855 1667 2998 1722 orbe
3029 1668 3280 1723 clariore
3301 1668 3568 1737 distaret,
3603 1685 3731 1738 qua)

2087 1759 2482 1814 annuntiabat
2497 1757 2816 1827 Christum,
2850 1758 3021 1828 cujus
3055 1757 3332 1813 nativitas
3349 1757 3422 1812 ab
3444 1757 3732 1813 universis

2087 1849 2440 1905 mortalibus
2469 1846 2802 1902 differebat.
2840 1868 2866 1895 »ι
2901 1847 2956 1900 S.
2982 1847 3734 1918 Chrysostomus,homil.6,

2089 1943 2151 1995 in
2181 1938 2527 2001 Matthxum,
2559 1936 2632 1991 de
2671 1936 2781 1991 hac
2813 1935 3023 1990 stella:
3059 1934 3133 1988 Οὐ
3159 1933 3264 2009 γὰρ
3311 1933 3365 1989 ἐν
3415 1936 3567 1990 νυκτῖ
3615 1934 3738 2011 φαί-

2087 2047 2229 2082 νεται
2258 2023 2384 2080 ἀλλ’
2417 2025 2469 2080 ἐν
2493 2024 2673 2096 ἡμέρᾳ
2708 2023 2844 2098 μέσῃ
2881 2021 3202 2093 λάμποντος
3230 2022 3417 2093 ἡλίου,
3459 2024 3595 2098 ὅπερ
3645 2023 3739 2078 οὐκ

2088 2112 2197 2171 ἔστι
2258 2113 2536 2187 δυνάμεως
2577 2111 2822 2188 ἂστὲρος,
2881 2111 3010 2168 ἀλλ’
3065 2109 3191 2167 οὐδὲ
3246 2111 3501 2182 σελήνης
3552 2116 3588 2182 ἡ
3633 2115 3732 2188 γὰρ

2089 2202 2347 2259 τοσοῦτον
2403 2201 2620 2257 πάντων
2709 2201 3054 2276 ὑπερέχουσα
3135 2200 3241 2254 τῶν
3328 2200 3562 2274 ἀστέρων
3643 2209 3740 2270 τῆς

2092 2293 2312 2354 ἀκτῖνος
2344 2292 2600 2369 φανείσης
2627 2298 2729 2360 τῆς
2773 2289 3015 2358 ἡλιακῆς
3058 2289 3352 2363 κρύπτεται
3403 2290 3494 2344 καὶ
3537 2290 3740 2368 ἀφανί-

2093 2391 2260 2454 ζεται.
2295 2383 2465 2443 Οὗτος
2516 2379 2573 2436 δὲ
2615 2384 2683 2454 τῇ
2733 2387 2830 2448 τῆς
2881 2379 3083 2442 οἰκείας
3127 2378 3522 2453 λαμπρότητος
3573 2381 3736 2454 ὑπερο

2093 2469 2261 2547 ϐολῇ,
2295 2472 2382 2527 καὶ
2430 2473 2525 2534 τὰς
2571 2471 2788 2532 ἀκτῖνας
2846 2468 3060 2539 ἐνίκησε
3113 2472 3207 2531 τὰς
3255 2467 3512 2539 ἡλιακὰς,
3574 2471 3738 2546 φανό-

2091 2583 2249 2638 τερος
2280 2561 2501 2622 ἰκείνοις
2555 2560 2738 2638 φανεὶς
2791 2559 2882 2613 καὶ
2940 2558 2994 2612 ἐν
3049 2559 3294 2630 τοσούτῳ
3347 2559 3484 2634 φωτί
3547 2565 3736 2632 μεῖζον

2095 2650 2338 2725 λάμψας.
2375 2673 2402 2702 ‹‹
2437 2653 2561 2706 Non
2592 2651 2751 2706 enim
2783 2650 2855 2705 de
2876 2654 3049 2704 nocte
3073 2654 3338 2720 apparet,
3363 2649 3465 2704 sed
3488 2650 3741 2704 meridie

2095 2743 2445 2814 splendente
2469 2742 2628 2808 sole;
2655 2758 2831 2813 quam
2848 2740 3190 2796 facultatem
3221 2756 3339 2794 non
3357 2739 3533 2796 modo
3566 2741 3745 2796 stella

2095 2832 2280 2902 nulla,
2305 2832 2408 2888 sed
2431 2849 2505 2886 ne
2526 2831 2668 2886 luna
2687 2830 2929 2902 quidem
2951 2830 3330 2885 sortitur.ll|a
3349 2831 3510 2886 enim
3533 2847 3746 2885 omnes

2097 2923 2301 2978 stellas
2331 2929 2637 2992 tantopere
2668 2937 2956 2991 superans
2985 2925 3118 2975 ortu
3139 2920 3282 2974 solis
3306 2920 3664 2976 obscuratur
3694 2926 3750 2975 et

2096 3012 2378 3083 disparet.
2416 3013 2548 3066 Haec
2576 3016 2775 3065 autem
2808 3010 2986 3064 nativi
3013 3009 3342 3080 splendoris
3364 3009 3753 3065 exuberantia

2097 3103 2273 3158 etiam
2307 3101 2451 3156 solis
2496 3099 2695 3155 radios
2745 3099 3082 3170 superabat,
3128 3099 3425 3155 illustrior
3474 3099 3599 3154 illis
3646 3117 3751 3171 ap-

2099 3207 2334 3262 parens,
2369 3190 2515 3245 etin
2549 3195 2712 3244 tanta
2742 3188 2873 3244 luce
2903 3189 3092 3260 magis
3121 3205 3457 3243 coruscans.
3495 3210 3522 3237 ››
3583 3189 3750 3244 Unde

2099 3280 2248 3335 illud
2296 3286 2498 3334 vocat:
2549 3275 2741 3351 ἄστρον
2805 3276 2943 3350 μέγα
2989 3277 3077 3330 καὶ
3131 3273 3560 3350 ἐξηλλαγμένον,
3611 3275 3750 3330 ὥστε

2097 3367 2295 3437 καὶτῷ
2355 3365 2566 3440 μεγέθει
2624 3363 2713 3418 καὶ
2773 3367 2852 3435 τῷ
2906 3361 3100 3418 κάλλει
3154 3366 3254 3432 τῆς
3311 3361 3487 3436 ὅψεως
3546 3363 3749 3426 αὐτοὺς

2099 3453 2384 3527 ἐκπλῆξαι·
2408 3479 2435 3506 ‹‹
2470 3455 2699 3510 stellam
2730 3471 3003 3526 magnam
3027 3461 3084 3509 et
3106 3454 3471 3522 unisitatam,
3503 3455 3658 3510 adeo
3683 3461 3747 3509 ut

2101 3546 2494 3618 amplitudine
2527 3551 2584 3600 et
2613 3550 2885 3616 aspectus
2914 3543 3181 3599 claritate
3223 3560 3426 3616 magos
3454 3545 3749 3615 percelle-

2103 3643 2209 3692 ret.
2248 3659 2275 3686 »
2317 3637 2449 3691 Haec
2480 3641 2681 3690 autem
2716 3634 2864 3697 dixit
2906 3635 3384 3705 Chrysostomus,
3430 3639 3749 3704 postquam

2105 3725 2305 3782 omnia
2333 3741 2396 3779 se
2428 3721 2534 3778 ἀπὸ
2585 3727 2692 3776 τῶν
2751 3721 3146 3795 γεγραμμένων
3202 3720 3376 3775 αὐτῶν
3425 3744 3452 3772 ‹‹
3499 3740 3568 3778 ex
3623 3725 3754 3794 ipsa

2105 3816 2402 3886 Scriptura
2428 3835 2454 3862 ››
2479 3814 2775 3868 dicturum
2798 3813 3097 3883 pollicitus
3119 3817 3291 3867 esset.
3316 3814 3513 3882 Neque
3535 3814 3760 3867 mirum

2107 3912 2215 3974 est,
2247 3905 2537 3978 Ignatium
2561 3903 2733 3958 nobis
2753 3901 2985 3957 stellam
3005 3901 3252 3973 reliquis
3275 3902 3550 3957 omnibus
3575 3909 3761 3974 atque

2108 3997 2283 4051 etiam
2315 3994 2438 4050 sole
2458 3995 2584 4064 ipso
2611 3991 3075 4064 splendidiorem
3105 3997 3590 4062 repraesentasse,
3617 4009 3756 4046 cum

2105 4085 2296 4157 gravis
2327 4088 2533 4138 auctor
2561 4080 2876 4154 Gregorius
2907 4082 3204 4151 Nyssenus
3235 4081 3295 4134 iu
3352 4081 3482 4134 Vita
3528 4083 3754 4150 Mog/sis,

2107 4173 2485 4247 splendorem
2516 4171 2661 4226 mbo
2693 4169 2871 4224 solari
2903 4170 3195 4239 majorem
3245 4168 3503 4223 tribuat:
3557 4169 3758 4227 Φωτὸς

2107 4262 2291 4336 ἑτέρου
2325 4261 2460 4335 ὑπὲρ
2503 4260 2565 4314 τὸ
2617 4257 2845 4326 ἡλιακὸν
2894 4262 3008 4334 φῶς
3062 4257 3158 4318 τὰς
3217 4256 3368 4330 ὕψεις
3423 4259 3761 4333 περιαστρά-

2105 4355 2325 4426 ψαντος,
2350 4375 2377 4402 ‹‹
2404 4351 2665 4407 διὶδὶιιοθ
2687 4365 2865 4420 supra
2886 4348 3079 4404 lucem
3101 4348 3355 4403 solerem
3372 4348 3526 4403 circa
3551 4350 3764 4404 oculos

2106 4443 2318 4513 Moysis
2349 4441 2688 4512 effulgente.
2725 4460 2752 4487 »
2787 4439 2859 4493 De
2885 4439 3156 4493 solutione
3195 4441 3394 4508 magiae
3443 4439 3764 4510 Gregorius

2103 4535 2520 4600 Nazianzenus,
2575 4531 2845 4586 oratione
2902 4529 3137 4600 prima:
3201 4527 3298 4581 Διὰ
3353 4530 3512 4580 τοῦτο
3583 4526 3762 4601 ἀστὴρ

357 4633 709 4688 claritudine
743 4649 940 4706 magos
971 4634 1406 4705 Hierosolymas
1436 4607 1774 4688 adduxisse.
1797 4634 1974 4703 Nequt

2147 4622 2439 4698 γούμενος,
2495 4617 2585 4673 καὶ
2649 4617 2811 4692 μάγοι
2869 4617 3269 4691 προπίπτοντες
3325 4616 3410 4670 καὶ
3499 4613 3763 4693 δωροφο-

357 4724 483 4777 haec
500 4723 796 4778 sententia
823 4723 968 4779 adeo
996 4724 1252 4780 absurda
1281 4725 1404 4778 visa
1425 4728 1534 4790 est,
1561 4728 1627 4776 ut
1646 4739 1820 4777 nemo
1844 4727 1997 4776 vete-

358 4829 490 4868 rum
515 4829 644 4867 eam
667 4815 1200 4886 sequeretur,quod
1223 4814 1407 4868 miror
1431 4811 1706 4882 equidem
1727 4828 1760 4866 a
1781 4810 1996 4866 Dallmo

354 4903 598 4958 dictum.
630 4903 786 4958 Nihil
816 4904 970 4958 enim
1005 4904 1126 4959 fere
1158 4904 1218 4957 in
1250 4902 1359 4957 hac
1389 4901 1684 4956 sententia
1714 4900 1998 4972 scriptum

357 4998 464 5059 est,
499 4993 654 5064 quod
699 5011 820 5048 non
877 4993 1118 5065 plurimi
1176 4996 1382 5062 postea
1437 4990 1729 5046 dixerunt.
1788 4990 1999 5046 Omnia

355 5082 476 5137 fere
508 5083 715 5138 eadem
744 5088 1070 5154 tanguntur
1098 5081 1201 5135 illo
1233 5097 1351 5135 uno
1382 5078 1699 5135 Clementis
1747 5081 1997 5135 Alexano

360 5171 515 5226 drini
547 5170 676 5228 loco
727 5173 790 5226 in
852 5171 1198 5241 Excerptis:
1263 5168 1358 5222 Διᾶ
1415 5172 1575 5223 τοῦτο
1630 5165 1864 5223 ἀνέτειλε
1917 5167 2000 5237 ξέ-

358 5280 446 5321 νος
530 5259 698 5334 ὂιστήρ
782 5259 873 5313 καὶ
957 5258 1143 5318 καινὸς
1224 5256 1508 5312 καταλύων
1583 5259 1682 5327 τήν
1767 5255 2001 5311 παλαιὰν

357 5347 731 5422 ἀστροθεσίαν,
769 5350 941 5417 καινῷ
999 5345 1137 5424 φωτὶ
1196 5344 1256 5398 οὐ
1313 5349 1565 5417 κοσμικῷ
1621 5343 1998 5419 λαμπόμενος.

362 5441 740 5510 «Propterea
800 5443 928 5492 orta
985 5441 1074 5491 est
1138 5437 1449 5508 peregrina
1496 5442 1555 5493 et
1606 5454 1756 5492 nova
1812 5435 2001 5507 stella,

361 5528 688 5583 dissolvens
748 5532 1003 5582 veterem
1063 5525 1461 5600 astrologiam,
1551 5543 1699 5581 novo
1761 5531 1818 5580 et
1882 5542 2002 5581 non

363 5615 666 5673 mundano
697 5617 920 5672 lumine
951 5632 1286 5675 coruscans.
1322 5640 1350 5668 »
1401 5619 1539 5683 Quae
1588 5617 1763 5673 verba
1793 5632 1827 5672 a
1856 5630 2006 5686 quo-

435 5716 478 5751 ιί
509 5716 710 5776 Matth.
751 5732 812 5790 ιι,
841 5720 894 5773 2.

2107 4716 2344 4788 ροῦντες,
2370 4709 2440 4766 ’ἶν’
2470 4705 2874 4781 εἰδωλολατρία
2902 4704 3202 4779 καταλυθῇ.
3246 4730 3274 4757 ‹‹
3308 4707 3528 4761 Idcirco
3580 4707 3761 4762 stella

2107 4806 2384 4876 praaiens,
2418 4808 2476 4858 et
2504 4801 2657 4874 magi
2709 4816 2838 4854 sese
2885 4803 3330 4870 prosternentes
3389 4814 3456 4852 ac
3502 4813 3765 4854 munera

2108 4895 2445 4960 offerentes,
2477 4897 2542 4946 ut
2571 4890 2822 4953 scilicet,
2857 4887 3196 4943 idololatria
3244 4886 3693 4942 dissolveretur.
3731 4910 3761 4939 »

2109 4985 2266 5041 Idem
2302 4986 2666 5038 Arcanorum
2697 4979 2963 5035 carmine
2984 4981 3037 5047 5,
3061 4994 3195 5032 cum
3218 4977 3536 5032 novitatem
3568 4978 3769 5033 stellas

2107 5079 2372 5132 notasset
2395 5091 2407 5128 :

2146 5215 2360 5285 Τῆμος,
2393 5209 2471 5265 ὅτ’
2511 5206 3076 5284 ἄπρολόγοισινόμοῦ
3107 5206 3235 5262 uta:
3268 5201 3445 5279 μήδεα
3471 5224 3702 5281 τεχνης·

2111 5340 2264 5394 EtS.
2301 5337 2548 5393 Basilius
2591 5336 2860 5390 oratione
2908 5333 2968 5388 in
3020 5333 3225 5388 Christi
3272 5334 3656 5400 Nativitatem,
3695 5335 3770 5391 de

2111 5429 2297 5501 magis
2323 5445 2334 5482 :
2366 5425 2527 5499 Τάχα
2558 5421 2615 5478 δὲ
2642 5422 2734 5478 καὶ
2766 5420 3142 5494 ἂντικειμένης
3194 5417 3475 5492 δυνάμεως
3522 5424 3590 5493 τῇ
3645 5421 3774 5477 ἐπι-

2113 5519 2303 5598 φανείᾳ
2356 5521 2462 5572 -τοῦ
2521 5514 2724 5591 Κυρίου
2787 5511 3119 5588 ἂτονωτέρας
3177 5511 3370 5566 λοιπὸν
3443 5512 3782 5587 γενομὲνης,

2113 5607 2430 5681 αἰσθόμενοι
2460 5601 2898 5679 καταργουμένας
2941 5603 3036 5664 τὰς
3085 5601 3355 5678 ἰνεργιίας
3411 5600 3615 5673 αὐτῆς,
3671 5625 3774 5679 μι-
