  <div class='ocr_page' id='page_1' title='image "/cluster/home/n/w/nwhite01/storage/ocr_20150623/5/pst.000005711819/200.png"; bbox 0 0 3942 6302; ppageno 0'>
   <div class='ocr_carea' id='block_1_1' title="bbox 223 384 346 445">
    <p class='ocr_par' dir='ltr' id='par_1_1' title="bbox 223 384 346 445">
     <span class='ocr_line' id='line_1_1' title="bbox 223 384 346 445; baseline -0.016 0"><span class='ocrx_word' id='word_1_1' title='bbox 223 384 346 445; x_wconf 78' lang='grc'><strong>385</strong></span> 
     </span>
    </p>
   </div>
   <div class='ocr_carea' id='block_1_2' title="bbox 973 377 2928 458">
    <p class='ocr_par' dir='ltr' id='par_1_2' title="bbox 973 377 2928 458">
     <span class='ocr_line' id='line_1_2' title="bbox 973 377 2928 458; baseline 0.008 -17"><span class='ocrx_word' id='word_1_2' title='bbox 973 377 1031 441; x_wconf 82' lang='lat' dir='ltr'><strong>J.</strong></span> <span class='ocrx_word' id='word_1_3' title='bbox 1075 380 1498 446; x_wconf 82' lang='lat' dir='ltr'><strong>PEARSONII</strong></span> <span class='ocrx_word' id='word_1_4' title='bbox 1543 382 1932 447; x_wconf 81' lang='lat' dir='ltr'><strong>VINDICL‘E</strong></span> <span class='ocrx_word' id='word_1_5' title='bbox 1972 387 2438 454; x_wconf 67' lang='lat' dir='ltr'><strong>lGNATIANE.</strong></span> <span class='ocrx_word' id='word_1_6' title='bbox 2488 427 2565 443; x_wconf 82' lang='lat'><strong>-—</strong></span> <span class='ocrx_word' id='word_1_7' title='bbox 2610 395 2808 457; x_wconf 83' lang='lat' dir='ltr'><strong>PARS</strong></span> <span class='ocrx_word' id='word_1_8' title='bbox 2852 397 2928 458; x_wconf 89' lang='lat' dir='ltr'><strong>Il.</strong></span> 
     </span>
    </p>
   </div>
   <div class='ocr_carea' id='block_1_3' title="bbox 3533 404 3654 465">
    <p class='ocr_par' dir='ltr' id='par_1_3' title="bbox 3533 404 3654 465">
     <span class='ocr_line' id='line_1_3' title="bbox 3533 404 3654 465; baseline 0.017 -2"><span class='ocrx_word' id='word_1_9' title='bbox 3533 404 3654 465; x_wconf 84' lang='lat'><strong>386</strong></span> 
     </span>
    </p>
   </div>
   <div class='ocr_carea' id='block_1_4' title="bbox 232 509 1888 598">
    <p class='ocr_par' dir='ltr' id='par_1_4' title="bbox 232 509 1888 592">
     <span class='ocr_line' id='line_1_4' title="bbox 232 509 1888 592; baseline 0.005 -28"><span class='ocrx_word' id='word_1_10' title='bbox 232 513 408 592; x_wconf 73' lang='grc' dir='ltr'>γάλην</span> <span class='ocrx_word' id='word_1_11' title='bbox 442 509 684 585; x_wconf 81' lang='grc' dir='ltr'>δύναμιν</span> <span class='ocrx_word' id='word_1_12' title='bbox 713 515 793 583; x_wconf 81' lang='grc' dir='ltr'><strong>τῷ</strong></span> <span class='ocrx_word' id='word_1_13' title='bbox 820 510 1068 590; x_wconf 72' lang='grc' dir='ltr'><strong>ταχθέντι</strong></span> <span class='ocrx_word' id='word_1_14' title='bbox 1097 511 1598 589; x_wconf 76' lang='grc' dir='ltr'><strong>προσεμαρτύρουν.</strong></span> <span class='ocrx_word' id='word_1_15' title='bbox 1625 516 1760 573; x_wconf 72' lang='lat' dir='ltr'><strong>Haec</strong></span> <span class='ocrx_word' id='word_1_16' title='bbox 1790 517 1888 572; x_wconf 86' lang='lat' dir='ltr'><strong>ille</strong></span> 
     </span>
    </p>
   </div>
   <div class='ocr_carea' id='block_1_5' title="bbox 2064 509 3647 598">
    <p class='ocr_par' dir='ltr' id='par_1_5' title="bbox 2064 523 3647 598">
     <span class='ocr_line' id='line_1_5' title="bbox 2064 523 3647 598; baseline 0.01 -24"><span class='ocrx_word' id='word_1_17' title='bbox 2064 523 2287 580; x_wconf 70' lang='lat' dir='ltr'><strong>:ribitur</strong></span> <span class='ocrx_word' id='word_1_18' title='bbox 2311 525 2610 598; x_wconf 74' lang='lat' dir='ltr'><strong>apostolos</strong></span> <span class='ocrx_word' id='word_1_19' title='bbox 2660 529 3096 597; x_wconf 76' lang='lat' dir='ltr'><strong>manducasse;</strong></span> <span class='ocrx_word' id='word_1_20' title='bbox 3157 532 3436 590; x_wconf 81' lang='lat' dir='ltr'><strong>scribitur</strong></span> <span class='ocrx_word' id='word_1_21' title='bbox 3479 536 3647 590; x_wconf 87' lang='lat' dir='ltr'><strong>enim</strong></span> 
     </span>
    </p>
   </div>
   <div class='ocr_carea' id='block_1_6' title="bbox 232 599 1893 676">
    <p class='ocr_par' dir='ltr' id='par_1_6' title="bbox 232 599 1893 676">
     <span class='ocr_line' id='line_1_6' title="bbox 232 599 1893 676; baseline 0 -16"><span class='ocrx_word' id='word_1_22' title='bbox 232 603 632 661; x_wconf 82' lang='lat' dir='ltr'><strong>considerans</strong></span> <span class='ocrx_word' id='word_1_23' title='bbox 660 599 859 674; x_wconf 78' lang='grc' dir='ltr'><strong>ἀστέρα</strong></span> <span class='ocrx_word' id='word_1_24' title='bbox 890 599 1072 654; x_wconf 85' lang='grc' dir='ltr'>καινὸν</span> <span class='ocrx_word' id='word_1_25' title='bbox 1105 599 1196 655; x_wconf 78' lang='grc' dir='ltr'><strong>καὶ</strong></span> <span class='ocrx_word' id='word_1_26' title='bbox 1225 599 1893 676; x_wconf 59' lang='lat' dir='ltr'><strong>daovwﬁonChrysologus</strong></span> 
     </span>
    </p>
   </div>
   <div class='ocr_carea' id='block_1_7' title="bbox 233 690 1894 766">
    <p class='ocr_par' dir='ltr' id='par_1_7' title="bbox 233 690 1894 766">
     <span class='ocr_line' id='line_1_7' title="bbox 233 690 1894 766; baseline -0.002 -14"><span class='ocrx_word' id='word_1_27' title='bbox 233 710 515 752; x_wconf 81' lang='lat' dir='ltr'><strong>sermone</strong></span> <span class='ocrx_word' id='word_1_28' title='bbox 545 696 645 747; x_wconf 83' lang='grc'><strong>105</strong></span> <span class='ocrx_word' id='word_1_29' title='bbox 673 709 685 746; x_wconf 89' lang='lat'><strong>:</strong></span> <span class='ocrx_word' id='word_1_30' title='bbox 719 715 747 741; x_wconf 74' lang='grc' dir='ltr'>(ι</span> <span class='ocrx_word' id='word_1_31' title='bbox 782 691 838 746; x_wconf 97' lang='lat' dir='ltr'><strong>Si</strong></span> <span class='ocrx_word' id='word_1_32' title='bbox 871 691 974 747; x_wconf 91' lang='lat' dir='ltr'><strong>ubi</strong></span> <span class='ocrx_word' id='word_1_33' title='bbox 1006 690 1149 746; x_wconf 92' lang='lat' dir='ltr'><strong>vidit</strong></span> <span class='ocrx_word' id='word_1_34' title='bbox 1209 707 1414 764; x_wconf 83' lang='lat' dir='ltr'><strong>magus</strong></span> <span class='ocrx_word' id='word_1_35' title='bbox 1439 693 1728 749; x_wconf 90' lang='lat' dir='ltr'><strong>humanas</strong></span> <span class='ocrx_word' id='word_1_36' title='bbox 1760 711 1894 766; x_wconf 91' lang='lat' dir='ltr'><strong>per-</strong></span> 
     </span>
    </p>
   </div>
   <div class='ocr_carea' id='block_1_8' title="bbox 237 781 1896 856">
    <p class='ocr_par' dir='ltr' id='par_1_8' title="bbox 237 781 1896 856">
     <span class='ocr_line' id='line_1_8' title="bbox 237 781 1896 856; baseline 0 -16"><span class='ocrx_word' id='word_1_37' title='bbox 237 786 376 841; x_wconf 87' lang='lat' dir='ltr'><strong>iisse</strong></span> <span class='ocrx_word' id='word_1_38' title='bbox 408 801 610 852; x_wconf 88' lang='lat' dir='ltr'><strong>curas,</strong></span> <span class='ocrx_word' id='word_1_39' title='bbox 645 799 784 838; x_wconf 89' lang='lat' dir='ltr'><strong>suas</strong></span> <span class='ocrx_word' id='word_1_40' title='bbox 815 781 1103 837; x_wconf 80' lang='lat' dir='ltr'><strong>defecisse</strong></span> <span class='ocrx_word' id='word_1_41' title='bbox 1159 787 1340 850; x_wconf 86' lang='lat' dir='ltr'><strong>artes,</strong></span> <span class='ocrx_word' id='word_1_42' title='bbox 1374 803 1403 832; x_wconf 85' lang='lat'>»</span> <span class='ocrx_word' id='word_1_43' title='bbox 1431 789 1542 838; x_wconf 92' lang='lat' dir='ltr'><strong>etc.</strong></span> <span class='ocrx_word' id='word_1_44' title='bbox 1591 786 1673 838; x_wconf 79' lang='lat' dir='ltr'><strong>Ac</strong></span> <span class='ocrx_word' id='word_1_45' title='bbox 1717 785 1896 856; x_wconf 91' lang='lat' dir='ltr'><strong>paulo</strong></span> 
     </span>
    </p>
   </div>
   <div class='ocr_carea' id='block_1_9' title="bbox 233 871 1899 947">
    <p class='ocr_par' dir='ltr' id='par_1_9' title="bbox 233 871 1899 947">
     <span class='ocr_line' id='line_1_9' title="bbox 233 871 1899 947; baseline 0 -17"><span class='ocrx_word' id='word_1_46' title='bbox 233 881 370 947; x_wconf 90' lang='lat' dir='ltr'><strong>post</strong></span> <span class='ocrx_word' id='word_1_47' title='bbox 402 892 415 928; x_wconf 77' lang='grc' dir='ltr'><strong>ε</strong></span> <span class='ocrx_word' id='word_1_48' title='bbox 452 897 480 924; x_wconf 87' lang='grc'><strong>‹‹</strong></span> <span class='ocrx_word' id='word_1_49' title='bbox 519 875 692 946; x_wconf 84' lang='lat' dir='ltr'><strong>Ergo,</strong></span> <span class='ocrx_word' id='word_1_50' title='bbox 735 872 967 937; x_wconf 79' lang='lat' dir='ltr'><strong>fratres,</strong></span> <span class='ocrx_word' id='word_1_51' title='bbox 1003 871 1259 926; x_wconf 81' lang='lat' dir='ltr'><strong>lectione</strong></span> <span class='ocrx_word' id='word_1_52' title='bbox 1294 872 1576 943; x_wconf 69' lang='lat' dir='ltr'><strong>prmsenti</strong></span> <span class='ocrx_word' id='word_1_53' title='bbox 1630 889 1750 928; x_wconf 90' lang='lat' dir='ltr'><strong>non</strong></span> <span class='ocrx_word' id='word_1_54' title='bbox 1809 879 1899 930; x_wconf 90' lang='lat' dir='ltr'><strong>est</strong></span> 
     </span>
    </p>
   </div>
   <div class='ocr_carea' id='block_1_10' title="bbox 235 961 1898 1035">
    <p class='ocr_par' dir='ltr' id='par_1_10' title="bbox 235 961 1898 1035">
     <span class='ocr_line' id='line_1_10' title="bbox 235 961 1898 1035; baseline -0.002 -14"><span class='ocrx_word' id='word_1_55' title='bbox 235 967 517 1021; x_wconf 83' lang='lat' dir='ltr'><strong>ﬁrmatus</strong></span> <span class='ocrx_word' id='word_1_56' title='bbox 551 979 720 1019; x_wconf 90' lang='lat' dir='ltr'><strong>error</strong></span> <span class='ocrx_word' id='word_1_57' title='bbox 737 963 1020 1035; x_wconf 80' lang='lat' dir='ltr'><strong>magicas,</strong></span> <span class='ocrx_word' id='word_1_58' title='bbox 1056 962 1160 1017; x_wconf 89' lang='lat' dir='ltr'><strong>sed</strong></span> <span class='ocrx_word' id='word_1_59' title='bbox 1193 961 1440 1018; x_wconf 90' lang='lat' dir='ltr'><strong>solutus.</strong></span> <span class='ocrx_word' id='word_1_60' title='bbox 1477 983 1505 1012; x_wconf 71' lang='grc' dir='ltr'><strong>ω</strong></span> <span class='ocrx_word' id='word_1_61' title='bbox 1558 963 1800 1033; x_wconf 89' lang='lat' dir='ltr'><strong>Nempe,</strong></span> <span class='ocrx_word' id='word_1_62' title='bbox 1833 969 1898 1018; x_wconf 90' lang='lat' dir='ltr'><strong>ut</strong></span> 
     </span>
    </p>
   </div>
   <div class='ocr_carea' id='block_1_11' title="bbox 237 1049 1898 1126">
    <p class='ocr_par' dir='ltr' id='par_1_11' title="bbox 237 1049 1898 1126">
     <span class='ocr_line' id='line_1_11' title="bbox 237 1049 1898 1126; baseline -0.003 -15"><span class='ocrx_word' id='word_1_63' title='bbox 237 1057 518 1111; x_wconf 84' lang='lat' dir='ltr'><strong>observat</strong></span> <span class='ocrx_word' id='word_1_64' title='bbox 541 1053 1199 1125; x_wconf 79' lang='lat' dir='ltr'><strong>Origeneslib.l,contra</strong></span> <span class='ocrx_word' id='word_1_65' title='bbox 1219 1052 1431 1108; x_wconf 80' lang='lat' dir='ltr'><strong>Celsum</strong></span> <span class='ocrx_word' id='word_1_66' title='bbox 1463 1070 1476 1106; x_wconf 87' lang='lat'><strong>:</strong></span> <span class='ocrx_word' id='word_1_67' title='bbox 1511 1053 1660 1126; x_wconf 84' lang='lat' dir='ltr'><strong>Magi</strong></span> <span class='ocrx_word' id='word_1_68' title='bbox 1693 1049 1898 1114; x_wconf 74' lang='grc' dir='ltr'>ἰδόντες</span> 
     </span>
    </p>
   </div>
   <div class='ocr_carea' id='block_1_12' title="bbox 235 1137 1898 1216">
    <p class='ocr_par' dir='ltr' id='par_1_12' title="bbox 235 1137 1898 1216">
     <span class='ocr_line' id='line_1_12' title="bbox 235 1137 1898 1216; baseline -0.002 -17"><span class='ocrx_word' id='word_1_69' title='bbox 235 1141 542 1214; x_wconf 76' lang='grc' dir='ltr'>θεοσημίαν</span> <span class='ocrx_word' id='word_1_70' title='bbox 605 1141 658 1196; x_wconf 84' lang='grc' dir='ltr'>ἐν</span> <span class='ocrx_word' id='word_1_71' title='bbox 730 1141 946 1216; x_wconf 81' lang='grc' dir='ltr'>οὐρανῷ</span> <span class='ocrx_word' id='word_1_72' title='bbox 1012 1137 1380 1214; x_wconf 77' lang='grc' dir='ltr'>ἐστοχάσαντο</span> <span class='ocrx_word' id='word_1_73' title='bbox 1461 1140 1556 1195; x_wconf 85' lang='grc' dir='ltr'><strong>τὸν</strong></span> <span class='ocrx_word' id='word_1_74' title='bbox 1615 1140 1751 1195; x_wconf 78' lang='grc' dir='ltr'>κατὰ</span> <span class='ocrx_word' id='word_1_75' title='bbox 1800 1145 1898 1195; x_wconf 74' lang='grc' dir='ltr'>τοῦ</span> 
     </span>
    </p>
   </div>
   <div class='ocr_carea' id='block_1_13' title="bbox 232 1224 1899 1308">
    <p class='ocr_par' dir='ltr' id='par_1_13' title="bbox 232 1224 1899 1308">
     <span class='ocr_line' id='line_1_13' title="bbox 232 1224 1899 1308; baseline -0.002 -21"><span class='ocrx_word' id='word_1_76' title='bbox 232 1231 438 1306; x_wconf 77' lang='grc' dir='ltr'>ἄστρου</span> <span class='ocrx_word' id='word_1_77' title='bbox 473 1230 960 1308; x_wconf 74' lang='grc' dir='ltr'>προφητευόμενον</span> <span class='ocrx_word' id='word_1_78' title='bbox 988 1224 1274 1302; x_wconf 78' lang='grc' dir='ltr'>ἄνθρωπον</span> <span class='ocrx_word' id='word_1_79' title='bbox 1325 1225 1786 1302; x_wconf 76' lang='grc' dir='ltr'><strong>ἐπιδεδημηκέναι</strong></span> <span class='ocrx_word' id='word_1_80' title='bbox 1818 1233 1899 1302; x_wconf 79' lang='grc' dir='ltr'><strong>τῷ</strong></span> 
     </span>
    </p>
   </div>
   <div class='ocr_carea' id='block_1_14' title="bbox 237 1315 1897 1398">
    <p class='ocr_par' dir='ltr' id='par_1_14' title="bbox 237 1315 1897 1398">
     <span class='ocr_line' id='line_1_14' title="bbox 237 1315 1897 1398; baseline -0.002 -21"><span class='ocrx_word' id='word_1_81' title='bbox 237 1323 370 1398; x_wconf 84' lang='grc' dir='ltr'>βίῳ,</span> <span class='ocrx_word' id='word_1_82' title='bbox 405 1322 499 1376; x_wconf 83' lang='grc' dir='ltr'>καὶ</span> <span class='ocrx_word' id='word_1_83' title='bbox 535 1321 610 1382; x_wconf 82' lang='grc' dir='ltr'>ὡς</span> <span class='ocrx_word' id='word_1_84' title='bbox 641 1322 856 1374; x_wconf 72' lang='grc' dir='ltr'>πάντων</span> <span class='ocrx_word' id='word_1_85' title='bbox 885 1315 1162 1390; x_wconf 79' lang='grc' dir='ltr'>δαιμόνων</span> <span class='ocrx_word' id='word_1_86' title='bbox 1193 1317 1281 1372; x_wconf 86' lang='grc' dir='ltr'>καὶ</span> <span class='ocrx_word' id='word_1_87' title='bbox 1313 1323 1420 1373; x_wconf 81' lang='grc' dir='ltr'>τῶν</span> <span class='ocrx_word' id='word_1_88' title='bbox 1447 1317 1498 1372; x_wconf 73' lang='grc' dir='ltr'>ὲν</span> <span class='ocrx_word' id='word_1_89' title='bbox 1547 1316 1653 1382; x_wconf 81' lang='grc' dir='ltr'>ἔθει</span> <span class='ocrx_word' id='word_1_90' title='bbox 1713 1320 1897 1380; x_wconf 75' lang='grc' dir='ltr'>αὐτοῖς</span> 
     </span>
    </p>
   </div>
   <div class='ocr_carea' id='block_1_15' title="bbox 231 1406 1896 1491">
    <p class='ocr_par' dir='ltr' id='par_1_15' title="bbox 231 1406 1896 1491">
     <span class='ocr_line' id='line_1_15' title="bbox 231 1406 1896 1491; baseline -0.002 -25"><span class='ocrx_word' id='word_1_91' title='bbox 231 1407 662 1491; x_wconf 76' lang='grc' dir='ltr'>φανταζομένων</span> <span class='ocrx_word' id='word_1_92' title='bbox 715 1407 806 1464; x_wconf 78' lang='grc' dir='ltr'>καὶ</span> <span class='ocrx_word' id='word_1_93' title='bbox 887 1406 1242 1482; x_wconf 69' lang='grc' dir='ltr'>ἐνεργούντων</span> <span class='ocrx_word' id='word_1_94' title='bbox 1324 1407 1603 1478; x_wconf 69' lang='grc' dir='ltr'>κρείττονα</span> <span class='ocrx_word' id='word_1_95' title='bbox 1683 1408 1896 1481; x_wconf 87' lang='grc' dir='ltr'>προλα-</span> 
     </span>
    </p>
   </div>
   <div class='ocr_carea' id='block_1_16' title="bbox 235 1495 1895 1574">
    <p class='ocr_par' dir='ltr' id='par_1_16' title="bbox 235 1495 1895 1574">
     <span class='ocr_line' id='line_1_16' title="bbox 235 1495 1895 1574; baseline -0.001 -18"><span class='ocrx_word' id='word_1_96' title='bbox 235 1498 426 1563; x_wconf 75' lang='grc' dir='ltr'>ϐόντες</span> <span class='ocrx_word' id='word_1_97' title='bbox 456 1506 830 1574; x_wconf 81' lang='grc' dir='ltr'>προσκυνῆσαι</span> <span class='ocrx_word' id='word_1_98' title='bbox 864 1495 1157 1567; x_wconf 70' lang='grc' dir='ltr'>ἠθέλησαν.</span> <span class='ocrx_word' id='word_1_99' title='bbox 1221 1518 1242 1547; x_wconf 76' lang='grc' dir='ltr'>ι</span> <span class='ocrx_word' id='word_1_100' title='bbox 1298 1499 1574 1555; x_wconf 90' lang='lat' dir='ltr'><strong>Videntes</strong></span> <span class='ocrx_word' id='word_1_101' title='bbox 1630 1499 1693 1554; x_wconf 91' lang='lat' dir='ltr'><strong>in</strong></span> <span class='ocrx_word' id='word_1_102' title='bbox 1751 1499 1895 1555; x_wconf 70' lang='lat' dir='ltr'><strong>caalo</strong></span> 
     </span>
    </p>
   </div>
   <div class='ocr_carea' id='block_1_17' title="bbox 236 1587 1897 1664">
    <p class='ocr_par' dir='ltr' id='par_1_17' title="bbox 236 1587 1897 1664">
     <span class='ocr_line' id='line_1_17' title="bbox 236 1587 1897 1664; baseline -0.001 -18"><span class='ocrx_word' id='word_1_103' title='bbox 236 1591 580 1664; x_wconf 77' lang='lat' dir='ltr'><strong>prodigium</strong></span> <span class='ocrx_word' id='word_1_104' title='bbox 605 1590 1093 1661; x_wconf 83' lang='lat' dir='ltr'><strong>conjectaverunt</strong></span> <span class='ocrx_word' id='word_1_105' title='bbox 1123 1604 1258 1644; x_wconf 91' lang='lat' dir='ltr'><strong>eum</strong></span> <span class='ocrx_word' id='word_1_106' title='bbox 1281 1589 1379 1658; x_wconf 87' lang='lat' dir='ltr'><strong>qui</strong></span> <span class='ocrx_word' id='word_1_107' title='bbox 1405 1605 1540 1643; x_wconf 92' lang='lat' dir='ltr'><strong>cum</strong></span> <span class='ocrx_word' id='word_1_108' title='bbox 1565 1587 1732 1644; x_wconf 81' lang='lat' dir='ltr'><strong>stella</strong></span> <span class='ocrx_word' id='word_1_109' title='bbox 1751 1606 1897 1660; x_wconf 67' lang='lat' dir='ltr'><strong>prai-</strong></span> 
     </span>
    </p>
   </div>
   <div class='ocr_carea' id='block_1_18' title="bbox 236 1676 1897 1748">
    <p class='ocr_par' dir='ltr' id='par_1_18' title="bbox 236 1676 1897 1748">
     <span class='ocr_line' id='line_1_18' title="bbox 236 1676 1897 1748; baseline -0.002 -12"><span class='ocrx_word' id='word_1_110' title='bbox 236 1681 551 1736; x_wconf 90' lang='lat' dir='ltr'><strong>nuntiatus</strong></span> <span class='ocrx_word' id='word_1_111' title='bbox 581 1684 672 1734; x_wconf 92' lang='lat' dir='ltr'><strong>est</strong></span> <span class='ocrx_word' id='word_1_112' title='bbox 702 1678 1004 1733; x_wconf 88' lang='lat' dir='ltr'><strong>hominem</strong></span> <span class='ocrx_word' id='word_1_113' title='bbox 1037 1678 1098 1732; x_wconf 89' lang='lat' dir='ltr'><strong>in</strong></span> <span class='ocrx_word' id='word_1_114' title='bbox 1127 1677 1305 1732; x_wconf 85' lang='lat' dir='ltr'><strong>vitam</strong></span> <span class='ocrx_word' id='word_1_115' title='bbox 1328 1676 1658 1745; x_wconf 84' lang='lat' dir='ltr'><strong>advenisse,</strong></span> <span class='ocrx_word' id='word_1_116' title='bbox 1693 1683 1897 1748; x_wconf 89' lang='lat' dir='ltr'><strong>poten-</strong></span> 
     </span>
    </p>
   </div>
   <div class='ocr_carea' id='block_1_19' title="bbox 233 1766 1899 1839">
    <p class='ocr_par' dir='ltr' id='par_1_19' title="bbox 233 1766 1899 1839">
     <span class='ocr_line' id='line_1_19' title="bbox 233 1766 1899 1839; baseline -0.001 -14"><span class='ocrx_word' id='word_1_117' title='bbox 233 1771 452 1825; x_wconf 89' lang='lat' dir='ltr'><strong>tiorem</strong></span> <span class='ocrx_word' id='word_1_118' title='bbox 478 1784 609 1824; x_wconf 89' lang='lat' dir='ltr'><strong>esse</strong></span> <span class='ocrx_word' id='word_1_119' title='bbox 641 1768 916 1822; x_wconf 89' lang='lat' dir='ltr'><strong>omnibus</strong></span> <span class='ocrx_word' id='word_1_120' title='bbox 946 1767 1259 1822; x_wconf 76' lang='lat' dir='ltr'><strong>daamoniis</strong></span> <span class='ocrx_word' id='word_1_121' title='bbox 1289 1771 1348 1822; x_wconf 93' lang='lat' dir='ltr'><strong>et</strong></span> <span class='ocrx_word' id='word_1_122' title='bbox 1379 1766 1626 1839; x_wconf 89' lang='lat' dir='ltr'><strong>spectris</strong></span> <span class='ocrx_word' id='word_1_123' title='bbox 1658 1766 1899 1823; x_wconf 85' lang='lat' dir='ltr'><strong>familia-</strong></span> 
     </span>
    </p>
   </div>
   <div class='ocr_carea' id='block_1_20' title="bbox 2004 617 3648 681">
    <p class='ocr_par' dir='ltr' id='par_1_20' title="bbox 2004 617 3648 681">
     <span class='ocr_line' id='line_1_20' title="bbox 2004 617 3648 681; baseline 0.007 -12"><span class='ocrx_word' id='word_1_124' title='bbox 2004 620 2235 671; x_wconf 89' lang='lat' dir='ltr'><strong>tantum</strong></span> <span class='ocrx_word' id='word_1_125' title='bbox 2268 617 2564 673; x_wconf 82' lang='lat' dir='ltr'><strong>Christum</strong></span> <span class='ocrx_word' id='word_1_126' title='bbox 2590 635 2788 674; x_wconf 91' lang='lat' dir='ltr'><strong>coram</strong></span> <span class='ocrx_word' id='word_1_127' title='bbox 2819 620 2904 676; x_wconf 90' lang='lat' dir='ltr'><strong>eis</strong></span> <span class='ocrx_word' id='word_1_128' title='bbox 2953 621 3165 678; x_wconf 90' lang='lat' dir='ltr'><strong>edisse.</strong></span> <span class='ocrx_word' id='word_1_129' title='bbox 3219 624 3275 678; x_wconf 91' lang='lat' dir='ltr'><strong>Si</strong></span> <span class='ocrx_word' id='word_1_130' title='bbox 3334 624 3393 678; x_wconf 87' lang='lat' dir='ltr'><strong>id</strong></span> <span class='ocrx_word' id='word_1_131' title='bbox 3449 625 3648 681; x_wconf 87' lang='lat' dir='ltr'><strong>dicere</strong></span> 
     </span>
    </p>
   </div>
   <div class='ocr_carea' id='block_1_21' title="bbox 1963 707 3648 786">
    <p class='ocr_par' dir='ltr' id='par_1_21' title="bbox 1963 707 3648 786">
     <span class='ocr_line' id='line_1_21' title="bbox 1963 707 3648 786; baseline 0.007 -27"><span class='ocrx_word' id='word_1_132' title='bbox 1963 731 1968 742; x_wconf 76' lang='grc' dir='ltr'><strong>ι</strong></span> <span class='ocrx_word' id='word_1_133' title='bbox 2003 721 2121 760; x_wconf 90' lang='lat' dir='ltr'><strong>non</strong></span> <span class='ocrx_word' id='word_1_134' title='bbox 2151 707 2364 777; x_wconf 90' lang='lat' dir='ltr'><strong>possis,</strong></span> <span class='ocrx_word' id='word_1_135' title='bbox 2399 708 2538 777; x_wconf 83' lang='lat' dir='ltr'>quia</span> <span class='ocrx_word' id='word_1_136' title='bbox 2570 710 2752 765; x_wconf 87' lang='lat' dir='ltr'><strong>Lucas</strong></span> <span class='ocrx_word' id='word_1_137' title='bbox 2771 710 2831 765; x_wconf 92' lang='lat' dir='ltr'><strong>in</strong></span> <span class='ocrx_word' id='word_1_138' title='bbox 2848 711 3092 767; x_wconf 80' lang='lat' dir='ltr'><strong>Actibus</strong></span> <span class='ocrx_word' id='word_1_139' title='bbox 3131 715 3362 783; x_wconf 85' lang='lat' dir='ltr'><strong>asserit,</strong></span> <span class='ocrx_word' id='word_1_140' title='bbox 3397 716 3555 786; x_wconf 93' lang='lat' dir='ltr'><strong>quod</strong></span> <span class='ocrx_word' id='word_1_141' title='bbox 3587 716 3648 771; x_wconf 91' lang='lat' dir='ltr'><strong>in</strong></span> 
     </span>
    </p>
   </div>
   <div class='ocr_carea' id='block_1_22' title="bbox 2000 795 3649 868">
    <p class='ocr_par' dir='ltr' id='par_1_22' title="bbox 2000 795 3649 868">
     <span class='ocr_line' id='line_1_22' title="bbox 2000 795 3649 868; baseline 0.007 -19"><span class='ocrx_word' id='word_1_142' title='bbox 2000 795 2312 868; x_wconf 83' lang='lat' dir='ltr'><strong>Evangeliu</strong></span> <span class='ocrx_word' id='word_1_143' title='bbox 2337 814 2458 853; x_wconf 88' lang='lat' dir='ltr'><strong>non</strong></span> <span class='ocrx_word' id='word_1_144' title='bbox 2480 799 2740 865; x_wconf 80' lang='lat' dir='ltr'><strong>dixerat;</strong></span> <span class='ocrx_word' id='word_1_145' title='bbox 2760 800 2916 856; x_wconf 88' lang='lat' dir='ltr'><strong>idem</strong></span> <span class='ocrx_word' id='word_1_146' title='bbox 2939 801 3012 856; x_wconf 87' lang='lat' dir='ltr'><strong>de</strong></span> <span class='ocrx_word' id='word_1_147' title='bbox 3033 802 3216 858; x_wconf 87' lang='lat' dir='ltr'><strong>altero</strong></span> <span class='ocrx_word' id='word_1_148' title='bbox 3240 804 3417 859; x_wconf 89' lang='lat' dir='ltr'><strong>etiam</strong></span> <span class='ocrx_word' id='word_1_149' title='bbox 3445 805 3649 860; x_wconf 91' lang='lat' dir='ltr'><strong>dicen-</strong></span> 
     </span>
    </p>
   </div>
   <div class='ocr_carea' id='block_1_23' title="bbox 2000 883 3648 965">
    <p class='ocr_par' dir='ltr' id='par_1_23' title="bbox 2000 883 3648 965">
     <span class='ocr_line' id='line_1_23' title="bbox 2000 883 3648 965; baseline 0.008 -27"><span class='ocrx_word' id='word_1_150' title='bbox 2000 883 2144 939; x_wconf 91' lang='lat' dir='ltr'><strong>dum</strong></span> <span class='ocrx_word' id='word_1_151' title='bbox 2175 885 2305 940; x_wconf 90' lang='lat' dir='ltr'><strong>erit.</strong></span> <span class='ocrx_word' id='word_1_152' title='bbox 2334 887 2553 943; x_wconf 88' lang='lat' dir='ltr'><strong>Eodem</strong></span> <span class='ocrx_word' id='word_1_153' title='bbox 2584 894 2744 944; x_wconf 91' lang='lat' dir='ltr'><strong>certe</strong></span> <span class='ocrx_word' id='word_1_154' title='bbox 2777 890 2952 945; x_wconf 90' lang='lat' dir='ltr'><strong>modo</strong></span> <span class='ocrx_word' id='word_1_155' title='bbox 2999 892 3245 944; x_wconf 73' lang='grc' dir='ltr'>συνέπιον</span> <span class='ocrx_word' id='word_1_156' title='bbox 3301 891 3468 963; x_wconf 79' lang='grc' dir='ltr'>αὐτῷ.</span> <span class='ocrx_word' id='word_1_157' title='bbox 3533 912 3648 965; x_wconf 93' lang='lat' dir='ltr'><strong>quo</strong></span> 
     </span>
    </p>
   </div>
   <div class='ocr_carea' id='block_1_24' title="bbox 2006 972 3644 1049">
    <p class='ocr_par' dir='ltr' id='par_1_24' title="bbox 2006 972 3644 1049">
     <span class='ocr_line' id='line_1_24' title="bbox 2006 972 3644 1049; baseline 0.009 -25"><span class='ocrx_word' id='word_1_158' title='bbox 2006 972 2298 1047; x_wconf 76' lang='grc' dir='ltr'>συνέφαγον</span> <span class='ocrx_word' id='word_1_159' title='bbox 2354 972 2520 1046; x_wconf 74' lang='grc' dir='ltr'><strong>αὐτῷ,</strong></span> <span class='ocrx_word' id='word_1_160' title='bbox 2583 981 2641 1032; x_wconf 92' lang='lat' dir='ltr'><strong>et</strong></span> <span class='ocrx_word' id='word_1_161' title='bbox 2699 978 2759 1032; x_wconf 87' lang='lat' dir='ltr'><strong>in</strong></span> <span class='ocrx_word' id='word_1_162' title='bbox 2817 978 3090 1034; x_wconf 90' lang='lat' dir='ltr'><strong>eumdem</strong></span> <span class='ocrx_word' id='word_1_163' title='bbox 3153 981 3331 1036; x_wconf 83' lang='lat' dir='ltr'><strong>ﬁnem</strong></span> <span class='ocrx_word' id='word_1_164' title='bbox 3368 1002 3382 1049; x_wconf 89' lang='lat'><strong>;</strong></span> <span class='ocrx_word' id='word_1_165' title='bbox 3416 983 3644 1038; x_wconf 81' lang='lat' dir='ltr'><strong>Christo</strong></span> 
     </span>
    </p>
   </div>
   <div class='ocr_carea' id='block_1_25' title="bbox 2001 1065 3648 1143">
    <p class='ocr_par' dir='ltr' id='par_1_25' title="bbox 2001 1065 3648 1143">
     <span class='ocr_line' id='line_1_25' title="bbox 2001 1065 3648 1143; baseline 0.005 -25"><span class='ocrx_word' id='word_1_166' title='bbox 2001 1070 2200 1118; x_wconf 88' lang='lat' dir='ltr'><strong>autem</strong></span> <span class='ocrx_word' id='word_1_167' title='bbox 2249 1065 2643 1122; x_wconf 90' lang='lat' dir='ltr'><strong>manducante</strong></span> <span class='ocrx_word' id='word_1_168' title='bbox 2699 1068 3156 1136; x_wconf 88' lang='lat' dir='ltr'><strong>manducabant,</strong></span> <span class='ocrx_word' id='word_1_169' title='bbox 3209 1071 3413 1126; x_wconf 90' lang='lat' dir='ltr'><strong>eodem</strong></span> <span class='ocrx_word' id='word_1_170' title='bbox 3469 1073 3648 1143; x_wconf 83' lang='lat' dir='ltr'><strong>igitur</strong></span> 
     </span>
    </p>
   </div>
   <div class='ocr_carea' id='block_1_26' title="bbox 2001 1152 3645 1231">
    <p class='ocr_par' dir='ltr' id='par_1_26' title="bbox 2001 1152 3645 1231">
     <span class='ocr_line' id='line_1_26' title="bbox 2001 1152 3645 1231; baseline 0.006 -25"><span class='ocrx_word' id='word_1_171' title='bbox 2001 1152 2240 1208; x_wconf 90' lang='lat' dir='ltr'><strong>bibente</strong></span> <span class='ocrx_word' id='word_1_172' title='bbox 2267 1153 2570 1210; x_wconf 87' lang='lat' dir='ltr'><strong>bibebant.</strong></span> <span class='ocrx_word' id='word_1_173' title='bbox 2615 1158 2897 1211; x_wconf 87' lang='lat' dir='ltr'><strong>Neutrum</strong></span> <span class='ocrx_word' id='word_1_174' title='bbox 2954 1159 3136 1213; x_wconf 89' lang='lat' dir='ltr'><strong>Lucas</strong></span> <span class='ocrx_word' id='word_1_175' title='bbox 3195 1161 3255 1214; x_wconf 90' lang='lat' dir='ltr'><strong>in</strong></span> <span class='ocrx_word' id='word_1_176' title='bbox 3304 1162 3645 1231; x_wconf 87' lang='lat' dir='ltr'><strong>Evangelio,</strong></span> 
     </span>
    </p>
   </div>
   <div class='ocr_carea' id='block_1_27' title="bbox 2000 1244 3642 1314">
    <p class='ocr_par' dir='ltr' id='par_1_27' title="bbox 2000 1244 3642 1314">
     <span class='ocr_line' id='line_1_27' title="bbox 2000 1244 3642 1314; baseline 0.007 -18"><span class='ocrx_word' id='word_1_177' title='bbox 2000 1246 2320 1314; x_wconf 85' lang='lat' dir='ltr'><strong>utrumque</strong></span> <span class='ocrx_word' id='word_1_178' title='bbox 2353 1244 2414 1298; x_wconf 91' lang='lat' dir='ltr'><strong>in</strong></span> <span class='ocrx_word' id='word_1_179' title='bbox 2455 1244 2698 1300; x_wconf 84' lang='lat' dir='ltr'><strong>Actibus</strong></span> <span class='ocrx_word' id='word_1_180' title='bbox 2750 1246 3027 1302; x_wconf 84' lang='lat' dir='ltr'><strong>afﬁrmat.</strong></span> <span class='ocrx_word' id='word_1_181' title='bbox 3095 1249 3177 1304; x_wconf 90' lang='lat' dir='ltr'><strong>lta</strong></span> <span class='ocrx_word' id='word_1_182' title='bbox 3230 1266 3349 1304; x_wconf 90' lang='lat' dir='ltr'><strong>non</strong></span> <span class='ocrx_word' id='word_1_183' title='bbox 3409 1255 3642 1306; x_wconf 90' lang='lat' dir='ltr'><strong>tantum</strong></span> 
     </span>
    </p>
   </div>
   <div class='ocr_carea' id='block_1_28' title="bbox 1999 1333 3643 1404">
    <p class='ocr_par' dir='ltr' id='par_1_28' title="bbox 1999 1333 3643 1404">
     <span class='ocr_line' id='line_1_28' title="bbox 1999 1333 3643 1404; baseline 0.005 -17"><span class='ocrx_word' id='word_1_184' title='bbox 1999 1333 2280 1404; x_wconf 89' lang='lat' dir='ltr'><strong>Ignatius,</strong></span> <span class='ocrx_word' id='word_1_185' title='bbox 2316 1335 2419 1389; x_wconf 90' lang='lat' dir='ltr'><strong>sed</strong></span> <span class='ocrx_word' id='word_1_186' title='bbox 2451 1340 2512 1389; x_wconf 92' lang='lat' dir='ltr'><strong>et</strong></span> <span class='ocrx_word' id='word_1_187' title='bbox 2540 1337 2779 1390; x_wconf 86' lang='lat' dir='ltr'><strong>Patrum</strong></span> <span class='ocrx_word' id='word_1_188' title='bbox 2810 1337 3162 1403; x_wconf 85' lang='lat' dir='ltr'><strong>doctissimi,</strong></span> <span class='ocrx_word' id='word_1_189' title='bbox 3195 1339 3248 1393; x_wconf 93' lang='lat' dir='ltr'><strong>S.</strong></span> <span class='ocrx_word' id='word_1_190' title='bbox 3308 1341 3524 1395; x_wconf 85' lang='lat' dir='ltr'><strong>Lucam</strong></span> <span class='ocrx_word' id='word_1_191' title='bbox 3581 1341 3643 1395; x_wconf 91' lang='lat' dir='ltr'><strong>in</strong></span> 
     </span>
    </p>
   </div>
   <div class='ocr_carea' id='block_1_29' title="bbox 1998 1421 3638 1498">
    <p class='ocr_par' dir='ltr' id='par_1_29' title="bbox 1998 1421 3638 1498">
     <span class='ocr_line' id='line_1_29' title="bbox 1998 1421 3638 1498; baseline 0.005 -22"><span class='ocrx_word' id='word_1_192' title='bbox 1998 1421 2242 1478; x_wconf 82' lang='lat' dir='ltr'><strong>Actibus</strong></span> <span class='ocrx_word' id='word_1_193' title='bbox 2274 1424 2734 1482; x_wconf 83' lang='lat' dir='ltr'><strong>intellexerunt:</strong></span> <span class='ocrx_word' id='word_1_194' title='bbox 2760 1427 3150 1498; x_wconf 85' lang='lat' dir='ltr'><strong>Hieronymus</strong></span> <span class='ocrx_word' id='word_1_195' title='bbox 3182 1429 3331 1483; x_wconf 87' lang='lat' dir='ltr'><strong>libro</strong></span> <span class='ocrx_word' id='word_1_196' title='bbox 3365 1431 3638 1486; x_wconf 86' lang='lat' dir='ltr'><strong>Adversus</strong></span> 
     </span>
    </p>
   </div>
   <div class='ocr_carea' id='block_1_30' title="bbox 2002 1515 3641 1592">
    <p class='ocr_par' dir='ltr' id='par_1_30' title="bbox 2002 1515 3641 1592">
     <span class='ocr_line' id='line_1_30' title="bbox 2002 1515 3641 1592; baseline 0.005 -25"><span class='ocrx_word' id='word_1_197' title='bbox 2002 1529 2212 1568; x_wconf 85' lang='lat' dir='ltr'><strong>errores</strong></span> <span class='ocrx_word' id='word_1_198' title='bbox 2241 1515 2472 1570; x_wconf 82' lang='lat' dir='ltr'><strong>Joannis</strong></span> <span class='ocrx_word' id='word_1_199' title='bbox 2518 1517 3009 1586; x_wconf 82' lang='lat' dir='ltr'><strong>Hierosolymitani</strong></span> <span class='ocrx_word' id='word_1_200' title='bbox 3066 1518 3192 1573; x_wconf 71' lang='lat' dir='ltr'><strong>haec</strong></span> <span class='ocrx_word' id='word_1_201' title='bbox 3249 1536 3318 1574; x_wconf 91' lang='lat' dir='ltr'><strong>ex</strong></span> <span class='ocrx_word' id='word_1_202' title='bbox 3369 1520 3641 1592; x_wconf 85' lang='lat' dir='ltr'><strong>Origene,</strong></span> 
     </span>
    </p>
   </div>
   <div class='ocr_carea' id='block_1_31' title="bbox 2003 1601 3642 1680">
    <p class='ocr_par' dir='ltr' id='par_1_31' title="bbox 2003 1601 3642 1680">
     <span class='ocr_line' id='line_1_31' title="bbox 2003 1601 3642 1680; baseline 0.005 -24"><span class='ocrx_word' id='word_1_203' title='bbox 2003 1601 2234 1673; x_wconf 88' lang='lat' dir='ltr'><strong>opinor,</strong></span> <span class='ocrx_word' id='word_1_204' title='bbox 2267 1604 2509 1658; x_wconf 86' lang='lat' dir='ltr'><strong>adducit</strong></span> <span class='ocrx_word' id='word_1_205' title='bbox 2530 1605 2602 1660; x_wconf 92' lang='lat' dir='ltr'><strong>de</strong></span> <span class='ocrx_word' id='word_1_206' title='bbox 2631 1606 2862 1661; x_wconf 85' lang='lat' dir='ltr'><strong>Christo</strong></span> <span class='ocrx_word' id='word_1_207' title='bbox 2889 1625 2900 1660; x_wconf 89' lang='lat'><strong>:</strong></span> <span class='ocrx_word' id='word_1_208' title='bbox 2928 1629 2955 1656; x_wconf 86' lang='lat'><strong>«</strong></span> <span class='ocrx_word' id='word_1_209' title='bbox 2989 1607 3257 1662; x_wconf 87' lang='lat' dir='ltr'><strong>Comedit</strong></span> <span class='ocrx_word' id='word_1_210' title='bbox 3286 1615 3420 1680; x_wconf 87' lang='lat' dir='ltr'><strong>post</strong></span> <span class='ocrx_word' id='word_1_211' title='bbox 3441 1626 3642 1664; x_wconf 91' lang='lat' dir='ltr'><strong>resur-</strong></span> 
     </span>
    </p>
   </div>
   <div class='ocr_carea' id='block_1_32' title="bbox 2001 1693 3645 1768">
    <p class='ocr_par' dir='ltr' id='par_1_32' title="bbox 2001 1693 3645 1768">
     <span class='ocr_line' id='line_1_32' title="bbox 2001 1693 3645 1768; baseline 0.005 -24"><span class='ocrx_word' id='word_1_212' title='bbox 2001 1693 2327 1748; x_wconf 88' lang='lat' dir='ltr'><strong>rectionem</strong></span> <span class='ocrx_word' id='word_1_213' title='bbox 2360 1700 2615 1762; x_wconf 89' lang='lat' dir='ltr'><strong>suam,et</strong></span> <span class='ocrx_word' id='word_1_214' title='bbox 2644 1694 2876 1765; x_wconf 84' lang='lat' dir='ltr'><strong>bibit,et</strong></span> <span class='ocrx_word' id='word_1_215' title='bbox 2902 1697 3146 1751; x_wconf 87' lang='lat' dir='ltr'><strong>vestitus</strong></span> <span class='ocrx_word' id='word_1_216' title='bbox 3179 1699 3471 1768; x_wconf 87' lang='lat' dir='ltr'><strong>apparuit,</strong></span> <span class='ocrx_word' id='word_1_217' title='bbox 3517 1705 3645 1753; x_wconf 89' lang='lat' dir='ltr'><strong>tan-</strong></span> 
     </span>
    </p>
   </div>
   <div class='ocr_carea' id='block_1_33' title="bbox 2003 1781 3643 1867">
    <p class='ocr_par' dir='ltr' id='par_1_33' title="bbox 2003 1781 3643 1867">
     <span class='ocr_line' id='line_1_33' title="bbox 2003 1781 3643 1867; baseline 0.003 -31"><span class='ocrx_word' id='word_1_218' title='bbox 2003 1781 2258 1853; x_wconf 87' lang='lat' dir='ltr'><strong>gendum</strong></span> <span class='ocrx_word' id='word_1_219' title='bbox 2290 1799 2351 1837; x_wconf 86' lang='lat' dir='ltr'><strong>se</strong></span> <span class='ocrx_word' id='word_1_220' title='bbox 2369 1783 2713 1867; x_wconf 74' lang='lat' dir='ltr'><strong>praabuit,ut</strong></span> <span class='ocrx_word' id='word_1_221' title='bbox 2731 1784 3139 1840; x_wconf 90' lang='lat' dir='ltr'><strong>dubitantibus</strong></span> <span class='ocrx_word' id='word_1_222' title='bbox 3162 1787 3441 1857; x_wconf 87' lang='lat' dir='ltr'><strong>apostolis</strong></span> <span class='ocrx_word' id='word_1_223' title='bbox 3466 1786 3643 1841; x_wconf 85' lang='lat' dir='ltr'><strong>fidem</strong></span> 
     </span>
    </p>
   </div>
   <div class='ocr_carea' id='block_1_34' title="bbox 234 1855 1888 1951">
    <p class='ocr_par' dir='ltr' id='par_1_34' title="bbox 234 1855 1888 1924">
     <span class='ocr_line' id='line_1_34' title="bbox 234 1855 1888 1924; baseline -0.001 -10"><span class='ocrx_word' id='word_1_224' title='bbox 234 1859 825 1924; x_wconf 89' lang='lat' dir='ltr'><strong>ribus,decreverunt</strong></span> <span class='ocrx_word' id='word_1_225' title='bbox 846 1873 978 1911; x_wconf 89' lang='lat' dir='ltr'><strong>eum</strong></span> <span class='ocrx_word' id='word_1_226' title='bbox 1003 1856 1271 1912; x_wconf 87' lang='lat' dir='ltr'><strong>adorare.</strong></span> <span class='ocrx_word' id='word_1_227' title='bbox 1303 1877 1332 1906; x_wconf 83' lang='lat'><strong>»</strong></span> <span class='ocrx_word' id='word_1_228' title='bbox 1366 1855 1784 1924; x_wconf 87' lang='lat' dir='ltr'><strong>Tertullianus,</strong></span> <span class='ocrx_word' id='word_1_229' title='bbox 1819 1859 1888 1912; x_wconf 87' lang='lat' dir='ltr'><strong>De</strong></span> 
     </span>
    </p>
   </div>
   <div class='ocr_carea' id='block_1_35' title="bbox 2064 1855 3644 1951">
    <p class='ocr_par' dir='ltr' id='par_1_35' title="bbox 2064 1855 3644 1951">
     <span class='ocr_line' id='line_1_35' title="bbox 2064 1855 3644 1951; baseline 0.001 -21"><span class='ocrx_word' id='word_1_230' title='bbox 2064 1881 2224 1930; x_wconf 92' lang='lat' dir='ltr'><strong>ceret</strong></span> <span class='ocrx_word' id='word_1_231' title='bbox 2259 1858 2732 1931; x_wconf 81' lang='lat' dir='ltr'><strong>resurrectionis.</strong></span> <span class='ocrx_word' id='word_1_232' title='bbox 2767 1897 2796 1924; x_wconf 88' lang='lat'>»</span> <span class='ocrx_word' id='word_1_233' title='bbox 2829 1878 2887 1931; x_wconf 90' lang='grc' dir='ltr'><strong>Β.</strong></span> <span class='ocrx_word' id='word_1_234' title='bbox 2923 1855 3324 1933; x_wconf 82' lang='lat' dir='ltr'><strong>Theodoretus</strong></span> <span class='ocrx_word' id='word_1_235' title='bbox 3356 1879 3587 1951; x_wconf 86' lang='lat' dir='ltr'><strong>dialogo</strong></span> <span class='ocrx_word' id='word_1_236' title='bbox 3612 1883 3644 1932; x_wconf 87' lang='lat'>2</span> 
     </span>
    </p>
   </div>
   <div class='ocr_carea' id='block_1_36' title="bbox 236 1945 1892 2018">
    <p class='ocr_par' dir='ltr' id='par_1_36' title="bbox 236 1945 1892 2018">
     <span class='ocr_line' id='line_1_36' title="bbox 236 1945 1892 2018; baseline -0.001 -14"><span class='ocrx_word' id='word_1_237' title='bbox 236 1949 582 2016; x_wconf 76' lang='lat' dir='ltr'><strong>idololatria,</strong></span> <span class='ocrx_word' id='word_1_238' title='bbox 607 1964 736 2018; x_wconf 91' lang='lat' dir='ltr'><strong>cap.</strong></span> <span class='ocrx_word' id='word_1_239' title='bbox 779 1949 810 2002; x_wconf 82' lang='lat'>9</span> <span class='ocrx_word' id='word_1_240' title='bbox 845 1964 857 2002; x_wconf 91' lang='lat'><strong>:</strong></span> <span class='ocrx_word' id='word_1_241' title='bbox 891 1968 919 1995; x_wconf 84' lang='grc'><strong>‹‹</strong></span> <span class='ocrx_word' id='word_1_242' title='bbox 949 1947 1030 2001; x_wconf 92' lang='lat' dir='ltr'><strong>De</strong></span> <span class='ocrx_word' id='word_1_243' title='bbox 1079 1946 1330 2014; x_wconf 87' lang='lat' dir='ltr'><strong>Christo,</strong></span> <span class='ocrx_word' id='word_1_244' title='bbox 1365 1945 1611 2014; x_wconf 89' lang='lat' dir='ltr'><strong>scilicet,</strong></span> <span class='ocrx_word' id='word_1_245' title='bbox 1645 1951 1734 2000; x_wconf 91' lang='lat' dir='ltr'><strong>est</strong></span> <span class='ocrx_word' id='word_1_246' title='bbox 1764 1963 1892 2002; x_wconf 89' lang='lat' dir='ltr'><strong>ma-</strong></span> 
     </span>
    </p>
   </div>
   <div class='ocr_carea' id='block_1_37' title="bbox 237 2035 1892 2100">
    <p class='ocr_par' dir='ltr' id='par_1_37' title="bbox 237 2035 1892 2100">
     <span class='ocr_line' id='line_1_37' title="bbox 237 2035 1892 2100; baseline -0.002 -7"><span class='ocrx_word' id='word_1_247' title='bbox 237 2038 426 2093; x_wconf 87' lang='lat' dir='ltr'><strong>thesis</strong></span> <span class='ocrx_word' id='word_1_248' title='bbox 459 2037 633 2092; x_wconf 91' lang='lat' dir='ltr'><strong>hodie</strong></span> <span class='ocrx_word' id='word_1_249' title='bbox 660 2052 673 2100; x_wconf 89' lang='lat'>;</span> <span class='ocrx_word' id='word_1_250' title='bbox 709 2035 940 2092; x_wconf 88' lang='lat' dir='ltr'><strong>stellam</strong></span> <span class='ocrx_word' id='word_1_251' title='bbox 963 2035 1328 2100; x_wconf 90' lang='lat' dir='ltr'><strong>Christi,non</strong></span> <span class='ocrx_word' id='word_1_252' title='bbox 1349 2035 1586 2090; x_wconf 85' lang='lat' dir='ltr'><strong>Saturni</strong></span> <span class='ocrx_word' id='word_1_253' title='bbox 1611 2040 1668 2090; x_wconf 92' lang='lat' dir='ltr'><strong>et</strong></span> <span class='ocrx_word' id='word_1_254' title='bbox 1690 2035 1892 2091; x_wconf 90' lang='lat' dir='ltr'><strong>Martis</strong></span> 
     </span>
    </p>
   </div>
   <div class='ocr_carea' id='block_1_38' title="bbox 239 2123 1893 2198">
    <p class='ocr_par' dir='ltr' id='par_1_38' title="bbox 239 2123 1893 2198">
     <span class='ocr_line' id='line_1_38' title="bbox 239 2123 1893 2198; baseline -0.002 -15"><span class='ocrx_word' id='word_1_255' title='bbox 239 2133 298 2183; x_wconf 88' lang='lat' dir='ltr'><strong>et</strong></span> <span class='ocrx_word' id='word_1_256' title='bbox 326 2127 621 2198; x_wconf 85' lang='lat' dir='ltr'><strong>cujusque</strong></span> <span class='ocrx_word' id='word_1_257' title='bbox 654 2143 725 2180; x_wconf 86' lang='lat' dir='ltr'><strong>ex</strong></span> <span class='ocrx_word' id='word_1_258' title='bbox 755 2125 964 2180; x_wconf 90' lang='lat' dir='ltr'><strong>eodem</strong></span> <span class='ocrx_word' id='word_1_259' title='bbox 987 2123 1196 2180; x_wconf 89' lang='lat' dir='ltr'><strong>ordine</strong></span> <span class='ocrx_word' id='word_1_260' title='bbox 1222 2124 1893 2190; x_wconf 89' lang='lat' dir='ltr'><strong>mortuorum,observat</strong></span> 
     </span>
    </p>
   </div>
   <div class='ocr_carea' id='block_1_39' title="bbox 238 2214 1894 2288">
    <p class='ocr_par' dir='ltr' id='par_1_39' title="bbox 238 2214 1894 2288">
     <span class='ocr_line' id='line_1_39' title="bbox 238 2214 1894 2288; baseline -0.001 -16"><span class='ocrx_word' id='word_1_261' title='bbox 238 2224 296 2272; x_wconf 87' lang='lat' dir='ltr'><strong>et</strong></span> <span class='ocrx_word' id='word_1_262' title='bbox 328 2217 634 2288; x_wconf 75' lang='lat' dir='ltr'><strong>praadicat.</strong></span> <span class='ocrx_word' id='word_1_263' title='bbox 669 2219 744 2270; x_wconf 87' lang='lat' dir='ltr'><strong>At</strong></span> <span class='ocrx_word' id='word_1_264' title='bbox 774 2215 935 2270; x_wconf 87' lang='lat' dir='ltr'><strong>enim</strong></span> <span class='ocrx_word' id='word_1_265' title='bbox 968 2215 1218 2270; x_wconf 89' lang='lat' dir='ltr'><strong>scientia</strong></span> <span class='ocrx_word' id='word_1_266' title='bbox 1250 2214 1363 2269; x_wconf 90' lang='lat' dir='ltr'><strong>ista</strong></span> <span class='ocrx_word' id='word_1_267' title='bbox 1389 2231 1578 2284; x_wconf 90' lang='lat' dir='ltr'><strong>usque</strong></span> <span class='ocrx_word' id='word_1_268' title='bbox 1600 2214 1674 2270; x_wconf 90' lang='lat' dir='ltr'><strong>ad</strong></span> <span class='ocrx_word' id='word_1_269' title='bbox 1705 2217 1894 2270; x_wconf 91' lang='lat' dir='ltr'><strong>Evan-</strong></span> 
     </span>
    </p>
   </div>
   <div class='ocr_carea' id='block_1_40' title="bbox 235 2303 1892 2378">
    <p class='ocr_par' dir='ltr' id='par_1_40' title="bbox 235 2303 1892 2378">
     <span class='ocr_line' id='line_1_40' title="bbox 235 2303 1892 2378; baseline -0.002 -17"><span class='ocrx_word' id='word_1_270' title='bbox 235 2306 462 2378; x_wconf 89' lang='lat' dir='ltr'><strong>gelium</strong></span> <span class='ocrx_word' id='word_1_271' title='bbox 483 2305 598 2360; x_wconf 82' lang='lat' dir='ltr'><strong>fuit</strong></span> <span class='ocrx_word' id='word_1_272' title='bbox 624 2309 999 2367; x_wconf 88' lang='lat' dir='ltr'><strong>concessa,ut</strong></span> <span class='ocrx_word' id='word_1_273' title='bbox 1018 2303 1248 2359; x_wconf 89' lang='lat' dir='ltr'><strong>Christo</strong></span> <span class='ocrx_word' id='word_1_274' title='bbox 1282 2303 1463 2371; x_wconf 89' lang='lat' dir='ltr'><strong>edito,</strong></span> <span class='ocrx_word' id='word_1_275' title='bbox 1484 2319 1657 2358; x_wconf 90' lang='lat' dir='ltr'><strong>nemo</strong></span> <span class='ocrx_word' id='word_1_276' title='bbox 1681 2303 1892 2358; x_wconf 87' lang='lat' dir='ltr'><strong>exinde</strong></span> 
     </span>
    </p>
   </div>
   <div class='ocr_carea' id='block_1_41' title="bbox 237 2392 1891 2464">
    <p class='ocr_par' dir='ltr' id='par_1_41' title="bbox 237 2392 1891 2464">
     <span class='ocr_line' id='line_1_41' title="bbox 237 2392 1891 2464; baseline -0.001 -13"><span class='ocrx_word' id='word_1_277' title='bbox 237 2395 610 2451; x_wconf 84' lang='lat' dir='ltr'><strong>nativitatem</strong></span> <span class='ocrx_word' id='word_1_278' title='bbox 643 2393 899 2464; x_wconf 86' lang='lat' dir='ltr'><strong>alicujus</strong></span> <span class='ocrx_word' id='word_1_279' title='bbox 931 2392 1002 2447; x_wconf 92' lang='lat' dir='ltr'><strong>de</strong></span> <span class='ocrx_word' id='word_1_280' title='bbox 1026 2393 1173 2448; x_wconf 72' lang='lat' dir='ltr'><strong>cmlo</strong></span> <span class='ocrx_word' id='word_1_281' title='bbox 1205 2393 1891 2464; x_wconf 81' lang='lat' dir='ltr'><strong>interpretetur,»Neque</strong></span> 
     </span>
    </p>
   </div>
   <div class='ocr_carea' id='block_1_42' title="bbox 238 2482 1889 2556">
    <p class='ocr_par' dir='ltr' id='par_1_42' title="bbox 238 2482 1889 2556">
     <span class='ocr_line' id='line_1_42' title="bbox 238 2482 1889 2556; baseline -0.001 -17"><span class='ocrx_word' id='word_1_282' title='bbox 238 2485 423 2556; x_wconf 85' lang='lat' dir='ltr'><strong>igitur</strong></span> <span class='ocrx_word' id='word_1_283' title='bbox 453 2489 676 2539; x_wconf 89' lang='lat' dir='ltr'><strong>temere</strong></span> <span class='ocrx_word' id='word_1_284' title='bbox 710 2499 900 2553; x_wconf 91' lang='lat' dir='ltr'><strong>neque</strong></span> <span class='ocrx_word' id='word_1_285' title='bbox 933 2482 1186 2538; x_wconf 86' lang='lat' dir='ltr'><strong>absurde</strong></span> <span class='ocrx_word' id='word_1_286' title='bbox 1206 2499 1274 2538; x_wconf 92' lang='lat' dir='ltr'><strong>ea</strong></span> <span class='ocrx_word' id='word_1_287' title='bbox 1292 2482 1441 2537; x_wconf 80' lang='lat' dir='ltr'><strong>dixit</strong></span> <span class='ocrx_word' id='word_1_288' title='bbox 1467 2483 1889 2554; x_wconf 76' lang='lat' dir='ltr'><strong>1gnatius,quaa</strong></span> 
     </span>
    </p>
   </div>
   <div class='ocr_carea' id='block_1_43' title="bbox 238 2572 1424 2630">
    <p class='ocr_par' dir='ltr' id='par_1_43' title="bbox 238 2572 1424 2630">
     <span class='ocr_line' id='line_1_43' title="bbox 238 2572 1424 2630; baseline -0.002 -1"><span class='ocrx_word' id='word_1_289' title='bbox 238 2579 326 2630; x_wconf 89' lang='lat' dir='ltr'><strong>tot</strong></span> <span class='ocrx_word' id='word_1_290' title='bbox 353 2574 463 2627; x_wconf 88' lang='lat' dir='ltr'><strong>viri</strong></span> <span class='ocrx_word' id='word_1_291' title='bbox 492 2573 556 2627; x_wconf 91' lang='lat' dir='ltr'><strong>in</strong></span> <span class='ocrx_word' id='word_1_292' title='bbox 584 2572 848 2628; x_wconf 90' lang='lat' dir='ltr'><strong>Ecclesia</strong></span> <span class='ocrx_word' id='word_1_293' title='bbox 879 2572 1021 2627; x_wconf 90' lang='lat' dir='ltr'><strong>clari</strong></span> <span class='ocrx_word' id='word_1_294' title='bbox 1049 2572 1234 2627; x_wconf 90' lang='lat' dir='ltr'><strong>secuti</strong></span> <span class='ocrx_word' id='word_1_295' title='bbox 1269 2577 1424 2627; x_wconf 90' lang='lat' dir='ltr'><strong>sunt.</strong></span> 
     </span>
    </p>
   </div>
   <div class='ocr_carea' id='block_1_44' title="bbox 309 2659 1888 2732">
    <p class='ocr_par' dir='ltr' id='par_1_44' title="bbox 309 2659 1888 2732">
     <span class='ocr_line' id='line_1_44' title="bbox 309 2659 1888 2732; baseline 0 -16"><span class='ocrx_word' id='word_1_296' title='bbox 309 2663 482 2718; x_wconf 85' lang='lat' dir='ltr'><strong>Levia</strong></span> <span class='ocrx_word' id='word_1_297' title='bbox 513 2663 638 2716; x_wconf 71' lang='lat' dir='ltr'><strong>haac</strong></span> <span class='ocrx_word' id='word_1_298' title='bbox 662 2661 842 2716; x_wconf 92' lang='lat' dir='ltr'><strong>nimis</strong></span> <span class='ocrx_word' id='word_1_299' title='bbox 873 2667 1013 2716; x_wconf 88' lang='lat' dir='ltr'><strong>sunt</strong></span> <span class='ocrx_word' id='word_1_300' title='bbox 1043 2679 1058 2728; x_wconf 92' lang='lat'><strong>;</strong></span> <span class='ocrx_word' id='word_1_301' title='bbox 1092 2666 1150 2716; x_wconf 92' lang='lat' dir='ltr'><strong>et</strong></span> <span class='ocrx_word' id='word_1_302' title='bbox 1175 2667 1374 2718; x_wconf 85' lang='lat' dir='ltr'><strong>tamen</strong></span> <span class='ocrx_word' id='word_1_303' title='bbox 1403 2660 1552 2716; x_wconf 92' lang='lat' dir='ltr'><strong>illud</strong></span> <span class='ocrx_word' id='word_1_304' title='bbox 1584 2659 1744 2732; x_wconf 91' lang='lat' dir='ltr'><strong>quod</strong></span> <span class='ocrx_word' id='word_1_305' title='bbox 1800 2677 1888 2716; x_wconf 85' lang='lat' dir='ltr'><strong>se-</strong></span> 
     </span>
    </p>
   </div>
   <div class='ocr_carea' id='block_1_45' title="bbox 234 2751 1894 2824">
    <p class='ocr_par' dir='ltr' id='par_1_45' title="bbox 234 2751 1894 2824">
     <span class='ocr_line' id='line_1_45' title="bbox 234 2751 1894 2824; baseline -0.001 -16"><span class='ocrx_word' id='word_1_306' title='bbox 234 2753 598 2824; x_wconf 88' lang='lat' dir='ltr'><strong>quitur,ipso</strong></span> <span class='ocrx_word' id='word_1_307' title='bbox 625 2753 848 2807; x_wconf 88' lang='lat' dir='ltr'><strong>fatente</strong></span> <span class='ocrx_word' id='word_1_308' title='bbox 892 2752 1130 2821; x_wconf 71' lang='lat' dir='ltr'><strong>Dallseo,</strong></span> <span class='ocrx_word' id='word_1_309' title='bbox 1164 2751 1348 2807; x_wconf 91' lang='lat' dir='ltr'><strong>levius</strong></span> <span class='ocrx_word' id='word_1_310' title='bbox 1407 2757 1514 2806; x_wconf 89' lang='lat' dir='ltr'><strong>est.</strong></span> <span class='ocrx_word' id='word_1_311' title='bbox 1575 2773 1603 2801; x_wconf 87' lang='lat'><strong>«</strong></span> <span class='ocrx_word' id='word_1_312' title='bbox 1665 2752 1894 2807; x_wconf 88' lang='lat' dir='ltr'><strong>Asserit</strong></span> 
     </span>
    </p>
   </div>
   <div class='ocr_carea' id='block_1_46' title="bbox 230 2840 1892 2913">
    <p class='ocr_par' dir='ltr' id='par_1_46' title="bbox 230 2840 1892 2913">
     <span class='ocr_line' id='line_1_46' title="bbox 230 2840 1892 2913; baseline -0.001 -15"><span class='ocrx_word' id='word_1_313' title='bbox 230 2843 416 2906; x_wconf 91' lang='lat' dir='ltr'><strong>enim,</strong></span> <span class='ocrx_word' id='word_1_314' title='bbox 448 2842 664 2913; x_wconf 89' lang='lat' dir='ltr'><strong>inquit,</strong></span> <span class='ocrx_word' id='word_1_315' title='bbox 711 2841 1007 2896; x_wconf 79' lang='lat' dir='ltr'><strong>Christum</strong></span> <span class='ocrx_word' id='word_1_316' title='bbox 1065 2846 1121 2896; x_wconf 91' lang='lat' dir='ltr'><strong>et</strong></span> <span class='ocrx_word' id='word_1_317' title='bbox 1170 2841 1362 2896; x_wconf 89' lang='lat' dir='ltr'><strong>edisse</strong></span> <span class='ocrx_word' id='word_1_318' title='bbox 1396 2847 1453 2896; x_wconf 92' lang='lat' dir='ltr'><strong>et</strong></span> <span class='ocrx_word' id='word_1_319' title='bbox 1484 2840 1701 2896; x_wconf 86' lang='lat' dir='ltr'><strong>bibisse</strong></span> <span class='ocrx_word' id='word_1_320' title='bbox 1760 2847 1892 2912; x_wconf 88' lang='lat' dir='ltr'><strong>post</strong></span> 
     </span>
    </p>
   </div>
   <div class='ocr_carea' id='block_1_47' title="bbox 233 2932 1887 3004">
    <p class='ocr_par' dir='ltr' id='par_1_47' title="bbox 233 2932 1887 3004">
     <span class='ocr_line' id='line_1_47' title="bbox 233 2932 1887 3004; baseline -0.001 -16"><span class='ocrx_word' id='word_1_321' title='bbox 233 2934 762 2989; x_wconf 89' lang='lat' dir='ltr'><strong>resurrectionem.</strong></span> <span class='ocrx_word' id='word_1_322' title='bbox 796 2935 869 2987; x_wconf 84' lang='lat' dir='ltr'><strong>At</strong></span> <span class='ocrx_word' id='word_1_323' title='bbox 899 2933 1092 2988; x_wconf 91' lang='lat' dir='ltr'><strong>edisse</strong></span> <span class='ocrx_word' id='word_1_324' title='bbox 1144 2948 1217 2986; x_wconf 85' lang='lat' dir='ltr'><strong>ex</strong></span> <span class='ocrx_word' id='word_1_325' title='bbox 1275 2932 1581 3004; x_wconf 86' lang='lat' dir='ltr'><strong>Evangelio</strong></span> <span class='ocrx_word' id='word_1_326' title='bbox 1611 2937 1842 2987; x_wconf 85' lang='lat' dir='ltr'><strong>constat</strong></span> <span class='ocrx_word' id='word_1_327' title='bbox 1872 2950 1887 3000; x_wconf 85' lang='lat'><strong>;</strong></span> 
     </span>
    </p>
   </div>
   <div class='ocr_carea' id='block_1_48' title="bbox 231 3021 1886 3086">
    <p class='ocr_par' dir='ltr' id='par_1_48' title="bbox 231 3021 1886 3086">
     <span class='ocr_line' id='line_1_48' title="bbox 231 3021 1886 3086; baseline -0.001 -8"><span class='ocrx_word' id='word_1_328' title='bbox 231 3023 456 3078; x_wconf 90' lang='lat' dir='ltr'><strong>bibisse</strong></span> <span class='ocrx_word' id='word_1_329' title='bbox 489 3039 610 3078; x_wconf 90' lang='lat' dir='ltr'><strong>non</strong></span> <span class='ocrx_word' id='word_1_330' title='bbox 642 3027 891 3078; x_wconf 86' lang='lat' dir='ltr'><strong>constat.</strong></span> <span class='ocrx_word' id='word_1_331' title='bbox 923 3040 950 3073; x_wconf 75' lang='grc' dir='ltr'>ι</span> <span class='ocrx_word' id='word_1_332' title='bbox 1016 3022 1196 3077; x_wconf 88' lang='lat' dir='ltr'><strong>Grave</strong></span> <span class='ocrx_word' id='word_1_333' title='bbox 1257 3021 1505 3086; x_wconf 88' lang='lat' dir='ltr'><strong>crimen,</strong></span> <span class='ocrx_word' id='word_1_334' title='bbox 1555 3021 1613 3074; x_wconf 90' lang='lat' dir='ltr'><strong>C.</strong></span> <span class='ocrx_word' id='word_1_335' title='bbox 1675 3021 1886 3078; x_wconf 81' lang='lat' dir='ltr'><strong>Caesar.</strong></span> 
     </span>
    </p>
   </div>
   <div class='ocr_carea' id='block_1_49' title="bbox 236 3111 1886 3183">
    <p class='ocr_par' dir='ltr' id='par_1_49' title="bbox 236 3111 1886 3183">
     <span class='ocr_line' id='line_1_49' title="bbox 236 3111 1886 3183; baseline -0.002 -14"><span class='ocrx_word' id='word_1_336' title='bbox 236 3113 418 3178; x_wconf 90' lang='lat' dir='ltr'><strong>Quasi</strong></span> <span class='ocrx_word' id='word_1_337' title='bbox 451 3130 588 3168; x_wconf 89' lang='lat' dir='ltr'><strong>vero</strong></span> <span class='ocrx_word' id='word_1_338' title='bbox 615 3112 762 3167; x_wconf 88' lang='lat' dir='ltr'><strong>illud</strong></span> <span class='ocrx_word' id='word_1_339' title='bbox 795 3111 951 3182; x_wconf 89' lang='lat' dir='ltr'><strong>quod</strong></span> <span class='ocrx_word' id='word_1_340' title='bbox 984 3128 1052 3167; x_wconf 87' lang='lat' dir='ltr'><strong>ex</strong></span> <span class='ocrx_word' id='word_1_341' title='bbox 1092 3111 1405 3183; x_wconf 81' lang='lat' dir='ltr'><strong>Evangelia</strong></span> <span class='ocrx_word' id='word_1_342' title='bbox 1455 3127 1574 3165; x_wconf 91' lang='lat' dir='ltr'><strong>non</strong></span> <span class='ocrx_word' id='word_1_343' title='bbox 1633 3117 1886 3180; x_wconf 88' lang='lat' dir='ltr'><strong>constat,</strong></span> 
     </span>
    </p>
   </div>
   <div class='ocr_carea' id='block_1_50' title="bbox 235 3201 1884 3272">
    <p class='ocr_par' dir='ltr' id='par_1_50' title="bbox 235 3201 1884 3272">
     <span class='ocr_line' id='line_1_50' title="bbox 235 3201 1884 3272; baseline -0.001 -14"><span class='ocrx_word' id='word_1_344' title='bbox 235 3204 285 3258; x_wconf 87' lang='lat' dir='ltr'><strong>si</strong></span> <span class='ocrx_word' id='word_1_345' title='bbox 319 3219 393 3257; x_wconf 84' lang='lat' dir='ltr'><strong>ex</strong></span> <span class='ocrx_word' id='word_1_346' title='bbox 416 3202 574 3257; x_wconf 80' lang='lat' dir='ltr'><strong>Actis</strong></span> <span class='ocrx_word' id='word_1_347' title='bbox 605 3201 1010 3272; x_wconf 90' lang='lat' dir='ltr'><strong>apostolorum</strong></span> <span class='ocrx_word' id='word_1_348' title='bbox 1043 3206 1294 3269; x_wconf 89' lang='lat' dir='ltr'><strong>constet,</strong></span> <span class='ocrx_word' id='word_1_349' title='bbox 1354 3217 1554 3256; x_wconf 91' lang='lat' dir='ltr'><strong>verum</strong></span> <span class='ocrx_word' id='word_1_350' title='bbox 1615 3218 1736 3256; x_wconf 89' lang='lat' dir='ltr'><strong>non</strong></span> <span class='ocrx_word' id='word_1_351' title='bbox 1789 3202 1884 3259; x_wconf 83' lang='lat' dir='ltr'><strong>sit.</strong></span> 
     </span>
    </p>
   </div>
   <div class='ocr_carea' id='block_1_51' title="bbox 2001 1963 3644 2030">
    <p class='ocr_par' dir='ltr' id='par_1_51' title="bbox 2001 1963 3644 2030">
     <span class='ocr_line' id='line_1_51' title="bbox 2001 1963 3644 2030; baseline 0 -10"><span class='ocrx_word' id='word_1_352' title='bbox 2001 1968 2167 2020; x_wconf 91' lang='lat' dir='ltr'><strong>notat</strong></span> <span class='ocrx_word' id='word_1_353' title='bbox 2193 1965 2248 2020; x_wconf 93' lang='lat' dir='ltr'><strong>S.</strong></span> <span class='ocrx_word' id='word_1_354' title='bbox 2282 1967 2520 2020; x_wconf 90' lang='lat' dir='ltr'><strong>Petrum</strong></span> <span class='ocrx_word' id='word_1_355' title='bbox 2551 1965 2661 2021; x_wconf 91' lang='lat' dir='ltr'><strong>hoc</strong></span> <span class='ocrx_word' id='word_1_356' title='bbox 2691 1966 2906 2022; x_wconf 89' lang='lat' dir='ltr'><strong>clarius</strong></span> <span class='ocrx_word' id='word_1_357' title='bbox 2937 1967 3206 2022; x_wconf 89' lang='lat' dir='ltr'><strong>docuisse</strong></span> <span class='ocrx_word' id='word_1_358' title='bbox 3239 1985 3252 2022; x_wconf 93' lang='lat'><strong><em>:</em></strong></span> <span class='ocrx_word' id='word_1_359' title='bbox 3303 1967 3364 2023; x_wconf 92' lang='grc' dir='ltr'>Ὁ</span> <span class='ocrx_word' id='word_1_360' title='bbox 3394 1963 3451 2020; x_wconf 81' lang='grc' dir='ltr'><strong>δὲ</strong></span> <span class='ocrx_word' id='word_1_361' title='bbox 3505 1967 3644 2030; x_wconf 85' lang='grc' dir='ltr'>θειό-</span> 
     </span>
    </p>
   </div>
   <div class='ocr_carea' id='block_1_52' title="bbox 2001 2052 3641 2130">
    <p class='ocr_par' dir='ltr' id='par_1_52' title="bbox 2001 2052 3641 2130">
     <span class='ocr_line' id='line_1_52' title="bbox 2001 2052 3641 2130; baseline 0.001 -23"><span class='ocrx_word' id='word_1_362' title='bbox 2001 2072 2162 2113; x_wconf 85' lang='grc' dir='ltr'>τατος</span> <span class='ocrx_word' id='word_1_363' title='bbox 2211 2052 2414 2127; x_wconf 53' lang='lat' dir='ltr'><strong>litigo:</strong></span> <span class='ocrx_word' id='word_1_364' title='bbox 2499 2053 2821 2130; x_wconf 78' lang='grc' dir='ltr'>σαφέστερον</span> <span class='ocrx_word' id='word_1_365' title='bbox 2887 2052 3122 2129; x_wconf 65' lang='grc' dir='ltr'>εἴρηκεν·</span> <span class='ocrx_word' id='word_1_366' title='bbox 3213 2052 3421 2117; x_wconf 66' lang='grc' dir='ltr'>Οῗτινες</span> <span class='ocrx_word' id='word_1_367' title='bbox 3487 2076 3641 2110; x_wconf 86' lang='grc' dir='ltr'>συνε-</span> 
     </span>
    </p>
   </div>
   <div class='ocr_carea' id='block_1_53' title="bbox 2003 2141 3639 2218">
    <p class='ocr_par' dir='ltr' id='par_1_53' title="bbox 2003 2141 3639 2218">
     <span class='ocr_line' id='line_1_53' title="bbox 2003 2141 3639 2218; baseline 0.002 -23"><span class='ocrx_word' id='word_1_368' title='bbox 2003 2141 2249 2218; x_wconf 76' lang='grc' dir='ltr'>φάγομεν</span> <span class='ocrx_word' id='word_1_369' title='bbox 2309 2142 2396 2196; x_wconf 86' lang='grc' dir='ltr'><strong>καὶ</strong></span> <span class='ocrx_word' id='word_1_370' title='bbox 2462 2143 2784 2215; x_wconf 79' lang='grc' dir='ltr'>συνεπίομεν</span> <span class='ocrx_word' id='word_1_371' title='bbox 2844 2143 2994 2216; x_wconf 80' lang='grc' dir='ltr'><strong>αὐτῷ</strong></span> <span class='ocrx_word' id='word_1_372' title='bbox 3054 2145 3190 2216; x_wconf 71' lang='grc' dir='ltr'>μετὰ</span> <span class='ocrx_word' id='word_1_373' title='bbox 3257 2145 3319 2199; x_wconf 84' lang='grc' dir='ltr'><strong>τὸ</strong></span> <span class='ocrx_word' id='word_1_374' title='bbox 3400 2146 3639 2213; x_wconf 82' lang='grc' dir='ltr'>ἀναστή-</span> 
     </span>
    </p>
   </div>
   <div class='ocr_carea' id='block_1_54' title="bbox 2001 2229 3640 2308">
    <p class='ocr_par' dir='ltr' id='par_1_54' title="bbox 2001 2229 3640 2308">
     <span class='ocr_line' id='line_1_54' title="bbox 2001 2229 3640 2308; baseline 0.003 -25"><span class='ocrx_word' id='word_1_375' title='bbox 2001 2251 2085 2284; x_wconf 91' lang='grc' dir='ltr'><strong>ναι</strong></span> <span class='ocrx_word' id='word_1_376' title='bbox 2153 2230 2312 2286; x_wconf 84' lang='grc' dir='ltr'>αὐτὸν</span> <span class='ocrx_word' id='word_1_377' title='bbox 2363 2229 2424 2286; x_wconf 80' lang='grc' dir='ltr'><strong>ἐκ.</strong></span> <span class='ocrx_word' id='word_1_378' title='bbox 2485 2236 2710 2305; x_wconf 80' lang='grc' dir='ltr'>νεκρῶν.</span> <span class='ocrx_word' id='word_1_379' title='bbox 2773 2230 2996 2300; x_wconf 78' lang='grc' dir='ltr'><strong>Ἐπειδὴ</strong></span> <span class='ocrx_word' id='word_1_380' title='bbox 3047 2233 3150 2308; x_wconf 74' lang='grc' dir='ltr'><strong>γὰρ</strong></span> <span class='ocrx_word' id='word_1_381' title='bbox 3207 2237 3315 2287; x_wconf 81' lang='grc' dir='ltr'>τῶν</span> <span class='ocrx_word' id='word_1_382' title='bbox 3365 2234 3502 2288; x_wconf 79' lang='grc' dir='ltr'><strong>κατᾶ</strong></span> <span class='ocrx_word' id='word_1_383' title='bbox 3546 2234 3640 2288; x_wconf 79' lang='grc' dir='ltr'><strong>τὸν</strong></span> 
     </span>
    </p>
   </div>
   <div class='ocr_carea' id='block_1_55' title="bbox 2000 2317 3643 2397">
    <p class='ocr_par' dir='ltr' id='par_1_55' title="bbox 2000 2317 3643 2397">
     <span class='ocr_line' id='line_1_55' title="bbox 2000 2317 3643 2397; baseline 0.005 -23"><span class='ocrx_word' id='word_1_384' title='bbox 2000 2319 2242 2394; x_wconf 86' lang='grc' dir='ltr'>παρόντα</span> <span class='ocrx_word' id='word_1_385' title='bbox 2275 2321 2392 2394; x_wconf 87' lang='grc' dir='ltr'>βίον</span> <span class='ocrx_word' id='word_1_386' title='bbox 2425 2317 2558 2375; x_wconf 68' lang='grc' dir='ltr'>ἴδιον</span> <span class='ocrx_word' id='word_1_387' title='bbox 2589 2321 2654 2376; x_wconf 82' lang='grc' dir='ltr'><strong>τὸ</strong></span> <span class='ocrx_word' id='word_1_388' title='bbox 2709 2320 2926 2392; x_wconf 80' lang='grc' dir='ltr'>ἐσθίειν,</span> <span class='ocrx_word' id='word_1_389' title='bbox 2994 2321 3297 2397; x_wconf 73' lang='grc' dir='ltr'>ἀναγκαίως</span> <span class='ocrx_word' id='word_1_390' title='bbox 3357 2324 3384 2376; x_wconf 91' lang='grc' dir='ltr'>ὁ</span> <span class='ocrx_word' id='word_1_391' title='bbox 3443 2322 3643 2397; x_wconf 75' lang='grc' dir='ltr'>Κύριος</span> 
     </span>
    </p>
   </div>
   <div class='ocr_carea' id='block_1_56' title="bbox 1997 2407 3640 2484">
    <p class='ocr_par' dir='ltr' id='par_1_56' title="bbox 1997 2407 3640 2484">
     <span class='ocr_line' id='line_1_56' title="bbox 1997 2407 3640 2484; baseline 0.001 -21"><span class='ocrx_word' id='word_1_392' title='bbox 1997 2415 2102 2477; x_wconf 82' lang='grc' dir='ltr'><strong>τῆς</strong></span> <span class='ocrx_word' id='word_1_393' title='bbox 2125 2409 2320 2483; x_wconf 79' lang='grc' dir='ltr'>σαρκὸς</span> <span class='ocrx_word' id='word_1_394' title='bbox 2348 2411 2448 2479; x_wconf 75' lang='grc' dir='ltr'><strong>τήν</strong></span> <span class='ocrx_word' id='word_1_395' title='bbox 2476 2408 2757 2464; x_wconf 77' lang='grc' dir='ltr'>ἀνάστασιν</span> <span class='ocrx_word' id='word_1_396' title='bbox 2819 2407 2909 2464; x_wconf 77' lang='grc' dir='ltr'><strong>διὰ</strong></span> <span class='ocrx_word' id='word_1_397' title='bbox 2967 2409 3225 2484; x_wconf 76' lang='grc' dir='ltr'><strong>βρώσεως</strong></span> <span class='ocrx_word' id='word_1_398' title='bbox 3282 2412 3371 2466; x_wconf 84' lang='grc' dir='ltr'><strong>καὶ</strong></span> <span class='ocrx_word' id='word_1_399' title='bbox 3427 2412 3640 2472; x_wconf 85' lang='grc' dir='ltr'>πόσεως</span> 
     </span>
    </p>
   </div>
   <div class='ocr_carea' id='block_1_57' title="bbox 2001 2492 3641 2573">
    <p class='ocr_par' dir='ltr' id='par_1_57' title="bbox 2001 2492 3641 2573">
     <span class='ocr_line' id='line_1_57' title="bbox 2001 2492 3641 2573; baseline 0.002 -21"><span class='ocrx_word' id='word_1_400' title='bbox 2001 2492 2166 2568; x_wconf 76' lang='grc' dir='ltr'>ἔδειξε</span> <span class='ocrx_word' id='word_1_401' title='bbox 2189 2504 2309 2559; x_wconf 81' lang='grc' dir='ltr'>τοῖς</span> <span class='ocrx_word' id='word_1_402' title='bbox 2343 2501 2417 2571; x_wconf 76' lang='grc' dir='ltr'>μὴ</span> <span class='ocrx_word' id='word_1_403' title='bbox 2451 2498 2764 2573; x_wconf 76' lang='grc' dir='ltr'>νομίζουσιν</span> <span class='ocrx_word' id='word_1_404' title='bbox 2792 2498 2997 2569; x_wconf 79' lang='grc' dir='ltr'><strong>ἀληθῆ.</strong></span> <span class='ocrx_word' id='word_1_405' title='bbox 3032 2524 3059 2550; x_wconf 90' lang='grc'><strong>‹‹</strong></span> <span class='ocrx_word' id='word_1_406' title='bbox 3113 2503 3180 2555; x_wconf 89' lang='lat' dir='ltr'><strong>Et</strong></span> <span class='ocrx_word' id='word_1_407' title='bbox 3238 2502 3641 2557; x_wconf 87' lang='lat' dir='ltr'><strong>divinissimus</strong></span> 
     </span>
    </p>
   </div>
   <div class='ocr_carea' id='block_1_58' title="bbox 2000 2591 3640 2655">
    <p class='ocr_par' dir='ltr' id='par_1_58' title="bbox 2000 2591 3640 2655">
     <span class='ocr_line' id='line_1_58' title="bbox 2000 2591 3640 2655; baseline 0.002 -11"><span class='ocrx_word' id='word_1_408' title='bbox 2000 2591 2210 2646; x_wconf 83' lang='lat' dir='ltr'><strong>Petrus</strong></span> <span class='ocrx_word' id='word_1_409' title='bbox 2241 2591 2461 2646; x_wconf 91' lang='lat' dir='ltr'><strong>clarius</strong></span> <span class='ocrx_word' id='word_1_410' title='bbox 2509 2591 2699 2646; x_wconf 80' lang='lat' dir='ltr'><strong>dixit:</strong></span> <span class='ocrx_word' id='word_1_411' title='bbox 2761 2592 2872 2655; x_wconf 80' lang='lat' dir='ltr'><strong>Qui</strong></span> <span class='ocrx_word' id='word_1_412' title='bbox 2916 2593 3241 2646; x_wconf 86' lang='lat' dir='ltr'><strong>comedimus</strong></span> <span class='ocrx_word' id='word_1_413' title='bbox 3297 2599 3347 2646; x_wconf 91' lang='lat' dir='ltr'><strong>et</strong></span> <span class='ocrx_word' id='word_1_414' title='bbox 3407 2594 3640 2647; x_wconf 83' lang='lat' dir='ltr'><strong>bibimus</strong></span> 
     </span>
    </p>
   </div>
   <div class='ocr_carea' id='block_1_59' title="bbox 2000 2679 3640 2750">
    <p class='ocr_par' dir='ltr' id='par_1_59' title="bbox 2000 2679 3640 2750">
     <span class='ocr_line' id='line_1_59' title="bbox 2000 2679 3640 2750; baseline 0.001 -17"><span class='ocrx_word' id='word_1_415' title='bbox 2000 2695 2122 2734; x_wconf 83' lang='lat' dir='ltr'><strong>cum</strong></span> <span class='ocrx_word' id='word_1_416' title='bbox 2186 2695 2269 2748; x_wconf 90' lang='lat' dir='ltr'><strong>eo,</strong></span> <span class='ocrx_word' id='word_1_417' title='bbox 2326 2688 2616 2750; x_wconf 79' lang='lat' dir='ltr'><strong>postquam</strong></span> <span class='ocrx_word' id='word_1_418' title='bbox 2670 2679 2974 2735; x_wconf 72' lang='lat' dir='ltr'><strong>resurrexit</strong></span> <span class='ocrx_word' id='word_1_419' title='bbox 3021 2696 3054 2734; x_wconf 90' lang='lat' dir='ltr'><strong>a</strong></span> <span class='ocrx_word' id='word_1_420' title='bbox 3110 2682 3339 2735; x_wconf 84' lang='lat' dir='ltr'><strong>mortuis</strong></span> <span class='ocrx_word' id='word_1_421' title='bbox 3376 2680 3444 2734; x_wconf 64' lang='lat'><strong>‘9.</strong></span> <span class='ocrx_word' id='word_1_422' title='bbox 3496 2682 3640 2735; x_wconf 90' lang='lat' dir='ltr'><strong>Cum</strong></span> 
     </span>
    </p>
   </div>
   <div class='ocr_carea' id='block_1_60' title="bbox 2001 2769 3640 2840">
    <p class='ocr_par' dir='ltr' id='par_1_60' title="bbox 2001 2769 3640 2840">
     <span class='ocr_line' id='line_1_60' title="bbox 2001 2769 3640 2840; baseline 0.001 -18"><span class='ocrx_word' id='word_1_423' title='bbox 2001 2769 2158 2823; x_wconf 90' lang='lat' dir='ltr'><strong>enim</strong></span> <span class='ocrx_word' id='word_1_424' title='bbox 2189 2785 2394 2823; x_wconf 91' lang='lat' dir='ltr'><strong>eorum</strong></span> <span class='ocrx_word' id='word_1_425' title='bbox 2427 2769 2527 2839; x_wconf 89' lang='lat' dir='ltr'><strong>qui</strong></span> <span class='ocrx_word' id='word_1_426' title='bbox 2559 2769 2618 2822; x_wconf 90' lang='lat' dir='ltr'><strong>in</strong></span> <span class='ocrx_word' id='word_1_427' title='bbox 2642 2770 2920 2840; x_wconf 77' lang='lat' dir='ltr'><strong>praesenti</strong></span> <span class='ocrx_word' id='word_1_428' title='bbox 2954 2774 3092 2823; x_wconf 90' lang='lat' dir='ltr'><strong>sunt</strong></span> <span class='ocrx_word' id='word_1_429' title='bbox 3140 2770 3275 2833; x_wconf 87' lang='lat' dir='ltr'><strong>vita,</strong></span> <span class='ocrx_word' id='word_1_430' title='bbox 3333 2770 3640 2840; x_wconf 90' lang='lat' dir='ltr'><strong>proprium</strong></span> 
     </span>
    </p>
   </div>
   <div class='ocr_carea' id='block_1_61' title="bbox 2000 2857 3642 2929">
    <p class='ocr_par' dir='ltr' id='par_1_61' title="bbox 2000 2857 3642 2929">
     <span class='ocr_line' id='line_1_61' title="bbox 2000 2857 3642 2929; baseline -0.002 -16"><span class='ocrx_word' id='word_1_431' title='bbox 2000 2859 2077 2914; x_wconf 90' lang='lat' dir='ltr'><strong>sit</strong></span> <span class='ocrx_word' id='word_1_432' title='bbox 2104 2857 2438 2922; x_wconf 90' lang='lat' dir='ltr'><strong>comedere,</strong></span> <span class='ocrx_word' id='word_1_433' title='bbox 2484 2859 2820 2914; x_wconf 89' lang='lat' dir='ltr'><strong>necessario</strong></span> <span class='ocrx_word' id='word_1_434' title='bbox 2881 2858 3162 2912; x_wconf 91' lang='lat' dir='ltr'><strong>Dominus</strong></span> <span class='ocrx_word' id='word_1_435' title='bbox 3209 2874 3312 2929; x_wconf 88' lang='lat' dir='ltr'><strong>per</strong></span> <span class='ocrx_word' id='word_1_436' title='bbox 3355 2858 3551 2912; x_wconf 88' lang='lat' dir='ltr'><strong>cibum</strong></span> <span class='ocrx_word' id='word_1_437' title='bbox 3584 2863 3642 2911; x_wconf 88' lang='lat' dir='ltr'><strong>et</strong></span> 
     </span>
    </p>
   </div>
   <div class='ocr_carea' id='block_1_62' title="bbox 1997 2947 3641 3020">
    <p class='ocr_par' dir='ltr' id='par_1_62' title="bbox 1997 2947 3641 3020">
     <span class='ocr_line' id='line_1_62' title="bbox 1997 2947 3641 3020; baseline 0 -18"><span class='ocrx_word' id='word_1_438' title='bbox 1997 2954 2202 3020; x_wconf 90' lang='lat' dir='ltr'><strong>potum</strong></span> <span class='ocrx_word' id='word_1_439' title='bbox 2233 2949 2428 3004; x_wconf 89' lang='lat' dir='ltr'><strong>carnis</strong></span> <span class='ocrx_word' id='word_1_440' title='bbox 2459 2949 2956 3004; x_wconf 89' lang='lat' dir='ltr'><strong>resurrectionem</strong></span> <span class='ocrx_word' id='word_1_441' title='bbox 2981 2949 3052 3003; x_wconf 90' lang='lat' dir='ltr'><strong>de</strong></span> <span class='ocrx_word' id='word_1_442' title='bbox 3069 2949 3197 3019; x_wconf 84' lang='lat' dir='ltr'><strong>ejus</strong></span> <span class='ocrx_word' id='word_1_443' title='bbox 3214 2948 3456 3002; x_wconf 90' lang='lat' dir='ltr'><strong>veritate</strong></span> <span class='ocrx_word' id='word_1_444' title='bbox 3475 2947 3641 3002; x_wconf 84' lang='lat' dir='ltr'><strong>dubi-</strong></span> 
     </span>
    </p>
   </div>
   <div class='ocr_carea' id='block_1_63' title="bbox 1997 3037 3636 3110">
    <p class='ocr_par' dir='ltr' id='par_1_63' title="bbox 1997 3037 3636 3110">
     <span class='ocr_line' id='line_1_63' title="bbox 1997 3037 3636 3110; baseline -0.001 -17"><span class='ocrx_word' id='word_1_445' title='bbox 1997 3037 2262 3093; x_wconf 88' lang='lat' dir='ltr'><strong>tantibus</strong></span> <span class='ocrx_word' id='word_1_446' title='bbox 2289 3037 2735 3100; x_wconf 87' lang='lat' dir='ltr'><strong>demonstravit,</strong></span> <span class='ocrx_word' id='word_1_447' title='bbox 2770 3058 2798 3086; x_wconf 88' lang='lat'><strong>»</strong></span> <span class='ocrx_word' id='word_1_448' title='bbox 2832 3038 2885 3091; x_wconf 93' lang='lat' dir='ltr'><strong>S.</strong></span> <span class='ocrx_word' id='word_1_449' title='bbox 2916 3037 3276 3110; x_wconf 83' lang='lat' dir='ltr'><strong>Augustinus</strong></span> <span class='ocrx_word' id='word_1_450' title='bbox 3300 3037 3470 3108; x_wconf 89' lang='lat' dir='ltr'><strong>epist.</strong></span> <span class='ocrx_word' id='word_1_451' title='bbox 3523 3039 3590 3091; x_wconf 81' lang='grc'><strong>49</strong></span> <span class='ocrx_word' id='word_1_452' title='bbox 3622 3051 3636 3092; x_wconf 89' lang='lat'><strong>:</strong></span> 
     </span>
    </p>
   </div>
   <div class='ocr_carea' id='block_1_64' title="bbox 1999 3127 3637 3199">
    <p class='ocr_par' dir='ltr' id='par_1_64' title="bbox 1999 3127 3637 3199">
     <span class='ocr_line' id='line_1_64' title="bbox 1999 3127 3637 3199; baseline 0.001 -21"><span class='ocrx_word' id='word_1_453' title='bbox 1999 3149 2026 3178; x_wconf 85' lang='lat'><strong>«</strong></span> <span class='ocrx_word' id='word_1_454' title='bbox 2059 3128 2215 3182; x_wconf 88' lang='lat' dir='ltr'><strong>Sciat</strong></span> <span class='ocrx_word' id='word_1_455' title='bbox 2242 3143 2382 3183; x_wconf 88' lang='lat' dir='ltr'><strong>sane</strong></span> <span class='ocrx_word' id='word_1_456' title='bbox 2414 3128 2514 3198; x_wconf 91' lang='lat' dir='ltr'><strong>qui</strong></span> <span class='ocrx_word' id='word_1_457' title='bbox 2545 3127 2652 3183; x_wconf 90' lang='lat' dir='ltr'><strong>has</strong></span> <span class='ocrx_word' id='word_1_458' title='bbox 2676 3127 2984 3199; x_wconf 89' lang='lat' dir='ltr'><strong>proposuit</strong></span> <span class='ocrx_word' id='word_1_459' title='bbox 3041 3127 3420 3196; x_wconf 59' lang='lat' dir='ltr'><strong>quaestiones,</strong></span> <span class='ocrx_word' id='word_1_460' title='bbox 3473 3127 3637 3181; x_wconf 83' lang='lat' dir='ltr'><strong>Chri-</strong></span> 
     </span>
    </p>
   </div>
   <div class='ocr_carea' id='block_1_65' title="bbox 2001 3216 3636 3288">
    <p class='ocr_par' dir='ltr' id='par_1_65' title="bbox 2001 3216 3636 3288">
     <span class='ocr_line' id='line_1_65' title="bbox 2001 3216 3636 3288; baseline -0.001 -16"><span class='ocrx_word' id='word_1_461' title='bbox 2001 3223 2156 3272; x_wconf 90' lang='lat' dir='ltr'><strong>stum</strong></span> <span class='ocrx_word' id='word_1_462' title='bbox 2187 3221 2321 3288; x_wconf 88' lang='lat' dir='ltr'><strong>post</strong></span> <span class='ocrx_word' id='word_1_463' title='bbox 2349 3217 2843 3272; x_wconf 89' lang='lat' dir='ltr'><strong>resurrectionem</strong></span> <span class='ocrx_word' id='word_1_464' title='bbox 2877 3217 3202 3283; x_wconf 90' lang='lat' dir='ltr'><strong>cicatrices,</strong></span> <span class='ocrx_word' id='word_1_465' title='bbox 3235 3233 3354 3270; x_wconf 91' lang='lat' dir='ltr'><strong>non</strong></span> <span class='ocrx_word' id='word_1_466' title='bbox 3374 3216 3636 3286; x_wconf 89' lang='lat' dir='ltr'><strong>vulnera,</strong></span> 
     </span>
    </p>
   </div>
   <div class='ocr_carea' id='block_1_66' title="bbox 234 3264 1888 3377">
    <p class='ocr_par' dir='ltr' id='par_1_66' title="bbox 234 3287 1884 3366">
     <span class='ocr_line' id='line_1_66' title="bbox 234 3287 1884 3366; baseline -0.002 -20"><span class='ocrx_word' id='word_1_467' title='bbox 234 3288 392 3346; x_wconf 78' lang='grc' dir='ltr'>Μετὰ</span> <span class='ocrx_word' id='word_1_468' title='bbox 443 3289 544 3356; x_wconf 74' lang='grc' dir='ltr'><strong>τήν</strong></span> <span class='ocrx_word' id='word_1_469' title='bbox 627 3288 910 3342; x_wconf 85' lang='grc' dir='ltr'>ἀνάστασιν</span> <span class='ocrx_word' id='word_1_470' title='bbox 994 3288 1281 3366; x_wconf 70' lang='grc' dir='ltr'>συνέφαγεν</span> <span class='ocrx_word' id='word_1_471' title='bbox 1337 3288 1523 3350; x_wconf 81' lang='grc' dir='ltr'>αὐτοῖς</span> <span class='ocrx_word' id='word_1_472' title='bbox 1590 3288 1680 3342; x_wconf 82' lang='grc' dir='ltr'>καί</span> <span class='ocrx_word' id='word_1_473' title='bbox 1739 3287 1884 3342; x_wconf 81' lang='grc' dir='ltr'><strong>συνὲ⁹</strong></span> 
     </span>
    </p>
   </div>
   <div class='ocr_carea' id='block_1_67' title="bbox 2064 3264 3638 3377">
    <p class='ocr_par' dir='ltr' id='par_1_67' title="bbox 2064 3264 3638 3377">
     <span class='ocr_line' id='line_1_67' title="bbox 2064 3264 3636 3288; baseline -0.001 0"><span class='ocrx_word' id='word_1_474' title='bbox 2064 3264 2156 3272; x_wconf 81' lang='grc'><strong>”“”</strong></span> <span class='ocrx_word' id='word_1_475' title='bbox 2189 3264 2319 3288; x_wconf 64' lang='grc' dir='ltr'><strong>ι’ννν</strong></span> <span class='ocrx_word' id='word_1_476' title='bbox 2350 3264 2843 3272; x_wconf 59' lang='grc' dir='ltr'><strong>’“’“’“’”⁷“”“ν’⁴“ν““’</strong></span> <span class='ocrx_word' id='word_1_477' title='bbox 2879 3264 3202 3283; x_wconf 71' lang='lat'><strong>&quot;&quot;&#39;&quot;&quot;&quot;&quot;7</strong></span> <span class='ocrx_word' id='word_1_478' title='bbox 3236 3264 3354 3270; x_wconf 71' lang='grc'><strong>”⁷’-</strong></span> <span class='ocrx_word' id='word_1_479' title='bbox 3386 3264 3636 3286; x_wconf 69' lang='grc'><strong>’“⁶“”“’“’7</strong></span> 
     </span>
     <span class='ocr_line' id='line_1_68' title="bbox 2064 3305 3638 3377; baseline -0.001 -17"><span class='ocrx_word' id='word_1_480' title='bbox 2064 3312 2436 3362; x_wconf 75' lang='lat' dir='ltr'><strong>:monstrasse</strong></span> <span class='ocrx_word' id='word_1_481' title='bbox 2474 3306 2902 3372; x_wconf 89' lang='lat' dir='ltr'><strong>dubitantibus,</strong></span> <span class='ocrx_word' id='word_1_482' title='bbox 2962 3311 3203 3377; x_wconf 91' lang='lat' dir='ltr'><strong>pr0pter</strong></span> <span class='ocrx_word' id='word_1_483' title='bbox 3258 3321 3406 3374; x_wconf 92' lang='lat' dir='ltr'><strong>quos</strong></span> <span class='ocrx_word' id='word_1_484' title='bbox 3461 3305 3638 3360; x_wconf 87' lang='lat' dir='ltr'><strong>etiam</strong></span> 
     </span>
    </p>
   </div>
   <div class='ocr_carea' id='block_1_68' title="bbox 231 3377 1886 3446">
    <p class='ocr_par' dir='ltr' id='par_1_68' title="bbox 231 3377 1886 3446">
     <span class='ocr_line' id='line_1_69' title="bbox 231 3377 1886 3446; baseline 0 -14"><span class='ocrx_word' id='word_1_485' title='bbox 231 3399 377 3446; x_wconf 81' lang='grc' dir='ltr'>πιεν,</span> <span class='ocrx_word' id='word_1_486' title='bbox 410 3381 601 3434; x_wconf 83' lang='lat' dir='ltr'><strong>«Post</strong></span> <span class='ocrx_word' id='word_1_487' title='bbox 646 3378 1144 3434; x_wconf 89' lang='lat' dir='ltr'><strong>resurrectionem</strong></span> <span class='ocrx_word' id='word_1_488' title='bbox 1193 3377 1458 3433; x_wconf 91' lang='lat' dir='ltr'><strong>Christus</strong></span> <span class='ocrx_word' id='word_1_489' title='bbox 1517 3395 1650 3434; x_wconf 91' lang='lat' dir='ltr'><strong>cum</strong></span> <span class='ocrx_word' id='word_1_490' title='bbox 1710 3378 1886 3433; x_wconf 85' lang='lat' dir='ltr'><strong>disci-</strong></span> 
     </span>
    </p>
   </div>
   <div class='ocr_carea' id='block_1_69' title="bbox 237 3467 1890 3542">
    <p class='ocr_par' dir='ltr' id='par_1_69' title="bbox 237 3467 1890 3542">
     <span class='ocr_line' id='line_1_70' title="bbox 237 3467 1890 3542; baseline -0.001 -17"><span class='ocrx_word' id='word_1_491' title='bbox 237 3469 399 3542; x_wconf 88' lang='lat' dir='ltr'><strong>pulis</strong></span> <span class='ocrx_word' id='word_1_492' title='bbox 429 3467 690 3524; x_wconf 91' lang='lat' dir='ltr'><strong>comedit</strong></span> <span class='ocrx_word' id='word_1_493' title='bbox 719 3473 778 3522; x_wconf 93' lang='lat' dir='ltr'><strong>et</strong></span> <span class='ocrx_word' id='word_1_494' title='bbox 805 3468 976 3534; x_wconf 90' lang='lat' dir='ltr'><strong>bibit,</strong></span> <span class='ocrx_word' id='word_1_495' title='bbox 1008 3489 1036 3518; x_wconf 89' lang='lat'><strong>»</strong></span> <span class='ocrx_word' id='word_1_496' title='bbox 1070 3467 1268 3538; x_wconf 89' lang='lat' dir='ltr'><strong>inquit</strong></span> <span class='ocrx_word' id='word_1_497' title='bbox 1295 3467 1578 3539; x_wconf 88' lang='lat' dir='ltr'><strong>Ignatius.</strong></span> <span class='ocrx_word' id='word_1_498' title='bbox 1612 3467 1762 3533; x_wconf 88' lang='lat' dir='ltr'><strong>Quid</strong></span> <span class='ocrx_word' id='word_1_499' title='bbox 1794 3485 1890 3524; x_wconf 81' lang='lat' dir='ltr'><strong>au-</strong></span> 
     </span>
    </p>
   </div>
   <div class='ocr_carea' id='block_1_70' title="bbox 236 3555 1885 3633">
    <p class='ocr_par' dir='ltr' id='par_1_70' title="bbox 236 3555 1885 3633">
     <span class='ocr_line' id='line_1_71' title="bbox 236 3555 1885 3633; baseline -0.002 -18"><span class='ocrx_word' id='word_1_500' title='bbox 236 3566 361 3616; x_wconf 92' lang='lat' dir='ltr'><strong>tem</strong></span> <span class='ocrx_word' id='word_1_501' title='bbox 420 3558 480 3614; x_wconf 90' lang='lat' dir='ltr'><strong>S.</strong></span> <span class='ocrx_word' id='word_1_502' title='bbox 543 3559 753 3613; x_wconf 82' lang='lat' dir='ltr'><strong>Petrus</strong></span> <span class='ocrx_word' id='word_1_503' title='bbox 808 3559 936 3613; x_wconf 82' lang='lat' dir='ltr'><strong>Act.</strong></span> <span class='ocrx_word' id='word_1_504' title='bbox 997 3575 1054 3626; x_wconf 71' lang='grc' dir='ltr'><strong>Ι,</strong></span> <span class='ocrx_word' id='word_1_505' title='bbox 1113 3559 1216 3614; x_wconf 72' lang='grc' dir='ltr'><strong>41ζ</strong></span> <span class='ocrx_word' id='word_1_506' title='bbox 1273 3555 1484 3618; x_wconf 81' lang='grc' dir='ltr'>Οἳτινες</span> <span class='ocrx_word' id='word_1_507' title='bbox 1519 3555 1885 3633; x_wconf 74' lang='grc' dir='ltr'>συνεφάγομεν</span> 
     </span>
    </p>
   </div>
   <div class='ocr_carea' id='block_1_71' title="bbox 235 3643 1886 3717">
    <p class='ocr_par' dir='ltr' id='par_1_71' title="bbox 235 3643 1886 3717">
     <span class='ocr_line' id='line_1_72' title="bbox 235 3643 1886 3717; baseline -0.002 -15"><span class='ocrx_word' id='word_1_508' title='bbox 235 3647 329 3702; x_wconf 72' lang='grc' dir='ltr'><strong>καὶ</strong></span> <span class='ocrx_word' id='word_1_509' title='bbox 389 3645 710 3717; x_wconf 73' lang='grc' dir='ltr'>συνεπίομεν</span> <span class='ocrx_word' id='word_1_510' title='bbox 768 3645 920 3717; x_wconf 80' lang='grc' dir='ltr'><strong>αὐτῷ</strong></span> <span class='ocrx_word' id='word_1_511' title='bbox 975 3645 1113 3700; x_wconf 81' lang='grc' dir='ltr'>κατὰ</span> <span class='ocrx_word' id='word_1_512' title='bbox 1161 3645 1224 3700; x_wconf 81' lang='grc' dir='ltr'><strong>τὸ</strong></span> <span class='ocrx_word' id='word_1_513' title='bbox 1284 3643 1578 3714; x_wconf 81' lang='grc' dir='ltr'>ἀναστῆναι</span> <span class='ocrx_word' id='word_1_514' title='bbox 1662 3645 1722 3700; x_wconf 81' lang='grc' dir='ltr'><strong>ἐκ</strong></span> <span class='ocrx_word' id='word_1_515' title='bbox 1777 3649 1886 3701; x_wconf 77' lang='grc' dir='ltr'><strong>τῶν</strong></span> 
     </span>
    </p>
   </div>
   <div class='ocr_carea' id='block_1_72' title="bbox 228 3736 1891 3810">
    <p class='ocr_par' dir='ltr' id='par_1_72' title="bbox 228 3736 1891 3810">
     <span class='ocr_line' id='line_1_73' title="bbox 228 3736 1891 3810; baseline 0.001 -19"><span class='ocrx_word' id='word_1_516' title='bbox 228 3739 460 3810; x_wconf 77' lang='grc' dir='ltr'>νεκρῶν.</span> <span class='ocrx_word' id='word_1_517' title='bbox 495 3757 522 3785; x_wconf 87' lang='grc'>‹‹</span> <span class='ocrx_word' id='word_1_518' title='bbox 548 3738 652 3801; x_wconf 84' lang='lat' dir='ltr'><strong>Qui</strong></span> <span class='ocrx_word' id='word_1_519' title='bbox 682 3736 1014 3792; x_wconf 84' lang='lat' dir='ltr'><strong>comedimus</strong></span> <span class='ocrx_word' id='word_1_520' title='bbox 1044 3742 1095 3790; x_wconf 91' lang='lat' dir='ltr'><strong>et</strong></span> <span class='ocrx_word' id='word_1_521' title='bbox 1145 3736 1381 3792; x_wconf 80' lang='lat' dir='ltr'><strong>bibimus</strong></span> <span class='ocrx_word' id='word_1_522' title='bbox 1427 3751 1549 3791; x_wconf 86' lang='lat' dir='ltr'><strong>cum</strong></span> <span class='ocrx_word' id='word_1_523' title='bbox 1596 3753 1676 3806; x_wconf 89' lang='lat' dir='ltr'><strong>eo,</strong></span> <span class='ocrx_word' id='word_1_524' title='bbox 1734 3743 1891 3807; x_wconf 87' lang='lat' dir='ltr'><strong>post-</strong></span> 
     </span>
    </p>
   </div>
   <div class='ocr_carea' id='block_1_73' title="bbox 237 3825 1887 3898">
    <p class='ocr_par' dir='ltr' id='par_1_73' title="bbox 237 3825 1887 3898">
     <span class='ocr_line' id='line_1_74' title="bbox 237 3825 1887 3898; baseline -0.001 -16"><span class='ocrx_word' id='word_1_525' title='bbox 237 3843 405 3898; x_wconf 87' lang='lat' dir='ltr'><strong>quam</strong></span> <span class='ocrx_word' id='word_1_526' title='bbox 450 3827 754 3881; x_wconf 71' lang='lat' dir='ltr'><strong>resurrexit</strong></span> <span class='ocrx_word' id='word_1_527' title='bbox 813 3841 848 3880; x_wconf 90' lang='lat' dir='ltr'><strong>a</strong></span> <span class='ocrx_word' id='word_1_528' title='bbox 898 3826 1148 3881; x_wconf 84' lang='lat' dir='ltr'><strong>mortuis.</strong></span> <span class='ocrx_word' id='word_1_529' title='bbox 1201 3843 1227 3876; x_wconf 71' lang='grc' dir='ltr'><strong><em>ι</em></strong></span> <span class='ocrx_word' id='word_1_530' title='bbox 1288 3827 1380 3894; x_wconf 87' lang='lat' dir='ltr'><strong>At,</strong></span> <span class='ocrx_word' id='word_1_531' title='bbox 1439 3825 1654 3896; x_wconf 89' lang='lat' dir='ltr'><strong>inquit,</strong></span> <span class='ocrx_word' id='word_1_532' title='bbox 1695 3844 1718 3873; x_wconf 72' lang='grc' dir='ltr'>ι</span> <span class='ocrx_word' id='word_1_533' title='bbox 1777 3827 1887 3880; x_wconf 84' lang='lat' dir='ltr'><strong>Lu-</strong></span> 
     </span>
    </p>
   </div>
   <div class='ocr_carea' id='block_1_74' title="bbox 236 3912 1889 3986">
    <p class='ocr_par' dir='ltr' id='par_1_74' title="bbox 236 3912 1889 3986">
     <span class='ocr_line' id='line_1_75' title="bbox 236 3912 1889 3986; baseline -0.001 -15"><span class='ocrx_word' id='word_1_534' title='bbox 236 3932 339 3971; x_wconf 87' lang='lat' dir='ltr'><strong>cas</strong></span> <span class='ocrx_word' id='word_1_535' title='bbox 401 3914 611 3970; x_wconf 89' lang='lat' dir='ltr'><strong>scribit</strong></span> <span class='ocrx_word' id='word_1_536' title='bbox 653 3912 955 3985; x_wconf 89' lang='lat' dir='ltr'><strong>apostolos</strong></span> <span class='ocrx_word' id='word_1_537' title='bbox 1042 3929 1175 3968; x_wconf 91' lang='lat' dir='ltr'><strong>cum</strong></span> <span class='ocrx_word' id='word_1_538' title='bbox 1257 3913 1488 3969; x_wconf 86' lang='lat' dir='ltr'><strong>Christo</strong></span> <span class='ocrx_word' id='word_1_539' title='bbox 1575 3919 1889 3986; x_wconf 89' lang='lat' dir='ltr'><strong>postquam</strong></span> 
     </span>
    </p>
   </div>
   <div class='ocr_carea' id='block_1_75' title="bbox 235 4001 1886 4070">
    <p class='ocr_par' dir='ltr' id='par_1_75' title="bbox 235 4001 1886 4070">
     <span class='ocr_line' id='line_1_76' title="bbox 235 4001 1886 4070; baseline -0.002 -9"><span class='ocrx_word' id='word_1_540' title='bbox 235 4004 668 4061; x_wconf 86' lang='lat' dir='ltr'><strong>resurrexisset</strong></span> <span class='ocrx_word' id='word_1_541' title='bbox 701 4020 736 4058; x_wconf 90' lang='lat' dir='ltr'><strong>a</strong></span> <span class='ocrx_word' id='word_1_542' title='bbox 765 4002 1036 4070; x_wconf 88' lang='lat' dir='ltr'><strong>mortuis,</strong></span> <span class='ocrx_word' id='word_1_543' title='bbox 1065 4001 1511 4058; x_wconf 86' lang='lat' dir='ltr'><strong>manducavisse</strong></span> <span class='ocrx_word' id='word_1_544' title='bbox 1543 4009 1602 4058; x_wconf 91' lang='lat' dir='ltr'><strong>et</strong></span> <span class='ocrx_word' id='word_1_545' title='bbox 1629 4003 1886 4070; x_wconf 87' lang='lat' dir='ltr'><strong>bibisse;</strong></span> 
     </span>
    </p>
   </div>
   <div class='ocr_carea' id='block_1_76' title="bbox 236 4091 1888 4166">
    <p class='ocr_par' dir='ltr' id='par_1_76' title="bbox 236 4091 1888 4166">
     <span class='ocr_line' id='line_1_77' title="bbox 236 4091 1888 4166; baseline -0.002 -16"><span class='ocrx_word' id='word_1_546' title='bbox 236 4095 438 4166; x_wconf 90' lang='lat' dir='ltr'><strong>ipsum</strong></span> <span class='ocrx_word' id='word_1_547' title='bbox 469 4110 605 4148; x_wconf 85' lang='lat' dir='ltr'><strong>vero</strong></span> <span class='ocrx_word' id='word_1_548' title='bbox 628 4109 763 4148; x_wconf 90' lang='lat' dir='ltr'><strong>cum</strong></span> <span class='ocrx_word' id='word_1_549' title='bbox 805 4091 890 4148; x_wconf 90' lang='lat' dir='ltr'><strong>eis</strong></span> <span class='ocrx_word' id='word_1_550' title='bbox 921 4092 1219 4147; x_wconf 87' lang='lat' dir='ltr'><strong>Christum</strong></span> <span class='ocrx_word' id='word_1_551' title='bbox 1269 4092 1286 4164; x_wconf 93' lang='lat'><strong>(</strong></span> <span class='ocrx_word' id='word_1_552' title='bbox 1315 4091 1474 4163; x_wconf 92' lang='lat' dir='ltr'><strong>quod</strong></span> <span class='ocrx_word' id='word_1_553' title='bbox 1540 4097 1744 4148; x_wconf 90' lang='lat' dir='ltr'><strong>noster</strong></span> <span class='ocrx_word' id='word_1_554' title='bbox 1788 4093 1888 4164; x_wconf 91' lang='lat' dir='ltr'><strong>ait)</strong></span> 
     </span>
    </p>
   </div>
   <div class='ocr_carea' id='block_1_77' title="bbox 233 4180 1889 4252">
    <p class='ocr_par' dir='ltr' id='par_1_77' title="bbox 233 4180 1889 4252">
     <span class='ocr_line' id='line_1_78' title="bbox 233 4180 1889 4252; baseline -0.001 -12"><span class='ocrx_word' id='word_1_555' title='bbox 233 4182 688 4240; x_wconf 89' lang='lat' dir='ltr'><strong>manducavisse</strong></span> <span class='ocrx_word' id='word_1_556' title='bbox 720 4187 779 4237; x_wconf 91' lang='lat' dir='ltr'><strong>et</strong></span> <span class='ocrx_word' id='word_1_557' title='bbox 803 4180 1025 4237; x_wconf 90' lang='lat' dir='ltr'><strong>bibisse</strong></span> <span class='ocrx_word' id='word_1_558' title='bbox 1049 4197 1342 4252; x_wconf 75' lang='lat' dir='ltr'><strong>nusquam</strong></span> <span class='ocrx_word' id='word_1_559' title='bbox 1362 4180 1522 4237; x_wconf 91' lang='lat' dir='ltr'><strong>dicit.</strong></span> <span class='ocrx_word' id='word_1_560' title='bbox 1553 4203 1580 4231; x_wconf 82' lang='lat'>»</span> <span class='ocrx_word' id='word_1_561' title='bbox 1603 4183 1726 4236; x_wconf 90' lang='lat' dir='ltr'><strong>Imo</strong></span> <span class='ocrx_word' id='word_1_562' title='bbox 1754 4199 1889 4239; x_wconf 92' lang='lat' dir='ltr'><strong>vero</strong></span> 
     </span>
    </p>
   </div>
   <div class='ocr_carea' id='block_1_78' title="bbox 234 4270 1890 4349">
    <p class='ocr_par' dir='ltr' id='par_1_78' title="bbox 234 4270 1890 4349">
     <span class='ocr_line' id='line_1_79' title="bbox 234 4270 1890 4349; baseline -0.002 -20"><span class='ocrx_word' id='word_1_563' title='bbox 234 4275 284 4330; x_wconf 89' lang='lat' dir='ltr'><strong>si</strong></span> <span class='ocrx_word' id='word_1_564' title='bbox 319 4274 509 4344; x_wconf 89' lang='lat' dir='ltr'><strong>prius,</strong></span> <span class='ocrx_word' id='word_1_565' title='bbox 541 4279 699 4328; x_wconf 91' lang='lat' dir='ltr'><strong>certe</strong></span> <span class='ocrx_word' id='word_1_566' title='bbox 729 4278 788 4326; x_wconf 90' lang='lat' dir='ltr'><strong>et</strong></span> <span class='ocrx_word' id='word_1_567' title='bbox 816 4271 1111 4343; x_wconf 91' lang='lat' dir='ltr'><strong>posterius</strong></span> <span class='ocrx_word' id='word_1_568' title='bbox 1141 4271 1310 4335; x_wconf 85' lang='lat' dir='ltr'><strong>dixit,</strong></span> <span class='ocrx_word' id='word_1_569' title='bbox 1361 4270 1730 4349; x_wconf 73' lang='grc' dir='ltr'>συνεφάγομεν</span> <span class='ocrx_word' id='word_1_570' title='bbox 1801 4271 1890 4326; x_wconf 71' lang='grc' dir='ltr'><strong>χοὶ</strong></span> 
     </span>
    </p>
   </div>
   <div class='ocr_carea' id='block_1_79' title="bbox 233 4358 1888 4433">
    <p class='ocr_par' dir='ltr' id='par_1_79' title="bbox 233 4358 1888 4433">
     <span class='ocr_line' id='line_1_80' title="bbox 233 4358 1888 4433; baseline 0.002 -17"><span class='ocrx_word' id='word_1_571' title='bbox 233 4362 561 4433; x_wconf 81' lang='grc' dir='ltr'>συνεπίομεν</span> <span class='ocrx_word' id='word_1_572' title='bbox 587 4358 754 4431; x_wconf 77' lang='grc' dir='ltr'><strong>αὐτῷ,</strong></span> <span class='ocrx_word' id='word_1_573' title='bbox 788 4361 849 4416; x_wconf 90' lang='lat' dir='ltr'><strong>id</strong></span> <span class='ocrx_word' id='word_1_574' title='bbox 891 4365 980 4416; x_wconf 84' lang='lat' dir='ltr'><strong>est</strong></span> <span class='ocrx_word' id='word_1_575' title='bbox 1038 4362 1175 4416; x_wconf 87' lang='lat' dir='ltr'><strong>Beza</strong></span> <span class='ocrx_word' id='word_1_576' title='bbox 1236 4361 1584 4432; x_wconf 89' lang='lat' dir='ltr'><strong>interprete,</strong></span> <span class='ocrx_word' id='word_1_577' title='bbox 1638 4383 1666 4412; x_wconf 86' lang='lat'>«</span> <span class='ocrx_word' id='word_1_578' title='bbox 1725 4379 1888 4418; x_wconf 85' lang='lat' dir='ltr'><strong>com-</strong></span> 
     </span>
    </p>
   </div>
   <div class='ocr_carea' id='block_1_80' title="bbox 232 4449 1890 4519">
    <p class='ocr_par' dir='ltr' id='par_1_80' title="bbox 232 4449 1890 4519">
     <span class='ocr_line' id='line_1_81' title="bbox 232 4449 1890 4519; baseline -0.001 -10"><span class='ocrx_word' id='word_1_579' title='bbox 232 4453 470 4509; x_wconf 89' lang='lat' dir='ltr'><strong>edimus</strong></span> <span class='ocrx_word' id='word_1_580' title='bbox 488 4457 549 4507; x_wconf 91' lang='lat' dir='ltr'><strong>et</strong></span> <span class='ocrx_word' id='word_1_581' title='bbox 573 4449 832 4506; x_wconf 90' lang='lat' dir='ltr'><strong>bibimus</strong></span> <span class='ocrx_word' id='word_1_582' title='bbox 863 4466 986 4506; x_wconf 91' lang='lat' dir='ltr'><strong>una</strong></span> <span class='ocrx_word' id='word_1_583' title='bbox 1015 4466 1150 4505; x_wconf 90' lang='lat' dir='ltr'><strong>cum</strong></span> <span class='ocrx_word' id='word_1_584' title='bbox 1168 4467 1298 4517; x_wconf 84' lang='lat' dir='ltr'><strong>eo,»</strong></span> <span class='ocrx_word' id='word_1_585' title='bbox 1322 4467 1442 4506; x_wconf 89' lang='lat' dir='ltr'><strong>non</strong></span> <span class='ocrx_word' id='word_1_586' title='bbox 1473 4451 1629 4505; x_wconf 88' lang='lat' dir='ltr'><strong>inter</strong></span> <span class='ocrx_word' id='word_1_587' title='bbox 1650 4453 1890 4519; x_wconf 90' lang='lat' dir='ltr'><strong>nos,sed</strong></span> 
     </span>
    </p>
   </div>
   <div class='ocr_carea' id='block_1_81' title="bbox 233 4538 1892 4598">
    <p class='ocr_par' dir='ltr' id='par_1_81' title="bbox 233 4538 1892 4598">
     <span class='ocr_line' id='line_1_82' title="bbox 233 4538 1892 4598; baseline -0.001 0"><span class='ocrx_word' id='word_1_588' title='bbox 233 4566 260 4591; x_wconf 79' lang='grc' dir='ltr'><strong>α</strong></span> <span class='ocrx_word' id='word_1_589' title='bbox 295 4558 421 4598; x_wconf 90' lang='lat' dir='ltr'><strong>una</strong></span> <span class='ocrx_word' id='word_1_590' title='bbox 442 4557 580 4598; x_wconf 91' lang='lat' dir='ltr'><strong>cum</strong></span> <span class='ocrx_word' id='word_1_591' title='bbox 606 4557 672 4594; x_wconf 92' lang='lat' dir='ltr'><strong>eo</strong></span> <span class='ocrx_word' id='word_1_592' title='bbox 697 4562 722 4588; x_wconf 84' lang='grc'><strong>››</strong></span> <span class='ocrx_word' id='word_1_593' title='bbox 746 4541 812 4596; x_wconf 89' lang='lat' dir='ltr'><strong>In</strong></span> <span class='ocrx_word' id='word_1_594' title='bbox 841 4539 1022 4595; x_wconf 88' lang='lat' dir='ltr'><strong>veteri</strong></span> <span class='ocrx_word' id='word_1_595' title='bbox 1042 4540 1197 4595; x_wconf 73' lang='lat' dir='ltr'><strong>Bezaa</strong></span> <span class='ocrx_word' id='word_1_596' title='bbox 1217 4538 1422 4595; x_wconf 90' lang='lat' dir='ltr'><strong>codice</strong></span> <span class='ocrx_word' id='word_1_597' title='bbox 1444 4540 1506 4596; x_wconf 90' lang='lat' dir='ltr'><strong>in</strong></span> <span class='ocrx_word' id='word_1_598' title='bbox 1531 4539 1892 4597; x_wconf 84' lang='lat' dir='ltr'><strong>Bibliotheca</strong></span> 
     </span>
    </p>
   </div>
   <div class='ocr_carea' id='block_1_82' title="bbox 1999 3393 3639 3467">
    <p class='ocr_par' dir='ltr' id='par_1_82' title="bbox 1999 3393 3639 3467">
     <span class='ocr_line' id='line_1_83' title="bbox 1999 3393 3639 3467; baseline -0.003 -15"><span class='ocrx_word' id='word_1_599' title='bbox 1999 3396 2196 3452; x_wconf 90' lang='lat' dir='ltr'><strong>cibum</strong></span> <span class='ocrx_word' id='word_1_600' title='bbox 2228 3413 2294 3451; x_wconf 92' lang='lat' dir='ltr'><strong>ac</strong></span> <span class='ocrx_word' id='word_1_601' title='bbox 2326 3401 2530 3467; x_wconf 92' lang='lat' dir='ltr'><strong>potum</strong></span> <span class='ocrx_word' id='word_1_602' title='bbox 2561 3412 2795 3452; x_wconf 91' lang='lat' dir='ltr'><strong>sumere</strong></span> <span class='ocrx_word' id='word_1_603' title='bbox 2834 3395 3038 3461; x_wconf 89' lang='lat' dir='ltr'><strong>voluit,</strong></span> <span class='ocrx_word' id='word_1_604' title='bbox 3088 3411 3210 3450; x_wconf 90' lang='lat' dir='ltr'><strong>non</strong></span> <span class='ocrx_word' id='word_1_605' title='bbox 3266 3393 3473 3460; x_wconf 91' lang='lat' dir='ltr'><strong>semel,</strong></span> <span class='ocrx_word' id='word_1_606' title='bbox 3535 3393 3639 3448; x_wconf 92' lang='lat' dir='ltr'><strong>sed</strong></span> 
     </span>
    </p>
   </div>
   <div class='ocr_carea' id='block_1_83' title="bbox 1999 3484 3638 3558">
    <p class='ocr_par' dir='ltr' id='par_1_83' title="bbox 1999 3484 3638 3558">
     <span class='ocr_line' id='line_1_84' title="bbox 1999 3484 3638 3558; baseline -0.002 -17"><span class='ocrx_word' id='word_1_607' title='bbox 1999 3487 2238 3558; x_wconf 61' lang='lat' dir='ltr'><strong>saepius,</strong></span> <span class='ocrx_word' id='word_1_608' title='bbox 2271 3503 2345 3540; x_wconf 90' lang='lat' dir='ltr'><strong>ne</strong></span> <span class='ocrx_word' id='word_1_609' title='bbox 2377 3485 2524 3540; x_wconf 91' lang='lat' dir='ltr'><strong>illud</strong></span> <span class='ocrx_word' id='word_1_610' title='bbox 2557 3501 2678 3540; x_wconf 91' lang='lat' dir='ltr'><strong>non</strong></span> <span class='ocrx_word' id='word_1_611' title='bbox 2728 3502 2963 3557; x_wconf 90' lang='lat' dir='ltr'><strong>corpus,</strong></span> <span class='ocrx_word' id='word_1_612' title='bbox 3021 3484 3126 3540; x_wconf 88' lang='lat' dir='ltr'><strong>sed</strong></span> <span class='ocrx_word' id='word_1_613' title='bbox 3183 3484 3456 3554; x_wconf 87' lang='lat' dir='ltr'><strong>spiritum</strong></span> <span class='ocrx_word' id='word_1_614' title='bbox 3511 3499 3638 3538; x_wconf 90' lang='lat' dir='ltr'><strong>esse</strong></span> 
     </span>
    </p>
   </div>
   <div class='ocr_carea' id='block_1_84' title="bbox 1999 3573 3642 3645">
    <p class='ocr_par' dir='ltr' id='par_1_84' title="bbox 1999 3573 3642 3645">
     <span class='ocr_line' id='line_1_85' title="bbox 1999 3573 3642 3645; baseline -0.002 -15"><span class='ocrx_word' id='word_1_615' title='bbox 1999 3575 2452 3645; x_wconf 87' lang='lat' dir='ltr'><strong>arbitrarentur,</strong></span> <span class='ocrx_word' id='word_1_616' title='bbox 2485 3580 2545 3629; x_wconf 92' lang='lat' dir='ltr'><strong>et</strong></span> <span class='ocrx_word' id='word_1_617' title='bbox 2573 3575 2684 3630; x_wconf 91' lang='lat' dir='ltr'><strong>sibi</strong></span> <span class='ocrx_word' id='word_1_618' title='bbox 2711 3591 2835 3630; x_wconf 89' lang='lat' dir='ltr'><strong>non</strong></span> <span class='ocrx_word' id='word_1_619' title='bbox 2868 3574 3055 3630; x_wconf 91' lang='lat' dir='ltr'><strong>solide</strong></span> <span class='ocrx_word' id='word_1_620' title='bbox 3089 3573 3192 3630; x_wconf 90' lang='lat' dir='ltr'><strong>sed</strong></span> <span class='ocrx_word' id='word_1_621' title='bbox 3245 3573 3642 3644; x_wconf 82' lang='lat' dir='ltr'><strong>imaginaliter</strong></span> 
     </span>
    </p>
   </div>
   <div class='ocr_carea' id='block_1_85' title="bbox 1999 3682 2304 3738">
    <p class='ocr_par' dir='ltr' id='par_1_85' title="bbox 1999 3682 2304 3738">
     <span class='ocr_line' id='line_1_86' title="bbox 1999 3682 2304 3738; baseline 0 -16"><span class='ocrx_word' id='word_1_622' title='bbox 1999 3682 2304 3738; x_wconf 88' lang='lat' dir='ltr'><strong>apparere.</strong></span> 
     </span>
    </p>
   </div>
   <div class='ocr_carea' id='block_1_86' title="bbox 2640 3763 2996 3820">
    <p class='ocr_par' dir='ltr' id='par_1_86' title="bbox 2640 3763 2996 3820">
     <span class='ocr_line' id='line_1_87' title="bbox 2640 3763 2996 3820; baseline -0.011 0"><span class='ocrx_word' id='word_1_623' title='bbox 2640 3765 2870 3820; x_wconf 90' lang='lat' dir='ltr'><strong>CAPUT</strong></span> <span class='ocrx_word' id='word_1_624' title='bbox 2907 3763 2996 3818; x_wconf 89' lang='grc' dir='ltr'><strong>ΧΙ.</strong></span> 
     </span>
    </p>
   </div>
   <div class='ocr_carea' id='block_1_87' title="bbox 1999 3851 3642 3922">
    <p class='ocr_par' dir='ltr' id='par_1_87' title="bbox 1999 3851 3642 3922">
     <span class='ocr_line' id='line_1_88' title="bbox 1999 3851 3642 3922; baseline -0.003 -11"><span class='ocrx_word' id='word_1_625' title='bbox 1999 3858 2224 3911; x_wconf 87' lang='lat' dir='ltr'><strong>Docetas</strong></span> <span class='ocrx_word' id='word_1_626' title='bbox 2254 3852 2551 3909; x_wconf 86' lang='lat' dir='ltr'><strong>nonnullos</strong></span> <span class='ocrx_word' id='word_1_627' title='bbox 2580 3854 2648 3908; x_wconf 92' lang='lat' dir='ltr'><strong>ab</strong></span> <span class='ocrx_word' id='word_1_628' title='bbox 2677 3854 3012 3908; x_wconf 84' lang='lat' dir='ltr'><strong>eucharistia</strong></span> <span class='ocrx_word' id='word_1_629' title='bbox 3040 3851 3366 3907; x_wconf 76' lang='lat' dir='ltr'><strong>abstinuisse</strong></span> <span class='ocrx_word' id='word_1_630' title='bbox 3389 3868 3499 3922; x_wconf 90' lang='lat' dir='ltr'><strong>par</strong></span> <span class='ocrx_word' id='word_1_631' title='bbox 3563 3857 3642 3906; x_wconf 90' lang='lat' dir='ltr'><strong>est</strong></span> 
     </span>
    </p>
   </div>
   <div class='ocr_carea' id='block_1_88' title="bbox 2070 3924 3640 3994">
    <p class='ocr_par' dir='ltr' id='par_1_88' title="bbox 2070 3924 3640 3994">
     <span class='ocr_line' id='line_1_89' title="bbox 2070 3924 3640 3994; baseline -0.003 -14"><span class='ocrx_word' id='word_1_632' title='bbox 2070 3929 2305 3982; x_wconf 78' lang='lat' dir='ltr'><strong>credere.</strong></span> <span class='ocrx_word' id='word_1_633' title='bbox 2335 3924 2648 3982; x_wconf 85' lang='lat' dir='ltr'><strong>Simoniani</strong></span> <span class='ocrx_word' id='word_1_634' title='bbox 2675 3941 2787 3979; x_wconf 88' lang='lat' dir='ltr'><strong>non</strong></span> <span class='ocrx_word' id='word_1_635' title='bbox 2816 3926 3002 3978; x_wconf 84' lang='lat' dir='ltr'><strong>statim</strong></span> <span class='ocrx_word' id='word_1_636' title='bbox 3029 3930 3151 3994; x_wconf 88' lang='lat' dir='ltr'><strong>post</strong></span> <span class='ocrx_word' id='word_1_637' title='bbox 3180 3930 3408 3977; x_wconf 88' lang='lat' dir='ltr'><strong>mortem</strong></span> <span class='ocrx_word' id='word_1_638' title='bbox 3454 3924 3640 3994; x_wconf 86' lang='lat' dir='ltr'><strong>Simo-</strong></span> 
     </span>
    </p>
   </div>
   <div class='ocr_carea' id='block_1_89' title="bbox 2071 3993 3642 4065">
    <p class='ocr_par' dir='ltr' id='par_1_89' title="bbox 2071 3993 3642 4065">
     <span class='ocr_line' id='line_1_90' title="bbox 2071 3993 3642 4065; baseline -0.003 -13"><span class='ocrx_word' id='word_1_639' title='bbox 2071 4000 2156 4054; x_wconf 82' lang='lat' dir='ltr'><strong>nis</strong></span> <span class='ocrx_word' id='word_1_640' title='bbox 2212 4001 2566 4052; x_wconf 85' lang='lat' dir='ltr'><strong>evanuerunt.</strong></span> <span class='ocrx_word' id='word_1_641' title='bbox 2621 3998 2737 4051; x_wconf 87' lang='lat' dir='ltr'><strong>Non</strong></span> <span class='ocrx_word' id='word_1_642' title='bbox 2793 3993 3043 4065; x_wconf 84' lang='lat' dir='ltr'><strong>apparet</strong></span> <span class='ocrx_word' id='word_1_643' title='bbox 3085 3995 3358 4065; x_wconf 85' lang='lat' dir='ltr'><strong>lgnatium</strong></span> <span class='ocrx_word' id='word_1_644' title='bbox 3441 3993 3642 4048; x_wconf 73' lang='lat' dir='ltr'><strong>dixisse</strong></span> 
     </span>
    </p>
   </div>
   <div class='ocr_carea' id='block_1_90' title="bbox 2071 4064 3644 4137">
    <p class='ocr_par' dir='ltr' id='par_1_90' title="bbox 2071 4064 3644 4137">
     <span class='ocr_line' id='line_1_91' title="bbox 2071 4064 3644 4137; baseline -0.003 -14"><span class='ocrx_word' id='word_1_645' title='bbox 2071 4072 2336 4124; x_wconf 88' lang='lat' dir='ltr'><strong>Romanos</strong></span> <span class='ocrx_word' id='word_1_646' title='bbox 2363 4069 2545 4137; x_wconf 80' lang='lat' dir='ltr'><strong>ﬁdeles</strong></span> <span class='ocrx_word' id='word_1_647' title='bbox 2573 4068 2743 4136; x_wconf 83' lang='lat' dir='ltr'><strong>facile</strong></span> <span class='ocrx_word' id='word_1_648' title='bbox 2797 4064 2974 4136; x_wconf 84' lang='lat' dir='ltr'><strong>ipsum</strong></span> <span class='ocrx_word' id='word_1_649' title='bbox 3024 4082 3057 4119; x_wconf 91' lang='lat' dir='ltr'><strong>a</strong></span> <span class='ocrx_word' id='word_1_650' title='bbox 3103 4064 3374 4134; x_wconf 86' lang='lat' dir='ltr'><strong>supplicio</strong></span> <span class='ocrx_word' id='word_1_651' title='bbox 3432 4066 3644 4133; x_wconf 84' lang='lat' dir='ltr'><strong>eripere</strong></span> 
     </span>
    </p>
   </div>
   <div class='ocr_carea' id='block_1_91' title="bbox 2067 4137 3642 4211">
    <p class='ocr_par' dir='ltr' id='par_1_91' title="bbox 2067 4137 3642 4211">
     <span class='ocr_line' id='line_1_92' title="bbox 2067 4137 3642 4211; baseline -0.004 -16"><span class='ocrx_word' id='word_1_652' title='bbox 2067 4143 2327 4211; x_wconf 86' lang='lat' dir='ltr'><strong>potuisse.</strong></span> <span class='ocrx_word' id='word_1_653' title='bbox 2384 4143 2569 4209; x_wconf 86' lang='lat' dir='ltr'><strong>Neque</strong></span> <span class='ocrx_word' id='word_1_654' title='bbox 2623 4141 2670 4194; x_wconf 91' lang='lat' dir='ltr'><strong>si</strong></span> <span class='ocrx_word' id='word_1_655' title='bbox 2722 4137 3350 4211; x_wconf 34' lang='lat' dir='ltr'><strong>dimeﬁttveracitatem</strong></span> <span class='ocrx_word' id='word_1_656' title='bbox 3421 4137 3536 4211; x_wconf 65' lang='lat' dir='ltr'><strong>ejus</strong></span> <span class='ocrx_word' id='word_1_657' title='bbox 3583 4138 3642 4211; x_wconf 87' lang='lat' dir='ltr'><strong>i_n_</strong></span> 
     </span>
    </p>
   </div>
   <div class='ocr_carea' id='block_1_92' title="bbox 2071 4206 3641 4277">
    <p class='ocr_par' dir='ltr' id='par_1_92' title="bbox 2071 4206 3641 4277">
     <span class='ocr_line' id='line_1_93' title="bbox 2071 4206 3641 4277; baseline -0.004 -11"><span class='ocrx_word' id='word_1_658' title='bbox 2071 4206 2298 4267; x_wconf 83' lang='lat' dir='ltr'><strong>dubium</strong></span> <span class='ocrx_word' id='word_1_659' title='bbox 2323 4206 2502 4267; x_wconf 69' lang='lat' dir='ltr'><strong>vocat.</strong></span> <span class='ocrx_word' id='word_1_660' title='bbox 2557 4212 2746 4266; x_wconf 87' lang='lat' dir='ltr'><strong>Potuit</strong></span> <span class='ocrx_word' id='word_1_661' title='bbox 2800 4208 2906 4266; x_wconf 83' lang='lat' dir='ltr'><strong>sibi</strong></span> <span class='ocrx_word' id='word_1_662' title='bbox 2953 4207 3009 4264; x_wconf 88' lang='lat' dir='ltr'><strong>S.</strong></span> <span class='ocrx_word' id='word_1_663' title='bbox 3061 4209 3308 4277; x_wconf 85' lang='lat' dir='ltr'><strong>Ignatius</strong></span> <span class='ocrx_word' id='word_1_664' title='bbox 3365 4206 3641 4261; x_wconf 79' lang='lat' dir='ltr'><strong>scribendi</strong></span> 
     </span>
    </p>
   </div>
   <div class='ocr_carea' id='block_1_93' title="bbox 2071 4279 3642 4352">
    <p class='ocr_par' dir='ltr' id='par_1_93' title="bbox 2071 4279 3642 4352">
     <span class='ocr_line' id='line_1_94' title="bbox 2071 4279 3642 4352; baseline -0.006 -12"><span class='ocrx_word' id='word_1_665' title='bbox 2071 4284 2360 4340; x_wconf 86' lang='lat' dir='ltr'><strong>secundam</strong></span> <span class='ocrx_word' id='word_1_666' title='bbox 2391 4282 2679 4352; x_wconf 81' lang='lat' dir='ltr'><strong>epistolam</strong></span> <span class='ocrx_word' id='word_1_667' title='bbox 2725 4283 2799 4337; x_wconf 91' lang='lat' dir='ltr'><strong>ad</strong></span> <span class='ocrx_word' id='word_1_668' title='bbox 2854 4279 3112 4350; x_wconf 82' lang='lat' dir='ltr'><strong>Ephesios</strong></span> <span class='ocrx_word' id='word_1_669' title='bbox 3167 4279 3642 4352; x_wconf 83' lang='lat' dir='ltr'><strong>opportunitatem</strong></span> 
     </span>
    </p>
   </div>
   <div class='ocr_carea' id='block_1_94' title="bbox 2064 4351 3642 4426">
    <p class='ocr_par' dir='ltr' id='par_1_94' title="bbox 2064 4351 3642 4426">
     <span class='ocr_line' id='line_1_95' title="bbox 2064 4351 3642 4426; baseline -0.005 -16"><span class='ocrx_word' id='word_1_670' title='bbox 2064 4355 2341 4426; x_wconf 74' lang='lat' dir='ltr'><strong>polliceri.</strong></span> <span class='ocrx_word' id='word_1_671' title='bbox 2378 4351 2693 4424; x_wconf 81' lang='lat' dir='ltr'><strong>Redemptio</strong></span> <span class='ocrx_word' id='word_1_672' title='bbox 2761 4370 2796 4408; x_wconf 93' lang='lat' dir='ltr'><strong>a</strong></span> <span class='ocrx_word' id='word_1_673' title='bbox 2849 4352 3140 4426; x_wconf 71' lang='lat' dir='ltr'><strong>vexatione</strong></span> <span class='ocrx_word' id='word_1_674' title='bbox 3182 4351 3444 4426; x_wconf 68' lang='lat' dir='ltr'><strong>militum,</strong></span> <span class='ocrx_word' id='word_1_675' title='bbox 3477 4355 3529 4426; x_wconf 78' lang='lat' dir='ltr'><strong>et</strong></span> <span class='ocrx_word' id='word_1_676' title='bbox 3557 4351 3642 4426; x_wconf 74' lang='lat' dir='ltr'><strong>fa-</strong></span> 
     </span>
    </p>
   </div>
   <div class='ocr_carea' id='block_1_95' title="bbox 2073 4419 3642 4492">
    <p class='ocr_par' dir='ltr' id='par_1_95' title="bbox 2073 4419 3642 4492">
     <span class='ocr_line' id='line_1_96' title="bbox 2073 4419 3642 4492; baseline -0.004 -11"><span class='ocrx_word' id='word_1_677' title='bbox 2073 4419 2248 4481; x_wconf 76' lang='lat' dir='ltr'><strong>cultas</strong></span> <span class='ocrx_word' id='word_1_678' title='bbox 2283 4424 2469 4480; x_wconf 76' lang='lat' dir='ltr'><strong>liberae</strong></span> <span class='ocrx_word' id='word_1_679' title='bbox 2497 4419 2780 4491; x_wconf 67' lang='lat' dir='ltr'><strong>custodiae,</strong></span> <span class='ocrx_word' id='word_1_680' title='bbox 2815 4423 3212 4492; x_wconf 84' lang='lat' dir='ltr'><strong>confessoribus</strong></span> <span class='ocrx_word' id='word_1_681' title='bbox 3269 4422 3336 4475; x_wconf 89' lang='lat' dir='ltr'><strong>ab</strong></span> <span class='ocrx_word' id='word_1_682' title='bbox 3385 4419 3642 4476; x_wconf 83' lang='lat' dir='ltr'><strong>Ecclesiis</strong></span> 
     </span>
    </p>
   </div>
   <div class='ocr_carea' id='block_1_96' title="bbox 2072 4493 3642 4568">
    <p class='ocr_par' dir='ltr' id='par_1_96' title="bbox 2072 4493 3642 4568">
     <span class='ocr_line' id='line_1_97' title="bbox 2072 4493 3642 4568; baseline -0.004 -16"><span class='ocrx_word' id='word_1_683' title='bbox 2072 4499 2368 4568; x_wconf 85' lang='lat' dir='ltr'><strong>procurari</strong></span> <span class='ocrx_word' id='word_1_684' title='bbox 2391 4498 2575 4563; x_wconf 85' lang='lat' dir='ltr'><strong>solita,</strong></span> <span class='ocrx_word' id='word_1_685' title='bbox 2601 4499 2721 4568; x_wconf 80' lang='lat' dir='ltr'><strong>fuse</strong></span> <span class='ocrx_word' id='word_1_686' title='bbox 2768 4495 3115 4550; x_wconf 84' lang='lat' dir='ltr'><strong>describitur.</strong></span> <span class='ocrx_word' id='word_1_687' title='bbox 3174 4493 3445 4568; x_wconf 70' lang='lat' dir='ltr'><strong>Modestia</strong></span> <span class='ocrx_word' id='word_1_688' title='bbox 3490 4509 3642 4547; x_wconf 87' lang='lat' dir='ltr'><strong>mar-</strong></span> 
     </span>
    </p>
   </div>
   <div class='ocr_carea' id='block_1_97' title="bbox 2073 4564 3641 4639">
    <p class='ocr_par' dir='ltr' id='par_1_97' title="bbox 2073 4564 3641 4639">
     <span class='ocr_line' id='line_1_98' title="bbox 2073 4564 3641 4639; baseline -0.004 -15"><span class='ocrx_word' id='word_1_689' title='bbox 2073 4564 2211 4639; x_wconf 78' lang='lat' dir='ltr'><strong>tyris</strong></span> <span class='ocrx_word' id='word_1_690' title='bbox 2242 4575 2357 4624; x_wconf 83' lang='lat' dir='ltr'><strong>tum</strong></span> <span class='ocrx_word' id='word_1_691' title='bbox 2386 4584 2518 4638; x_wconf 85' lang='lat' dir='ltr'><strong>erga</strong></span> <span class='ocrx_word' id='word_1_692' title='bbox 2552 4567 2886 4635; x_wconf 81' lang='lat' dir='ltr'><strong>Trallianos,</strong></span> <span class='ocrx_word' id='word_1_693' title='bbox 2921 4573 3034 4622; x_wconf 85' lang='lat' dir='ltr'><strong>tum</strong></span> <span class='ocrx_word' id='word_1_694' title='bbox 3086 4581 3218 4635; x_wconf 82' lang='lat' dir='ltr'><strong>erga</strong></span> <span class='ocrx_word' id='word_1_695' title='bbox 3273 4564 3641 4635; x_wconf 83' lang='lat' dir='ltr'><strong>Polycarpum</strong></span> 
     </span>
    </p>
   </div>
   <div class='ocr_carea' id='block_1_98' title="bbox 232 4627 1888 4710">
    <p class='ocr_par' dir='ltr' id='par_1_98' title="bbox 232 4627 1888 4706">
     <span class='ocr_line' id='line_1_99' title="bbox 232 4627 1888 4706; baseline -0.009 -18"><span class='ocrx_word' id='word_1_696' title='bbox 232 4636 441 4688; x_wconf 89' lang='lat' dir='ltr'><strong>nostra</strong></span> <span class='ocrx_word' id='word_1_697' title='bbox 469 4630 737 4685; x_wconf 90' lang='lat' dir='ltr'><strong>additum</strong></span> <span class='ocrx_word' id='word_1_698' title='bbox 771 4634 878 4695; x_wconf 89' lang='lat' dir='ltr'><strong>est,</strong></span> <span class='ocrx_word' id='word_1_699' title='bbox 912 4628 1002 4682; x_wconf 78' lang='grc' dir='ltr'><strong>καὶ</strong></span> <span class='ocrx_word' id='word_1_700' title='bbox 1056 4627 1511 4706; x_wconf 75' lang='grc' dir='ltr'>συνεστράφημεν,</span> <span class='ocrx_word' id='word_1_701' title='bbox 1546 4651 1574 4679; x_wconf 86' lang='grc'><strong>‹‹</strong></span> <span class='ocrx_word' id='word_1_702' title='bbox 1636 4635 1694 4684; x_wconf 89' lang='lat' dir='ltr'><strong>et</strong></span> <span class='ocrx_word' id='word_1_703' title='bbox 1751 4647 1888 4686; x_wconf 90' lang='lat' dir='ltr'><strong>con.</strong></span> 
     </span>
    </p>
   </div>
   <div class='ocr_carea' id='block_1_99' title="bbox 2064 4627 2406 4710">
    <p class='ocr_par' dir='ltr' id='par_1_99' title="bbox 2072 4627 2406 4710">
     <span class='ocr_line' id='line_1_100' title="bbox 2072 4627 2406 4710; baseline 0.006 -16"><span class='ocrx_word' id='word_1_704' title='bbox 2072 4627 2406 4710; x_wconf 74' lang='lat' dir='ltr'><strong>defenditur.</strong></span> 
     </span>
    </p>
   </div>
   <div class='ocr_carea' id='block_1_100' title="bbox 233 4718 1894 4786">
    <p class='ocr_par' dir='ltr' id='par_1_100' title="bbox 233 4718 1894 4786">
     <span class='ocr_line' id='line_1_101' title="bbox 233 4718 1894 4786; baseline 0 -11"><span class='ocrx_word' id='word_1_705' title='bbox 233 4721 452 4776; x_wconf 77' lang='lat' dir='ltr'><strong>versati</strong></span> <span class='ocrx_word' id='word_1_706' title='bbox 486 4735 750 4775; x_wconf 87' lang='lat' dir='ltr'><strong>sumus.»</strong></span> <span class='ocrx_word' id='word_1_707' title='bbox 788 4721 962 4774; x_wconf 85' lang='lat' dir='ltr'><strong>Erant</strong></span> <span class='ocrx_word' id='word_1_708' title='bbox 991 4718 1152 4774; x_wconf 92' lang='lat' dir='ltr'><strong>enim</strong></span> <span class='ocrx_word' id='word_1_709' title='bbox 1200 4718 1290 4773; x_wconf 92' lang='lat' dir='ltr'><strong>illi</strong></span> <span class='ocrx_word' id='word_1_710' title='bbox 1350 4723 1532 4775; x_wconf 89' lang='lat' dir='ltr'><strong>testes</strong></span> <span class='ocrx_word' id='word_1_711' title='bbox 1590 4718 1779 4786; x_wconf 87' lang='lat' dir='ltr'><strong>electi,</strong></span> <span class='ocrx_word' id='word_1_712' title='bbox 1836 4724 1894 4775; x_wconf 92' lang='lat' dir='ltr'><strong>et</strong></span> 
     </span>
    </p>
   </div>
   <div class='ocr_carea' id='block_1_101' title="bbox 232 4806 1892 4874">
    <p class='ocr_par' dir='ltr' id='par_1_101' title="bbox 232 4806 1892 4874">
     <span class='ocr_line' id='line_1_102' title="bbox 232 4806 1892 4874; baseline -0.002 -8"><span class='ocrx_word' id='word_1_713' title='bbox 232 4808 594 4866; x_wconf 80' lang='lat' dir='ltr'><strong>familiarius</strong></span> <span class='ocrx_word' id='word_1_714' title='bbox 613 4807 882 4874; x_wconf 90' lang='lat' dir='ltr'><strong>adhibiti,</strong></span> <span class='ocrx_word' id='word_1_715' title='bbox 915 4811 980 4862; x_wconf 91' lang='lat' dir='ltr'><strong>ut</strong></span> <span class='ocrx_word' id='word_1_716' title='bbox 1005 4806 1272 4862; x_wconf 88' lang='lat' dir='ltr'><strong>Christus</strong></span> <span class='ocrx_word' id='word_1_717' title='bbox 1301 4823 1336 4862; x_wconf 92' lang='lat' dir='ltr'><strong>a</strong></span> <span class='ocrx_word' id='word_1_718' title='bbox 1367 4811 1555 4862; x_wconf 90' lang='lat' dir='ltr'><strong>morte</strong></span> <span class='ocrx_word' id='word_1_719' title='bbox 1605 4808 1892 4864; x_wconf 83' lang='lat' dir='ltr'><strong>excitatus</strong></span> 
     </span>
    </p>
   </div>
   <div class='ocr_carea' id='block_1_102' title="bbox 233 4897 1890 4970">
    <p class='ocr_par' dir='ltr' id='par_1_102' title="bbox 233 4897 1890 4970">
     <span class='ocr_line' id='line_1_103' title="bbox 233 4897 1890 4970; baseline 0 -16"><span class='ocrx_word' id='word_1_720' title='bbox 233 4901 307 4956; x_wconf 91' lang='lat' dir='ltr'><strong>iis</strong></span> <span class='ocrx_word' id='word_1_721' title='bbox 339 4901 512 4956; x_wconf 79' lang='lat' dir='ltr'><strong>ﬁeret</strong></span> <span class='ocrx_word' id='word_1_722' title='bbox 541 4898 896 4969; x_wconf 89' lang='lat' dir='ltr'><strong>conspicuus</strong></span> <span class='ocrx_word' id='word_1_723' title='bbox 927 4898 989 4952; x_wconf 91' lang='lat' dir='ltr'><strong>in</strong></span> <span class='ocrx_word' id='word_1_724' title='bbox 1020 4897 1283 4953; x_wconf 88' lang='lat' dir='ltr'><strong>humana</strong></span> <span class='ocrx_word' id='word_1_725' title='bbox 1325 4902 1540 4953; x_wconf 88' lang='lat' dir='ltr'><strong>natura</strong></span> <span class='ocrx_word' id='word_1_726' title='bbox 1569 4903 1625 4955; x_wconf 90' lang='lat' dir='ltr'><strong>et</strong></span> <span class='ocrx_word' id='word_1_727' title='bbox 1655 4916 1761 4970; x_wconf 91' lang='lat' dir='ltr'><strong>per</strong></span> <span class='ocrx_word' id='word_1_728' title='bbox 1789 4915 1890 4954; x_wconf 87' lang='lat' dir='ltr'><strong>eos</strong></span> 
     </span>
    </p>
   </div>
   <div class='ocr_carea' id='block_1_103' title="bbox 233 4985 1894 5055">
    <p class='ocr_par' dir='ltr' id='par_1_103' title="bbox 233 4985 1894 5055">
     <span class='ocr_line' id='line_1_104' title="bbox 233 4985 1894 5055; baseline -0.001 -11"><span class='ocrx_word' id='word_1_729' title='bbox 233 4989 371 5044; x_wconf 87' lang='lat' dir='ltr'><strong>aliis</strong></span> <span class='ocrx_word' id='word_1_730' title='bbox 407 5007 422 5055; x_wconf 89' lang='lat'><strong>;</strong></span> <span class='ocrx_word' id='word_1_731' title='bbox 451 4992 519 5043; x_wconf 90' lang='lat' dir='ltr'><strong>ut</strong></span> <span class='ocrx_word' id='word_1_732' title='bbox 543 4988 656 5042; x_wconf 90' lang='lat' dir='ltr'><strong>hoc</strong></span> <span class='ocrx_word' id='word_1_733' title='bbox 685 4987 876 5055; x_wconf 83' lang='lat' dir='ltr'><strong>ﬁeret,</strong></span> <span class='ocrx_word' id='word_1_734' title='bbox 908 5007 936 5036; x_wconf 84' lang='lat'><strong><em>»</em></strong></span> <span class='ocrx_word' id='word_1_735' title='bbox 972 4991 1028 5040; x_wconf 91' lang='lat' dir='ltr'><strong>et</strong></span> <span class='ocrx_word' id='word_1_736' title='bbox 1057 4985 1445 5042; x_wconf 88' lang='lat' dir='ltr'><strong>comederunt</strong></span> <span class='ocrx_word' id='word_1_737' title='bbox 1501 4991 1560 5040; x_wconf 90' lang='lat' dir='ltr'><strong>et</strong></span> <span class='ocrx_word' id='word_1_738' title='bbox 1613 4986 1894 5042; x_wconf 91' lang='lat' dir='ltr'><strong>biberunt</strong></span> 
     </span>
    </p>
   </div>
   <div class='ocr_carea' id='block_1_104' title="bbox 231 5074 1890 5141">
    <p class='ocr_par' dir='ltr' id='par_1_104' title="bbox 231 5074 1890 5141">
     <span class='ocr_line' id='line_1_105' title="bbox 231 5074 1890 5141; baseline -0.002 -8"><span class='ocrx_word' id='word_1_739' title='bbox 231 5094 354 5133; x_wconf 90' lang='lat' dir='ltr'><strong>una</strong></span> <span class='ocrx_word' id='word_1_740' title='bbox 385 5093 524 5132; x_wconf 91' lang='lat' dir='ltr'><strong>cum</strong></span> <span class='ocrx_word' id='word_1_741' title='bbox 556 5093 652 5141; x_wconf 92' lang='lat' dir='ltr'><strong>eo,</strong></span> <span class='ocrx_word' id='word_1_742' title='bbox 675 5098 704 5126; x_wconf 86' lang='grc'><strong>››</strong></span> <span class='ocrx_word' id='word_1_743' title='bbox 731 5076 843 5130; x_wconf 92' lang='lat' dir='ltr'><strong>hoc</strong></span> <span class='ocrx_word' id='word_1_744' title='bbox 873 5080 964 5130; x_wconf 90' lang='lat' dir='ltr'><strong>est</strong></span> <span class='ocrx_word' id='word_1_745' title='bbox 995 5091 1064 5130; x_wconf 91' lang='lat' dir='ltr'><strong>eo</strong></span> <span class='ocrx_word' id='word_1_746' title='bbox 1082 5075 1432 5130; x_wconf 89' lang='lat' dir='ltr'><strong>comedente</strong></span> <span class='ocrx_word' id='word_1_747' title='bbox 1455 5080 1511 5130; x_wconf 91' lang='lat' dir='ltr'><strong>et</strong></span> <span class='ocrx_word' id='word_1_748' title='bbox 1542 5074 1778 5131; x_wconf 90' lang='lat' dir='ltr'><strong>bibente</strong></span> <span class='ocrx_word' id='word_1_749' title='bbox 1804 5075 1890 5130; x_wconf 90' lang='lat' dir='ltr'><strong>illi</strong></span> 
     </span>
    </p>
   </div>
   <div class='ocr_carea' id='block_1_105' title="bbox 232 5164 1890 5236">
    <p class='ocr_par' dir='ltr' id='par_1_105' title="bbox 232 5164 1890 5236">
     <span class='ocr_line' id='line_1_106' title="bbox 232 5164 1890 5236; baseline -0.002 -14"><span class='ocrx_word' id='word_1_750' title='bbox 232 5166 418 5222; x_wconf 89' lang='lat' dir='ltr'><strong>simul</strong></span> <span class='ocrx_word' id='word_1_751' title='bbox 440 5164 838 5221; x_wconf 89' lang='lat' dir='ltr'><strong>comedebant</strong></span> <span class='ocrx_word' id='word_1_752' title='bbox 868 5168 924 5220; x_wconf 92' lang='lat' dir='ltr'><strong>et</strong></span> <span class='ocrx_word' id='word_1_753' title='bbox 954 5164 1444 5235; x_wconf 90' lang='lat' dir='ltr'><strong>bibebant,atque</strong></span> <span class='ocrx_word' id='word_1_754' title='bbox 1472 5164 1553 5218; x_wconf 91' lang='lat' dir='ltr'><strong>ita</strong></span> <span class='ocrx_word' id='word_1_755' title='bbox 1586 5170 1716 5236; x_wconf 92' lang='lat' dir='ltr'><strong>post</strong></span> <span class='ocrx_word' id='word_1_756' title='bbox 1738 5181 1890 5220; x_wconf 90' lang='lat' dir='ltr'><strong>mor-</strong></span> 
     </span>
    </p>
   </div>
   <div class='ocr_carea' id='block_1_106' title="bbox 229 5252 1888 5326">
    <p class='ocr_par' dir='ltr' id='par_1_106' title="bbox 229 5252 1888 5326">
     <span class='ocr_line' id='line_1_107' title="bbox 229 5252 1888 5326; baseline -0.001 -16"><span class='ocrx_word' id='word_1_757' title='bbox 229 5262 368 5323; x_wconf 90' lang='lat' dir='ltr'><strong>tem,</strong></span> <span class='ocrx_word' id='word_1_758' title='bbox 402 5252 914 5326; x_wconf 90' lang='lat' dir='ltr'><strong>quemadmodum</strong></span> <span class='ocrx_word' id='word_1_759' title='bbox 945 5257 1082 5308; x_wconf 92' lang='lat' dir='ltr'><strong>ante</strong></span> <span class='ocrx_word' id='word_1_760' title='bbox 1114 5257 1388 5319; x_wconf 91' lang='lat' dir='ltr'><strong>mortem,</strong></span> <span class='ocrx_word' id='word_1_761' title='bbox 1425 5269 1558 5308; x_wconf 90' lang='lat' dir='ltr'><strong>cum</strong></span> <span class='ocrx_word' id='word_1_762' title='bbox 1592 5270 1659 5308; x_wconf 91' lang='lat' dir='ltr'><strong>eo</strong></span> <span class='ocrx_word' id='word_1_763' title='bbox 1719 5254 1888 5308; x_wconf 84' lang='lat' dir='ltr'><strong>fami-</strong></span> 
     </span>
    </p>
   </div>
   <div class='ocr_carea' id='block_1_107' title="bbox 229 5339 1888 5401">
    <p class='ocr_par' dir='ltr' id='par_1_107' title="bbox 229 5339 1888 5401">
     <span class='ocr_line' id='line_1_108' title="bbox 229 5339 1888 5401; baseline -0.002 0"><span class='ocrx_word' id='word_1_764' title='bbox 229 5345 465 5401; x_wconf 87' lang='lat' dir='ltr'><strong>liariter</strong></span> <span class='ocrx_word' id='word_1_765' title='bbox 493 5342 826 5399; x_wconf 89' lang='lat' dir='ltr'><strong>conversati</strong></span> <span class='ocrx_word' id='word_1_766' title='bbox 851 5348 1008 5398; x_wconf 90' lang='lat' dir='ltr'><strong>sunt.</strong></span> <span class='ocrx_word' id='word_1_767' title='bbox 1043 5342 1099 5396; x_wconf 91' lang='lat' dir='ltr'><strong>Si</strong></span> <span class='ocrx_word' id='word_1_768' title='bbox 1130 5347 1330 5397; x_wconf 92' lang='lat' dir='ltr'><strong>autem</strong></span> <span class='ocrx_word' id='word_1_769' title='bbox 1379 5341 1510 5395; x_wconf 91' lang='lat' dir='ltr'><strong>ideo</strong></span> <span class='ocrx_word' id='word_1_770' title='bbox 1571 5339 1732 5397; x_wconf 91' lang='lat' dir='ltr'><strong>dicas</strong></span> <span class='ocrx_word' id='word_1_771' title='bbox 1791 5359 1888 5398; x_wconf 90' lang='lat' dir='ltr'><strong>eos</strong></span> 
     </span>
    </p>
   </div>
   <div class='ocr_carea' id='block_1_108' title="bbox 224 5431 1888 5505">
    <p class='ocr_par' dir='ltr' id='par_1_108' title="bbox 224 5431 1888 5505">
     <span class='ocr_line' id='line_1_109' title="bbox 224 5431 1888 5505; baseline -0.001 -15"><span class='ocrx_word' id='word_1_772' title='bbox 224 5449 351 5490; x_wconf 87' lang='lat' dir='ltr'><strong>non</strong></span> <span class='ocrx_word' id='word_1_773' title='bbox 382 5432 608 5488; x_wconf 89' lang='lat' dir='ltr'><strong>bibisse</strong></span> <span class='ocrx_word' id='word_1_774' title='bbox 641 5448 779 5487; x_wconf 91' lang='lat' dir='ltr'><strong>cum</strong></span> <span class='ocrx_word' id='word_1_775' title='bbox 810 5431 1062 5498; x_wconf 90' lang='lat' dir='ltr'><strong>Christo,</strong></span> <span class='ocrx_word' id='word_1_776' title='bbox 1099 5431 1240 5502; x_wconf 88' lang='lat' dir='ltr'><strong>quia</strong></span> <span class='ocrx_word' id='word_1_777' title='bbox 1272 5431 1452 5485; x_wconf 81' lang='lat' dir='ltr'><strong>Lucas</strong></span> <span class='ocrx_word' id='word_1_778' title='bbox 1485 5431 1545 5486; x_wconf 91' lang='lat' dir='ltr'><strong>in</strong></span> <span class='ocrx_word' id='word_1_779' title='bbox 1579 5433 1888 5505; x_wconf 82' lang='lat' dir='ltr'><strong>Evangelio</strong></span> 
     </span>
    </p>
   </div>
   <div class='ocr_carea' id='block_1_109' title="bbox 227 5517 1889 5592">
    <p class='ocr_par' dir='ltr' id='par_1_109' title="bbox 227 5517 1889 5592">
     <span class='ocr_line' id='line_1_110' title="bbox 227 5517 1889 5592; baseline -0.001 -14"><span class='ocrx_word' id='word_1_780' title='bbox 227 5539 351 5578; x_wconf 91' lang='lat' dir='ltr'><strong>non</strong></span> <span class='ocrx_word' id='word_1_781' title='bbox 385 5520 593 5577; x_wconf 89' lang='lat' dir='ltr'><strong>scribit</strong></span> <span class='ocrx_word' id='word_1_782' title='bbox 635 5521 940 5578; x_wconf 87' lang='lat' dir='ltr'><strong>Christum</strong></span> <span class='ocrx_word' id='word_1_783' title='bbox 996 5519 1266 5588; x_wconf 86' lang='lat' dir='ltr'><strong>bibisse;</strong></span> <span class='ocrx_word' id='word_1_784' title='bbox 1324 5517 1486 5574; x_wconf 89' lang='lat' dir='ltr'><strong>dicas</strong></span> <span class='ocrx_word' id='word_1_785' title='bbox 1549 5537 1742 5592; x_wconf 88' lang='lat' dir='ltr'><strong>neque</strong></span> <span class='ocrx_word' id='word_1_786' title='bbox 1789 5539 1889 5576; x_wconf 85' lang='lat' dir='ltr'><strong>eos</strong></span> 
     </span>
    </p>
   </div>
   <div class='ocr_carea' id='block_1_110' title="bbox 224 5608 1888 5682">
    <p class='ocr_par' dir='ltr' id='par_1_110' title="bbox 224 5608 1888 5682">
     <span class='ocr_line' id='line_1_111' title="bbox 224 5608 1888 5682; baseline -0.002 -13"><span class='ocrx_word' id='word_1_787' title='bbox 224 5609 628 5669; x_wconf 88' lang='lat' dir='ltr'><strong>manducasse</strong></span> <span class='ocrx_word' id='word_1_788' title='bbox 655 5627 793 5666; x_wconf 91' lang='lat' dir='ltr'><strong>cum</strong></span> <span class='ocrx_word' id='word_1_789' title='bbox 826 5609 1082 5680; x_wconf 88' lang='lat' dir='ltr'><strong>Christo,</strong></span> <span class='ocrx_word' id='word_1_790' title='bbox 1113 5609 1254 5681; x_wconf 90' lang='lat' dir='ltr'><strong>quia</strong></span> <span class='ocrx_word' id='word_1_791' title='bbox 1283 5608 1345 5662; x_wconf 92' lang='lat' dir='ltr'><strong>in</strong></span> <span class='ocrx_word' id='word_1_792' title='bbox 1395 5609 1706 5682; x_wconf 82' lang='lat' dir='ltr'><strong>Evangelia</strong></span> <span class='ocrx_word' id='word_1_793' title='bbox 1766 5627 1888 5666; x_wconf 93' lang='lat' dir='ltr'><strong>non</strong></span> 
     </span>
    </p>
   </div>
   <div class='ocr_carea' id='block_1_111' title="bbox 299 5718 730 5788">
    <p class='ocr_par' dir='ltr' id='par_1_111' title="bbox 299 5718 730 5788">
     <span class='ocr_line' id='line_1_112' title="bbox 299 5718 730 5788; baseline -0.007 -11"><span class='ocrx_word' id='word_1_794' title='bbox 299 5719 349 5754; x_wconf 84' lang='grc'><strong>⁴³</strong></span> <span class='ocrx_word' id='word_1_795' title='bbox 376 5721 510 5777; x_wconf 84' lang='lat' dir='ltr'><strong>Act.</strong></span> <span class='ocrx_word' id='word_1_796' title='bbox 539 5735 602 5788; x_wconf 75' lang='grc' dir='ltr'><strong>ι,</strong></span> <span class='ocrx_word' id='word_1_797' title='bbox 635 5718 730 5775; x_wconf 77' lang='grc'><strong>41.</strong></span> 
     </span>
    </p>
   </div>
   <div class='ocr_carea' id='block_1_112' title="bbox 2071 4727 3642 4803">
    <p class='ocr_par' dir='ltr' id='par_1_112' title="bbox 2071 4727 3642 4803">
     <span class='ocr_line' id='line_1_113' title="bbox 2071 4727 3642 4803; baseline -0.003 -19"><span class='ocrx_word' id='word_1_798' title='bbox 2071 4731 2270 4803; x_wconf 89' lang='lat' dir='ltr'><strong>Capite</strong></span> <span class='ocrx_word' id='word_1_799' title='bbox 2300 4734 2369 4784; x_wconf 87' lang='lat' dir='ltr'><strong>2O</strong></span> <span class='ocrx_word' id='word_1_800' title='bbox 2396 4729 2512 4786; x_wconf 94' lang='lat' dir='ltr'><strong>duo</strong></span> <span class='ocrx_word' id='word_1_801' title='bbox 2539 4733 2888 4802; x_wconf 88' lang='lat' dir='ltr'><strong>argumenta</strong></span> <span class='ocrx_word' id='word_1_802' title='bbox 2917 4727 3382 4798; x_wconf 88' lang='lat' dir='ltr'><strong>persequitur,et</strong></span> <span class='ocrx_word' id='word_1_803' title='bbox 3411 4730 3642 4780; x_wconf 88' lang='lat' dir='ltr'><strong>utrum-</strong></span> 
     </span>
    </p>
   </div>
   <div class='ocr_carea' id='block_1_113' title="bbox 2000 4813 3639 4891">
    <p class='ocr_par' dir='ltr' id='par_1_113' title="bbox 2000 4813 3639 4891">
     <span class='ocr_line' id='line_1_114' title="bbox 2000 4813 3639 4891; baseline -0.005 -17"><span class='ocrx_word' id='word_1_804' title='bbox 2000 4835 2113 4890; x_wconf 91' lang='lat' dir='ltr'><strong>que</strong></span> <span class='ocrx_word' id='word_1_805' title='bbox 2145 4825 2414 4875; x_wconf 89' lang='lat' dir='ltr'><strong>nostrum</strong></span> <span class='ocrx_word' id='word_1_806' title='bbox 2446 4819 2734 4891; x_wconf 90' lang='lat' dir='ltr'><strong>lgnatium</strong></span> <span class='ocrx_word' id='word_1_807' title='bbox 2765 4817 2931 4888; x_wconf 87' lang='lat' dir='ltr'><strong>petit.</strong></span> <span class='ocrx_word' id='word_1_808' title='bbox 2992 4817 3256 4870; x_wconf 90' lang='lat' dir='ltr'><strong>Primum</strong></span> <span class='ocrx_word' id='word_1_809' title='bbox 3315 4820 3423 4881; x_wconf 90' lang='lat' dir='ltr'><strong>est,</strong></span> <span class='ocrx_word' id='word_1_810' title='bbox 3484 4813 3639 4884; x_wconf 88' lang='lat' dir='ltr'><strong>quod</strong></span> 
     </span>
    </p>
   </div>
   <div class='ocr_carea' id='block_1_114' title="bbox 2000 4903 3638 4964">
    <p class='ocr_par' dir='ltr' id='par_1_114' title="bbox 2000 4903 3638 4964">
     <span class='ocr_line' id='line_1_115' title="bbox 2000 4903 3638 4964; baseline -0.004 -2"><span class='ocrx_word' id='word_1_811' title='bbox 2000 4909 2194 4964; x_wconf 88' lang='lat' dir='ltr'><strong>tradat</strong></span> <span class='ocrx_word' id='word_1_812' title='bbox 2239 4908 2549 4963; x_wconf 68' lang='lat' dir='ltr'><strong>haereticos</strong></span> <span class='ocrx_word' id='word_1_813' title='bbox 2607 4907 2678 4963; x_wconf 92' lang='lat' dir='ltr'><strong>ab</strong></span> <span class='ocrx_word' id='word_1_814' title='bbox 2712 4904 3069 4962; x_wconf 88' lang='lat' dir='ltr'><strong>eucharistia</strong></span> <span class='ocrx_word' id='word_1_815' title='bbox 3107 4903 3484 4958; x_wconf 84' lang='lat' dir='ltr'><strong>abstinuisse.</strong></span> <span class='ocrx_word' id='word_1_816' title='bbox 3521 4905 3638 4957; x_wconf 86' lang='lat' dir='ltr'><strong>Hoc</strong></span> 
     </span>
    </p>
   </div>
   <div class='ocr_carea' id='block_1_115' title="bbox 2001 4990 3643 5065">
    <p class='ocr_par' dir='ltr' id='par_1_115' title="bbox 2001 4990 3643 5065">
     <span class='ocr_line' id='line_1_116' title="bbox 2001 4990 3643 5065; baseline -0.005 -14"><span class='ocrx_word' id='word_1_817' title='bbox 2001 5001 2196 5051; x_wconf 89' lang='lat' dir='ltr'><strong>autem</strong></span> <span class='ocrx_word' id='word_1_818' title='bbox 2222 4994 2430 5050; x_wconf 82' lang='lat' dir='ltr'><strong>falsum</strong></span> <span class='ocrx_word' id='word_1_819' title='bbox 2446 5011 2574 5049; x_wconf 89' lang='lat' dir='ltr'><strong>esse</strong></span> <span class='ocrx_word' id='word_1_820' title='bbox 2597 4999 2764 5065; x_wconf 89' lang='lat' dir='ltr'><strong>putat</strong></span> <span class='ocrx_word' id='word_1_821' title='bbox 2789 5011 2801 5048; x_wconf 89' lang='lat'><strong>:</strong></span> <span class='ocrx_word' id='word_1_822' title='bbox 2827 4991 3024 5048; x_wconf 89' lang='lat' dir='ltr'><strong>nullos</strong></span> <span class='ocrx_word' id='word_1_823' title='bbox 3039 4992 3254 5062; x_wconf 90' lang='lat' dir='ltr'><strong>quippe</strong></span> <span class='ocrx_word' id='word_1_824' title='bbox 3288 4995 3456 5044; x_wconf 70' lang='lat' dir='ltr'><strong>aatate</strong></span> <span class='ocrx_word' id='word_1_825' title='bbox 3481 4990 3643 5061; x_wconf 85' lang='lat' dir='ltr'><strong>lgna-</strong></span> 
     </span>
    </p>
   </div>
   <div class='ocr_carea' id='block_1_116' title="bbox 2002 5079 3641 5155">
    <p class='ocr_par' dir='ltr' id='par_1_116' title="bbox 2002 5079 3641 5155">
     <span class='ocr_line' id='line_1_117' title="bbox 2002 5079 3641 5155; baseline -0.004 -17"><span class='ocrx_word' id='word_1_826' title='bbox 2002 5085 2065 5138; x_wconf 91' lang='lat' dir='ltr'><strong>tii</strong></span> <span class='ocrx_word' id='word_1_827' title='bbox 2100 5085 2210 5140; x_wconf 90' lang='lat' dir='ltr'><strong>hoc</strong></span> <span class='ocrx_word' id='word_1_828' title='bbox 2240 5083 2471 5139; x_wconf 86' lang='lat' dir='ltr'><strong>fecisse.</strong></span> <span class='ocrx_word' id='word_1_829' title='bbox 2507 5085 2632 5148; x_wconf 91' lang='lat' dir='ltr'><strong>Qua</strong></span> <span class='ocrx_word' id='word_1_830' title='bbox 2665 5084 2841 5155; x_wconf 82' lang='lat' dir='ltr'><strong>igitur</strong></span> <span class='ocrx_word' id='word_1_831' title='bbox 2869 5087 3038 5138; x_wconf 80' lang='lat' dir='ltr'><strong>aetate</strong></span> <span class='ocrx_word' id='word_1_832' title='bbox 3064 5081 3177 5135; x_wconf 91' lang='lat' dir='ltr'><strong>hoc</strong></span> <span class='ocrx_word' id='word_1_833' title='bbox 3205 5079 3522 5134; x_wconf 82' lang='lat' dir='ltr'><strong>fecerunt?</strong></span> <span class='ocrx_word' id='word_1_834' title='bbox 3553 5081 3641 5133; x_wconf 73' lang='lat' dir='ltr'><strong>An</strong></span> 
     </span>
    </p>
   </div>
   <div class='ocr_carea' id='block_1_117' title="bbox 1999 5167 3643 5244">
    <p class='ocr_par' dir='ltr' id='par_1_117' title="bbox 1999 5167 3643 5244">
     <span class='ocr_line' id='line_1_118' title="bbox 1999 5167 3643 5244; baseline -0.005 -17"><span class='ocrx_word' id='word_1_835' title='bbox 1999 5171 2272 5228; x_wconf 87' lang='lat' dir='ltr'><strong>ducentis</strong></span> <span class='ocrx_word' id='word_1_836' title='bbox 2303 5175 2436 5242; x_wconf 91' lang='lat' dir='ltr'><strong>post</strong></span> <span class='ocrx_word' id='word_1_837' title='bbox 2466 5171 2760 5244; x_wconf 87' lang='lat' dir='ltr'><strong>lgnatium</strong></span> <span class='ocrx_word' id='word_1_838' title='bbox 2792 5171 2983 5238; x_wconf 88' lang='lat' dir='ltr'><strong>annis,</strong></span> <span class='ocrx_word' id='word_1_839' title='bbox 3019 5187 3152 5225; x_wconf 91' lang='lat' dir='ltr'><strong>cum</strong></span> <span class='ocrx_word' id='word_1_840' title='bbox 3193 5169 3479 5240; x_wconf 90' lang='lat' dir='ltr'><strong>impostor</strong></span> <span class='ocrx_word' id='word_1_841' title='bbox 3509 5167 3643 5221; x_wconf 87' lang='lat' dir='ltr'><strong>Dal-</strong></span> 
     </span>
    </p>
   </div>
   <div class='ocr_carea' id='block_1_118' title="bbox 1997 5256 3640 5332">
    <p class='ocr_par' dir='ltr' id='par_1_118' title="bbox 1997 5256 3640 5332">
     <span class='ocr_line' id='line_1_119' title="bbox 1997 5256 3640 5332; baseline -0.003 -17"><span class='ocrx_word' id='word_1_842' title='bbox 1997 5259 2221 5316; x_wconf 70' lang='lat' dir='ltr'><strong>lasanus</strong></span> <span class='ocrx_word' id='word_1_843' title='bbox 2248 5260 2351 5314; x_wconf 87' lang='lat' dir='ltr'><strong>has</strong></span> <span class='ocrx_word' id='word_1_844' title='bbox 2384 5259 2659 5332; x_wconf 86' lang='lat' dir='ltr'><strong>epistolas</strong></span> <span class='ocrx_word' id='word_1_845' title='bbox 2691 5261 2862 5315; x_wconf 82' lang='lat' dir='ltr'><strong>ﬁnxit</strong></span> <span class='ocrx_word' id='word_1_846' title='bbox 2887 5260 2914 5314; x_wconf 87' lang='lat'><strong>?</strong></span> <span class='ocrx_word' id='word_1_847' title='bbox 2942 5259 3198 5314; x_wconf 85' lang='lat' dir='ltr'><strong>Minime.</strong></span> <span class='ocrx_word' id='word_1_848' title='bbox 3233 5259 3323 5312; x_wconf 84' lang='lat' dir='ltr'><strong>An</strong></span> <span class='ocrx_word' id='word_1_849' title='bbox 3352 5256 3472 5311; x_wconf 89' lang='lat' dir='ltr'><strong>ullo</strong></span> <span class='ocrx_word' id='word_1_850' title='bbox 3527 5256 3640 5311; x_wconf 92' lang='lat' dir='ltr'><strong>alio</strong></span> 
     </span>
    </p>
   </div>
   <div class='ocr_carea' id='block_1_119' title="bbox 1999 5345 3643 5419">
    <p class='ocr_par' dir='ltr' id='par_1_119' title="bbox 1999 5345 3643 5419">
     <span class='ocr_line' id='line_1_120' title="bbox 1999 5345 3643 5419; baseline -0.005 -15"><span class='ocrx_word' id='word_1_851' title='bbox 1999 5357 2135 5406; x_wconf 85' lang='lat' dir='ltr'><strong>ante</strong></span> <span class='ocrx_word' id='word_1_852' title='bbox 2161 5350 2219 5404; x_wconf 91' lang='lat' dir='ltr'><strong>id</strong></span> <span class='ocrx_word' id='word_1_853' title='bbox 2247 5355 2480 5419; x_wconf 89' lang='lat' dir='ltr'><strong>tempus</strong></span> <span class='ocrx_word' id='word_1_854' title='bbox 2511 5364 2629 5401; x_wconf 65' lang='lat' dir='ltr'><strong>aevo</strong></span> <span class='ocrx_word' id='word_1_855' title='bbox 2652 5347 2679 5401; x_wconf 78' lang='lat' dir='ltr'><strong>‘l</strong></span> <span class='ocrx_word' id='word_1_856' title='bbox 2709 5348 3197 5418; x_wconf 87' lang='lat' dir='ltr'><strong>Haudquaquam.</strong></span> <span class='ocrx_word' id='word_1_857' title='bbox 3234 5345 3510 5400; x_wconf 86' lang='lat' dir='ltr'><strong>Mentitus</strong></span> <span class='ocrx_word' id='word_1_858' title='bbox 3554 5349 3643 5398; x_wconf 91' lang='lat' dir='ltr'><strong>est</strong></span> 
     </span>
    </p>
   </div>
   <div class='ocr_carea' id='block_1_120' title="bbox 2000 5433 3640 5513">
    <p class='ocr_par' dir='ltr' id='par_1_120' title="bbox 2000 5433 3640 5513">
     <span class='ocr_line' id='line_1_121' title="bbox 2000 5433 3640 5513; baseline -0.005 -18"><span class='ocrx_word' id='word_1_859' title='bbox 2000 5441 2178 5513; x_wconf 86' lang='lat' dir='ltr'><strong>igitur</strong></span> <span class='ocrx_word' id='word_1_860' title='bbox 2210 5439 2496 5510; x_wconf 89' lang='lat' dir='ltr'><strong>scriptor;</strong></span> <span class='ocrx_word' id='word_1_861' title='bbox 2533 5437 2690 5508; x_wconf 92' lang='lat' dir='ltr'><strong>quod</strong></span> <span class='ocrx_word' id='word_1_862' title='bbox 2723 5436 2794 5490; x_wconf 93' lang='lat' dir='ltr'><strong>de</strong></span> <span class='ocrx_word' id='word_1_863' title='bbox 2813 5436 3038 5507; x_wconf 85' lang='lat' dir='ltr'><strong>Ignatio</strong></span> <span class='ocrx_word' id='word_1_864' title='bbox 3060 5436 3218 5492; x_wconf 90' lang='lat' dir='ltr'><strong>credi</strong></span> <span class='ocrx_word' id='word_1_865' title='bbox 3248 5434 3410 5489; x_wconf 91' lang='lat' dir='ltr'><strong>nullo</strong></span> <span class='ocrx_word' id='word_1_866' title='bbox 3441 5433 3640 5499; x_wconf 91' lang='lat' dir='ltr'><strong>modo,</strong></span> 
     </span>
    </p>
   </div>
   <div class='ocr_carea' id='block_1_121' title="bbox 1999 5523 3644 5599">
    <p class='ocr_par' dir='ltr' id='par_1_121' title="bbox 1999 5523 3644 5599">
     <span class='ocr_line' id='line_1_122' title="bbox 1999 5523 3644 5599; baseline -0.004 -15"><span class='ocrx_word' id='word_1_867' title='bbox 1999 5529 2071 5584; x_wconf 91' lang='lat' dir='ltr'><strong>de</strong></span> <span class='ocrx_word' id='word_1_868' title='bbox 2104 5531 2425 5599; x_wconf 89' lang='lat' dir='ltr'><strong>impostore</strong></span> <span class='ocrx_word' id='word_1_869' title='bbox 2458 5525 2626 5581; x_wconf 87' lang='lat' dir='ltr'><strong>facile</strong></span> <span class='ocrx_word' id='word_1_870' title='bbox 2659 5523 2818 5580; x_wconf 89' lang='lat' dir='ltr'><strong>credi</strong></span> <span class='ocrx_word' id='word_1_871' title='bbox 2851 5529 3066 5595; x_wconf 89' lang='lat' dir='ltr'><strong>potest.</strong></span> <span class='ocrx_word' id='word_1_872' title='bbox 3103 5525 3213 5579; x_wconf 92' lang='lat' dir='ltr'><strong>Sed</strong></span> <span class='ocrx_word' id='word_1_873' title='bbox 3247 5539 3429 5593; x_wconf 90' lang='lat' dir='ltr'><strong>quare</strong></span> <span class='ocrx_word' id='word_1_874' title='bbox 3475 5523 3644 5577; x_wconf 83' lang='lat' dir='ltr'><strong>lictor</strong></span> 
     </span>
    </p>
   </div>
   <div class='ocr_carea' id='block_1_122' title="bbox 1995 5612 3640 5690">
    <p class='ocr_par' dir='ltr' id='par_1_122' title="bbox 1995 5612 3640 5690">
     <span class='ocr_line' id='line_1_123' title="bbox 1995 5612 3640 5690; baseline -0.002 -18"><span class='ocrx_word' id='word_1_875' title='bbox 1995 5618 2057 5673; x_wconf 93' lang='lat' dir='ltr'><strong>id</strong></span> <span class='ocrx_word' id='word_1_876' title='bbox 2088 5616 2521 5690; x_wconf 83' lang='lat' dir='ltr'><strong>ﬁngeret,quod</strong></span> <span class='ocrx_word' id='word_1_877' title='bbox 2550 5615 2777 5672; x_wconf 89' lang='lat' dir='ltr'><strong>nullam</strong></span> <span class='ocrx_word' id='word_1_878' title='bbox 2799 5612 3041 5668; x_wconf 91' lang='lat' dir='ltr'><strong>omnino</strong></span> <span class='ocrx_word' id='word_1_879' title='bbox 3063 5612 3640 5668; x_wconf 85' lang='lat' dir='ltr'><strong>verisimilitudinem</strong></span> 
     </span>
    </p>
   </div>
  </div>
