3942 6302
368 374 486 433 387

1431 372 1494 429 S.
1544 368 1945 430 IGNATIUS.
1989 403 2062 414 —
2109 369 2716 432 PROLEGOMENA.

3657 373 3780 435 388

363 508 627 575 haberet,
661 507 818 578 quod
848 523 1042 577 neque
1070 522 1188 560 aevo
1219 503 1450 576 Ignatii,
1484 519 1593 559 nec
1625 521 1730 560 suo
1761 521 2001 575 compe-
2035 507 2088 574 Α
2117 505 2370 576 attingit.
2407 505 2825 576 Antiquiorum
2867 504 3160 562 distinctae
3191 505 3449 563 haereses
3472 507 3601 580 jam
3643 514 3772 566 tum

366 597 564 653 teret?
594 598 763 652 Certe
797 597 843 651 si
875 595 1017 650 nulli
1045 611 1306 664 unquam
1337 593 1408 648 ab
1441 594 1798 650 eucharistia
1823 595 2012 649 absti-

367 690 656 756 nuissent,
689 705 762 742 ne
795 688 963 743 ﬁctor
994 685 1235 756 quidem
1266 685 1325 739 id
1377 684 1638 750 dixisset,
1676 690 1777 740 aut
1833 686 2013 757 hujus

368 779 620 834 inauditi
679 778 946 832 criminis
1005 791 1365 847 quemquam
1423 781 1778 831 accusasset.
1839 775 2008 831 Nullo

365 869 542 923 modo
573 869 752 940 igitur
783 866 1173 922 dubitandum
1207 871 1312 933 est,
1349 865 1492 936 quin
1543 865 1690 919 tales
1748 865 2010 920 haeretici

364 959 605 1013 fuerint.
641 955 750 1011 Sed
783 979 808 1005 οι
849 956 1092 1026 quinam
1123 961 1280 1022 sunt,
1318 977 1345 1003 ››
1377 955 1574 1025 inquit
1603 955 1630 1009 ?
1659 955 1712 1007 Si
1762 959 2006 1024 quierat,

364 1047 688 1118 quaerimus
720 1051 774 1100 et
805 1061 932 1112 nos,
958 1045 1198 1114 quinam
1233 1043 1320 1096 illi
1349 1044 1612 1098 haeretici
1641 1043 1902 1107 fuerunt,
1937 1043 2008 1098 de

363 1137 578 1207 quibus
602 1135 866 1205 loquitur
885 1134 1284 1188 Tertullianus
1307 1132 1374 1186 '?»
1389 1132 1591 1187 Plures
1605 1149 1714 1186 nec
1728 1131 2008 1187 ecclesias

362 1227 604 1287 habent.
630 1225 755 1280 sine
787 1231 990 1291 matre,
1025 1225 1150 1278 sine
1175 1224 1335 1289 sede,
1371 1223 1498 1277 orbi
1532 1222 1667 1292 ﬁde,
1719 1227 2004 1290 extorres,

362 1315 489 1369 sine
520 1316 645 1369 lare
675 1320 980 1385 vagantur.
1017 1303 1346 1377 n'Quando,
1381 1327 1604 1382 quaeso,
1656 1311 1742 1365 illi
1793 1311 2006 1366 eucha-

362 1405 596 1457 ristiam
630 1402 1011 1457 celebrabant
1039 1402 1066 1455 ‘?
1095 1418 1227 1472 quae
1262 1401 1379 1456 illis
1409 1417 1552 1455 cura
1588 1400 1897 1456 viduarum
1953 1407 2009 1456 et

363 1495 767 1565 orphanorum
790 1493 817 1547 ‘2
849 1493 958 1548 Sed
987 1494 1239 1547 ulterius
1272 1491 1753 1563 quaerit,quinam
1786 1491 1872 1545 illi
1906 1492 2005 1562 qui

361 1585 494 1639 ideo
526 1585 893 1638 abstinerent
913 1584 984 1638 ab
1007 1583 1546 1654 eucharistia,quod
1570 1599 1699 1637 eam
1723 1590 2006 1654 negarent.

362 1674 678 1728 Salvatoris
701 1689 829 1728 esse
852 1689 1089 1727 carnem
1112 1689 1217 1744 pro
1239 1672 1412 1727 nobis
1434 1688 1669 1742 passam
1689 1671 1716 1725 ?
1737 1673 2003 1742 Respon-

361 1763 486 1818 deo.
502 1764 733 1818 Docetae
754 1781 765 1815 :
783 1762 1121 1829 illi,scilicet
1147 1779 1296 1832 quos
1313 1759 1595 1816 describit
1615 1760 2003 1833 Ignatius,qui

356 1852 662 1905 veritatem
681 1851 956 1906 humanae
979 1855 1204 1905 natura)
1223 1851 1284 1904 in
1299 1850 1528 1904 Christo
1551 1848 2000 1921 impugnabant,

358 1941 456 2010 qui
470 1941 808 2011 passionem
832 1941 1048 2011 ejus,et
1061 1940 1559 1994 resurrectionem
1575 1937 1998 2010 pernegabant,

357 2048 390 2085 a
412 2030 626 2100 quibus
659 2031 985 2085 cavendum
1018 2035 1220 2086 monet
1251 2030 1534 2102 Ignatius,
1569 2034 1627 2083 et
1682 2028 1999 2102 Evangelio

355 2129 802 2195 adhaerendum,
835 2151 861 2178 «
897 2129 959 2183 in
992 2145 1108 2198 quo
1131 2129 1325 2198 passio
1358 2127 1530 2182 nobis
1562 2132 1800 2182 ostensa
1831 2132 2004 2194 est,et

356 2217 712 2273 resurrectio
745 2216 1004 2288 perfecta
1034 2223 1143 2285 est,
1179 2239 1200 2266 ι
1238 2219 1478 2271 Fatetur
1500 2216 1750 2271 Dallzeus
1781 2216 2002 2271 multos

358 2306 499 2361 olim
531 2306 713 2360 fuisse
745 2305 1076 2372 hwreticos,
1107 2305 1208 2375 qui
1248 2306 1399 2359 hanc
1453 2304 1591 2359 fidei
1654 2305 1998 2359 Christianas

357 2401 586 2467 partem
611 2399 916 2466 negarent,
949 2395 1127 2466 idque
1161 2411 1290 2449 esse
1316 2394 1998 2467 compertissimum.Sed

359 2487 572 2556 quaerit
605 2501 809 2539 rursus
836 2501 848 2539 :
873 2484 1010 2550 Quis
1043 2485 1112 2539 de
1154 2485 1450 2539 haereticis
1499 2484 1660 2539 illius
1717 2483 1998 2555 temporis

355 2575 788 2646 scripserit,eos
819 2575 891 2628 ab
922 2575 1279 2629 eucharistia
1300 2574 1657 2629 abstinuisse
1681 2575 1710 2628 ?
1730 2576 1996 2644 Respon-

355 2663 486 2731 deo,
516 2681 690 2718 nemo
719 2668 933 2734 praeter
950 2665 1240 2734 Ignatium
1271 2664 1343 2718 de
1370 2665 1538 2719 istius
1558 2665 1840 2736 temporis
1884 2664 1998 2718 has—

347 2765 548 2818 reticis
569 2764 682 2818 hoc
703 2763 920 2819 diserte
943 2763 1563 2835 afﬁrmavit.Ejusdem
1583 2770 1780 2818 tamen
1805 2764 1994 2818 aatatis

351 2856 408 2905 et
437 2851 574 2906 anni
602 2851 873 2922 scriptor,
899 2851 952 2906 S.
980 2849 1360 2922 Polycarpus,
1396 2851 1637 2905 eosdem
1684 2851 1992 2904 haereticos

347 2940 504 3010 ferit,
529 2939 981 2995 fundamentum
1012 2941 1190 3010 hujus
1237 2939 1611 2994 abstinentiae
1659 2939 1901 3007 indicat,
1937 2944 1993 2994 et

351 3029 584 3100 reliqua
615 3047 747 3084 cum
779 3030 1004 3102 Ignatio
1034 3028 1398 3100 perstringit.
1429 3028 1564 3082 Hmc
1595 3028 1752 3082 enim
1785 3027 1883 3082 ille
1918 3027 1988 3081 de

349 3118 770 3178 Docetiszﬂac
795 3116 895 3189 γὰρ
924 3117 982 3177 ὃς
1031 3115 1090 3168 ἂν
1145 3116 1220 3187 μὴ
1282 3112 1534 3188 ὁμολογῇ
1591 3115 1802 3182 Ἰησοῦν
1859 3115 1990 3189 Χρι-

347 3205 468 3260 στὸν
494 3204 546 3260 ἐν
580 3206 732 3278 σαρκὶ
768 3203 1113 3274 ἐληλυθέναι,
1158 3202 1529 3276 Ἀντίχριστός
1583 3201 1716 3257 ἔστι·
1775 3203 1865 3257 κάξ
1925 3205 1984 3265 ὃς

342 3293 402 3348 ἄν
436 3296 510 3367 μὴ
543 3293 798 3366 ὁμολογῇ
830 3292 892 3348 τό
927 3291 1219 3366 μαρτύριον
1248 3294 1342 3344 τοῦ
1372 3295 1625 3365 σταυροῦ,
1656 3293 1718 3345 Ex
1746 3296 1842 3346 τοῦ
1876 3289 1988 3346 δια-

343 3377 515 3436 ϐόλου
546 3381 677 3436 ἐστί.
721 3381 817 3434 Καὶ
843 3381 902 3440 ’ὸς
936 3381 995 3433 ἄν
1033 3377 1300 3452 μεθοδεύῃ
1333 3380 1400 3434 τὰ
1430 3378 1592 3454 λόγια
1627 3385 1726 3436 τοῦ
1787 3382 1986 3455 Κυρίου

341 3490 477 3543 προς
507 3470 601 3530 τὰς
632 3467 772 3528 ἲδίας
803 3467 1116 3540 ἐπιθυμίας,
1169 3469 1258 3522 καὶ
1317 3467 1448 3543 λέγῃ
1509 3471 1648 3541 μήτε
1705 3470 1983 3524 ἀνάστασιν

347 3560 486 3630 μήτε
515 3557 690 3632 κρίσιν
724 3557 877 3624 εἶναι,
911 3559 1070 3620 οὗτος
1100 3559 1451 3632 πρωτότοκός
1483 3558 1592 3614 ἐστι
1625 3563 1721 3614 to?)
1755 3565 1983 3616 Σατανᾶ.

345 3671 370 3701 α
403 3650 681 3720 Quisquis
713 3650 870 3705 enim
902 3667 1022 3706 non
1045 3651 1358 3706 conﬁtetur
1377 3653 1574 3706 Jesum
1599 3651 1892 3708 Christum
1923 3655 1986 3709 in

341 3760 518 3798 carne
549 3744 1204 3811 venisse,Antichristus
1235 3750 1361 3811 est;
1395 3750 1452 3798 et
1482 3745 1580 3815 qui
1605 3761 1725 3800 non
1744 3747 1986 3800 conﬁte-

338 3836 435 3886 tur
463 3832 813 3902 martyrium
835 3833 1125 3900 crucis,ex
1143 3833 1374 3889 diabolo
1401 3841 1526 3899 est;
1557 3839 1614 3887 et
1629 3835 1729 3904 qui
1752 3835 1986 3905 eloquia

337 3921 568 3978 Domini
601 3922 674 3976 ad
704 3922 978 3994 proprios
1004 3923 1250 3977 affectus
1275 3923 1474 3986 trahit,
1499 3923 1760 3994 dicitque
1790 3940 1983 3995 neque

335 4012 833 4068 resurrectionem
865 4028 1058 4081 neque
1083 4011 1376 4084 judicium
1411 4029 1564 4080 esse,
1608 4012 1703 4067 hic
1761 4013 1981 4084 primo-

334 4103 566 4173 genitus
599 4107 687 4155 est
747 4102 994 4155 Satanas.
1058 4121 1088 4150 ››
1106 4100 1329 4164 Quibus
1361 4100 1533 4156 docet
1563 4117 1663 4156 eos
1709 4102 1809 4173 qui
1842 4107 1981 4156 tunc

336 4192 642 4246 veritatem
702 4191 980 4244 humanae
1031 4195 1256 4245 naturas
1311 4191 1372 4244 in
1402 4191 1631 4247 Christo
1663 4191 1978 4262 negabant,

333 4286 590 4335 mortem
615 4279 664 4350 ej
678 4296 743 4333 us
764 4279 987 4349 pariter
1007 4282 1903 4352 negasse,resurrectionemque
1924 4286 1981 4336 et

324 4368 620 4440 judicium
653 4367 982 4422 sustulisse.
1016 4369 1129 4423 Hos
1155 4373 1354 4424 autem
1372 4369 1545 4425 docet
1572 4387 1751 4425 vanos
1782 4371 1978 4425 homi-

331 4474 438 4513 nes
500 4456 847 4522 seduxisse;
910 4457 1230 4513 catholicos
1257 4464 1456 4515 monet
1503 4464 1569 4514 ut
1612 4475 1818 4514 eorum
1850 4476 1977 4514 cor-

331 4546 592 4618 ruptelas
624 4545 892 4614 vitantes,
925 4547 1290 4602 orationibus
1319 4547 1707 4620 invigilent,et
1735 4547 1977 4618 jejuniis

2033 1893 2084 1956 B

2125 601 2296 649 erant
2322 596 2690 665 superstites.
2720 596 3272 650 Valentinianorum
3297 597 3474 668 igitur
3495 599 3778 655 haeresim

2123 684 2381 739 Irenaaus
2405 691 2676 740 accurate
2706 685 3050 740 describens
3080 701 3448 757 operoseque
3504 687 3776 744 refutans

2123 775 2448 846 saepissime
2470 776 2722 830 lectores
2751 776 3192 839 monet,iisdem
3217 778 3580 849 argumentis
3603 785 3772 835 vetu-

2122 863 2332 917 stiores
2365 864 2673 918 haereticos
2705 881 2832 918 esse
2864 864 3165 920 refutatos.
3198 865 3406 920 Mirum
3439 866 3617 938 igitur
3646 886 3772 924 non

2124 955 2288 1021 est,si
2315 955 2545 1009 Docetae
2563 955 2749 1024 aliqui
2784 954 2855 1009 ab
2879 956 3240 1010 eucharistia
3285 956 3670 1024 abstinerent,
3708 967 3771 1015 et

2120 1050 2319 1099 tamen
2334 1045 2497 1101 illius
2515 1046 2599 1100 rei
2623 1046 2843 1100 nullam
2868 1045 3126 1101 irenaaus
3147 1046 3354 1101 fecerit
3373 1049 3775 1104 mentionem.

2191 1135 2254 1189 Id
2283 1139 2486 1189 tamen
2519 1135 2692 1190 docet
2719 1137 2978 1189 lrenaaus
3003 1152 3119 1206 quo
3143 1135 3254 1190 hoc
3277 1136 3471 1206 ipsum
3496 1139 3654 1208 quod
3675 1157 3779 1194 vo—

2118 1224 2315 1278 lumus
2337 1224 2667 1290 indicatur;
2699 1241 2770 1279 ex
2793 1224 3094 1280 Menandri
3120 1225 3320 1280 schola
3349 1226 3639 1296 prodiisse
3659 1231 3772 1300 ait,

2118 1314 2216 1383 qui
2253 1313 2618 1378 asserebant,
2649 1330 2769 1368 non
2799 1330 2930 1368 esse
2988 1313 3353 1369 credendum
3401 1315 3462 1369 in
3495 1333 3630 1372 eum
3661 1320 3772 1389 qui

2115 1403 2436 1458 cruciﬁxus
2463 1408 2551 1458 est
2575 1420 2587 1457 :
2615 1420 2868 1474 quorum
2889 1405 2997 1458 hoc
3016 1405 3260 1458 effatum
3289 1409 3416 1460 erat
3449 1422 3462 1460 ε
3502 1429 3520 1454 ι
3551 1408 3606 1462 Si
3631 1409 3774 1478 quis

2115 1493 2432 1547 conﬁtetur
2453 1493 2821 1561 cruciﬁxum,
2847 1493 3040 1548 adhuc
3061 1493 3157 1548 hic
3190 1510 3391 1549 servus
3423 1500 3530 1551 est.
3558 1518 3586 1546 ι)
3607 1498 3772 1561 Quo-

2114 1582 2291 1636 modo
2324 1582 2501 1653 igitur
2531 1582 2640 1649 illi,
2666 1583 2767 1653 qui
2799 1583 3096 1638 Christum
3113 1589 3412 1638 mortuum
3445 1601 3565 1640 non
3590 1592 3771 1656 puta-

2114 1671 2384 1741 bant,qui
2419 1671 2592 1727 fidem
2627 1672 2687 1726 in
2711 1688 2847 1726 eum
2877 1672 2975 1742 qui
3011 1673 3325 1728 cruciﬁxus
3357 1679 3448 1728 est
3489 1675 3772 1746 repudia-

2112 1758 2278 1821 bant,
2295 1759 2368 1814 ad
2395 1760 2814 1815 eucharistiam
2865 1762 3265 1826 convenirent,
3300 1779 3434 1832 quae
3493 1763 3771 1820 instituta

2117 1855 2206 1904 est
2234 1849 2306 1903 ad
2330 1850 2538 1904 mortis
2559 1851 2772 1904 Christi
2797 1851 3427 1906 commemorationem
3455 1851 3483 1906 ?
3511 1853 3774 1927 Περιττὸς

2113 1937 2216 2012 γὰρ
2248 1937 2275 1990 ὁ
2309 1935 2477 1998 τύπος
2509 1936 2854 2012 ἀνῃρημένης
2895 1944 2995 2005 τῆς
3035 1934 3318 2009 ἀληθείας,
3352 1963 3380 1990 ‹‹
3415 1958 3773 2013 supervaca-

2113 2044 2262 2082 neus
2294 2029 2453 2083 enim
2483 2034 2574 2083 est
2603 2033 2778 2100 typus
2812 2029 3009 2084 ablata
3045 2029 3310 2098 veritate,
3353 2051 3381 2078 υ
3415 2038 3480 2086 ut
3499 2033 3770 2103 loquitur

2113 2129 2169 2180 Β.
2202 2126 2620 2181 Theodorctus.
2644 2128 2723 2180 De
2751 2127 3112 2181 Simonianis
3131 2145 3261 2198 quae
3283 2128 3460 2184 habet
3481 2129 3769 2188 adversus

2112 2213 2536 2269 Bellarminum
2568 2215 2716 2270 nihil
2746 2215 3391 2288 valent.lntelliguntur
3411 2235 3480 2273 eo
3513 2221 3762 2277 nomine

2111 2319 2230 2356 non
2256 2308 2484 2357 tantum
2514 2303 2684 2373 ii,qui
2707 2303 3000 2358 Simonem
3021 2303 3316 2372 colebant,
3352 2306 3453 2360 sed
3477 2313 3536 2360 et
3572 2308 3757 2364 disci-

2107 2392 2257 2463 puli,
2293 2393 2392 2463 qui
2418 2409 2487 2446 ex
2519 2393 2649 2464 ejus
2677 2392 2879 2447 schola
2899 2393 3260 2463 prodeuntes
3277 2394 3349 2449 ab
3381 2412 3450 2450 eo
3473 2405 3766 2468 ceperunt

2109 2482 2300 2549 initia,
2327 2487 2384 2536 et
2414 2481 2572 2536 illius
2594 2483 2950 2537 sententiam
2968 2483 3125 2536 varie
3143 2483 3668 2556 transformabant,
3703 2495 3763 2544 et

2107 2577 2240 2643 post
2269 2572 2397 2643 ejus
2424 2571 2731 2626 interitum
2757 2571 2862 2625 sub
2886 2571 3049 2626 illius
3071 2573 3316 2627 nomine
3339 2575 3760 2644 pestilentissi-

2106 2677 2269 2716 mum
2289 2661 2502 2733 dogma
2536 2660 3207 2726 tradiderunt.Quamvis
3230 2668 3288 2716 et
3311 2663 3393 2717 illi
3427 2665 3530 2734 qui
3563 2667 3756 2722 Simo-

2106 2766 2241 2804 nem
2273 2751 2547 2805 colebant
2575 2750 2675 2804 diu
2697 2754 2833 2820 post
2855 2751 2985 2821 ejus
3016 2756 3269 2805 mortem
3317 2752 3744 2822 perdurabant.

2102 2840 2181 2894 De
2244 2844 2415 2895 aetate
2475 2855 2582 2894 sua
2631 2840 2894 2894 Justinus
2956 2845 3178 2910 martyr
3230 2840 3499 2912 apologia
3529 2844 3610 2896 2:
3650 2843 3749 2896 Καὶ

2101 2926 2296 3000 σχεδὸν
2319 2928 2510 2988 πάντες
2545 2925 2639 2998 μὲν
2675 2932 2965 3001 Σαμαρεῖς,
3002 2924 3184 3003 ὀλίγοι
3216 2923 3273 2982 δὲ
3299 2927 3387 2981 καὶ
3432 2926 3485 2982 ἐν
3543 2928 3749 2994 ἄλλοις

2099 3013 2300 3072 ἔθνεσιν
2353 3017 2428 3077 ὡς
2483 3016 2574 3070 τὸν
2625 3019 2842 3088 πρῶτον
2904 3016 3033 3070 Θεὸν
3092 3015 3292 3070 ἐκεῖνον
3337 3016 3753 3090 ὁμολογοῦντες

2098 3107 2305 3162 ὶκεῖνου
2359 3105 2449 3160 καὶ
2508 3108 2889 3180 προηυνοῦσι.
2951 3129 2980 3156 ‹‹
3029 3109 3110 3162 Ac
3159 3107 3512 3163 Samaritani
3556 3126 3741 3180 prope

2101 3213 2328 3263 omnes,
2353 3213 2424 3251 ex
2452 3196 2585 3251 aliis
2614 3197 2793 3250 etiam
2834 3196 3176 3251 nationibus
3225 3197 3516 3265 nonnulli,
3569 3199 3744 3254 illum

2097 3287 2266 3358 quasi
2300 3287 2557 3357 primum
2581 3287 2765 3340 Deum
2796 3285 3146 3340 conﬁtentes
3169 3286 3418 3341 adorant
3446 3304 3747 3358 quoque.»

2096 3379 2166 3430 Et
2191 3376 2254 3430 in
2281 3375 2487 3431 eadem
2523 3375 2791 3446 apologia
2843 3375 3054 3429 asserit
3110 3374 3414 3431 daamonas
3452 3377 3743 3433 excitasse

2099 3462 2322 3536 Σίμωνα
2350 3463 2442 3517 καὶ
2473 3459 2783 3535 Μένανδρον
2817 3459 2921 3516 ἄπὸ
2983 3463 3311 3534 Σαμαρείας,
3371 3464 3422 3517 οἳ
3481 3464 3572 3518 καὶ
3635 3485 3744 3536 μα-

2094 3554 2252 3628 γικὰς
2304 3549 2558 3625 δυνάμεις
2615 3553 2936 3620 ποιήσαντες
2994 3549 3241 3613 πολλοῦς
3273 3549 3616 3623 ἐξηπάτησαν
3649 3553 3740 3608 καὶ

2095 3640 2173 3696 ἔτι
2202 3642 2593 3715 ἀπατωμένους
2630 3636 2846 3714 ἔχουσι,
2873 3663 2902 3692 ‹‹
2934 3643 3032 3714 qui
3069 3643 3247 3697 etiam
3275 3659 3432 3698 nunc
3465 3644 3744 3699 seductos

2094 3733 2419 3805 possident,
2454 3755 2476 3784 ι
2509 3749 2630 3787 non
2659 3737 2725 3786 ut
2745 3732 3059 3802 interpres,
3096 3752 3123 3784 ι
3152 3748 3301 3801 quos
3333 3732 3621 3788 seducant
3645 3735 3752 3789 ha-

2092 3830 2252 3885 bent.
2288 3853 2315 3879 »
2341 3830 2505 3884 Unde
2537 3829 2608 3883 de
2631 3829 2825 3900 seipso
2858 3829 2940 3884 ita
2971 3829 3232 3900 loquitur
3260 3830 3322 3884 in
3371 3830 3560 3885 altera
3611 3847 3748 3903 apo-

2092 3920 2281 3992 logia:
2318 3917 2417 3971 Καὶ
2448 3921 2544 3970 τοῦ
2570 3915 2621 3971 ἐν
2652 3920 2728 3988 τῷ
2757 3916 2877 3990 ἐμῷ
2906 3914 3041 3971 ἔθνει
3102 3911 3331 3978 ἀσεϐοῦς
3389 3919 3480 3971 καὶ
3529 3916 3745 3973 πλάνου

2093 4011 2440 4081 Σιμωνιανοῦ
2486 4003 2758 4081 δόγματος
2812 4005 3207 4080 κατεφρόνησα.
3261 4031 3289 4058 ‹‹
3337 4011 3450 4080 Ego
3500 4025 3739 4080 quoque

2090 4098 2340 4170 impium
2363 4101 2422 4152 et
2443 4113 2760 4152 erroneum
2807 4097 2868 4151 in
2918 4103 3089 4168 gente
3148 4114 3281 4153 mea
3325 4099 3738 4154 Simonianum

2090 4189 2302 4261 dogma
2331 4187 2594 4259 despexi.
2631 4209 2658 4237 »
2692 4187 2918 4242 Pariter
2961 4187 3033 4242 de
3075 4189 3164 4242 sui
3217 4189 3320 4243 aevi
3375 4189 3737 4245 Simonianis

2089 4279 2360 4334 Clemens
2407 4276 2863 4343 Alexandrinus,
2919 4277 3182 4334 Stromat.
3245 4278 3348 4332 lib.
3395 4295 3472 4332 ιιι
3533 4277 3603 4333 Oi
3681 4274 3742 4331 δὲ

2087 4367 2224 4444 ἀμφὶ
2255 4365 2348 4420 τὸν
2383 4363 2606 4438 Σίμωνα
2634 4368 2715 4436 τῷ
2745 4365 2997 4432 Ἐστῶτι,
3030 4365 3087 4419 ὅν
3121 4360 3391 4432 σέϐουσιν,
3445 4362 3741 4437 ἐξομοιοῦ-

2089 4475 2207 4528 σθαι
2236 4462 2440 4540 τρόπον
2475 4460 2789 4537 βούλονται.
2825 4485 2852 4513 ‹‹
2890 4463 3143 4520 Simonis
3170 4470 3369 4520 autem
3410 4470 3739 4520 sectatores

2089 4554 2274 4609 Stanti
2308 4571 2485 4626 quem
2513 4553 2716 4608 colunt
2745 4553 2952 4608 volunt
3000 4554 3316 4609 assimilari
3370 4554 3659 4609 moribus.
3703 4577 3729 4603 ι)

329 4636 832 4706 ειάῐιωτεειιιιιροει
845 4651 974 4706 quae
992 4637 1361 4692 notissimum
1375 4635 1886 4691 esteucharistiam

2170 4649 2295 4698 stea
2325 4625 2607 4714 Origenes
2648 4642 2749 4696 lib.
2783 4659 2861 4709 v1,
2913 4650 3105 4698 contra
3152 4643 3405 4700 Celsum:
3462 4637 3725 4712 Οὐδαίμοῦ

325 4731 496 4782 aetate
511 4725 796 4781 celebrari
810 4727 1034 4783 solitam
1047 4730 1466 4796 esse;hortatur
1477 4726 1656 4781 etiam
1671 4726 1985 4782 utvisitent

329 4817 855 4887 inﬁrmos,viduas,
880 4820 1163 4892 pupillos,
1199 4833 1609 4891 pauperesque
1625 4816 1978 4874 nullomodo

327 4908 643 4980 negligant,
675 4906 774 4977 qui
803 4923 1010 4962 omnes
1033 4924 1100 4962 ex
1119 4905 1520 4961 oblationibus
1543 4910 1601 4959 et
1622 4904 1843 4976 agapis,
1875 4905 1976 4960 ubi

327 4997 1469 5062 eucharistiacelebrabatur,sustentant
1489 4993 1974 5060 solebant.Quare

322 5095 479 5152 idem
501 5095 838 5151 subiudicat
860 5092 1407 5166 Polycarpus,quod
1432 5092 1588 5148 clare
1620 5092 1851 5148 locutus
1883 5096 1975 5148 est

320 5187 634 5260 lgnatius.«
657 5185 768 5240 Sed
799 5185 848 5241 si
880 5199 1082 5238 verum
1115 5186 1292 5245 esset,
1325 5181 1415 5236 vel
1442 5182 1513 5237 ab
1571 5182 1790 5238 Irenaeo
1850 5199 1969 5237 me-

321 5273 732 5344 moratum,vel
757 5273 827 5329 ab
851 5273 967 5328 alio
987 5272 1186 5341 aliquo
1211 5276 1385 5325 esset.
1408 5295 1425 5319 -
1450 5270 1731 5327 Dedimus
1758 5271 1964 5339 alium,

321 5370 374 5418 et
392 5363 632 5435 quidem
648 5363 903 5417 maxime
943 5360 1446 5416 idoneumtestem
1463 5362 1516 5416 S.
1550 5361 1960 5432 Polycarpum.

319 5453 578 5507 Irenmus
611 5455 808 5506 autem
833 5448 1292 5521 ﬁuriosissimus
1325 5450 1748 5505 Valentinianaa
1781 5450 1967 5504 haere-

321 5557 454 5596 seos
485 5541 820 5611 explorator
851 5538 982 5606 fuit,
1017 5537 1400 5610 omniumque
1425 5557 1555 5611 quae
1586 5539 1657 5593 ab
1691 5556 1759 5593 ea
1812 5545 1965 5593 nataa

325 5633 462 5682 sunt
490 5628 973 5686 accuratissimus
997 5628 1304 5701 indagator
1333 5629 1752 5684 :vetustiorum
1777 5628 1968 5682 haere-

319 5715 568 5772 ticorum
591 5715 801 5774 deliria
824 5716 1079 5774 breviter
1090 5716 1460 5785 describit,et
1477 5715 1854 5788 disciplinam
1872 5715 1964 5771 vix

2087 4737 2186 4800 τῆς
2220 4731 2548 4802 οἰκουμένης
2583 4731 2634 4784 οἱ
2670 4730 3020 4802 Σιμωνιανοί.
3057 4753 3082 4783 α
3113 4732 3327 4787 Nullibi
3358 4730 3622 4803 gentium
3658 4733 3739 4787 Si-

2089 4820 2374 4876 moniani.
2410 4841 2438 4870 ››
2470 4821 2599 4891 Ipse
2623 4825 2828 4875 tamen
2861 4821 3128 4891 ejusdem
3157 4821 3352 4891 operis
3381 4819 3483 4875 lib.
3519 4837 3536 4874 1
3563 4837 3575 4875 :
3602 4819 3736 4874 Νυνί

2088 4907 2144 4963 δὶ
2172 4908 2299 4971 τοὺς
2331 4907 2532 4964 πάντας
2558 4905 2611 4961 ἒν
2641 4910 2708 4979 τῇ
2734 4906 3030 4981 οἷ’κουμένῃ
3065 4907 3162 4961 οὐκ
3184 4901 3294 4962 ἔστι
3354 4909 3731 4980 Σιμωνιανοὺς

2085 5000 2262 5073 εὑρεῖν
2309 4997 2402 5052 τὸν
2459 4995 2711 5068 ἀριθμὸν,
2766 4997 2945 5070 οἶμαι,
3021 4995 3327 5071 τριάκοντα,
3409 4995 3502 5050 καὶ
3583 4997 3730 5071 τάχα

2082 5086 2340 5148 πλείονας
2371 5085 2523 5141 εἶπον
2551 5090 2658 5140 τῶν
2691 5081 2884 5140 ὄντων.
2913 5085 3034 5142 Εἰσὶ
3067 5083 3125 5141 δί
3175 5087 3298 5161 περὶ
3353 5087 3453 5154 τὴν
3519 5086 3730 5140 Παλαι-

2083 5182 2262 5250 στίνην
2295 5177 2501 5259 σφόδρα
2531 5177 2840 5254 ἐλάχισσοι,
2870 5181 2971 5243 τῆς
3027 5179 3086 5233 τὶ
3141 5175 3343 5244 λοιπῆς
3401 5178 3734 5252 οἰκουμένης

2081 5267 2325 5342 οὐδαμοῦ
2352 5268 2414 5323 τὸ
2442 5263 2612 5340 ὄνομα
2651 5267 2818 5322 αὐτοῦ
2850 5269 2971 5330 καθ’
3007 5267 3073 5336 ἣν
3106 5264 3345 5338 ἡθέλησε
3394 5265 3550 5337 δόξαν
3606 5269 3733 5340 περὶ

2078 5359 2272 5414 ἑαυτοῦ
2334 5353 2698 5412 διασκεδάσαι.
2741 5379 2761 5408 ι
2824 5359 2988 5412 Nunc
3046 5363 3244 5412 autem
3296 5359 3356 5412 in
3404 5363 3528 5412 toto
3589 5357 3732 5412 orbe

2078 5451 2289 5522 opinor
2313 5448 2404 5502 vix
2424 5447 2663 5518 triginta
2681 5446 3056 5502 Simonianos
3083 5447 3362 5519 reperiri;
3387 5463 3456 5501 ac
3481 5447 3733 5502 fortasse

2076 5557 2150 5594 ne
2184 5544 2268 5593 tot
2301 5537 2564 5608 quidem.
2599 5537 2745 5590 Sunt
2777 5537 2936 5591 enim
2969 5535 3030 5590 in
3062 5536 3382 5592 Palaestina
3411 5537 3589 5607 pauci
3625 5535 3732 5590 ad-

2079 5628 2343 5690 modum,
2368 5627 2430 5680 in
2457 5625 2690 5696 reliquo
2713 5641 2848 5680 vero
2883 5625 3022 5681 orbe
3040 5640 3337 5697 nusquam
3353 5641 3573 5680 nomen
3597 5625 3725 5694 ejus

2083 5721 2174 5774 est
2203 5717 2265 5771 in
2303 5731 2372 5770 ea
2406 5714 2692 5788 opinione
2755 5714 2813 5769 in
2875 5730 2990 5787 qua
3031 5714 3156 5787 ipse
3213 5713 3416 5770 haberi
3471 5713 3671 5769 voluit.
3704 5734 3740 5764 io
