3942 6302
162 387 262 447 389
855 384 917 446 Ι.
961 385 1396 449 PEARSONII
1446 383 1812 446 VINDICUE
1857 383 2339 446 lGNATlANE.
2387 419 2464 433 --
2507 384 2706 448 PARS
2748 386 2825 448 ll.
3433 387 3552 448 390

164 522 375 578 Eusebii
400 525 570 577 aetate
603 521 916 577 exstabant
944 521 1046 592 qui
1083 521 1212 593 ejus
1243 519 1518 575 hmresim
1544 519 1788 591 proflte—
1818 519 1868 585 Α
1900 517 2166 588 ipsorum
2199 522 2490 589 potestate
2524 518 3107 574 nonvidebant.Fieri
3133 519 3311 575 etiam
3332 525 3546 592 potest,

164 613 675 682 bantur;quicum
697 610 1066 666 Christianos
1107 627 1169 666 se
1231 609 1637 677 simulassent,
1671 610 1792 665 dae-
1905 613 1972 661 ut
2002 607 2150 661 illud
2183 609 2487 678 potuerint
2533 609 2748 672 facere,
2801 625 2912 664 nec
2959 614 3158 665 tamen
3206 609 3546 665 faciendum

167 719 388 758 monum
411 706 613 756 tamen
645 701 830 757 cultui
862 717 924 755 se
954 700 1226 772 privatim
1258 699 1697 771 mancipabant,
1729 703 1792 753 ut
1901 701 2258 770 putaverint,
2280 699 2611 754 rationibus
2642 699 2714 755 ab
2747 700 2874 772 ipso
2890 702 3111 772 Ignatio
3141 701 3390 758 redditis
3413 718 3546 773 per-

169 792 276 862 ipse
307 796 551 847 testatur
571 790 675 846 lib.
701 808 760 856 ll,
792 807 919 861 cap.
955 791 1042 844 l3.
1075 791 1336 844 Fuerunt
1385 789 1562 861 igitur
1583 804 1794 859 quam-
1901 791 2068 855 moti,
2103 796 2203 845 aut
2234 791 2412 845 etiam
2471 791 2662 845 ablata
2693 792 3020 859 occasione,
3077 797 3137 847 et
3167 793 3544 848 inimicorum

167 880 383 951 plurimi
415 884 587 934 aetate
616 879 824 950 lgnatii
857 877 1206 940 Simoniani,
1233 878 1332 947 qui
1357 876 1788 947 nefandaquze-
1900 879 2100 934 furore
2160 881 2460 950 praaventi,
2513 897 2647 935 cum
2703 881 2964 951 lgnatius
3013 903 3041 930 «
3097 882 3423 937 subductus
3456 888 3546 939 est

167 968 281 1022 dam
311 968 588 1038 mysteria
619 966 1024 1036 celebrabant,
1074 966 1496 1021 eucharistiam
1522 965 1789 1032 minime,
1900 984 2034 1022 cum
2067 968 2444 1022 festinatione
2479 968 2540 1022 in
2597 968 3122 1039 amphitheatrum,
3159 992 3188 1020 ››
3227 975 3293 1024 ut
3323 970 3385 1024 in
3417 972 3544 1040 ejus

167 1058 251 1128 qui
281 1058 573 1113 Simonem
606 1056 846 1128 quidem
894 1055 1188 1125 colebant,
1249 1055 1354 1110 sed
1411 1055 1518 1110 sub
1577 1054 1791 1110 Christi
1900 1055 2354 1128 Actislegimus.
2389 1057 2538 1111 Fieri
2581 1057 2837 1127 denique
2869 1063 3082 1128 potest,
3117 1063 3182 1112 ut
3219 1058 3367 1114 illud
3419 1059 3546 1113 effi-

167 1148 410 1200 nomine:
446 1143 665 1199 Πλάνου
698 1144 792 1216 μὶν
826 1139 978 1204 ὄντος
1033 1143 1224 1212 αὐτοῦ,
1256 1143 1472 1216 μορφὴν
1501 1140 1558 1197 δὲ
1587 1141 1724 1214 ὀνόμ

1982 1163 2030 1200 re
2046 1162 2166 1200 non
2190 1147 2491 1217 potuerint
2507 1147 2633 1201 sine
2648 1147 2777 1200 vita;
2791 1145 3048 1217 plurium
3071 1147 3539 1204 Christianorum

165 1253 242 1295 τος
270 1238 504 1308 Χριστοῦ
537 1230 923 1305 ἐνδυσαμένου,
966 1255 994 1284 ‹‹
1053 1234 1152 1304 qui
1212 1234 1446 1289 tametsi
1505 1234 1722 1304 impost

1983 1235 2182 1296 riculo,
2219 1242 2320 1290 aut
2341 1235 2517 1289 etiam
2539 1237 2664 1290 sine
2695 1240 3036 1307 peccato.At
3066 1253 3183 1291 non
3216 1244 3419 1308 peccat
3440 1238 3540 1309 qui

170 1330 318 1386 esset,
351 1324 607 1394 speciem
633 1329 832 1377 tamen
853 1322 1114 1377 nominis
1144 1322 1357 1376 Christi
1386 1323 1725 1393 assumpsit,
1758 1343 1786 1371 »
1898 1325 1958 1380 id
1989 1325 2128 1379 boni
2157 1341 2276 1380 non
2306 1325 2466 1392 facit,
2498 1341 2614 1396 quo
2663 1326 2853 1396 majus
2911 1326 3153 1396 aliquod
3202 1326 3426 1381 bonum
3457 1327 3547 1382 fa-

167 1418 222 1465 ut
247 1418 484 1466 testatur
509 1412 900 1483 Epiphanius.
929 1412 1068 1476 Quae
1100 1427 1232 1466 cum
1267 1412 1348 1466 ita
1377 1411 1517 1478 sint,
1547 1417 1792 1483 apparet
1899 1431 2030 1470 cere
2062 1414 2269 1484 possit,
2303 1419 2404 1470 aut
2461 1415 2621 1484 quod
2679 1413 2894 1482 facere,
2952 1415 3078 1470 sine
3137 1420 3376 1486 peccato
3425 1432 3545 1470 non

170 1501 512 1556 Simonianos
549 1501 660 1556 sub
709 1501 952 1555 Claudio
982 1500 1230 1555 minime
1286 1501 1608 1556 exstinctos
1635 1517 1787 1569 esse,
1898 1502 2098 1574 possit.
2136 1525 2162 1551 ‹‹
2195 1505 2318 1556 Non
2351 1519 2570 1573 quiem,
2605 1503 2818 1574 inquit,
2854 1520 2983 1572 quae
3014 1503 3324 1574 qualisque
3369 1504 3550 1558 fuerit

166 1591 373 1659 Trajani
397 1597 453 1644 et
484 1590 808 1663 Ignatianaa
841 1589 1136 1660 passionis
1182 1589 1547 1660 temporibus
1579 1607 1790 1660 quam-
1898 1591 1999 1645 illa
2027 1609 2156 1662 qua)
2182 1593 2460 1646 Romanis
2493 1608 2527 1647 a
2550 1597 2752 1646 nostro
2776 1592 3055 1646 tribuitur
3103 1598 3383 1663 potestas.
3421 1614 3447 1642 ν
3474 1596 3547 1648 At

171 1680 429 1750 plurimos
457 1679 778 1747 exstitisse,
810 1678 1077 1748 adeoque
1109 1677 1182 1733 de
1214 1678 1334 1732 illis
1380 1695 1551 1750 posse
1600 1679 1789 1751 accipi
1900 1681 2137 1736 omnino
2156 1680 3548 1751 quaerendumimostatuendumeratqualishiec

168 1785 279 1838 quae
299 1786 330 1824 a
359 1770 645 1840 scriptore
677 1769 1061 1840 epistolarum
1075 1768 1147 1823 de
1171 1767 1528 1839 quibusdam
1543 1769 1631 1823 sui
1649 1774 1790 1824 tem-
1898 1775 2158 1840 potestas
2186 1769 2734 1840 fuerit,priusquam
2759 1770 3177 1840 pronuntiaret
3204 1771 3548 1840 gravissime

170 1859 305 1928 poris
334 1859 626 1914 hazreticis
657 1858 815 1914 dicta
845 1862 1004 1912 sunt.
1821 1905 1868 1970 Β
1901 1875 2000 1913 eos
2031 1865 2397 1929 peccaturos,
2421 1859 2467 1912 si
2503 1859 2607 1913 illa
2635 1859 2720 1912 uti
2752 1858 2814 1912 in
2847 1859 2957 1913 hac
2989 1875 3168 1914 causa
3193 1859 3420 1913 nollent
3450 1879 3464 1926 ;
3491 1863 3550 1913 et

231 1967 256 1970 _
329 1968 371 1970 γ-
478 1966 488 1970 -
847 1964 885 1970 -.
1029 1964 1063 1970 ,Α
1229 1965 1240 1970 -
1316 1965 1362 1970 _-
1426 1965 1437 1970 -
1506 1966 1517 1970 -
1903 1955 2085 1970 --Α---μ
2109 1948 2235 1970 ι-13-
2264 1953 2411 1970 ----Δ
2448 1947 3524 1970 __-_:II£__-_II-_.-.I___-L_2_:_-__-L

231 1967 297 2020 De
326 1966 615 2021 Marcione
644 1981 774 2036 qua
831 1964 1090 2031 disserit,
1143 1965 1244 2034 qui
1306 1965 1521 2020 Christi
1582 1983 1797 2040 corpus
1825 1947 1868 1970 ”
1903 1947 3546 2040 utgurr}miiseésetrqua?illisqplloquosubripiposset

171 2054 585 2126 phantasticum
621 2035 842 2121 docuit,
871 2060 930 2108 et
962 2059 1161 2108 tamen
1195 2054 1614 2112 eucharistiam
1644 2035 1728 2112 cel

1984 2035 2090 2091 Sed
2138 2036 2237 2090 ille
2287 2037 2412 2090 haec
2469 2037 2643 2090 toties
2699 2036 3033 2103 afﬁrmavit,
3087 2041 3145 2090 et
3199 2042 3399 2091 tamen
3430 2036 3541 2091 falv

171 2124 429 2212 bravit,ad
460 2150 706 2199 aetatem
739 2143 945 2216 lgnatii
969 2160 1088 2198 non
1120 2147 1632 2217 spectant;neque
1657 2147 1800 2218 quid
1906 2142 2063 2218 5“m_
2095 2130 2200 2180 θδῗ·
2258 2124 2423 2218 Οἷιοά
2473 2125 2800 2180 afﬁrmasse
2855 2125 3090 2218 dicm")
3139 2125 3356 2218 “iiqu
3415 2141 3544 2180 esse

175 2233 375 2288 Docetai
406 2250 474 2288 eo
511 2251 636 2288 aevo
694 2214 968 2296 fecerint,
1015 2214 1354 2288 ostendunt.
1395 2233 1484 2288 illi
1521 2214 1692 2290 enirn—
1728 2262 1732 2286 ε

1992 2214 2170 2269 ndum
2203 2214 2516 2286 probatum
2564 2220 2672 2280 est,
2707 2231 2900 2285 neque
2961 2214 3195 2285 probari
3241 2215 3364 2270 ullo
3422 2231 3549 2269 mo-

176 2329 339 2376 morte
363 2323 583 2377 Christi
615 2322 805 2376 multa
829 2322 1316 2392 docuerunt,quaa
1347 2322 1608 2379 Marcion
1638 2327 1733 2380 nu]

2007 2308 2240 2374 potest;
2273 2320 2349 2359 an
2381 2303 2555 2359 toties
2600 2304 2660 2358 id
2716 2303 2929 2358 dixerit
2988 2303 3260 2374 scriptor,
3310 2304 3438 2374 jam
3468 2303 3548 2356 vi-

177 2411 327 2466 modo
357 2412 665 2467 sustinuit.
713 2413 783 2465 Et
840 2410 1235 2466 Tertullianus
1291 2416 1543 2467 testatur
1574 2431 1640 2469 eo
1673 2414 1801 2485 ipso
1907 2393 2367 2491 gelidum-iii?“
2401 2394 2591 2491 ΨίΨο
2618 2392 2896 2491 quidixit
2927 2409 3009 2461 se:
3047 2414 3073 2442 “
3105 2392 3297 2491 3i__i“i
3348 2393 3550 2447 νοίυθ⁶

176 2499 302 2566 loco,
342 2503 436 2572 qui
467 2500 844 2573 producitur,
878 2501 1234 2555 Marcionem
1268 2508 1639 2558 sacramenta
1655 2481 1802 2574 ΡξὌ,
1906 2482 2047 2550 rint,
2084 2487 2140 2536 et
2168 2483 2217 2535 si
2249 2481 2332 2536 illi
2364 2498 2484 2537 non
2523 2481 2902 2552 impedirent,
2938 2502 2966 2530 ››
3021 2481 3398 2546 moriturum,
3431 2497 3554 2536 non

176 2591 283 2659 pria
309 2591 608 2646 habuisse.
641 2589 900 2662 lgnatius
931 2595 1129 2645 autem
1171 2590 1242 2644 de
1296 2590 1574 2647 Ecclesiae
1605 2608 1804 2648 sacra-
1909 2581 2106 2634 statim
2137 2581 2304 2647 δίκην
2345 2603 2364 2628 ⁸
2402 2584 2653 2634 mortem
2687 2580 2835 2650 elusi
2870 2581 2916 2633 εί
2939 2579 3174 2648 "clienti
3207 2579 3431 2634 minam
3461 2579 3558 2633 fu-

177 2686 352 2735 mento
378 2682 504 2735 sine
536 2680 722 2736 dubio
747 2679 1171 2751 intelligendus
1204 2684 1311 2746 est,
1344 2697 1379 2735 a
1409 2698 1524 2752 quo
1553 2686 1612 2736 et
1642 2683 1799 2737 Mar-
1911 2675 2125 2724 iuram-
2161 2693 2182 2721 ³
2215 2669 2457 2723 Diversa
2488 2669 2612 2722 hinc
2640 2668 2816 2738 ΡῙᾶῐιθ
2847 2673 3005 2722 ευηί·
3041 2668 3207 2722 Νονίῑ
3234 2669 3288 2723 S-
3325 2673 3551 2738 martyr

179 2767 292 2823 cion
321 2768 905 2839 abstinuit.Denique
937 2785 1072 2824 cum
1104 2773 1516 2841 argumentum
1539 2770 1736 2826 abinte

1994 2759 2158 2814 utiles
2193 2774 2400 2813 omnes
2433 2759 2726 2812 Romanos
2758 2757 3146 2827 cupidissime
3175 2757 3551 2826 imperatoris

179 2857 418 2926 polatore
439 2859 592 2930 petit
613 2858 674 2929 (a
703 2873 819 2928 quo
849 2873 1156 2928 nunquam
1180 2857 1414 2912 videtur
1443 2859 1555 2914 nisi
1573 2859 1730 2915 docti

1994 2852 2214 2902 cretum
2247 2852 2628 2901 exsecuturos
2655 2851 2715 2900 et
2770 2845 2956 2915 ipsius
2989 2849 3179 2899 morte
3227 2844 3551 2899 delectatos

176 2946 471 3016 recedere),
497 2947 599 3018 qui
655 2947 781 3001 hac
814 2946 993 3002 verba
1018 2947 1290 3001 omisisse
1320 2948 1610 3017 videatur,
1643 2950 1804 3020 quod
1909 2938 2053 2992 fore.
2077 2936 2195 2991 Nisi
2220 2936 2400 3007 igitur
2442 2935 2687 2991 Romani
2723 2933 2928 2989 fideles
2983 2933 3438 3001 intercederent,
3490 2939 3548 2988 et

177 3036 348 3090 minus
376 3053 509 3092 vera
539 3040 779 3108 putaret
809 3036 1060 3108 ;primo,
1093 3037 1506 3092 auctoritatem
1533 3039 1590 3092 Β,
1625 3039 1808 3093 Theo-
1910 3027 2259 3098 martyrium
2279 3026 2406 3096 ejus
2429 3024 2627 3096 aliquo
2649 3024 2822 3078 modo
2847 3023 3135 3094 impedire
3173 3027 3553 3092 conarentur,

177 3124 340 3181 doreti
372 3126 784 3199 interpolatori
817 3126 1194 3198 opponimus,
1215 3127 1456 3197 quihaac
1478 3128 1608 3199 ipsa
1628 3129 1806 3185 verba
1912 3116 2246 3172 certissima
2275 3115 2327 3169 ei
2360 3131 2519 3169 mors
2539 3118 2602 3168 ut
2633 3118 2690 3167 et
2721 3111 3167 3184 exoptatissima
3191 3129 3296 3183 pro
3320 3112 3553 3168 Christo

179 3220 430 3286 tanquam
471 3234 621 3288 pura
653 3222 795 3288 puta
821 3216 1126 3289 lgnatiana
1158 3222 1216 3271 et
1245 3217 1550 3272 verissima
1571 3219 1798 3273 exscri-
1835 3272 1873 3289 η
1910 3205 2040 3260 fuit.
2065 3206 2192 3259 Non
2210 3209 2408 3258 tamen
2433 3203 2569 3257 inde
2593 3201 2863 3272 sequitur
2882 3200 3102 3256 dixisse
3136 3217 3294 3268 eum,
3327 3201 3555 3256 nullam

178 3305 587 3372 psit,hzereticis
621 3305 712 3360 sui
755 3305 1037 3376 temporis
1078 3305 1318 3376 obiecit,
1350 3322 1546 3377 neque
1579 3308 1800 3363 veritus
1831 3272 1874 3338 C
1911 3296 2034 3350 fore
2069 3299 2342 3362 mortem,
2373 3293 2420 3346 si
2452 3292 2770 3347 Christiani
2802 3291 3116 3358 voluerint,
3141 3296 3242 3346 aut
3265 3291 3555 3362 impedire

178 3398 337 3447 estne
366 3394 467 3449 illa
485 3393 978 3449 verbaauctorem
1011 3393 1396 3464 epistolarum
1430 3394 1610 3450 alium
1627 3412 1806 3465 quam
1909 3388 2269 3439 conarentur
2293 3399 2305 3436 :
2325 3383 2436 3436 hoc
2455 3382 2615 3436 enim
2635 3397 2709 3436 an
2733 3380 2969 3435 efﬁcere
2987 3385 3248 3452 possent,
3283 3379 3555 3435 dubitare

180 3480 443 3551 Ignatium
503 3484 855 3556 episcOpum
905 3483 1341 3538 Antiochenum
1375 3489 1432 3538 et
1483 3489 1806 3556 martyrem
1910 3473 2088 3527 etiam
2123 3471 2220 3525 ille
2251 3471 2352 3541 qui
2383 3470 2508 3524 haec
2532 3469 2762 3524 dixerat
2781 3469 2992 3540 potuit.
3012 3468 3175 3523 Novit
3197 3467 3467 3524 inﬁdeles
3500 3473 3558 3522 et

178 3571 486 3639 proderent,
507 3571 805 3639 secundo,
837 3571 1228 3643 interpolator
1257 3571 1408 3642 ipse,
1441 3573 1541 3642 qui
1571 3591 1677 3644 pro
1702 3591 1808 3629 sua
1910 3561 2173 3632 potuisse
2214 3566 2272 3612 et
2322 3557 2579 3613 voluisse
2611 3574 2745 3612 eum
2778 3557 3114 3612 interficere
3148 3563 3345 3622 ;certo
3377 3558 3558 3629 igitur

179 3657 420 3729 libidine,
452 3677 829 3733 quascunque
885 3660 1070 3715 voluit
1116 3661 1390 3715 omittere
1432 3661 1643 3716 solitus
1694 3669 1803 3731 est,
1910 3652 2020 3704 hoc
2047 3651 2311 3704 filiumin
2345 3653 2488 3713 erat»
2513 3647 2630 3702 niSi
2663 3647 2879 3717 aliquis
2921 3646 3258 3717 impediret
3288 3647 3455 3702 NOVii
3495 3663 3557 3702 Se

183 3747 322 3804 nullo
351 3751 523 3805 modo
551 3767 623 3805 ea
642 3749 821 3805 verba
845 3749 1138 3814 omisisse,
1161 3749 1319 3820 quod
1350 3765 1488 3805 vera
1520 3766 1650 3806 esse
1683 3767 1805 3806 non
1910 3756 1945 3794 ἃ
1977 3741 2092 3793 Deo
2126 3737 2198 3792 ad
2247 3737 2597 3807 ωενιγνίιιω
2631 3741 2901 3791 vocatum
2935 3751 3066 3789 8586
3093 3751 3106 3800 ;
3141 3735 3429 3806 impedire
3461 3752 3560 3790 νο·

184 3841 408 3904 putaret,
439 3839 748 3912 putandus
806 3844 915 3908 est,
948 3843 1013 3894 ut
1043 3855 1114 3894 ex
1144 3839 1236 3893 his
1267 3855 1397 3909 qua,
1441 3855 1648 3894 eorum
1675 3839 1805 3895 ιοοο
1910 3829 2092 3882 luisse
2125 3842 2301 3880 nemo
2333 3825 2644 3878 hominum
2670 3829 2912 3912 praeter
2963 3822 3332 3912 Christianos
3360 3826 3559 3879 Romae

184 3927 348 3993 posita
377 3911 514 3984 sunt
542 3932 796 4000 apparet
831 3944 842 3981 :
875 3925 969 3980 τὸν
1005 3925 1232 4000 σταυρὸν
1263 3925 1711 4000 ἐπαισχύνονται,

2002 3917 2264 3971 istitutos
2295 3913 2626 3969 credendus
2655 3911 2785 3967 fuit.
2811 3913 2867 3966 Si
2900 3911 3079 3982 igitur
3107 3911 3196 3964 illi
3218 3911 3377 3966 idem
3401 3913 3559 3983 quod

183 4013 330 4075 πάθος
354 4015 713 4090 χλευάζουσι,
770 4015 869 4083 τὴν
925 4013 1209 4068 ἀνάστασιν
1252 4012 1606 4088 κωμῳδοῦσι.
1667 4019 1740 4082 QU

1999 4053 2001 4059 λ
2031 4005 2380 4070 vellent,aut
2400 4019 2518 4057 non
2551 4001 2928 4072 impedirent,
2946 3999 3282 4054 certissima
3311 4001 3556 4071 martyri

185 4104 320 4160 enim
341 4087 436 4162 eos
468 4106 850 4163 eucharistiaa
877 4110 1250 4161 sacramento
1266 4123 1404 4161 usos
1418 4105 1600 4162 fuisse
1619 4111 1806 4178 putet,
1913 4111 2072 4150 mOI‘S
2103 4093 2234 4158 fuit.
2257 4092 2375 4147 Sive
2407 4091 2492 4145 iiii
2524 4089 3032 4161 reveraimpedire
3062 4087 3412 4160 Ροῐυίδδθῐη,
3439 4090 3557 4144 Sive

185 4194 268 4262 qui
299 4215 323 4246 ι
347 4197 558 4252 Christi
614 4211 858 4251 crucem
916 4194 1296 4262 erubescunt,
1332 4195 1432 4266 qui
1465 4195 1807 4266 passionem
1913 4201 2055 4240 non.
2088 4182 2252 4238 Multi
2314 4182 2471 4237 enim
2523 4179 2844 4236 Christiani
2878 4179 3246 4234 confessores
3276 4195 3311 4232 a
3365 4183 3557 4234 morte

184 4281 290 4352 ejus
321 4285 722 4356 derident,qui
743 4283 1428 4340 resurrectionemludos
1451 4284 1808 4356 faciunt,qui
1913 4274 2164 4330 liberare
2178 4272 2373 4326 conati
2399 4275 2556 4338 Simia
2589 4270 2690 4340 cliii
2722 4269 2784 4356 id
2815 4268 3048 4356 θίᾚοθξξθ
3065 4285 3186 4356 “(In
3202 4272 3552 4356 ρρμξθιπιιιιιε

182 4369 459 4431 infidelem
486 4374 870 4431 inimicitiam
903 4390 1038 4429 cum
1069 4374 1323 4429 invicem
1357 4373 1595 4430 habent.
1624 4395 1650 4423 »
1676 4374 1739 4429 Hi

2028 4360 2342 4432 Peregrino
2376 4358 2703 4413 Lucianus:
2762 4353 2912 4412 Ἐπεὶ
2972 4351 3030 4408 δὲ
3088 4352 3182 4408 οὖν
3243 4351 3476 4423 satam,
3509 4355 3563 4408 οἱ

185 4475 306 4515 sane
335 4463 427 4520 ille
454 4462 844 4536 posuit,quod
875 4461 1033 4518 idem
1060 4463 1152 4518 his
1176 4462 1372 4517 verbis
1395 4462 1594 4518 doceri
1626 4467 1742 4534 put:

2008 4447 2228 4504 ιστιανοὶ
2287 4449 2569 4524 συμφορὰν
2623 4442 2948 4516 ποιούμενοι
3003 4443 3067 4498 τὸ
3123 4448 3351 4518 πρᾶγμα
3392 4443 3565 4500 πάντα

182 4555 260 4603 ret
285 4553 429 4622 quod
456 4530 532 4608 ab
564 4530 792 4625 lgnatio
806 4551 1030 4606 dictum
1045 4551 1117 4606 de
1146 4550 1218 4606 iis
1251 4551 1463 4622 est,qui
1487 4551 1560 4606 ab
1581 4530 1739 4624 agapi

2006 4557 2124 4591 νουν
2151 4535 2446 4611 ἐξαρπάσαι
2471 4534 2806 4608 πειρώμενοι
2853 4532 3038 4588 αὐτόν·
3099 4533 3201 4588 εἴτ’
3232 4530 3349 4588 ἐπεὶ
3399 4537 3563 4588 τοῦτο

185 4636 245 4689 ab
272 4620 643 4708 eucharistia,
676 4641 748 4696 ab
772 4640 1175 4696 oblationibus
1219 4620 1711 4710 abstinebant,vet
1735 4659 1742 4694 ε

2016 4624 2295 4694 ἀδύνατον,
2327 4622 2362 4694 ἤ
2393 4644 2454 4698 γε
2484 4621 2628 4692 ἄλλη
2663 4621 2918 4696 θεραπεία
2946 4627 3091 4676 πᾶσα
3147 4620 3209 4676 οὗ
3248 4621 3558 4698 παρέργως,

185 4724 418 4783 Ecclesia
446 4730 506 4784 in
528 4728 750 4785 diaboli
784 4733 978 4784 castra
1010 4728 1472 4784 transvolabant.

2006 4719 2064 4772 li
2085 4718 2176 4772 σὺν
2203 4713 2414 4788 σπουδῇ
2446 4714 2674 4789 ἐγίνετο.
2707 4738 2735 4764 ‹‹
2788 4718 3107 4785 Postquam
3167 4714 3394 4770 vinctus
3454 4721 3563 4781 est,

245 4832 562 4891 Secundum
596 4835 778 4907 hujus
810 4835 1020 4906 capitis
1048 4839 1464 4908 argumentum
1496 4833 1809 4905 epistolam
1920 4809 2234 4908 Οιξτίδίξθςιξξ
2267 4823 2437 4906 suam.
2465 4805 3195 4908 ίηίθιίθίίδιξθξιρυίδῗξθῇ
3219 4805 3420 4903 (Nimia
3438 4822 3564 4902 m‘f'

185 4919 246 4974 ad
275 4925 558 4981 Romanos
589 4892 839 4997 spectat,
881 4892 1017 4996 iqua
1071 4892 1359 4998 scriptum
1421 4892 1719 4997 significat
1748 4928 1809 4980 in
1918 4898 2330 4998 Y‘?_i’ai_‘i_iiiufii
2356 4897 2588 4995 θΓίΡθιςθ
2627 4893 2982 4950 conati-M01
3013 4892 3267 4998 ugbi'hoc‘
3290 4893 3565 4998 impossi:

187 5024 372 5067 eorum
400 4980 692 5085 potestate
722 4980 1147 5086 fuisseiipsum
1192 4980 1507 5086 supplicio”
1533 5013 1808 5069 liberare.
1921 4990 2040 5086 hil?
2071 4985 2586 5086 fuit’fiifomn‘is
2644 5000 2786 5039 cura
2832 4997 2956 5037 non
2999 4980 3422 5052 perfuncmne’
3464 4981 3569 5037 Sed

185 5074 448 5158 Fortasse.
491 5106 582 5159 An
615 5104 796 5175 igitur
839 5074 992 5158 inde.
1037 5074 1324 5175 sequitur.
1355 5103 1645 5173 Ignatium
1679 5119 1811 5158 eam
1923 5077 2130 5134 sedulo
2162 5074 2428 5131 adhibita
2451 5078 2558 5128 θεῖ’
2595 5093 2622 5121 ”

187 5188 470 5256 epistolam
523 5210 645 5248 non
705 5193 1016 5264 scripsisse
1071 5193 1100 5246 ?
1155 5192 1424 5248 Profecto
1458 5209 1577 5247 non
1621 5193 1808 5264 capio,
1994 5187 2116 5240 Duo
2139 5183 2317 5255 igitur
2333 5181 2462 5236 loca
2483 5196 2614 5251 qua)
2631 5179 2913 5251 produxit
2931 5179 3020 5234 vir
3040 5177 3566 5242 doctissimus,non

187 5297 208 5322 ει
239 5276 386 5342 Quod
420 5281 465 5336 si
497 5281 581 5337 ita
613 5286 724 5349 est,
758 5281 972 5352 inquit,
1007 5282 1277 5352 sequitur
1334 5284 1630 5336 Romanos
1680 5297 1808 5353 gra-
1923 5276 1981 5331 id
2014 5274 2280 5329 efﬁciunt
2307 5270 2466 5341 quod
2497 5268 2596 5323 ille
2623 5269 2812 5323 voluit
2837 5285 2850 5327 ;
2878 5268 2982 5323 sed
3008 5267 3216 5324 tertius
3265 5267 3353 5321 illi
3399 5267 3564 5322 vide-

186 5364 396 5423 vissime
416 5386 692 5440 peccasse
727 5387 740 5424 :
770 5387 907 5426 eum
939 5371 1099 5425 enim
1131 5387 1250 5424 non
1283 5370 1610 5425 liberarunt
1643 5391 1662 5419 ι
1688 5372 1812 5424 Imo
1923 5365 2097 5419 batur
2118 5374 2404 5422 asserere,
2425 5357 2483 5412 id
2508 5356 2652 5427 ipsis
2681 5357 2854 5411 facile
2881 5356 3084 5412 fuisse.
3127 5380 3154 5407 ‹‹
3189 5355 3366 5412 Vobis
3383 5356 3564 5425 enim,

187 5469 304 5510 vero
331 5474 444 5514 non
476 5461 766 5532 sequitur.
801 5460 950 5516 Fieri
1005 5461 1165 5515 enim
1197 5465 1392 5532 potest
1444 5465 1510 5514 ut
1567 5460 1811 5516 Romani
1923 5454 2138 5524 inquit,
2172 5449 2344 5506 facile
2367 5453 2459 5502 est
2483 5447 2544 5502 id
2587 5444 2746 5516 quod
2777 5445 2952 5500 vultis
3008 5445 3201 5501 facere
3230 5463 3242 5500 :
3296 5467 3324 5495 ››
3355 5444 3568 5500 facilli-

188 5542 474 5602 Christiani
513 5549 666 5604 illud
697 5550 934 5605 efficere
965 5566 1084 5604 non
1111 5549 1434 5620 potuerint,
1460 5549 1616 5620 quod
1649 5549 1815 5621 Igna-
1925 5560 2090 5599 mum
2121 5541 2299 5613 igitur
2330 5535 2685 5594 existimavit
2714 5533 2975 5606 epistolaa
3009 5535 3262 5606 scriptor
3289 5535 3570 5590 Romanis

188 5631 289 5688 tius
317 5639 531 5706 putavit
563 5655 665 5694 eos
693 5639 886 5696 facere
918 5639 1180 5713 potuisse
1205 5657 1218 5706 ;
1251 5639 1594 5712 gravissime
1616 5644 1815 5694 autem
1927 5631 2202 5688 fidelibus
2229 5625 2730 5700 fuisse,Ignatium
2753 5641 2787 5679 a
2805 5621 3492 5713 sententiagimperatoris
3514 5630 3575 5680 et

188 5736 292 5780 non
319 5727 660 5797 peccabant,
713 5729 816 5801 qui
871 5710 1026 5785 illud
1082 5744 1204 5785 non
1235 5710 1524 5796 fecerunt,
1557 5727 1716 5799 quod
1751 5728 1812 5784 in
1927 5725 2116 5779 morte
2137 5719 2413 5776 liberare.
2445 5719 2520 5773 At
2557 5716 2620 5772 in
2678 5715 2796 5772 illis
2842 5710 3033 5768 verbis
3077 5711 3150 5768 de
3197 5716 3388 5768 morte
3417 5713 3573 5770 nihil
