3942 6302
387 337 501 397 391

1457 335 1516 396 S.
1565 335 1962 398 lGNA'l‘IUS.
2015 367 2086 382 --
2131 337 2746 398 PROLEGOMENA.

3679 343 3806 402 392

385 477 606 533 dictum
631 479 739 542 est,
764 490 955 544 neque
1002 491 1071 529 ea
1120 477 1279 528 recte
1311 473 1563 545 intelligi
1615 473 1742 528 sine
1777 489 2034 543 sequen-
2062 494 2116 562 Α
2147 472 2438 544 suspicari
2472 489 2592 527 non
2624 477 2844 543 posset,
2875 477 2934 528 et
2985 490 3058 528 ex
3111 473 3213 529 tali
3257 473 3667 546 suppositione
3699 482 3807 533 aut

383 566 541 621 tibus
572 569 823 635 possunt
852 580 865 626 ;
901 580 1052 632 qum,
1080 563 1126 616 si
1191 579 1334 617 sana
1386 562 1525 630 sint,
1560 567 1626 618 ut
1654 561 1811 633 apud
1860 563 2031 616 Meta-

383 655 666 726 phrasten
695 657 926 708 exstant
959 652 1040 722 (in
1075 650 1277 706 codice
1322 652 1480 705 enim
1517 650 1912 706 Laurentiano
1946 667 2035 717 ea,

387 744 543 814 quod
568 742 887 798 dolendum
922 747 1028 810 est,
1063 759 1182 796 non
1241 742 1556 812 habentur)
1605 740 1921 796 ostendere
1953 740 2036 794 vi-

389 832 602 887 dentur
626 837 928 886 auctorem
953 830 1216 902 epistola:
1249 836 1487 900 putasse
1514 832 1809 884 Romanos
1830 828 2037 883 fideles

388 922 649 994 potuisse
680 937 812 974 eum
847 937 876 974 a
903 919 1192 990 supplicio
1224 919 1476 973 liberare
1505 935 1516 972 :
1546 923 1804 988 etquare
1829 917 1886 971 id
1911 917 2035 972 exi-

386 1011 625 1067 stimare
647 1027 767 1064 non
797 1008 1060 1080 potuerit
1078 1009 1354 1080 lgnatius,
1389 1007 1612 1062 nullam
1638 1007 1779 1061 satis
1803 1023 2034 1078 gravem

383 1118 621 1156 causam
653 1099 841 1154 video.
878 1098 1122 1168 Aliquot
1143 1097 1302 1152 enim
1329 1100 1528 1152 Roma)
1580 1113 1810 1167 magna:
1835 1101 2038 1151 aucto-

382 1191 574 1246 ritatis
607 1191 779 1256 viros,
815 1196 872 1243 et
902 1190 961 1242 in
1005 1189 1134 1260 ipsa
1161 1189 1339 1242 etiam
1369 1188 1507 1243 aula
1538 1187 1860 1242 nonnullos
1900 1193 2037 1241 tunc

385 1279 958 1335 Christianissimum
983 1278 1071 1332 vel
1101 1283 1304 1347 aperte
1336 1276 1657 1348 professos,
1685 1276 1772 1330 vel
1807 1282 2034 1330 secreto

386 1371 690 1440 amplexos
720 1369 900 1423 fuisse
931 1367 1322 1423 dubitandum
1355 1384 1474 1422 non
1507 1373 1597 1421 est
1622 1385 1634 1433 ;
1657 1368 1930 1437 qui,cum
1963 1365 2034 1420 ab

391 1457 541 1513 Urbe
575 1457 897 1527 imperator
923 1455 1178 1522 abesset,
1203 1455 1348 1510 illud
1376 1459 1532 1509 certe
1556 1472 1675 1509 non
1699 1472 1849 1525 aegre
1883 1455 2038 1510 obti-

388 1563 530 1602 nere
563 1546 821 1616 potuisse
866 1545 1110 1616 putandi
1145 1551 1372 1610 sunt,ut
1399 1545 1444 1598 si
1469 1562 1586 1599 non
1607 1545 2032 1612 remitteretur,

386 1637 596 1692 saltem
658 1636 997 1689 differretur
1056 1634 1367 1689 sententia)
1399 1633 1470 1688 ab
1528 1634 1882 1704 imperatore
1906 1633 2031 1704 jam

383 1727 625 1782 absente
662 1726 793 1780 lata:
827 1725 1143 1779 exsecutio.
1189 1724 1304 1779 Sed
1363 1740 1498 1778 cum
1549 1724 1609 1777 in
1645 1723 1835 1778 verbis
1888 1723 2034 1794 ipsis

379 1815 713 1886 reperiatur
743 1813 943 1883 aliqua
973 1814 1394 1884 discrepantia,
1429 1829 1548 1866 non
1582 1813 1696 1867 erit
1751 1818 1852 1866 aut
1882 1813 2027 1867 mihi

384 1903 724 1967 molestum,
759 1907 860 1957 aut
908 1903 1206 1972 cuiquam,
1257 1903 1342 1956 uti
1375 1919 1569 1973 spero,
1603 1902 1921 1972 ingratum,
1983 1902 2030 1955 si

387 1994 744 2049 sententiam
777 1998 1039 2047 nostram
1065 1993 1138 2047 de
1170 1992 1805 2063 lectionejampridem
1857 1991 2036 2046 dubia

386 2085 784 2154 interponam.
821 2085 1008 2136 Verba
1033 2083 1116 2136 sic
1148 2099 1209 2136 se
1232 2081 1469 2136 habent.
1496 2079 1648 2151 Ὑμῖν
1683 2079 1787 2154 γὰρ
1812 2077 2033 2152 εὐχερὲς

381 2170 527 2225 ἐστιν
569 2168 598 2224 ὅ
658 2167 842 2232 θέλετε
900 2176 1145 2237 ποιῆσαι·
1199 2167 1321 2241 ἐμοὶ
1386 2166 1442 2223 δὲ
1500 2165 1764 2222 δύσκολόν
1800 2167 2033 2222 ἐστιτοῦ

388 2262 522 2312 Θεοῦ
552 2258 853 2331 ἐπιτυχεῖν,
914 2257 1000 2312 ἐὰν
1051 2259 1210 2330 ὺμεῖς
1263 2256 1519 2335 φείσησθέ
1561 2279 1684 2329 μου.
1738 2261 1824 2314 Ita
1853 2261 2033 2316 Meta-

388 2345 901 2417 phrastes.Codex
933 2348 1329 2416 Augustanus,
1375 2345 1450 2416 μή
1485 2343 1741 2420 φείσησθέ
1788 2365 1914 2416 μου,
1977 2350 2036 2400 et

387 2442 553 2489 vetus
577 2436 870 2505 interpres
895 2458 921 2483 ‹‹
947 2452 1065 2488 non
1089 2435 1328 2505 parcitis
1353 2435 1518 2490 mihi.
1552 2458 1579 2484 »
1616 2436 1718 2489 Hic
1742 2435 2033 2506 particula

385 2525 656 2596 negativa
687 2524 746 2576 in
802 2524 1215 2594 Metaphraste,
1251 2523 1450 2579 codice
1484 2525 1950 2595 Nydprucciano,
1976 2530 2034 2579 et

385 2614 628 2686 Vulgato
662 2614 985 2684 interprete
1009 2613 1175 2668 deest
1198 2630 1210 2666 :
1233 2614 1295 2668 in
1333 2613 1534 2667 codice
1583 2618 1946 2683 Augustano,
1975 2619 2033 2668 et

381 2709 577 2757 vetere
603 2703 923 2772 interprete
947 2703 1304 2774 agnoscitur.
1335 2704 1391 2756 Si
1428 2703 1606 2773 igitur
1629 2703 1925 2774 judicium
1957 2703 2028 2757 de

384 2794 640 2849 lectione
670 2792 825 2847 ferre
854 2792 1196 2863 liceat,puto
1213 2792 1564 2862 particulam
1582 2793 1914 2862 negativam
1929 2791 2028 2846 ad-

382 2882 535 2938 mitti
569 2881 810 2946 debere,
844 2881 949 2936 sed
972 2898 1092 2936 non
1120 2899 1188 2935 eo
1222 2898 1338 2951 quo
1372 2883 1612 2952 ponitur
1644 2881 1793 2948 loco,
1826 2897 2029 2936 verum

380 2976 514 3027 ante
543 2971 784 3024 verbum
809 2966 1113 3045 ἐπιτυχεῖν,
1147 2977 1211 3024 ut
1241 2970 1488 3040 legatur,
1519 2967 1642 3038 ἐμοὶ
1677 2966 1731 3022 δὲ
1759 2965 2024 3022 δύσκολόν

375 3058 486 3114 ἐστι
516 3063 612 3112 τοῦ
640 3061 773 3112 Θεοῦ
831 3059 907 3130 μή
967 3056 1267 3136 ἐπιτυχεῖν,
1321 3059 1434 3123 vel,
1494 3059 1651 3128 quod
1709 3059 1867 3114 idem
1918 3065 2024 3128 est,

375 3150 694 3222 ἀποτυχεῖν.
727 3149 892 3214 Quod
923 3149 972 3202 si
1000 3149 1090 3202 cui
1132 3149 1381 3218 placeat,
1446 3147 1754 3202 verborum
1816 3163 2025 3203 sensus

376 3240 470 3295 hic
501 3238 612 3294 erit
637 3255 650 3294 :
677 3261 704 3286 κ
739 3238 880 3292 Mihi
908 3243 1108 3292 autem
1141 3237 1354 3291 durum
1391 3243 1447 3290 et
1472 3236 1784 3290 molestum
1804 3239 2023 3292 estDeo
2066 3226 2107 3292 C

377 3346 497 3384 non
529 3327 730 3398 potiri.
771 3349 790 3373 ι
828 3327 914 3380 Ita
968 3320 1234 3377 δύσκολον
1296 3325 1677 3395 interpretor,
1711 3343 1828 3380 non
1862 3333 1925 3380 ut
1947 3327 2024 3381 sit

375 3417 627 3471 arduum
661 3420 719 3468 et
739 3413 1005 3479 difficile,
1041 3413 1143 3468 sed
1176 3414 1494 3468 molestum
1528 3419 1584 3468 et
1613 3432 1806 3486 grave,
1839 3411 2019 3483 ἂηδὲς,

376 3508 495 3562 sive
520 3525 544 3557 ι
580 3505 829 3559 minime
862 3504 1142 3575 placens:
1180 3526 1206 3553 υ
1239 3505 1396 3560 unde
1429 3501 1821 3570 δυσκολαίνειν,
1856 3529 1881 3555 ‹‹
1904 3523 2021 3561 mo.

371 3595 518 3650 leste
543 3595 845 3659 ferre,non
869 3593 1018 3648 bene
1049 3611 1421 3664 concoquere
1457 3613 1469 3657 ;
1511 3617 1538 3644 »
1562 3612 1692 3665 qua:
1725 3596 2019 3667 signiﬁca-

368 3684 452 3738 tio
475 3683 587 3754 ipsi
611 3688 806 3753 etymo
827 3683 1085 3738 maxime
1109 3683 1402 3755 congruit.
1431 3684 1786 3754 Hesychius:
1818 3690 2020 3736 Δυσκο-

369 3768 568 3837 λαίνει,
599 3764 876 3846 δυσφορεῖ,
910 3770 1066 3840 quod
1107 3775 1198 3825 est
1221 3793 1246 3820 α
1271 3787 1421 3842 aegre
1443 3771 1531 3826 vel
1547 3776 1780 3843 gravate
1803 3772 1915 3826 fert
1955 3788 2018 3824 ε»

367 3859 526 3916 unde
559 3859 754 3914 eidem
786 3860 1076 3932 Hesychio
1101 3855 1398 3936 δύσλοφον,
1432 3866 1522 3914 est
1555 3857 1821 3914 δύσκολον
1856 3884 1881 3911 ‹‹
1913 3861 2020 3916 dif-

370 3950 601 4005 ficulter
630 3949 960 4004 ferendum.
994 3972 1021 3998 ››
1057 3949 1219 4004 Unde
1253 3955 1428 4020 poeta
1452 3955 1617 4005 vetus
1652 3967 1664 4004 :

613 4057 699 4116 Ὠς
725 4051 992 4109 δύσκολον
1023 4055 1084 4108 τὸ
1115 4060 1286 4128 γῆρας
1309 4055 1614 4129 ἀνθρώποις
1648 4053 1766 4132 ἔφυ.

440 4165 723 4220 Senectus
747 4163 928 4230 enim,
976 4167 1041 4217 ut
1072 4163 1174 4223 ait,
1223 4184 1249 4210 ‹‹
1286 4179 1434 4218 onus
1485 4167 1653 4219 Etna
1699 4164 1950 4236 gravius.
1987 4186 2016 4214 ››

362 4257 490 4310 Jam
515 4257 563 4310 si
596 4257 708 4308 hoc
772 4269 950 4307 sensu
1006 4253 1331 4324 accipiatur
1363 4249 1651 4319 δύσκολον,
1717 4255 2016 4313 contraria

363 4342 782 4413 accipiendum
843 4341 956 4394 erit
1006 4338 1248 4414 εὐχερὲς,
1314 4348 1377 4396 ut
1429 4342 1585 4413 apud
1657 4344 2012 4414 Hesychium

362 4430 619 4502 εὐχερής,
703 4424 954 4496 εὔκολος,
1044 4436 1103 4484 et
1183 4428 1587 4506 εὐπερίστατον,
1649 4426 1898 4502 εὔκολον,
1949 4440 2014 4488 ut

362 4519 520 4574 idem
555 4518 629 4572 sit
661 4518 818 4588 quod
857 4511 1115 4590 ἀϐαρὲς,ιι
1135 4519 1258 4575 leve
1291 4526 1348 4574 et
1379 4520 1808 4590 placidum,»ut
1825 4522 2012 4576 sitho-

2143 562 2500 634 suspicione,
2535 579 2606 617 ne
2639 579 2708 616 ea
2752 567 3044 633 potestate
3102 563 3163 618 in
3194 563 3321 634 ipso
3364 563 3699 632 liberando,
3739 574 3800 622 et

2143 652 2428 722 martyrio
2461 651 2618 722 quod
2651 669 3029 723 summOpere
3071 653 3391 720 ambiebat,
3451 660 3508 709 et
3527 655 3600 709 ad
3632 658 3796 727 quod

2142 741 2243 795 Dei
2264 741 2534 795 voluntas
2559 741 2706 796 adeo
2738 748 2938 812 aperte
2971 742 3236 805 vocabat,
3260 742 3639 813 impediendo
3663 753 3802 801 ute-

2139 835 2368 898 rentur,
2400 830 2583 884 libere
2615 846 2876 886 monere.
2908 832 3096 895 Quare
3132 837 3194 884 ut
3243 832 3361 885 Deo
3386 833 3641 888 maxime
3663 834 3797 904 pla-

2141 934 2271 972 cere
2307 919 2586 973 studeant
2619 936 2718 974 eos
2747 919 3050 985 hortatur;
3087 925 3146 974 et
3174 936 3208 973 a
3240 921 3357 975 Deo
3383 936 3511 976 esse
3552 927 3619 976 ut
3667 922 3800 994 ipse

2136 1024 2242 1077 pro
2276 1009 2517 1062 nomine
2549 1009 2907 1080 Christijam
2942 1009 3292 1080 martyrium
3317 1009 3644 1077 subiret,iis
3670 1011 3801 1082 pla-

2137 1113 2281 1152 num
2312 1098 2470 1152 facit.
2500 1120 2527 1147 «
2561 1099 2668 1163 Qui
2703 1099 2857 1164 vivit,
2893 1099 3109 1170 inquit,
3169 1105 3228 1153 et
3273 1099 3536 1170 loquitur
3576 1101 3636 1154 in
3671 1119 3794 1169 me,

2136 1185 2296 1240 intus
2327 1187 2472 1239 mihi
2499 1187 2641 1241 dicit
2672 1205 2683 1240 :
2721 1187 2873 1241 Vade
2895 1187 2970 1241 ad
2992 1190 3491 1259 Patrem.»Neque
3516 1188 3794 1245 dubitare

2133 1292 2194 1329 se
2229 1276 2491 1329 ostendit
2538 1277 2681 1346 quin
2743 1276 3010 1331 Christus
3041 1277 3114 1331 iis
3169 1278 3348 1332 etiam
3381 1278 3532 1332 hanc
3565 1279 3666 1332 Dei
3701 1297 3798 1334 vo-

2132 1365 2423 1420 luntatem
2457 1367 2790 1437 patefacere
2821 1368 3074 1423 voluerit
3107 1385 3119 1434 ;
3181 1385 3330 1438 quos
3390 1368 3632 1422 interim
3664 1385 3792 1423 cer-

2134 1454 2312 1508 tiores
2345 1455 2504 1524 facit,
2558 1456 2679 1509 haac
2731 1473 2792 1511 se
2823 1473 2942 1512 non
2997 1458 3324 1512 secundum
3365 1473 3626 1524 carnem,
3688 1458 3798 1513 sed

2130 1550 2392 1599 mentem
2423 1545 2524 1598 Dei
2549 1545 2878 1616 scripsisse.
2915 1547 3069 1600 Nihil
3106 1547 3286 1618 igitur
3336 1547 3398 1600 in
3439 1547 3697 1617 epistola
3721 1549 3798 1602 ad

2132 1634 2428 1687 Romanos
2455 1633 2526 1687 de
2562 1651 2768 1688 eorum
2820 1641 3111 1705 potestate
3143 1634 3370 1692 dictum
3402 1639 3510 1702 est,
3547 1637 3708 1707 quod
3754 1653 3791 1691 a

2132 1721 2186 1777 S.
2222 1723 2446 1793 lgnatio
2479 1723 2655 1778 scribi
2690 1741 2810 1778 non
2842 1726 3053 1794 potuit.

2213 1822 2411 1892 Capite
2439 1824 2504 1875 23
2542 1822 3119 1894 interpolationibus,
3147 1829 3248 1878 aut
3278 1823 3495 1894 spuriis
3550 1826 3796 1896 perstri-

2147 1910 2527 1975 ctis,unicum
2545 1917 2959 1983 argumentum
2975 1911 3256 1966 adversus
3271 1918 3573 1968 auctorem
3598 1914 3799 1984 ipsum

2145 2001 2418 2068 cuditur;
2449 2002 2606 2072 quod
2637 2002 2708 2056 ab
2742 2019 2810 2057 ea
2837 2020 2898 2056 re
2928 2004 3355 2074 petitur,quam
3398 2021 3518 2059 non
3551 2021 3584 2059 a
3615 2005 3804 2075 gravi-

2147 2096 2263 2145 tate
2296 2093 2571 2162 martyris
2612 2092 2931 2147 abhorrere
2991 2093 3227 2161 fatetur,
3263 2093 3363 2147 sed
3422 2093 3708 2164 ajudicio
3742 2099 3804 2149 et

2147 2181 2657 2252 sapientia,neque
2686 2183 2756 2238 ab
2782 2182 2900 2236 illis
2934 2182 3172 2252 quidem
3208 2183 3486 2250 multum,
3512 2183 3614 2238 sed
3647 2200 3802 2238 non-

2145 2271 2454 2326 nihil.ch
2485 2277 2682 2326 autem
2708 2272 2920 2343 judicii
2955 2276 3014 2326 et
3053 2273 3359 2343 sapientia:
3401 2272 3668 2328 defectus
3729 2292 3804 2329 ex

2145 2359 2460 2430 prudentia
2489 2361 2931 2431 interpolatoris
2954 2361 3248 2431 detegitur
3296 2362 3800 2432 perspiciturque.

2144 2449 2724 2516 lta,scilicet,Dallaro
2757 2456 2962 2504 auctor
2992 2451 3257 2521 epistolae
3281 2451 3543 2522 ineptus,
3578 2452 3807 2523 impru-

2143 2539 2292 2593 dens
2325 2539 2633 2607 sciolus,in
2661 2557 2776 2610 quo
2819 2540 2968 2594 nihil
3010 2540 3124 2595 tale
3157 2541 3418 2611 reperire
3477 2549 3806 2613 potuerunt

2143 2629 2543 2698 antiquissimi
2603 2631 2842 2696 Patres;
2877 2629 3266 2699 interpolator
3304 2637 3502 2686 autem
3561 2639 3798 2701 acutus,

2140 2717 2424 2787 prudens,
2455 2724 2530 2785 et,
2573 2718 2727 2788 quod
2762 2719 2978 2772 mirum
3014 2725 3119 2787 est,
3155 2721 3330 2774 etiam
3380 2719 3572 2786 fortis,
3618 2723 3794 2792 cujus

2141 2807 2396 2878 ineptias
2425 2825 2631 2863 omnes
2662 2809 2880 2863 vident.
2916 2809 3026 2863 Sed
3067 2809 3208 2879 quid
3235 2810 3473 2865 tandem
3501 2811 3644 2866 illud
3677 2819 3792 2878 est,

2141 2899 2298 2967 quod
2329 2899 2474 2954 adeo
2503 2916 2535 2954 a
2559 2898 2787 2969 judicio
2813 2904 2872 2953 et
2902 2900 3198 2969 sapientia
3249 2902 3305 2955 S.
3367 2902 3648 2972 martyris
3695 2903 3795 2957 ab-

2138 2991 2387 3046 horret?
2416 2989 2567 3044 lllud
2600 3006 2811 3061 nempe
2853 2990 3008 3060 quod
3067 2990 3418 3061 polliceatur
3475 3010 3536 3046 se
3571 3010 3792 3048 secun-

2137 3082 2276 3136 dum
2311 3080 2578 3134 libellum
2602 3078 2674 3133 ad
2705 3079 2989 3150 Ephesios
3019 3080 3364 3137 missurum.
3395 3082 3512 3136 Hoc
3527 3082 3791 3153 pruden-

2138 3169 2255 3237 tim,
2281 3170 2392 3223 hoc
2425 3168 2733 3240 sapientiae
2765 3168 2819 3222 S.
2853 3169 3057 3239 Ignatii
3095 3168 3300 3225 officit.
3355 3171 3497 3224 Nam
3531 3171 3592 3224 in
3643 3173 3794 3226 assi-

2134 3260 2251 3315 dua
2292 3259 2676 3314 meditatione
2728 3260 2959 3327 mortis,
3007 3265 3064 3314 et
3121 3261 3278 3314 inter
3357 3259 3789 3332 leopardorum

2133 3350 2470 3405 vexationes
2503 3350 2612 3403 hoc
2644 3348 2933 3419 polliceri,
2959 3349 3205 3405 stultum
3245 3355 3420 3405 esset.

2205 3450 2555 3518 Priusquam
2607 3448 2734 3502 haec
2779 3463 3031 3503 censura
3061 3448 3430 3516 admittatur,
3480 3449 3793 3506 videamus

2133 3539 2276 3609 quid
2306 3538 2614 3609 promittit,
2633 3543 2691 3592 et
2719 3537 3210 3607 quomodo.Quod
3233 3539 3526 3609 promittit
3557 3547 3647 3595 est
3664 3537 3790 3593 δεύ-

2129 3645 2283 3697 τερον
2316 3620 2616 3698 βιϐλίδιον,
2653 3648 2680 3676 ‹‹
2710 3625 3006 3682 secundus
3027 3626 3286 3692 libellus,
3320 3650 3347 3675 ››
3372 3629 3488 3683 sive
3508 3629 3789 3700 epistola,

2135 3711 2431 3790 βιϐλίδιον,
2457 3715 2698 3785 quidem
2721 3713 2972 3785 quodvis
2993 3715 3347 3787 scriptulum
3379 3718 3695 3786 Grmcis,ut
3711 3736 3788 3774 ex

2131 3805 2446 3860 Plutarcho
2478 3809 2730 3870 constat,
2748 3803 2904 3874 apud
2937 3821 3113 3874 quem
3149 3805 3208 3858 in
3249 3806 3381 3861 Vita
3413 3809 3657 3862 Cimonis
3679 3808 3789 3863 de-

2129 3894 2471 3950 scribuntur
2501 3893 2628 3948 Chii
2655 3911 2667 3947 :
2698 3891 3017 3962 Τςξεύοντες
3051 3892 3184 3967 ὑπὲρ
3213 3893 3278 3948 τὰ
3322 3893 3481 3968 τείχη
3529 3889 3786 3969 βιϐλίδια

2128 3980 2490 4056 προσκείμενα
2545 3985 2662 4042 τοῖς
2693 3979 2919 4048 ὀϊστοῖς,
2959 4004 2987 4032 ι(
3038 3982 3336 4039 libellulos
3394 3985 3624 4056 sagittis
3676 4002 3792 4040 an-

2128 4091 2314 4129 nexos
2341 4090 2518 4144 super
2548 4089 2751 4128 muros
2784 4073 3101 4128 mittentes.
3142 4097 3168 4123 ››
3201 4076 3380 4130 Vocat
3401 4082 3600 4130 autem
3625 4076 3788 4130 hanc

2128 4161 2434 4232 epistolam
2468 4177 2646 4231 quam
2678 4167 2820 4216 tunc
2849 4161 3106 4232 scripsit,
3164 4162 3433 4218 libellum
3494 4165 3787 4235 primum,

2129 4251 2286 4321 quod
2315 4255 2474 4306 esset
2503 4251 2732 4306 caateris
2764 4267 2910 4319 quas
2970 4251 3208 4322 scripsit
3263 4252 3441 4322 paulo
3490 4253 3791 4323 prolixior

2127 4340 2215 4411 (ut
2244 4342 2640 4410 Hieronymus
2669 4339 3017 4410 Augustino,
3055 4340 3225 4411 epist.
3259 4343 3325 4395 89
3351 4358 3364 4396 :
3397 4363 3424 4391 ι(
3443 4343 3581 4397 Tres
3604 4343 3792 4399 simul

2126 4430 2427 4501 epistolas,
2462 4431 2580 4485 imo
2631 4429 2886 4496 libellos,
2918 4446 3024 4500 per
3055 4429 3372 4486 diaconum
3419 4433 3790 4504 Cyprianum

2125 4524 2238 4574 tum
2270 4519 2628 4592 dignationis
2657 4519 2856 4588 accepi
2893 4534 2905 4584 ;
2937 4540 2964 4569 »
3008 4523 3066 4573 et
3091 4519 3265 4590 epist.
3296 4523 3328 4574 2
3363 4536 3375 4573 ε
3410 4542 3437 4569 ‹‹
3487 4520 3786 4578 Libellum

362 4625 496 4664 rum
517 4607 828 4662 verborum
853 4624 1084 4672 sensus,
1119 4632 1145 4659 ‹‹
1173 4609 1350 4664 Vobis
1374 4608 1612 4679 quidem
1645 4608 1702 4662 id
1736 4610 1894 4680 quod
1926 4629 2020 4666 cu-
2049 4597 2094 4663 D
2127 4609 2283 4665 hunc
2315 4607 2513 4663 libello
2546 4608 2674 4677 ejus
2705 4607 3001 4678 copulato,
3064 4630 3090 4657 »
3154 4609 3225 4663 de
3285 4609 3512 4664 duabus
3566 4611 3784 4681 primis

366 4697 507 4770 pitis
541 4697 775 4751 efficere
800 4697 1097 4769 placidum
1132 4703 1190 4752 et
1219 4703 1559 4769 promptum
1587 4714 1598 4760 ;
1632 4699 1778 4752 mihi
1815 4706 2012 4756 autem

362 4791 480 4844 Deo
513 4805 633 4843 non
656 4789 829 4860 potiri
856 4790 1280 4862 durum,grave
1308 4795 1364 4843 et
1387 4787 1704 4842 molestum
1731 4790 1937 4844 foret.»

432 4879 556 4931 Non
576 4877 754 4948 igitur
774 4883 1018 4948 apparet
1039 4883 1341 4932 auctorem
1375 4876 1639 4946 epistolae
1670 4877 1889 4934 dixisse
1906 4883 2012 4935 Ro-

361 4981 570 5019 manos
604 4964 804 5020 ﬁdeles
839 4965 1006 5020 facile
1019 4966 1281 5036 potuisse
1297 4965 1587 5035 lgnatium
1609 4981 1643 5019 a
1664 4973 1852 5022 morte
1868 4967 2009 5023 libe-

357 5061 622 5122 rare,aut
652 5073 781 5111 eam
808 5056 1109 5123 nullam,si
1135 5055 1218 5108 illi
1251 5055 1846 5129 vellent,fore.Neque
1867 5061 2011 5114 veri-

359 5144 554 5202 simile
587 5150 676 5199 est
707 5145 1057 5216 scriptorem
1089 5144 1148 5199 id
1181 5143 1627 5214 voluisse,quod
1651 5162 1748 5200 eos
1771 5148 1844 5203 ad
1862 5165 2010 5203 mar-

360 5237 550 5303 tyr-em
575 5231 948 5288 liberandum
964 5233 1214 5286 invitare
1237 5233 1562 5288 etexcitare
1585 5233 2008 5303 videatur,cum

360 5322 784 5376 hoc-omnibus
817 5338 946 5391 qua)
979 5322 1038 5375 in
1097 5336 1166 5374 ea
1224 5321 1476 5392 epistola
1506 5322 1652 5378 adeo
1706 5326 1922 5395 premit
1953 5331 2011 5380 et

358 5409 1130 5481 persequitur,contrarium
1159 5409 1251 5465 sit.
1276 5411 1388 5465 Aut
1419 5411 1465 5465 si
1492 5427 1622 5467 eam
1654 5419 2008 5483 potestatem

361 5502 617 5572 scriptor
647 5499 932 5564 innuerit,
966 5515 1269 5570 nunquam
1306 5501 1604 5558 constabit
1642 5502 1794 5557 hanc
1849 5504 2010 5558 Chri-

360 5589 573 5644 stianis
603 5591 804 5644 Roma:
855 5588 1189 5644 constitutis
1230 5589 1375 5645 adeo
1427 5607 1547 5645 non
1607 5591 2006 5661 competiisse,

361 5677 515 5738 utrS.
547 5676 974 5748 lgnatius'eam
1007 5678 1206 5736 animo
1237 5677 1550 5751 concipere
1571 5685 1632 5734 et
1654 5695 1852 5738 veram
1879 5695 2008 5736 esse

2125 4697 2431 4768 epistolis),
2466 4697 2757 4768 promittit
2788 4713 2849 4752 se
2881 4696 3208 4752 secundum
3226 4699 3402 4753 etiam
3428 4699 3778 4755 missurum.

2123 4786 2427 4854 Quomodo
2458 4792 2654 4841 autem
2687 4786 2977 4858 promittit
2999 4787 3024 4841 ?
3046 4804 3168 4842 non
3201 4787 3493 4858 absolute,
3529 4789 3633 4843 sed
3666 4789 3779 4844 sub

2122 4879 2460 4935 conditione
2493 4895 2612 4932 non
2645 4895 2780 4932 una.
2814 4878 3037 4945 Primo,
3061 4878 3108 4932 si
3169 4880 3322 4933 Deus
3357 4879 3632 4945 voluerit,
3681 4880 3776 4932 ἐὰν

2122 4965 2339 5038 (θέλημα
2369 4967 2426 5036 ᾗ,
2461 4966 2744 5034 secundo,
2796 4967 2844 5020 si
2903 4966 3198 5040 intelligat
3254 4967 3540 5038 Ephesios
3569 4968 3653 5022 ita
3712 4987 3779 5024 se

2119 5056 2360 5122 habere,
2394 5062 2458 5110 ut
2487 5055 2561 5110 ad
2611 5055 2769 5126 ipsos
2831 5071 2899 5111 ea
2952 5072 3081 5126 quae
3116 5056 3437 5111 meditatus
3483 5063 3634 5121 erat,
3666 5075 3781 5128 par

2121 5153 2277 5202 esset
2304 5145 2583 5201 scribere.
2608 5147 2733 5200 Non
2768 5147 2893 5200 haac
2935 5146 3332 5201 temeritatem
3358 5151 3456 5202 aut
3479 5145 3783 5218 insipien-

2121 5234 2412 5303 tiam,sed
2465 5234 2742 5305 pietatem
2774 5240 2832 5289 et
2885 5233 3264 5306 prudentiam
3315 5235 3574 5306 sapiunt,
3609 5237 3658 5291 si
3721 5244 3784 5292 et

2120 5323 2451 5389 materiam,
2468 5328 2525 5376 et
2546 5323 2790 5378 modum
2805 5323 3250 5395 pollicitationis
3264 5323 3625 5379 consideres.
3660 5325 3782 5381 Sed

2120 5412 2400 5476 conditio,
2462 5411 2718 5482 inquies,
2756 5418 2813 5466 et
2841 5413 3072 5467 affectio
3103 5414 3386 5482 martyris
3438 5413 3784 5484 impediunt

2119 5519 2234 5572 quo
2260 5502 2455 5555 minus
2476 5500 2654 5554 etiam
2677 5499 2784 5555 sub
2800 5500 2916 5554 illis
2935 5501 3375 5556 conditionibus
3415 5503 3729 5573 promittat
3761 5521 3776 5558 :

2122 5615 2148 5642 ι(
2197 5591 2436 5647 assidua
2462 5590 2684 5646 scilicet
2709 5591 3013 5647 meditatio
3037 5592 3267 5659 mortis,
3285 5592 3780 5663 etleopardorum

2119 5681 2479 5738 vexationes.
2512 5700 2540 5733 »
2564 5681 2690 5736 lmo
2712 5696 2847 5737 vero
2873 5680 3038 5740 nullo
3056 5680 3577 5740 modo.Eratenim
3594 5682 3656 5740 in
3674 5683 3778 5740 illo
