3942 6302
149 337 262 400 393

890 333 948 399 J.
993 335 1406 401 PEARSONII
1450 339 1830 403 VINDICIIE
1872 340 2348 406 ΙοΝΑΤΙΑΝιΕ.
2395 375 2447 388 -

1282 336 1406 400 lNll
1450 339 1830 403 VINDIGIIE
1872 340 2348 406 ΙοΝΑΤΙΑΝιΕ.
2395 375 2472 388 -—
2514 343 2718 406 PARS
2762 343 2839 406 ll.

3460 347 3585 409 394

147 475 351 528 sancto
383 474 647 543 martyre
681 483 815 528 cum
845 471 966 528 zelo
999 472 1100 529 Dei
1155 477 1213 530 et
1242 490 1384 530 cura
1415 474 1802 533 ecclesiarum
1831 477 1886 547 Α
1915 478 2274 551 martyribus
2305 478 2659 548 incertis,ne
2682 482 3182 540 consuetudinem
3197 489 3573 556 quaerant,ne

146 563 471 636 conjuncta
500 563 714 619 mortis
734 564 1041 620 meditatio
1068 582 1082 633 ;
1109 582 1302 637 neque
1327 567 1580 624 aliorum
1607 568 1804 624 minus

146 670 325 724 quam
351 669 524 708 suam
549 653 802 709 salutem
820 655 1142 726 spectabat.
1166 656 1384 713 Eadem
1407 659 1604 729 itaque
1627 675 1807 714 causa

145 762 276 817 quae
310 751 376 800 ut
398 745 656 816 primam
689 745 1000 817 epistolam
1029 746 1103 802 ad
1128 749 1418 819 Ephesius
1441 749 1807 818 mitteret,ut

144 834 477 891 secundam
510 835 777 906 insuper,
808 837 1200 907 promitteret,
1225 839 1272 893 si
1294 855 1442 910 Opus
1465 845 1639 907 esset,
1664 857 1803 896 san-

145 930 308 981 ctum
341 925 538 980 virum
570 925 969 996 permovebat.
1017 927 1130 982 Sed
1177 928 1334 983 inter
1387 929 1804 999 leopardorum

144 1016 490 1071 vexationes
523 1017 634 1070 hoc
682 1016 981 1087 sapienter
1022 1017 1368 1088 promittere
1413 1034 1531 1072 non
1587 1019 1796 1088 potuit.

144 1104 417 1171 Quidni?
437 1121 514 1160 an
544 1105 645 1176 qui
675 1121 856 1160 unam
879 1106 1006 1178 jam
1039 1107 1359 1179 scripserat
1397 1105 1705 1177 epistolam
1737 1108 1799 1162 in

146 1197 428 1253 manibus
458 1196 742 1263 militum,
775 1214 922 1268 quos
953 1197 1263 1270 leopardos
1311 1203 1498 1266 vocat,
1548 1197 1797 1254 alteram

149 1287 413 1343 scribere
442 1305 564 1343 non
595 1287 834 1360 potuit?

217 1379 291 1433 Ut
313 1379 441 1433 hmc
460 1377 716 1450 objectio
738 1379 910 1450 plene
924 1383 980 1433 et
1010 1379 1320 1451 perspicue
1343 1379 1621 1450 solvatur,
1658 1379 1800 1436 satis

147 1467 259 1521 erit
289 1467 631 1536 observare,
664 1468 998 1523 vexationes
1027 1468 1309 1536 militum,
1333 1486 1586 1541 quorum
1611 1473 1803 1525 custo-

144 1563 255 1618 dias
287 1564 664 1619 confessores
693 1564 1100 1635 tradebantur,
1131 1581 1165 1619 a
1193 1566 1543 1621 Christianis
1583 1566 1797 1621 redimi

144 1655 350 1711 solitas
383 1673 536 1712 esse.
569 1657 640 1711 Et
670 1655 912 1728 quidem
943 1657 1004 1712 in
1035 1657 1192 1712 hunc
1223 1658 1426 1724 finem,
1460 1674 1576 1728 quo
1608 1658 1798 1715 laxius

143 1746 610 1817 custodirentur,
660 1751 718 1802 et
764 1747 1041 1802 liberiore
1087 1747 1427 1804 fruerentur
1473 1763 1728 1817 carcere,
1767 1766 1800 1805 a

1915 567 2128 624 taadeat
2155 569 2307 639 vitae,
2339 587 2412 626 ne
2452 587 2604 627 nova
2634 571 3008 628 abstinentiae
3043 574 3358 648 disciplina
3386 592 3564 632 scan-

1913 656 2260 727 dalizentur,
2295 677 2473 731 quam
2522 678 2630 716 nec
2681 662 2781 716 ille
2833 663 3148 733 Pristinus,
3206 669 3398 720 vester
3455 683 3577 723 non

1913 746 2281 802 Christianus
2308 754 2552 820 martyr,
2602 751 2913 822 attigerat:
2949 768 3127 822 quem
3175 757 3232 807 et
3278 753 3559 810 facultate

1911 836 2193 892 custodiae
2211 836 2404 892 liberae
2420 838 2769 909 aliquandiu
2783 839 3296 907 fartum,omnibus
3319 842 3566 913 balneis,

1913 925 2082 996 quasi
2112 927 2467 998 baptismate
2500 928 2866 997 melioribus,
2901 935 2958 983 et
2989 931 3266 986 omnibus
3288 933 3560 1002 luxurias,

1912 1015 2264 1081 secessibus,
2291 1017 2458 1086 quasi
2474 1017 2748 1072 Ecclesia;
2765 1019 3562 1089 secretioribus,etomnibus

1908 1105 2041 1160 vitae
2072 1105 2243 1160 istius
2285 1106 2605 1174 illecebris,
2659 1107 2824 1177 quasi
2876 1114 3110 1164 aeternae
3168 1110 3556 1181 dignioribus,

1909 1195 2020 1250 hoc
2052 1201 2193 1266 puto
2226 1195 2549 1264 obligatum
2581 1214 2655 1252 ne
2689 1199 2837 1253 mori
2871 1199 3066 1256 vellet.
3105 1221 3125 1250 ι
3167 1199 3326 1256 Idem
3361 1207 3560 1257 tamen

1909 1285 2306 1340 Tertullianus
2337 1287 2428 1341 Ad
2456 1295 2726 1357 martyres
2765 1305 2891 1360 cap.
2932 1293 2981 1356 1,
3013 1289 3084 1344 de
3117 1291 3324 1345 eadem
3354 1292 3560 1348 Eccle-

1912 1385 2013 1438 siae
2045 1385 2478 1441 consuetudine
2501 1387 2765 1441 sedatius
2786 1387 3054 1457 loquitur
3083 1405 3095 1442 :
3125 1410 3144 1436 «ι
3179 1391 3340 1443 Inter
3361 1393 3556 1446 carnis

1907 1473 2210 1541 alimenta,
2247 1474 2544 1530 benedicti
2574 1481 2866 1548 martyres
2889 1477 3202 1550 designati,
3237 1495 3368 1549 quae
3389 1481 3558 1536 vobis

1907 1567 1964 1619 et
1995 1562 2236 1619 domina
2264 1569 2456 1620 mater
2506 1567 2788 1635 Ecctesia,
2853 1571 2910 1621 et
2959 1568 3174 1640 singuli
3223 1569 3437 1626 fratres
3489 1571 3560 1626 de

1904 1653 2112 1724 opibus
2143 1654 2267 1709 suis
2315 1655 2571 1726 propriis
2621 1655 2682 1710 in
2731 1672 3031 1711 carcerem
3081 1657 3559 1729 subministrant,

1902 1743 2091 1814 capite
2124 1742 2349 1813 aliquid
2383 1747 2440 1797 et
2470 1759 2504 1799 a
2542 1743 2714 1799 nobis
2746 1744 2904 1815 quod
2934 1746 3112 1801 faciat
3153 1747 3227 1802 ad
3277 1749 3555 1819 spiritum

144 1835 429 1893 ﬁdelibus
472 1852 612 1908 opes
672 1837 1086 1910 erogabantur,
1135 1843 1262 1894 tum
1300 1843 1369 1894 ut
1424 1839 1795 1896 confessores
1824 1856 1871 1922 Β
1904 1849 2139 1904 quoque
2172 1831 2568 1888 educandum.
2605 1855 2632 1883 »
2657 1835 2725 1888 Et
2757 1851 2882 1905 cap.
2918 1839 2991 1889 2:
3026 1857 3054 1885 α
3087 1837 3280 1907 Ipsam
3311 1837 3553 1894 interim

143 1925 304 1998 ipsos
336 1926 588 1994 alerent,
620 1931 746 1982 tum
775 1933 840 1982 ut
878 1928 1190 1984 custodum
1210 1927 1590 1999 iniquitatem
1613 1928 1794 2000 largi-

140 2015 406 2071 tionibus
419 2016 1251 2089 mitigarent.Antiquissimus
1270 2018 1800 2090 locupletissimus-

143 2125 256 2179 que
279 2108 494 2163 harum
515 2124 717 2163 rerum
733 2109 898 2164 testis
921 2113 1010 2164 est
1039 2109 1193 2165 inter
1206 2109 1479 2165 ethnicos
1502 2110 1796 2166 Lucianus

143 2201 206 2255 in
237 2199 490 2271 epistola
518 2199 588 2255 de
606 2204 794 2256 morte
819 2201 1140 2274 Peregrini.
1165 2204 1485 2273 Postquam
1511 2201 1673 2258 enim
1695 2201 1796 2256 ille

141 2291 203 2345 in
235 2307 541 2347 carcerem
568 2292 872 2364 conjectus
900 2299 1008 2361 est,
1031 2295 1228 2349 statim
1259 2293 1448 2350 viduae
1473 2293 1794 2365 etorphani

142 2380 214 2435 ad
242 2380 407 2434 fores
439 2381 697 2436 carceris
729 2381 1140 2450 convolabant,
1172 2381 1222 2434 οἱ
1251 2376 1298 2434 δ’
1329 2379 1378 2434 ἐν
1412 2379 1556 2436 τὲλει
1616 2379 1792 2437 αὐτῶν

139 2469 229 2522 καὶ
261 2464 650 2532 συνεκάθευδον
683 2463 828 2523 ἔνδον
861 2471 976 2542 μετ’
1006 2467 1169 2525 αὑτοῦ
1229 2465 1626 2546 διαφθείροντες
1666 2471 1793 2532 τοὺς

144 2554 592 2634 δεσμοφύλακας·
655 2557 773 2612 εἶτα
841 2554 1029 2612 δεῖπνα
1106 2557 1332 2614 ποικίλα
1402 2558 1791 2632 εἰσεκομίζετο,

138 2647 229 2701 καὶ
259 2644 423 2720 λόγοι
455 2646 595 2721 ἱεροὶ
630 2646 802 2702 αὐτῶν
831 2645 1108 2723 ἐλέγοντο.
1147 2649 1564 2722 «Magistratus
1595 2655 1792 2706 autem

140 2753 350 2794 eorum
374 2736 545 2809 (puta
565 2737 750 2793 sacris
788 2737 1096 2794 ordinibus
1129 2739 1368 2807 initiati,
1400 2741 1501 2812 qui
1534 2736 1790 2814 ἂρχοντες

138 2834 264 2883 tum
291 2825 665 2891 dicebantur)
681 2828 1032 2883 etiamintus
1057 2845 1190 2884 cum
1213 2847 1281 2885 eo
1304 2830 1796 2886 condormiebant

138 2916 492 2973 custodibus
523 2918 854 2988 corruptis:
888 2917 1022 2973 dein
1055 2935 1233 2974 ccenae
1253 2921 1426 2976 variae
1449 2920 1791 2975 introduce-

139 3007 380 3078 bantur,
406 3011 465 3061 et
482 3007 634 3062 sacri
661 3023 865 3063 eorum
887 3025 1194 3064 sermones
1212 3009 1625 3065 dicebantur.»
1642 3011 1790 3065 Ecce

135 3099 583 3155 vetutissimum
628 3098 903 3154 Ecclesiae
952 3116 1179 3154 morem
1228 3100 1325 3156 hic
1371 3100 1660 3156 habemus
1719 3100 1789 3155 ab

139 3189 384 3244 ethnico
409 3187 805 3260 descriptum;
829 3188 1007 3244 ubiin
1034 3206 1267 3245 carcere
1300 3207 1497 3264 agapae
1529 3191 1793 3248 celebra-

133 3278 579 3347 bantur,vidua2
611 3283 670 3334 et
694 3279 943 3351 orphani
974 3280 1790 3351 alebantur,ritusChristiani

139 3369 552 3428 acustodibus
599 3369 891 3442 redempti
933 3376 1089 3426 sunt.
1132 3368 1234 3426 Καὶ
1283 3371 1388 3443 μὴν
1443 3371 1533 3425 καὶ
1579 3375 1686 3426 τῶν
1738 3371 1792 3427 ἐν

132 3463 293 3534 Ἀσίᾳ
345 3461 566 3516 πόλεων
616 3456 757 3515 ἔστιν
805 3462 877 3515 ὧν
919 3461 1053 3531 ἧκόν
1085 3483 1248 3533 τινες,
1295 3465 1401 3516 τῶν
1451 3465 1792 3537 Χριστιανῶν

141 3549 490 3605 στελλόντων
524 3547 627 3604 ἀπὸ
655 3552 753 3603 τοῦ
782 3553 987 3618 κοινοῦ,
1023 3551 1392 3624 βοηθήσοντες
1437 3551 1526 3606 καὶ
1571 3554 1796 3627 ξυναγο-

143 3639 430 3715 ρε·5σοντες
458 3639 550 3692 καὶ
580 3641 1104 3714 παραμυθησομενοι
1154 3639 1247 3694 τὸν
1301 3637 1484 3715 ἄνδρα.
1535 3665 1563 3692 ‹‹
1594 3643 1793 3716 Aliqui

137 3732 319 3788 etiam
357 3748 429 3785 ex
462 3729 819 3801 quibusdam
849 3731 1000 3785 Asiae
1032 3731 1363 3787 civitatibus
1407 3740 1716 3803 venerunt,
1762 3752 1792 3790 e

139 3822 449 3878 communi
481 3820 859 3875 mittentibus
889 3819 1260 3892 Christianis,
1294 3822 1396 3892 qui
1437 3839 1572 3878 vero
1623 3841 1794 3896 opem

142 3911 376 3966 ferrent
406 3911 723 3982 ipsumque
756 3907 1145 3964 defenderent
1175 3914 1234 3965 et
1262 3911 1730 3968 consolarentur.
1765 3935 1793 3963 ››

140 4004 212 4058 Et
239 4005 355 4060 hoc
389 4001 571 4058 etiam
603 4001 773 4058 docet
801 4001 1020 4056 factum
1055 4018 1182 4058 esse
1215 4019 1286 4057 ex
1315 4019 1478 4058 more
1519 4004 1794 4061 Ecclesiae

142 4094 520 4152 Christianae.
545 4093 868 4166 ’Δμήχανον
900 4087 1036 4146 δέτι
1076 4091 1138 4146 τὸ
1185 4091 1358 4166 τάχος
1406 4089 1796 4150 ἐπιδείκνυνται

139 4180 360 4238 ἐπειδάν
383 4202 439 4235 τι
468 4184 718 4234 τοιοῦτον
768 4181 990 4253 γενηται
1041 4177 1328 4253 δημόσιον,
1358 4179 1412 4235 ἐν
1448 4183 1648 4258 βραχεῖ
1692 4185 1797 4260 γαρ

138 4269 425 4349 ἆνξειδοῦσι
455 4270 694 4326 πάντων.
729 4293 757 4321 ‹‹
790 4270 1207 4326 Incredibilem
1247 4275 1446 4328 autem
1477 4274 1796 4344 quamdam

138 4365 512 4421 celeritatem
544 4361 883 4429 ostendunt,
918 4363 965 4416 si
998 4362 1142 4433 quid
1171 4363 1284 4418 tale
1315 4361 1621 4434 publicum
1656 4383 1798 4422 con-

136 4455 349 4527 tingat.
383 4452 550 4507 Illico
575 4452 736 4507 enim
779 4451 931 4506 nulli
980 4452 1066 4506 rei
1094 4455 1360 4523 parcunt.
1393 4473 1422 4502 »
1457 4453 1554 4506 Καί
1584 4450 1649 4523 δὴ
1705 4452 1797 4509 καὶ

135 4548 213 4615 τῷ
245 4539 562 4615 Περεγρίνῳ
592 4538 778 4594 πολλᾶ
815 4539 939 4593 τότε
987 4541 1086 4608 ἧκε
1135 4541 1401 4618 χρήματα
1442 4545 1570 4616 παρ’
1615 4539 1790 4599 αὒτῶν

139 4631 225 4687 ἰπὶ
258 4629 533 4709 προφάσει
586 4632 694 4684 τῶν
745 4625 979 4702 δεσμῶν,
1018 4629 1107 4683 καὶ
1160 4627 1429 4703 πρόσοδον
1481 4630 1543 4685 οὐ
1595 4635 1790 4708 μικρὰν

133 4719 345 4790 ταύτην
379 4717 699 4790 inculcata.
737 4740 768 4771 «
799 4719 1052 4775 Proinde
1081 4721 1399 4792 Peregrino
1430 4724 1572 4778 tunc
1592 4724 1796 4781 multae

134 4812 413 4886 pecuniae
445 4809 859 4878 mittebantur,
893 4814 950 4865 et
986 4825 1109 4864 non
1133 4809 1410 4882 exiguum
1441 4815 1794 4882 preventum

133 4903 299 4958 hunc
358 4897 673 4954 lucrifecit.
710 4921 740 4948 ››
799 4897 1054 4970 Insignis
1112 4897 1432 4953 admodum
1490 4899 1586 4955 hic
1627 4901 1794 4960 locus

133 4988 388 5046 Luciani
421 4991 531 5055 est,
557 4986 930 5054 charitatem,
962 5001 1165 5041 curam
1204 4985 1586 5060 studiumque
1633 4991 1796 5046 Chri-

135 5080 478 5136 stianorum
508 5081 775 5132 veterum
807 5092 944 5149 erga
972 5075 1342 5131 confessores
1386 5079 1664 5149 graphice
1696 5079 1797 5136 de-

132 5171 414 5242 pingens,
449 5169 512 5222 in
547 5183 611 5222 re
641 5166 973 5233 notissima,
1008 5182 1140 5237 quae
1179 5165 1286 5221 sub
1333 5166 1514 5223 finem
1562 5169 1799 5241 imperii

131 5260 413 5326 Adriani,
449 5259 511 5314 in
542 5258 737 5330 prima
765 5258 944 5329 hujus
961 5256 1298 5329 philosOphi
1322 5259 1800 5331 peregrinatione

135 5349 412 5417 contigit.
443 5345 561 5403 Sed
589 5346 959 5403 Christianos
989 5346 1148 5418 ipsos
1178 5345 1252 5401 de
1277 5361 1341 5400 re
1368 5345 1576 5402 eadem
1608 5349 1799 5407 disse-

132 5447 338 5497 rentes
371 5438 712 5495 audiamus.
735 5437 1133 5494 Tertullianus
1149 5437 1276 5509 jam
1308 5436 1803 5499 adultiorMonta-

132 5533 295 5587 nista
324 5530 523 5586 factus
555 5528 658 5583 lib.
685 5529 759 5583 De
770 5529 1008 5598 jejuniis
1031 5527 1427 5582 catholicorum
1452 5527 1801 5590 charitatem

129 5620 264 5694 ipso
325 5621 591 5676 Luciano
660 5617 932 5673 acerbius
989 5621 1046 5672 ct
1099 5615 1450 5672 invidiosius
1509 5620 1802 5692 sugillat:

134 5735 155 5762 ι
192 5711 383 5768 Plane
402 5713 672 5766 vestrum
705 5711 796 5763 est
813 5707 874 5763 in
898 5706 1242 5764 carceribus
1263 5706 1512 5778 popinas
1526 5710 1804 5768 exhibere

463 5830 736 5889 Parem.
787 5828 896 5888 Gn.
943 5825 1018 5887 V.

1905 1922 2413 1977 conversationem
2447 1922 2647 1977 saeculi
2681 1927 2737 1977 et
2769 1923 3021 1978 carceris
3052 1941 3486 1997 comparemus,
3505 1930 3556 1983 si

1903 2028 2024 2066 non
2057 2011 2188 2083 plus
2220 2011 2280 2066 in
2313 2027 2548 2068 carcere
2580 2013 2822 2084 spiritus
2856 2013 3128 2084 acquirit,
3186 2032 3366 2086 quam
3414 2034 3552 2074 caro

1903 2101 2121 2156 amittit
2150 2119 2162 2155 :
2195 2101 2315 2157 imo
2350 2107 2408 2156 et
2436 2118 2566 2173 quae
2588 2102 2756 2174 justa
2787 2108 2943 2171 sunt,
2979 2121 3113 2160 caro
3145 2121 3267 2161 non
3309 2108 3552 2174 amittit,

1900 2207 2008 2263 per
2037 2208 2239 2246 curam
2271 2191 2567 2258 Ecclesiae,
2601 2208 2827 2264 agapen
2858 2193 3131 2250 fratrum.
3162 2217 3190 2245 ››
3225 2197 3322 2251 Hae
3353 2198 3550 2253 Eccle-

1903 2280 2004 2336 siae
2037 2286 2093 2335 et
2119 2281 2386 2336 fidelium
2420 2299 2562 2353 opes
2595 2282 2858 2338 diaconis
2881 2284 3414 2356 concredebantur,
3449 2288 3553 2358 qui

1901 2371 2271 2426 confessores
2305 2375 2362 2426 et
2391 2371 2640 2426 consilio
2665 2372 2964 2444 juvarent,
2994 2378 3053 2428 et
3081 2373 3236 2430 victu
3263 2380 3555 2432 sustenta-

1897 2466 2051 2530 rent,
2086 2467 2143 2516 et
2172 2479 2206 2517 a
2236 2462 2549 2518 custodum
2600 2463 2914 2534 iniquitate
2966 2464 3102 2521 dato
3153 2467 3344 2538 pretio
3392 2468 3556 2524 redi-

1897 2564 2150 2614 merent.
2182 2560 2529 2615 Tertulliani
2561 2577 2679 2616 aevo
2712 2561 2765 2614 S.
2819 2563 3111 2633 Perpetua
3159 2564 3220 2618 in
3270 2567 3547 2636 passione

1898 2664 2042 2706 sua:
2074 2670 2102 2698 «
2138 2649 2223 2703 lbi
2250 2654 2390 2704 tunc
2438 2649 2665 2704 Tertius
2725 2655 2783 2705 et
2833 2652 3198 2723 Pomponius
3248 2653 3548 2709 benedicti

1897 2737 2154 2806 diaconi,
2217 2738 2317 2808 qui
2375 2737 2548 2793 nobis
2606 2738 3045 2806 ministrabant,
3105 2743 3546 2798 constituerunt

1897 2827 2139 2898 praemio
2171 2832 2236 2881 ut
2267 2826 2472 2898 paucis
2502 2827 2665 2881 horis
2697 2827 2895 2883 emissi
2917 2829 2980 2882 in
3009 2830 3315 2886 meliorem
3343 2831 3540 2888 locum

1898 2917 2152 2973 carceris
2210 2918 2715 2991 refrigeraremus.
2750 2940 2778 2967 »
2838 2920 2918 2974 De
2977 2921 3379 2977 vetustissima
3430 2924 3543 2979 hac

1898 3005 2328 3062 consuetudine
2360 3007 2417 3063 S.
2451 3007 2775 3079 Cyprianus
2806 3008 3058 3079 epistola
3081 3013 3139 3062 11
3162 3025 3176 3064 :
3201 3030 3228 3060 ‹‹
3252 3011 3321 3066 Et
3351 3012 3546 3068 credi-

1898 3097 2102 3152 deram
2135 3096 2375 3168 quidem
2418 3095 2795 3168 presbyteros
2841 3103 2897 3152 et
2949 3098 3230 3155 diaconos
3281 3102 3380 3172 qui
3424 3102 3549 3157 illic

1902 3191 2226 3261 praesentes
2257 3191 2415 3255 sunt,
2445 3203 2687 3243 monere
2719 3205 2818 3243 vos
2844 3192 2902 3243 et
2922 3189 3185 3244 intruere
3202 3190 3548 3262 plenissime

1903 3279 2058 3334 circa
2086 3277 2383 3349 Evangelii
2417 3277 2626 3350 legem,
2659 3277 2810 3333 sicut
2843 3279 2903 3333 in
2925 3279 3290 3350 prteteritum
3319 3298 3554 3352 semper

1897 3370 2004 3426 sub
2037 3367 2518 3426 antecessoribus
2552 3369 2771 3425 nostris
2803 3370 3026 3426 factum
3059 3375 3166 3441 est,
3199 3376 3266 3427 ut
3313 3372 3550 3428 diaconi

1898 3460 1972 3515 ad
1993 3475 2292 3515 carcerem
2316 3463 2716 3515 commeantes
2738 3464 3068 3531 martyrum
3092 3459 3388 3518 desideria
3408 3479 3552 3519 con-

1899 3550 2047 3605 siliis
2071 3549 2192 3604 suis
2215 3549 2718 3621 etScripturarum
2735 3551 3047 3622 praeceptis
3071 3551 3491 3624 gubernarent.
3520 3577 3542 3606 ι

1896 3641 2079 3710 Idem,
2115 3641 2365 3713 epistola
2393 3641 2463 3695 5:
2503 3663 2531 3691 «
2563 3641 2858 3706 Quantum
2899 3642 2973 3697 ad
3017 3651 3289 3716 sumptus
3341 3663 3552 3719 sugge-

1897 3731 2115 3787 rendos
2144 3730 2263 3785 sive
2286 3729 2401 3784 illis
2427 3729 2525 3800 qui
2550 3729 2807 3800 gloriosa
2828 3748 2969 3786 voce
2986 3733 3172 3788 Deum
3199 3734 3455 3790 confessi
3487 3736 3550 3790 in

1899 3837 2136 3876 carcere
2168 3823 2305 3875 sunt
2335 3818 2662 3887 constituti,
2711 3818 2831 3874 sive
2879 3819 2953 3873 iis
3003 3821 3102 3890 qui
3153 3838 3445 3895 pauperes
3497 3841 3558 3892 et

1900 3909 2232 3982 indigentes
2263 3907 2538 3962 laborant
2563 3912 2621 3961 et
2652 3911 2850 3962 tamen
2886 3908 2947 3962 in
2983 3909 3231 3964 Domino
3280 3927 3558 3982 perseve-

1900 4004 2072 4054 rant:
2104 4001 2238 4070 peto
2272 3995 2424 4051 nihil
2474 3996 2645 4064 desit,
2703 4013 2837 4051 cum
2891 4012 3127 4052 summa
3175 3999 3367 4053 omnis
3425 4017 3555 4070 qum

1899 4087 2138 4144 redacta
2169 4090 2275 4155 est,
2309 4085 2434 4141 illic
2465 4085 2541 4141 sit
2569 4085 2726 4158 apud
2757 4085 3001 4141 clericos
3047 4086 3364 4143 distributa
3423 4106 3555 4160 pro-

1899 4182 2031 4250 pter
2089 4174 2384 4247 ejusmodi
2438 4191 2694 4230 casus.»
2757 4176 2810 4229 S.
2872 4176 3184 4248 Dionysius
3240 4177 3553 4249 episcopus

1899 4264 2360 4330 Alexandrinus,
2393 4263 2548 4335 apud
2578 4263 2916 4333 Eusebium,
2945 4263 3048 4320 lib.
3083 4282 3176 4323 vn.
3211 4283 3336 4338 cap.
3364 4267 3451 4336 11,
3474 4267 3547 4322 de

1901 4363 2154 4420 Eusebio
2204 4361 2500 4416 diacono:
2563 4355 2851 4430 Εὐσέϐιος,
2909 4361 2965 4414 ὅν
3023 4359 3071 4430 ἐξ
3133 4361 3311 4438 ἀρχῆς
3360 4363 3388 4417 ὁ
3421 4363 3551 4425 Θεὸς

1902 4449 2294 4523 ἐνεδυνάμωσε,
2355 4449 2444 4503 καὶ
2502 4449 2866 4523 παρεσκεύασε
2923 4449 3020 4512 τὰς
3099 4451 3398 4525 ὑπηρεσίας
3449 4456 3555 4508 τῶν

1901 4540 1952 4597 ἐν
1985 4545 2104 4602 ταῖς
2137 4538 2406 4616 φυλακαῖς
2462 4537 2765 4613 γενομένων
2809 4539 3116 4615 ἐναγωνίως
3173 4540 3554 4616 ἀποπληροῦν.

1907 4655 1935 4684 ‹‹
1966 4631 2278 4700 Eusebius,
2313 4646 2488 4702 quem
2511 4631 2664 4686 Deus
2686 4631 2815 4702 jam
2841 4630 2977 4686 inde
3009 4631 3080 4686 ab
3113 4631 3280 4687 initio
3313 4633 3558 4689 robora-

1903 4723 2007 4790 vit,
2039 4720 2393 4792 impulitque
2420 4722 2484 4774 ut
2507 4719 2945 4776 confessoribus
2973 4721 3034 4775 in
3057 4721 3325 4777 custodia
3344 4722 3556 4794 positis

1904 4811 2240 4868 ministeria
2265 4814 2504 4864 strenue
2539 4808 2864 4864 exhiberet.
2900 4830 2929 4859 »
2953 4811 3168 4864 Auctor
3193 4811 3554 4866 Constitutio-

1904 4918 2036 4958 num
2058 4901 2507 4972 apostolicarum,
2531 4898 2636 4952 lib.
2653 4916 2704 4967 v,
2729 4915 2861 4969 caq.
2898 4898 2948 4965 1,
2975 4897 3046 4953 de
3065 4899 3402 4954 confessore
3426 4916 3437 4952 :
3461 4901 3553 4967 Μὴ

1905 4989 2171 5068 παρίδητε
2203 4990 2393 5058 αὐτὸν,
2425 4987 2555 5044 ἀλλ’
2583 4988 2642 5044 ἐκ
2682 4994 2778 5045 τοῦ
2819 4989 2990 5045 κόπου
3031 4989 3122 5044 καὶ
3180 4993 3277 5044 τοῦ
3325 4986 3560 5063 ἱδρῶτος

1910 5085 2060 5156 ὑμῶν
2107 5081 2356 5155 πέμψατε
2415 5078 2563 5152 αὐτῷ
2621 5081 2697 5142 εἰς
2759 5077 3055 5160 διατροφὴν
3112 5079 3277 5135 αὐτοῦ
3336 5081 3424 5133 καὶ
3485 5079 3562 5142 εἷς

1911 5167 2260 5245 μισθοδοσίαν
2317 5172 2424 5222 τῶν
2517 5174 2880 5242 στρατιωτῶν,
2939 5170 3030 5225 ἳνα
3098 5168 3408 5249 ἐλαφρυνθῇ
3467 5168 3560 5223 καί

1907 5266 2221 5340 ἐπιμελείας
2251 5265 2415 5343 τύχῃ,
2447 5263 2517 5316 ’ἶν’
2549 5262 2674 5318 ὅσον
2704 5265 2766 5318 τὸ
2799 5263 2879 5340 ἐφ’
2926 5268 3054 5339 ὑμῖν
3104 5267 3180 5339 μὴ
3237 5261 3495 5335 ολίϐηται
3528 5266 3555 5317 ὂ

1913 5354 2178 5430 μακάριος
2203 5351 2436 5430 ἀδελφὸς
2471 5351 2685 5424 ὑμῶν.»
2726 5356 2806 5409 Ne
2837 5372 2972 5411 eum
3025 5357 3334 5431 negligatis
3364 5373 3377 5412 :
3413 5356 3560 5428 quin

1909 5447 2108 5518 potius
2142 5444 2358 5501 mittite
2391 5443 2444 5500 ei
2477 5460 2545 5498 ex
2577 5441 2777 5498 labore
2811 5449 2869 5499 et
2901 5445 3114 5501 sudore
3145 5452 3339 5502 vestro
3373 5445 3446 5500 ad
3477 5445 3564 5500 vi-

1912 5542 2096 5601 ctum,
2129 5539 2185 5589 et
2217 5533 2291 5590 ad
2318 5533 2656 5590 mercedem
2683 5532 2972 5587 militibus
3001 5534 3364 5603 solvendam,
3389 5539 3454 5589 ut
3475 5534 3592 5588 al-~

1909 5625 2159 5680 levietur
2181 5629 2240 5679 et
2263 5629 2503 5679 curetur
2526 5648 2541 5692 ;
2567 5627 2632 5677 ut
2655 5627 2942 5694 quantum
2966 5622 3027 5676 in
3048 5622 3212 5679 vobis
3240 5625 3564 5693 est,beatus

1912 5714 2098 5772 frater
2127 5717 2319 5770 vester
2355 5730 2474 5770 non
2506 5716 2828 5785 prematur.
2867 5734 2885 5763 ι
2938 5710 3133 5767 Victor
3186 5711 3440 5770 Vitensis
3490 5709 3561 5764 de

3173 5831 3244 5890 13
