3942 6302
403 363 520 424 395

408 484 972 564 Carthaginensibus
1001 480 1065 537 in
1095 473 1508 552 persecutione
1539 468 1854 526 Africana:
1889 485 1917 515 «
1950 462 2062 564 ﬁed
2090 464 2146 532 Α
2177 466 2378 517 menta
2403 459 2611 514 dividit
2639 476 2652 527 ;

409 552 666 659 populus
683 577 1023 636 memorata)
1046 569 1210 626 urbis
1228 568 1288 622 in
1310 563 1562 620 Domino
1587 572 1823 629 semper
1844 552 2060 619 ﬁdelis,

413 643 550 732 dato
581 683 828 727 munere
859 658 1226 725 carcerariis,
1257 655 1352 710 die
1383 670 1451 708 ac
1481 653 1654 706 nocte
1673 643 1890 702 Christi
1913 658 2065 698 mar-

413 770 574 836 tyres
604 752 1035 828 frequentabat.
1072 771 1100 798 ››

489 855 623 908 Haec
652 864 785 904 cum
818 843 996 901 fuerit
1040 836 1442 895 vetustissima
1489 828 1763 885 Ecclesiaa
1816 837 2065 879 consue-

412 942 578 1009 tudo,
613 939 771 994 idem
805 935 984 989 etiam
1019 932 1079 984 in
1110 926 1320 1000 Ignatii
1369 921 1622 978 vinculis
1661 918 1882 972 factum
1935 927 2070 967 con-

413 1037 547 1089 stat.
565 1001 722 1086 'Nam
756 1027 812 1080 S.
846 1023 1298 1093 Chrysostomus
1329 1015 1391 1067 in
1414 1005 1701 1082 Panegyri
1723 1001 2070 1093 hmcrobser-

415 1127 557 1177 vat:
610 1118 676 1171 At
737 1114 840 1190 γὰρ
898 1092 1034 1162 κατὰ
1091 1107 1192 1173 τὴν
1248 1101 1373 1157 ὁδὸν
1431 1097 1624 1156 πόλεις
1685 1092 2072 1167 συντρεχουσαι

421 1207 679 1263 πάντοθεν
742 1201 972 1272 ἢλειφον
1031 1195 1124 1248 τὸν
1179 1191 1452 1260 ἀθλητὴν,
1507 1186 1598 1241 καὶ
1655 1182 1790 1238 κατὰ
1843 1177 2069 1235 πολλῶν

425 1298 722 1368 ἐξέπεμπον
755 1293 861 1344 τῶν
897 1282 1152 1362 ἐφοδίων,
1187 1281 1379 1353 εὐχαῖς
1425 1277 1516 1330 καὶ
1572 1266 1885 1345 πρεσϐείαις
1927 1265 2074 1339 αὖτῷ

428 1363 949 1459 συνκνωνιζόμεναι.
987 1373 1321 1429 «Civitates
1354 1369 1514 1424 enim
1568 1366 1627 1419 in
1676 1363 1886 1417 itinere
1936 1374 2074 1413 con-

428 1448 734 1533 currentes
760 1469 1044 1525 athletam
1067 1459 1432 1525 animabant,
1466 1463 1522 1512 et
1544 1471 1677 1511 cum
1701 1451 1938 1522 copioso
1964 1448 2079 1502 via-

425 1566 543 1620 tico
577 1557 973 1619 dimittebant,
1007 1547 1378 1606 orationibus
1409 1549 1466 1598 et
1495 1540 1777 1598 comitatu
1807 1536 1893 1590 illi
1937 1550 2075 1589 con-

429 1656 745 1710 certantes.
781 1666 805 1698 »
840 1646 1085 1714 Semper
1115 1638 1273 1692 enim
1306 1633 1570 1708 agnoscit
1604 1645 1733 1686 eam
1765 1642 1941 1698 quam
1974 1624 2076 1678 ha-

429 1742 559 1798 buit
592 1739 663 1794 ab
699 1713 1306 1795 ecclesiisdvotmomv,
1340 1724 1516 1794 idque
1557 1720 1680 1775 fere
1726 1733 1834 1788 per
1875 1713 2077 1768 diaco-

431 1848 577 1888 nos:
611 1834 674 1884 ut
704 1827 778 1882 ad
809 1826 1143 1894 Smyrnaaos
1169 1833 1181 1872 :
1217 1813 1368 1871 Κατὰ
1391 1811 1565 1866 πάντα
1617 1827 1682 1880 με
1729 1801 2078 1871 ἆνεπαύσατε,
2113 1835 2161 1900 Β

434 1924 494 1974 et
525 1917 597 1972 de
629 1913 854 1970 Burrho
882 1891 1082 1966 ενΚατά
1108 1904 1281 1959 πάντα
1316 1921 1381 1975 με
1439 1898 1721 1954 ἀνέπαυσεο
1774 1894 1848 1950 ad
1897 1891 2084 1963 Ephe-

433 2009 556 2063 sios
590 2004 660 2058 de
693 2005 915 2058 Croco:
967 1996 1112 2054 Κατὰ
1161 1993 1330 2048 πάντα
1381 2010 1448 2063 με
1503 1988 1817 2052 ἀνέπαυσεν,
1876 1981 1949 2041 ὡς
1997 1977 2086 2032 καὶ

437 2093 598 2150 αὐτὸν
630 2092 658 2146 ὁ
685 2090 870 2162 Πατὴρ
899 2082 1081 2156 Ἰησοῦ
1113 2083 1350 2156 Χριστοῦ
1381 2076 1652 2150 ἀναψύξει.
1702 2076 1835 2128 Ηωο
1888 2073 2088 2125 autem

439 2183 753 2246 ἀνάπαυσις,
788 2157 905 2232 sive
953 2171 1232 2245 ἀνάφυξις,
1282 2168 1396 2224 fuit
1442 2166 1544 2222 illa
1589 2158 1956 2234 refrigeratio
2015 2157 2086 2211 de

443 2289 561 2344 qua
589 2275 815 2325 veteres
845 2265 1188 2336 loquuntur.
1221 2257 1504 2315 Omnibus
1544 2254 1724 2324 igitur
1744 2249 1938 2307 modis
1969 2247 2090 2302 dia-

440 2362 576 2418 coni
608 2360 824 2430 aliique
859 2356 929 2411 ab
963 2352 1224 2409 ecclesiis
1266 2349 1428 2404 missi
1487 2344 1711 2418 lgnatio
1763 2343 1823 2396 in
1875 2339 2085 2394 itinere

441 2447 900 2512 ministrabant;
933 2444 1197 2512 adeoque
1230 2454 1365 2494 eum
1398 2454 1432 2491 a
1468 2431 1876 2490 vexationibus
1929 2426 2086 2483 mili-

443 2550 592 2608 tum,
625 2542 914 2610 quantum
949 2534 1010 2588 in
1041 2531 1186 2603 ipsis
1218 2534 1362 2594 erat,
1397 2525 1660 2598 praemiis
1690 2519 2083 2577 redimebant.

437 2632 583 2688 Hinc
615 2607 812 2684 autem
845 2628 1004 2679 recte
1035 2619 1384 2691 intelligitur
1435 2613 1592 2686 quod
1650 2613 1722 2668 de
1772 2607 2084 2674 militibus,

437 2737 587 2793 quos
617 2715 932 2789 leopardos
979 2715 1166 2780 vocat,
1218 2707 1442 2773 scribit,
1476 2701 1527 2758 οἵ
1559 2701 1647 2756 καὶ
1698 2697 2086 2773 εὐεργετούμε-

433 2787 520 2865 ν-οι
551 2787 774 2882 χείρους
802 2803 1066 2878 γίνονται,
1101 2821 1129 2850 ‹‹
1162 2798 1263 2870 qui
1297 2803 1353 2852 et
1393 2791 1699 2850 beneﬁciis
1748 2787 1942 2845 affecti
1982 2802 2085 2858 pe-

429 2876 596 2974 jores
622 2876 774 2954 ﬁunt
800 2876 825 2963 ;V
847 2915 874 2943 ››
906 2893 1150 2959 scilicet,
1171 2905 1288 2960 quo
1312 2887 1443 2958 plus
1464 2882 1731 2956 pecunim
1754 2896 1788 2935 a
1813 2876 2085 2932 ﬁdelibus

436 2990 780 3060 acciperent
808 3001 913 3056 pro
945 2980 1309 3038 relaxatione
1339 2972 1689 3038 vexationis,
1710 2986 1779 3025 eo
1803 2967 1995 3024 acrius
2018 2981 2088 3020 ex

437 3059 747 3136 intervallo
780 3075 835 3129 S.
867 3077 1186 3142 martyrem
1211 3066 1516 3133 vexabant,
1540 3077 1656 3132 quo
1679 3059 1966 3131 majorem
1993 3071 2089 3126 pe-

439 3168 634 3225 cunias
661 3166 776 3220 vim
809 3163 1252 3230 extorquerent,
1284 3159 1343 3209 et
1371 3151 1737 3208 Christianos
1793 3144 2089 3217 copiosius

444 3258 855 3328 emungerent.
889 3252 1079 3314 Quare
1111 3262 1246 3301 cum
1281 3243 1452 3298 toties
1476 3239 1704 3312 Ignatio
1727 3235 2094 3305 contingeret

438 3325 836 3418 refrigeratio,
869 3345 926 3394 et
947 3338 1018 3393 ab
1042 3335 1351 3406 iniquitate
1374 3331 1630 3386 militum
1652 3325 2088 3398 redemptio,et,

441 3442 508 3492 ut
540 3417 804 3502 loquitur
833 3426 1251 3489 Tertullianus,
1295 3443 1321 3470 ‹‹
1357 3419 1604 3475 facultas
1642 3417 1845 3472 liberae
1893 3418 2091 3469 custo-

441 3524 574 3590 diaa,
612 3501 639 3572 ἦ
672 3519 845 3575 facile
878 3517 1070 3588 potuit
1095 3513 1223 3568 illas
1266 3527 1413 3582 quas
1470 3509 1759 3564 habemus
1811 3501 2090 3575 epistolas

442 3626 705 3677 exarare,
730 3621 978 3679 quarum
999 3605 1209 3675 aliqua:
1233 3618 1354 3656 non
1367 3599 1622 3654 multum
1635 3595 1898 3667 longiore
1913 3608 2091 3663 quam

439 3701 618 3756 unius
650 3699 810 3753 hora:
841 3695 1028 3767 spatio
1059 3693 1234 3748 scribi
1269 3694 1626 3763 potuerunt;
1660 3701 1854 3755 neque
1905 3700 1973 3738 ex
2023 3681 2094 3735 iis

446 3790 573 3846 ulla
603 3795 722 3844 tam
756 3785 986 3858 prolixa
1017 3787 1123 3850 est,
1155 3787 1223 3837 ut
1268 3779 1469 3852 plures
1519 3792 1696 3848 quam
1747 3780 1868 3828 tres
1915 3773 2094 3827 horas

444 3879 725 3953 postulet.
759 3878 924 3932 Certe
958 3896 984 3925 ‹‹
1019 3871 1285 3944 quamvis
1316 3870 1502 3940 longa:
1535 3864 1801 3938 epistolae
1833 3879 1953 3918 una
1978 3877 2096 3915 nox

449 3952 691 4035 sufﬁcit,
724 3987 751 4016 »
786 3963 981 4034 inquit
1011 3962 1404 4030 Hieronymus
1435 3956 1509 4011 ad
1531 3952 1957 4010 Chromatium.
1984 3952 2098 4003 Cur

444 4060 642 4132 igitur,
677 4055 777 4127 qui
815 4054 889 4108 ad
943 4050 1227 4123 Ephesios
1274 4048 1425 4102 hanc
1480 4043 1789 4116 epistolam
1840 4038 2096 4110 scripsit,

445 4167 564 4206 non
579 4143 902 4213 ctaliam,si
922 4158 1069 4214 opus
1083 4135 1598 4204 esset,ascribendi
1614 4134 1984 4191 occasionem
2004 4146 2101 4200 0p-

446 4237 996 4312 portunitatemque
1030 4228 1296 4302 polliceri
1328 4227 1437 4283 sibi
1467 4229 1687 4298 posset,
1711 4238 1948 4279 causam
1973 4218 2102 4275 nul-

445 4311 562 4383 lam
588 4324 778 4380 video.
806 4321 969 4376 Unde
996 4325 1117 4376 tota
1139 4319 1240 4375 illa
1261 4315 1662 4389 imprudentia
1679 4320 1736 4368 et
1758 4311 2102 4384 insipientia

450 4416 511 4470 in
540 4414 657 4468 alio
689 4410 893 4466 libello
926 4407 1326 4481 promittendo
1358 4421 1604 4476 prorsus
1633 4402 1945 4457 evanescit.
1969 4403 2102 4456 Haec

448 4520 517 4559 eo
549 4501 854 4557 lubentius
885 4500 997 4554 hoc
1026 4498 1156 4553 loco
1180 4491 1733 4560 commemoravi,et
1754 4489 1943 4545 fusius
1965 4507 2100 4562 pro-

1471 340 1533 398 S.
1581 327 1984 398 IGNATIUS.
2037 356 2109 372 -—
2150 322 2773 389 PROLEGOMENA.

3699 312 3833 444 396‘

2713 469 2967 530 quorum
3019 453 3136 509 duo
3184 448 3674 522 interpolationes
3727 464 3808 503 au

2175 553 2375 624 spuria
2388 548 2798 623 spectant,duo
2820 548 2879 601 in
2896 549 3165 601 nostrum
3179 541 3551 615 Ignatianum
3567 538 3830 610 dirigun-

2175 652 2288 702 tur.
2319 645 2516 700 Prima
2543 641 2850 698 modestiae
2908 636 3140 692 violatio
3191 639 3297 702 est,
3345 631 3503 704 quod
3551 653 3579 681 ‹‹
3613 645 3831 701 super-

2177 735 2506 792 caalestium
2537 731 2848 788 scientiam
2901 727 3014 782 sibi
3062 724 3342 780 vindicat.
3379 743 3406 772 ››
3462 721 3641 786 Quasi
3689 735 3830 775 vero

2177 823 2512 880 Christiano
2529 822 2673 886 viro,
2689 817 2998 890 etquidem
3016 815 3314 886 episcopo,
3356 815 3415 866 et
3437 811 3510 866 ab
3541 809 3828 881 apostolis

2179 915 2386 970 edocto
2418 911 2585 966 nulla
2616 906 3126 981 superccelestium
3159 902 3410 958 scientia
3439 903 3828 970 competeret.

2177 1005 2265 1058 An
2288 1001 2355 1055 τὰ
2385 998 2680 1073 ἐπουράνια
2735 997 2905 1052 toties
2953 994 3025 1049 ab
3068 991 3348 1064 Apostolo
3397 993 3830 1054 memorantur,

2180 1098 2247 1148 ut
2275 1092 2345 1146 de
2377 1090 2496 1144 illis
2526 1087 2680 1144 nihil
2711 1087 2883 1154 seire,
2925 1083 3077 1140 nihil
3110 1081 3366 1137 scribere
3389 1084 3632 1150 possent
3661 1078 3837 1131 Chri-

2183 1181 2357 1236 stiani
2378 1180 2405 1234 ‘2
2435 1179 2577 1234 Mira
2604 1178 2730 1232 haec
2759 1175 2904 1231 mihi
2937 1173 3231 1236 videntur,
3266 1175 3325 1225 et
3352 1175 3552 1223 tamen
3583 1167 3655 1222 ob
3679 1168 3835 1222 hanc

2183 1287 2366 1327 unam
2397 1267 2755 1324 sententiam
2786 1287 2811 1314 α
2840 1281 2874 1319 a
2895 1261 3185 1318 modestia
3215 1261 3311 1316 hic
3331 1259 3582 1330 scriptor
3612 1257 3837 1328 duplici

2185 1362 2430 1416 nomine
2464 1357 2735 1412 discedit.
2774 1379 2799 1404 υ
2822 1355 3035 1423 Primo,
3067 1373 3090 1404 α
3121 1351 3230 1405 sibi
3252 1367 3321 1405 ea
3345 1349 3550 1404 tribuit
3572 1365 3705 1419 qua:
3734 1364 3842 1402 ne-

2187 1451 2336 1507 mini
2361 1447 2587 1503 homini
2607 1445 2844 1502 mortali
2862 1458 3146 1499 concessa
3167 1441 3841 1511 sunt.»Nego,pernego.

2189 1541 2340 1597 Dicit
2370 1556 2431 1594 se
2461 1535 2650 1591 πολλὰ
2679 1537 2894 1610 φρονεῖν
2929 1531 2982 1587 ἐν
3031 1535 3170 1602 Θεῷ,
3221 1553 3249 1580 ‹‹
3282 1529 3471 1586 multa
3515 1544 3724 1599 sapere
3781 1528 3842 1582 in

2189 1633 2328 1686 Deo.
2354 1651 2383 1679 »
2415 1631 2501 1684 An
2532 1628 2642 1682 hoc
2675 1624 2824 1680 nulli
2856 1621 3199 1679 mortalium
3230 1635 3579 1675 concessum
3601 1617 3737 1672 est?
3767 1633 3842 1672 an

2189 1721 2385 1792 potius
2414 1719 2487 1773 ab
2521 1715 2801 1772 omnibus
2824 1711 3174 1768 Christianis
3194 1709 3549 1780 requisitum
3570 1723 3694 1761 non
3716 1706 3844 1760 est?

2191 1808 2280 1865 Ad
2301 1807 2656 1880 sapientiam
2677 1805 2739 1859 in
2761 1805 2878 1858 Deo
2905 1807 2963 1857 et
2982 1801 3224 1872 quidem
3247 1799 3495 1880 multam
3522 1812 3731 1851 omnes
3753 1813 3845 1880 vo-

2196 1873 2426 1955 cantur,
2458 1887 2559 1941 ille
2591 1884 2943 1957 przesertim,
2977 1897 3154 1952 quem
3186 1881 3241 1936 S.
3268 1879 3723 1949 Chrysostomus
3753 1873 3846 1927 ἆν-

2195 1977 2454 2053 τίρῥοπον
2489 1973 2694 2048 Πέτρου
2727 1969 3053 2027 διδάσκαλον
3088 1970 3386 2042 appellare
3416 1984 3538 2023 non
3585 1971 3845 2022 veretur.

2196 2070 2349 2126 Dicit
2379 2086 2439 2124 se
2471 2085 2541 2124 ea
2571 2067 2831 2122 scribere
2861 2080 3056 2136 posse,
3089 2079 3219 2133 qum
3250 2060 3581 2116 Trallenses
3603 2074 3726 2113 non
3747 2074 3850 2113 ca—

2196 2165 2427 2234 perent.
2459 2163 2549 2214 An
2579 2159 2690 2212 hoc
2711 2156 2864 2212 nulli
2913 2153 3258 2210 mortalium
3307 2167 3655 2207 concessum
3714 2148 3852 2204 est?

2196 2251 2469 2308 Nondum
2499 2253 2664 2303 tanta
2713 2245 2886 2301 nobis
2927 2249 3068 2300 tunc
3115 2243 3404 2315 temporis
3449 2239 3854 2296 Trallensium

2199 2340 2446 2396 scientia
2471 2338 2652 2392 fuisse
2685 2339 2947 2407 apparet.
2980 2333 3122 2388 Cum
3156 2333 3229 2388 ad
3262 2333 3597 2404 Smyrnaeos
3637 2346 3852 2400 super-

2199 2428 2616 2495 cmlestium,et
2631 2424 2950 2480 visibilium
2964 2421 3466 2491 invisibiliumque
3480 2420 3852 2475 mentionem

2196 2519 2454 2583 fecisset,
2489 2516 2689 2571 statim
2719 2513 2922 2569 addit:
2975 2535 3002 2562 «
3035 2512 3142 2577 Qui
3195 2511 3372 2583 capit,
3414 2511 3626 2582 capiat.
3665 2531 3693 2557 »
3746 2515 3855 2563 Po-

2199 2615 2444 2676 stremo,
2493 2606 2622 2660 haec
2680 2600 2970 2676 ἐπουράνια
3029 2601 3246 2656 clarius
3303 2600 3531 2667 deﬁnit,
3590 2599 3736 2653 dum
3791 2616 3852 2653 se

2205 2705 2300 2766 τὰς
2356 2699 2680 2762 τοποθεσίας
2738 2700 2833 2761 τὰς
2893 2696 3210 2774 ἀγγελικᾶς,
3268 2697 3362 2752 καὶ
3415 2695 3512 2757 τὰς
3560 2696 3850 2757 συστάσεις

2194 2794 2289 2855 τὰς
2321 2788 2654 2870 ἄρχοντικάς
2683 2789 3016 2861 intelligere
3051 2804 3224 2859 posse
3275 2786 3439 2842 dicit.
3490 2787 3606 2840 Nec
3645 2791 3854 2840 tamen

2205 2906 2230 2940 ι
2261 2889 2423 2958 patet
2452 2884 2578 2937 haac
2608 2878 2953 2952 hujusmodi
2988 2894 3116 2933 esse
3145 2921 3159 2946 ,
3195 2894 3324 2948 quae
3374 2874 3523 2931 nulli
3571 2874 3858 2930 mortales

2198 2977 2408 3032 sciant.
2443 2995 2471 3024 »
2500 2975 2622 3029 Non
2650 2973 2800 3027 forte
2827 2987 2945 3025 non
2975 2973 3130 3024 rects
3155 2966 3543 3038 intelligimus
3565 2964 3711 3035 quid
3739 2965 3862 3036 epi-

2205 3065 2367 3121 stolaa
2398 3064 2651 3135 scriptor
2690 3077 2796 3132 per
2828 3060 2940 3114 ista
2969 3057 3146 3113 verba
3174 3056 3441 3124 voluerit,
3485 3059 3544 3108 at
3574 3070 3715 3108 eum
3757 3054 3863 3109 illa

2200 3172 2319 3210 non
2352 3151 2710 3209 intellexisse
2743 3166 2873 3220 quae
2903 3148 2994 3202 his
3026 3146 3217 3201 verbis
3267 3143 3600 3217 signiﬁcare
3647 3141 3859 3210 voluit,

2203 3261 2378 3300 nemo
2411 3248 2569 3298 certe
2600 3239 2939 3296 mortalium
2971 3237 3152 3292 novit.
3187 3237 3297 3290 Per
3345 3230 3662 3295 τοποθεσίας
3716 3233 3859 3288 Dal-

2192 3335 2343 3389 lmus
2378 3330 2700 3403 signiﬁcari
2740 3332 2927 3400 putat,
2963 3349 2990 3376 ‹‹
3027 3327 3154 3380 loca
3184 3325 3244 3378 in
3277 3323 3492 3395 quibus
3519 3322 3609 3376 vel
3636 3322 3868 3394 singuli

2198 3421 2512 3493 angeli,ch
2543 3417 2890 3490 angelorum
2908 3415 3147 3471 ordines
3170 3430 3202 3468 a
3225 3415 3342 3468 Deo
3365 3413 3425 3466 in
3446 3411 3558 3466 hoc
3578 3411 3865 3466 universo

2195 3510 2372 3584 positi
2405 3514 2564 3564 sunt.
2598 3530 2625 3558 »
2661 3506 2773 3561 Sed
2805 3507 2876 3561 de
2909 3505 3019 3559 hac
3050 3503 3539 3572 interpretatione
3587 3499 3858 3555 dubitari

2195 3616 2317 3656 non
2347 3597 2644 3654 immerito
2676 3601 2890 3668 potest.
2926 3592 3200 3659 Quamvis
3248 3591 3407 3646 enim
3461 3606 3591 3645 eam
3643 3607 3856 3645 vocem

2195 3689 2354 3744 velut
2385 3687 2714 3760 elegantem
2745 3684 2945 3739 Cicero
2972 3680 3345 3752 usurpaverit
3378 3698 3391 3746 ;
3434 3678 3589 3750 apud
3617 3679 3856 3733 Graecos

2197 3790 2419 3845 tamen,
2450 3781 2516 3831 ut
2546 3775 2774 3846 Opinor,
2811 3789 2942 3828 raro
2977 3774 3196 3836 exstat;
3231 3774 3289 3824 et
3317 3767 3472 3839 apud
3503 3766 3856 3822 Ciceronem

2199 3884 2268 3924 ea
2299 3865 2727 3939 signiﬁcatione
2762 3862 3036 3928 sumitur,
3072 3876 3201 3930 qua:
3229 3857 3452 3930 angelis
3474 3873 3594 3911 non
3617 3873 3863 3927 compe-

2200 3955 2289 4010 tit.
2319 3953 2494 4012 Τόπος
2527 3953 2589 4006 in
2620 3952 2730 4006 hoc
2763 3951 2890 4020 ipso
2925 3948 3212 4018 scriptore
3235 3962 3340 4018 pro
3365 3944 3557 3999 ofﬁcio
3581 3949 3636 3999 et
3671 3943 3862 4015 digni-

2202 4049 2320 4100 tate
2355 4042 2630 4107 sumilur,
2658 4045 2724 4094 ut
2751 4038 2823 4093 ad
2876 4039 3233 4107 Smyrnaeos,
3282 4033 3448 4093 τόπος
3499 4027 3704 4103 μηδένα
3761 4052 3863 4104 φυ-

2202 4129 2424 4187 σιούτω.
2459 4132 2636 4185 Vetus
2666 4129 2960 4199 interpres
2989 4143 3000 4179 :
3035 4148 3061 4173 ‹‹
3096 4124 3387 4190 Qualitate
3437 4121 3633 4176 nullus
3685 4121 3866 4175 inﬂe-

2204 4238 2323 4300 tur,
2356 4251 2383 4280 »
2417 4234 2482 4284 ut
2505 4233 2664 4284 recte
2696 4225 3009 4298 legendum
3041 4223 3277 4280 monuit
3307 4223 3541 4278 Isaacus
3574 4221 3860 4284 Vossius;

2205 4337 2344 4377 nam
2375 4319 2644 4374 Usserius
2675 4333 2796 4371 non
2824 4320 2982 4370 recte
3021 4338 3040 4363 ε
3077 4313 3336 4384 qualiter
3365 4333 3392 4360 »
3424 4328 3495 4365 ex
3524 4326 3637 4365 ms.
3691 4315 3868 4364 tran-

2208 4409 2462 4480 scripsit.
2495 4405 2892 4477 Interpolator
2921 4421 2934 4458 :
2966 4401 3145 4463 Τόπος
3178 4398 3265 4454 καὶ
3300 4399 3512 4471 ἂξίωμα
3561 4399 3651 4451 καὶ
3682 4394 3868 4451 πλοῦ-

2206 4517 2300 4559 τος
2335 4493 2538 4569 μηδένα
2567 4492 2861 4572 φυσιούτω.
2893 4492 2980 4547 Ad
3009 4491 3401 4562 Polycarpum
3428 4506 3440 4543 :
3469 4482 3706 4541 Ἐκδίκει
3766 4507 3866 4540 σου

454 4596 691 4648 secutus
718 4605 868 4656 sum,
894 4591 960 4643 ut
990 4586 1169 4641 simul
1201 4581 1493 4638 Blondelli
1519 4578 1833 4651 quaestioni
1865 4595 2011 4650 reSpl

2329 4585 2514 4650 τόπον,
2548 4608 2574 4634 α
2611 4583 2846 4638 vindica
2876 4582 3069 4637 locum
3094 4585 3283 4644 tuum,
3307 4598 3331 4628 η
3355 4579 3467 4633 hoc
3486 4582 3575 4633 est
3595 4577 3870 4632 ofﬁcium

449 4681 673 4736 derem.
697 4702 724 4730 «
747 4680 870 4744 Quo
894 4676 1067 4748 palpo
1087 4673 1412 4728 belluinam
1433 4667 1849 4740 leopardorum
1873 4667 2099 4723 rabiem

449 4769 656 4825 sedare
690 4767 895 4823 dotum
927 4769 1035 4831 est,
1070 4767 1133 4816 ut
1163 4761 1421 4815 vinctum
1454 4773 1626 4813 suum
1659 4772 1777 4810 non
1808 4756 1983 4810 modo
2018 4757 2100 4828 pii

454 4859 632 4915 unius
666 4862 767 4913 aut
796 4855 1041 4912 alterius
1073 4850 1300 4907 solatiis
1331 4847 1468 4917 frui,
1519 4845 1622 4901 sed
1671 4843 1830 4898 idem
1879 4845 2100 4901 vicinas

451 4948 719 5018 undique
752 4945 1054 5008 ecclesias,
1088 4940 1251 4995 nullo
1284 4935 1542 4992 incendii
1575 4934 1938 4990 Christianos
1960 4933 2101 4989 orbe

454 5042 575 5093 toto
607 5033 984 5107 depascentis
1015 5034 1180 5085 metu
1210 5025 1508 5098 aggregari
1559 5024 1822 5079 sinerent
1850 5023 1877 5078 ?
1909 5047 1929 5074 ι
1969 5024 2102 5078 Hmc

449 5128 616 5183 enim
651 5125 858 5180 eadem
890 5136 1071 5192 opera
1101 5117 1428 5171 difﬁantur.
1463 5113 1571 5178 Qui
1604 5113 1759 5168 enim
1784 5118 1984 5168 nostra
2013 5113 2099 5166 le-

446 5216 626 5290 gerit,
661 5219 719 5269 et
747 5212 987 5284 palpum
1021 5207 1216 5262 siatim
1250 5203 1488 5267 videbit,
1539 5208 1595 5257 et
1625 5207 1709 5257 tot
1738 5202 2103 5258 Christiano-

449 5323 583 5362 rum
616 5315 974 5360 concursum
1005 5298 1228 5352 factum
1261 5311 1389 5350 esse
1421 5309 1540 5348 non
1571 5291 1902 5347 mirabitur.

518 5395 716 5466 Capite
749 5393 815 5444 2t
844 5405 910 5443 ea
931 5384 1217 5457 congerit,
1251 5400 1380 5454 quae
1415 5383 1472 5436 in
1501 5380 1767 5452 epistolis
1787 5386 2104 5435 occurrunt

448 5501 571 5540 non
603 5483 747 5538 satis
805 5494 940 5534 cum
1000 5474 1277 5545 martyris
1328 5469 1619 5526 modestia
1667 5474 2100 5526 consentanea:

407 5559 412 5562 ’
452 5590 586 5644 quae
619 5577 819 5627 tamen
849 5567 1068 5622 fatetur
1099 5580 1226 5619 esse
1259 5562 1457 5617 minus
1487 5560 1642 5615 elata
1674 5575 1851 5630 quam
1884 5576 1951 5616 ea
1973 5578 2103 5632 quas

453 5661 724 5732 superius
749 5655 1097 5715 audivimus.
1134 5656 1265 5710 Haec
1298 5657 1495 5710 autem
1528 5650 1590 5705 in
1626 5653 1880 5719 quatuor
1913 5666 2100 5724 argu-

2213 4681 2271 4732 et
2298 4675 2646 4747 dignitatern
2679 4688 2857 4742 quam
2901 4676 2965 4726 ut
3015 4669 3324 4741 epiSCOpus
3373 4666 3627 4721 obtines.
3675 4666 3872 4730 Quem

2211 4767 2408 4822 locum
2441 4765 2568 4819 sine
2603 4762 2782 4818 dubio
2815 4761 3095 4833 Grigenes
3125 4759 3188 4814 in
3219 4758 3417 4813 animo
3451 4755 3678 4821 habuit,
3731 4773 3876 4811 cum

3823 4840 3864 4857 κη

2211 4856 2275 4910 in
2308 4850 2728 4909 Commentariis
2769 4851 2841 4904 ad
2895 4849 3214 4904 Matthwum
3273 4845 3547 4916 scripsit:
3608 4842 3766 4896 Ἐπεὶ
3821 4842 3876 4896 8‘s

2209 4941 2300 4996 τὸν
2351 4939 2519 4995 τόπον
2579 4944 2677 5007 τῆς
2737 4935 3041 5004 ἐπισγοπῆς
3099 4931 3434 4994 ἐκδικοῦντες
3487 4931 3738 5006 χρῶνται
3796 4935 3878 5002 τῷ

2217 5031 2388 5106 ῥητῷ.
2423 5031 2488 5085 Et
2516 5029 2806 5083 τοποθεσια
2837 5044 2905 5082 eo
2939 5041 3117 5081 sensu
3143 5028 3377 5096 sumpta
3420 5021 3494 5077 ad
3517 5021 3876 5094 angelorum

2213 5121 2460 5176 ordinea
2491 5119 2709 5174 rectius
2732 5117 2982 5172 fortasse
3003 5113 3289 5187 applicari
3322 5116 3517 5183 potest
3544 5128 3557 5168 :
3591 5110 3756 5166 varia
3781 5127 3882 5167 au-

2214 5217 2335 5266 tem
2365 5224 2568 5264 eorum
2601 5206 2796 5262 ofﬁcia
2824 5205 3258 5277 dignitatesque
3291 5199 3677 5256 vetustissimi
3704 5200 3883 5254 Chri-

2217 5297 2393 5354 stiani
2425 5295 2841 5369 agnoscebant.
2906 5291 3197 5352 Συστάσεις
3249 5287 3626 5363 ἄρχοντικπὶςε
3679 5289 3883 5343 reddit

2215 5404 2450 5444 rursum
2483 5385 2729 5442 Dallmus
2767 5409 2792 5436 ‹‹
2818 5384 3258 5456 principatuum
3283 5395 3566 5449 quaseam
3587 5379 3883 5433 stationes

2215 5484 2391 5549 atque
2425 5476 2602 5544 acies,
2632 5497 2657 5524 »
2692 5491 2825 5530 cum
2852 5472 3102 5532 σύστασις
3123 5486 3315 5542 neque
3337 5469 3659 5523 stationem
3680 5484 3880 5539 neque.

2217 5568 2404 5624 aciem
2428 5565 2738 5638 signiﬁcet.
2774 5565 2852 5619 De
2887 5563 2979 5618 his
3010 5561 3199 5617 fusius
3247 5557 3570 5629 aliquando
3623 5557 3882 5613 fortasse

2217 5673 2481 5730 agemus.
2517 5654 2762 5712 Interim
2791 5656 2999 5726 fateor,
3031 5652 3102 5710 de
3136 5650 3487 5724 angelorum
3520 5653 3762 5717 natura,
3800 5647 3882 5704 of-
