3942 6302
173 418 285 478 39¹1

898 408 954 469 J.
1003 408 1418 472 PEARSONII
1470 406 1842 469 VINDICLE

2008 407 2365 472 ἈἸἸΑΝλΕ⁸
2414 444 2493 458 —
2531 410 2738 472 PARS
2779 412 2859 473 II.

3474 415 3594 476 398

183 550 346 618 ﬁciis,
380 546 777 621 dignitatibus
810 544 1240 616 ordinibusque
1281 541 1527 598 diversis
1557 541 1723 634 scire
1769 557 1830 595 se
1861 566 1914 634 Α
1943 543 2121 615 igitur
2150 545 2377 617 aliquid
2411 546 2730 603 meditatus
2761 550 2979 614 erat,ut
3004 548 3286 619 quoniam
3302 548 3430 621 jam
3455 565 3590 606 con-

179 639 375 710 aliqua
407 637 758 709 scriptorem
785 635 1049 706 epistolae
1077 634 1376 689 afﬁrmare
1401 648 1529 703 qum
1574 630 1841 686 Trallen-

179 746 268 784 ses
301 743 515 799 capere
547 742 669 780 non
699 725 963 796 potuisse
996 725 1224 795 putavit
1261 739 1274 788 ;
1309 727 1365 777 et
1396 721 1505 775 hoc
1537 719 1736 791 potius
1766 719 1840 774 ad

179 819 376 873 locum
408 817 466 870 S.
520 814 691 870 Pauli
739 813 814 869 ab
879 813 1115 868 Usserio
1207 811 1534 868 indicatum
1617 812 1842 880 spectat

179 927 357 982 quam
384 907 458 964 ad
489 906 664 962 illum
695 923 730 961 a
765 905 1006 973 Dallaeo,
1040 905 1142 960 ubi
1176 922 1296 960 non
1340 902 1717 971 descientia,
1779 917 1840 955 se

179 1002 249 1057 de
282 999 563 1070 religioso
587 995 750 1051 cultu
772 994 1118 1066 angelorum
1137 993 1543 1064 agitur.Quare
1566 991 1677 1044 hoc
1700 1005 1835 1044 sen-

181 1091 258 1147 tio
293 1087 590 1159 S.lgnatio
615 1084 798 1156 probe
825 1083 1164 1151 convenire,
1191 1088 1246 1136 et
1278 1081 1349 1136 ab
1382 1098 1449 1136 eo
1475 1096 1592 1134 non
1627 1081 1836 1133 immo-

179 1180 366 1246 deste,
402 1177 508 1232 sed
533 1191 666 1230 vere
689 1174 912 1229 dictum
934 1190 1083 1239 esse,
1105 1178 1164 1228 et
1197 1171 1270 1226 ad
1294 1187 1362 1226 ea
1392 1186 1523 1241 qua:
1581 1184 1839 1238 sequun-

179 1275 276 1324 tur
306 1270 468 1322 recte
501 1261 935 1320 accommodari
967 1261 1442 1332 posseJrenaaus
1479 1257 1840 1313 charismata

179 1361 242 1415 in
272 1356 575 1429 primitiva
596 1353 857 1409 Ecclesia
874 1367 1349 1408 commemorans
1362 1349 1638 1405 meminit
1653 1350 1759 1400 τῶν
1773 1345 1840 1399 τὰ

184 1447 467 1520 μυστήρια
493 1443 588 1498 τοῦ
616 1445 749 1497 Θεοῦ
777 1437 1241 1514 ἐκδιηγουμένων,
1280 1464 1300 1490 ι
1337 1455 1542 1494 eorum
1593 1437 1694 1509 qui
1745 1452 1840 1490 ar-

180 1553 336 1594 cana
355 1536 456 1591 Dei
480 1533 763 1606 mysteria
785 1531 1292 1603 exponebant.»Ut
1310 1527 1568 1600 Ignatius
1582 1526 1656 1581 ad
1676 1525 1842 1596 Poly-

181 1641 472 1700 carpum:
525 1629 603 1677 Ta
664 1618 720 1676 δὶ
779 1619 983 1694 ἀόρατα
1041 1617 1179 1673 αἴτει
1243 1621 1331 1671 ἶνα
1388 1637 1472 1670 σοι
1531 1615 1839 1693 φανερωθῇ,

175 1714 330 1776 ὅπως
396 1709 628 1786 μηδενὸς
687 1707 879 1783 λείπῃ,
939 1708 1028 1763 καὶ
1095 1707 1297 1769 παντὸς
1345 1706 1690 1782 χαρίσματος
1740 1723 1839 1758 πε-

183 1802 458 1879 ρισσεῦῃ).
502 1823 528 1856 ιι
559 1800 880 1857 Invisibilia
908 1803 1107 1855 autem
1139 1803 1304 1870 petas
1334 1801 1400 1852 ut
1425 1796 1531 1851 tibi
1589 1793 1838 1850 manife-

177 1895 509 1960 stentur,ut
528 1889 695 1945 nullo
732 1887 994 1958 deﬁcias,
1018 1891 1076 1942 et
1096 1886 1258 1942 omni
1279 1885 1633 1942 charismate
1656 1883 1836 1940 abun-

1952 633 2263 691 demnatus
2294 636 2800 708 esset,apostolica
2825 637 3079 708 quadam
3103 639 3450 695 auctoritate
3467 645 3592 696 ute-

1948 733 2130 783 retur.
2165 727 2275 782 Sed
2307 745 2378 783 ex
2409 746 2608 784 amore
2640 745 2776 801 erga
2807 729 2987 800 ipsos,
3019 734 3076 784 et
3108 747 3176 784 ex
3209 747 3328 785 suae
3385 731 3593 786 condi-

1952 817 2128 872 tionis
2183 834 2362 873 sensu
2420 818 2502 872 eis
2559 819 2764 890 parcit.
2821 815 3015 871 Πολλὰ
3046 822 3250 891 φρονῶ,
3283 821 3499 891 inquit,
3536 816 3588 872 ἐν

1950 909 2086 976 Θεῷ,
2126 926 2146 954 α
2181 908 2369 962 multa
2391 908 2553 979 sapio
2587 908 2646 962 in
2670 909 2844 972 Deo,»
2875 909 3312 980 quamplurima
3341 909 3412 964 ab
3447 926 3586 982 apo-

1951 996 2274 1068 stolisipsis
2297 997 2655 1068 accepi,quae
2681 1014 2779 1051 vos
2810 996 3025 1064 latent;
3051 1015 3283 1068 possem
3304 1014 3371 1053 ex
3387 1015 3593 1055 eorum

1949 1087 2296 1141 auctoritate
2330 1086 2492 1142 vobis
2522 1085 2863 1157 praecipere,
2909 1081 3034 1138 ἀλλ’
3095 1083 3326 1158 ἐμαυτὸν
3387 1089 3588 1160 μετρῶ,

1951 1199 1977 1226 ‹‹
2004 1176 2106 1231 sed
2138 1177 2432 1247 meipsum
2463 1192 2766 1232 mensuro.
2801 1199 2827 1226 ››
2864 1178 2996 1232 Haec
3027 1176 3142 1231 duo
3173 1177 3348 1249 paulo
3396 1177 3586 1234 fusius

1949 1267 2364 1338 persequitur;
2392 1265 2530 1320 dein
2562 1282 2662 1320 eos
2695 1266 2985 1332 hortatur,
3005 1283 3125 1321 non
3156 1283 3260 1321 suo
3318 1269 3582 1336 nomine,

1951 1356 2054 1412 sed
2085 1373 2190 1427 per
2220 1372 2484 1410 amorem
2511 1355 2746 1422 Christi,
2778 1361 2842 1411 ut
2875 1355 2946 1410 ab
2975 1356 3270 1411 haereticis
3320 1362 3582 1414 caveant.

1948 1448 2208 1512 Quorum
2242 1446 2289 1500 si
2322 1444 2688 1517 priorahaud
2711 1445 3009 1517 vulgarem
3033 1446 3093 1500 in
3115 1446 3412 1518 mysteriis
3425 1447 3590 1501 Chri-

1950 1536 2156 1592 stianaa
2209 1534 2512 1606 religionis
2574 1535 2885 1591 scientiam
2932 1534 3218 1605 indicant,
3263 1536 3594 1606 posteriora

1949 1630 2105 1683 certe
2138 1624 2454 1696 singularis
2488 1623 2790 1679 modestiae
2826 1625 3129 1696 specimen
3147 1625 3451 1682 exhibent.
3486 1625 3593 1681 Ob-

1939 1715 2126 1788 jectio
2149 1719 2344 1770 autem
2375 1713 2636 1783 illa,qua:
2667 1713 2793 1768 hmo
2824 1714 3014 1769 «satis
3044 1714 3331 1769 invidiose
3373 1735 3400 1764 »
3435 1713 3594 1770 dicta

1948 1804 2313 1877 pronuntiat,
2349 1802 2493 1857 adeo
2525 1802 2876 1873 scriptorem
2905 1819 3026 1857 non
3058 1803 3213 1872 ferit,
3244 1807 3312 1858 ut
3333 1803 3586 1874 seipsam

1943 1894 2190 1967 jugulet.
2229 1915 2250 1943 ι
2287 1896 2427 1946 Cum
2475 1892 2808 1962 proﬁtetur,
2864 1892 3078 1962 inquit,
3141 1892 3272 1962 ista,
3331 1909 3584 1963 quorum

180 1946 381 2038 des:
496 1979 950 2049 Chrysostomus
980 1946 1264 2030 asseritS.
1297 1973 1590 2045 lgnatium
1619 1987 1837 2027 arcana

2008 1984 2060 2038 bi
2092 1982 2400 2038 scientiam
2432 1986 2684 2053 arrogat,
2714 1979 2861 2036 adeo
2885 1998 3010 2036 esse
3045 1981 3289 2049 excelsa,
3323 1981 3470 2038 adeo
3495 1999 3590 2038 su-

180 2068 460 2142 quaedam
492 2066 562 2122 ab
594 2065 878 2138 apostolis
914 2063 1232 2135 accepisse
1269 2079 1282 2116 :
1344 2058 1660 2134 Συνεγὲνετο
1717 2061 1838 2118 τοῖς

179 2153 519 2218 ἀποστόλοις
599 2151 862 2229 γνησίως,
945 2151 1035 2206 καὶ
1119 2152 1499 2224 πνευματικῶν
1587 2148 1840 2221 ναμάτῶν

179 2245 506 2304 ἀπέλαυσενο
541 2244 731 2298 ὁποῖον
758 2240 848 2296 οὗν
915 2241 1050 2295 εἶναι
1112 2239 1257 2304 εἰκὸς
1310 2239 1399 2294 τὸν
1452 2237 1840 2315 συντραφέντα,

177 2337 265 2394 καὶ
304 2337 596 2409 πανταχοῦ
622 2333 1041 2408 συγγενόμενον,
1078 2330 1167 2385 καὶ
1200 2331 1380 2405 ῥητῶν
1433 2330 1521 2384 καὶ
1592 2326 1840 2404 ἀποῤῥή-

175 2432 289 2483 τῶν
329 2426 519 2487 αὐτοῖς
549 2424 961 2492 κοινωνήσαντα
987 2441 1000 2491 ;
1025 2444 1051 2473 ‹‹
1095 2423 1238 2477 Cum
1271 2420 1558 2492 apostolis
1584 2421 1840 2493 genuine

181 2522 576 2576 conversatus
591 2515 764 2586 aquis
788 2511 1194 2584 spiritualibus
1213 2511 1434 2582 rigatus
1467 2515 1573 2566 est.
1595 2509 1840 2574 Qualem

182 2609 416 2666 idcirco
450 2622 584 2662 eum
619 2604 802 2660 fuisse
826 2618 935 2672 par
967 2601 1183 2671 est,qui
1217 2617 1351 2655 cum
1383 2600 1504 2655 illis
1560 2599 1841 2667 nutritus,

177 2706 236 2756 et
259 2699 492 2768 ubique
519 2698 922 2758 conversatus,
957 2695 1016 2746 et
1040 2690 1112 2745 de
1143 2689 1412 2745 dicendis
1443 2694 1502 2744 et
1521 2688 1594 2743 de
1611 2688 1841 2743 arcanis

179 2787 571 2864 participavit
592 2786 650 2841 '?»
686 2783 793 2839 Ubi
825 2782 898 2838 de
929 2781 1161 2837 arcanis
1190 2786 1388 2836 autem
1418 2780 1683 2851 loquitur
1721 2795 1840 2834 non

177 2879 393 2936 dubito
428 2875 574 2947 quin
606 2875 766 2928 hunc
793 2871 1010 2939 locum,
1038 2875 1095 2926 et
1124 2871 1262 2926 huic
1290 2869 1515 2925 similes
1537 2869 1596 2924 in
1630 2870 1842 2941 episto-

175 2970 247 3026 lis
289 2965 649 3037 respexerit.
700 2965 993 3017 Praeterea
1021 2961 1080 3015 in
1105 2960 1402 3032 Excerptis
1434 2958 1750 3014 Clementis
1783 2955 1842 3012 ἐκ

177 3065 276 3128 τῆς
309 3052 655 3121 ἀνατολικῆς
689 3046 1099 3116 διδασκαλίας,‹‹
1129 3067 1198 3105 ex
1221 3048 1492 3105 orientali
1515 3049 1833 3116 doctrina,»

178 3167 313 3221 quae
340 3162 491 3203 sane
513 3141 803 3215 S.Ignatio
828 3140 1126 3212 incognita
1151 3156 1280 3195 esse
1311 3156 1431 3194 non
1461 3139 1839 3210 potuit,non-

175 3237 353 3296 nulla
381 3235 456 3291 de
500 3231 848 3303 angelorum
880 3229 1056 3285 variis
1087 3228 1300 3284 ofﬁciis
1343 3234 1400 3283 et
1456 3227 1841 3300 dignitatibus

1948 2091 2054 2146 pra
2081 2072 2419 2128 mortalium
2450 2071 2630 2126 etiam
2663 2069 2928 2125 ﬁdelium
2959 2076 3195 2142 captum
3220 2071 3592 2141 sublimia,ut

1951 2173 2018 2218 ea
2049 2160 2359 2217 Trallianis
2391 2159 2512 2215 suis
2543 2159 2670 2230 capi
2722 2176 2895 2230 posse
2947 2159 3238 2231 desperet.
3274 2161 3452 2232 Cujus
3481 2179 3589 2218 ra-

1949 2254 2176 2309 tionem
2207 2251 2377 2306 affert
2406 2267 2527 2304 non
2556 2249 2868 2304 admodum
2897 2249 3405 2315 officiosam,hanc
3437 2249 3593 2306 scili-

1952 2347 2064 2411 cet,
2093 2341 2250 2413 quod
2280 2339 2377 2395 isti
2409 2340 2529 2394 sint
2581 2339 2794 2408 νήπιοι,
2838 2362 2866 2388 ››
2898 2339 3146 2410 parvuli,
3179 2341 3369 2411 pueri,
3400 2340 3594 2394 infan-

1952 2438 2060 2487 tes.
2095 2431 2224 2489 Non
2254 2429 2420 2485 video
2454 2427 2750 2500 quomodo
2793 2445 3072 2501 magnam
3124 2429 3236 2484 sibi
3283 2430 3592 2484 scientiam

1951 2527 2202 2593 arrogat,
2229 2521 2325 2591 qui
2364 2537 2424 2574 se
2457 2535 2635 2590 supra
2665 2536 2880 2589 pueros
2912 2535 3116 2590 sapere
3149 2519 3311 2574 dicit.
3344 2521 3470 2574 Non
3502 2520 3593 2573 in-

1950 2611 2148 2683 telligo
2182 2607 2479 2680 quomodo
2512 2608 2644 2678 quis
2664 2607 2764 2661 illa
2790 2607 2936 2662 adeo
2969 2608 3200 2663 excelsa
3226 2625 3376 2678 esse,
3413 2612 3469 2662 et
3494 2625 3587 2663 su-

1951 2717 2058 2773 pra
2087 2699 2355 2754 omnium
2388 2696 2727 2751 mortalium
2754 2702 2989 2767 captum
3029 2696 3308 2751 sublimia
3347 2703 3590 2764 asserat,

1953 2808 2084 2862 qua:
2119 2794 2348 2844 tantum
2378 2786 2450 2841 ab
2484 2785 2806 2840 infantibus
2839 2787 2964 2856 capi
2998 2803 3117 2840 non
3157 2803 3328 2856 posse
3390 2786 3594 2840 existi-

1951 2884 2092 2935 mat.
2124 2879 2249 2932 Non
2275 2875 2442 2947 capio
2477 2890 2657 2945 quare
2688 2874 2856 2945 pueri
2877 2896 2902 2923 ‹‹
2937 2875 3053 2928 Deo
3075 2873 3287 2946 digni»
3320 2874 3434 2928 dici
3468 2891 3589 2929 non

1951 2969 2199 3042 possint,
2233 2971 2333 3022 aut
2363 2988 2389 3015 (ι
2424 2969 2684 3020 mentem
2715 2963 3079 3035 inculpatam
3139 2969 3196 3018 et
3227 2963 3591 3036 inseparabi-

1949 3058 2070 3115 lem
2095 3059 2155 3112 in
2185 3054 2471 3127 patientia
2503 3075 2530 3102 »
2570 3069 2690 3108 non
2723 3052 2998 3107 habeant.

2022 3147 2134 3204 Sed
2160 3163 2270 3201 nec
2301 3145 2443 3200 satis
2475 3141 2778 3197 modestus
2802 3141 3146 3197 censoribus
3171 3143 3412 3214 nuperis
3445 3142 3589 3198 scri-

1951 3242 2086 3310 ptor
2117 3233 2516 3301 videtur,dum
2548 3231 2902 3302 Polycarpor,
2955 3252 2982 3280 ‹‹
3046 3236 3331 3302 tanquam
3391 3231 3588 3303 tyroni

176 3328 550 3384 referuntur.
574 3322 774 3391 Neque
819 3336 954 3374 vero
975 3317 1134 3389 quod
1159 3335 1229 3374 ea
1259 3317 1474 3373 dixerit
1510 3317 1836 3372 Trallianos

2013 3327 2230 3400 agister
2263 3348 2282 3372 ι
2318 3321 2542 3390 scribit,
2575 3317 2729 3373 αῗτοῦ
2763 3317 2971 3374 σύνεσιν
3013 3317 3236 3374 πλείονα
3290 3322 3355 3389 ἧς
3422 3317 3590 3394 ἔχεις,

173 3409 804 3487 strangulatura,adeo
828 3409 954 3465 haec
977 3408 1257 3464 sublimia
1287 3423 1417 3463 esse
1448 3407 1692 3463 indicat.
1713 3406 1834 3461 Iloc

176 3510 340 3564 enim
359 3505 438 3561 ad
463 3521 564 3559 eos
579 3508 860 3572 tanquam
883 3500 1140 3555 infantes
1163 3499 1386 3554 dictum
1405 3498 1620 3569 est,qui
1648 3497 1834 3553 solido

175 3599 313 3656 cibo
333 3593 514 3650 facile
547 3589 988 3662 strangulantur
1021 3587 1214 3660 ;quod
1247 3587 1596 3643 tralatitium
1631 3590 1738 3642 est.
1767 3587 1840 3641 Ut

174 3683 591 3742 Tertullianus
617 3680 788 3751 epist.
842 3681 934 3744 64,
987 3678 1058 3733 de
1108 3676 1480 3748 Origenianis
1532 3675 1834 3746 loquitur:

177 3798 206 3827 «ι
239 3778 330 3830 Ex
363 3788 485 3844 quo
527 3770 730 3824 volunt
755 3767 1143 3840 intelligi,uos
1176 3767 1276 3837 qui
1308 3765 1565 3821 necdum
1622 3764 1837 3820 initiati

177 3879 417 3930 sumus,
450 3860 668 3916 debere
691 3857 894 3913 audire
917 3856 1397 3924 mendacium,ne
1418 3854 1642 3926 parvuli
1662 3859 1838 3925 atque

178 3955 483 4010 lactentes
515 3946 812 4003 solidioris
861 3945 976 4002 cibi
1009 3945 1207 4001 edulio
1257 3945 1635 4013 suil‘ocemur,
1669 3966 1697 3994 »
1730 3944 1840 3999 hoc

178 4052 270 4104 est
311 4038 893 4116 στραγγαλωθώμεθα.
925 4040 993 4094 Et
1039 4039 1294 4094 Dallaaus
1347 4039 1474 4110 ipse
1531 4038 1720 4108 capite
1751 4039 1839 4104 29,

177 4135 329 4190 dum
357 4133 490 4186 hanc
512 4126 721 4199 Ignatii
752 4125 928 4181 verba
953 4125 1180 4194 recitat,
1215 4125 1484 4180 observat
1513 4146 1541 4174 «
1589 4123 1652 4178 in
1683 4122 1830 4195 ipsis

177 4227 395 4296 aperte
428 4233 714 4291 expressa
734 4215 968 4271 Paulini
1000 4232 1209 4271 sensus
1239 4214 1502 4287 vestigia.
1537 4234 1565 4263 »

252 4310 376 4368 Sed
404 4309 518 4364 hoc
547 4304 969 4378 plane,inquit,
1034 4303 1574 4375 «intempestivum
1622 4322 1650 4350 »
1697 4307 1842 4356 erat.

177 4405 306 4460 lmo
329 4414 478 4455 vero
499 4400 557 4452 et
578 4395 717 4450 huic
734 4394 862 4449 loco
881 4398 940 4449 et
977 4394 1230 4466 tempori
1254 4393 1509 4448 maxime
1555 4390 1845 4462 congruit.

177 4490 354 4559 Quod
389 4494 456 4544 ut
487 4503 609 4542 non
638 4483 864 4540 videret
895 4483 1422 4553 Dallmus,fmda,ut
1452 4482 1684 4554 opinor,
1710 4497 1848 4536 sen-

182 4581 396 4639 tentiae
427 4573 822 4649 praacedentis
855 4573 1212 4645 corruptela,
1245 4573 1340 4628 cui
1370 4577 1491 4626 tam
1523 4570 1844 4626 infeliciter

183 4668 501 4728 medelam
533 4663 816 4721 adhibere
835 4668 1082 4719 conatus
1101 4668 1189 4718 est
1211 4661 1555 4729 Salmasius,
1581 4660 1642 4715 in
1673 4676 1852 4716 causa

179 4761 324 4818 fuit.
367 4757 490 4812 Ista
519 4754 635 4810 duo
656 4753 941 4809 vocabula
970 4751 1157 4806 ἑαυτὸν
1184 4749 1510 4826 πότερονβὶ)
1542 4750 1645 4805 illo
1679 4750 1849 4805 toties

181 4852 406 4906 vexata
436 4848 499 4899 et
522 4843 729 4916 pejora
757 4842 930 4908 facta,
949 4841 1234 4897 facillime
1259 4841 1320 4896 in
1350 4856 1536 4895 unum
1569 4856 1636 4894 ex
1666 4839 1852 4894 inter-

184 4940 474 5014 polatore
505 4933 986 5006 compinguntur,
1010 4937 1075 4988 ut
1095 4931 1344 4987 minima
1373 4931 1700 4986 mutatione
1723 4949 1850 4982 συν-

181 5028 502 5098 τονώτερον
537 5025 784 5097 legatur.
819 5023 944 5088 Qua
968 5038 1106 5078 voce
1153 5022 1448 5088 restituta,
1481 5020 1711 5091 reliqua
1739 5020 1852 5075 mi-

186 5122 367 5178 nimo
396 5115 634 5189 negotio
663 5119 969 5171 sanantur.
994 5114 1087 5170 Sic
1136 5113 1315 5186 igitur
1363 5112 1493 5184 lego
1527 5129 1540 5167 :
1595 5111 1854 5184 Ἀγαπῶν

188 5211 341 5283 ὑμᾶς
435 5201 713 5282 φείδομαιο
803 5202 1196 5276 συντονώτερον
1283 5197 1578 5272 δυνάμενος
1636 5197 1855 5276 γράφειν

187 5297 323 5372 περὶ
355 5293 559 5350 τούτου
590 5293 666 5353 εἰς
694 5295 856 5348 τοῦτο
890 5291 1081 5364 ᾠήθην
1142 5289 1224 5346 ἴνα
1276 5287 1348 5344 ὣν
1401 5290 1722 5363 κατάκριτος
1781 5287 1856 5352 ὡς

186 5383 518 5445 ἀπόστολος
555 5383 682 5456 ὑμῖν
716 5379 1112 5453 διατάσσωμαι.
1138 5380 1440 5455 Significat
1469 5396 1530 5434 se
1561 5379 1622 5433 in
1659 5380 1857 5434 animo

187 5477 487 5533 habuisse
521 5473 747 5545 aliquid
779 5473 854 5529 ad
884 5489 985 5527 eos
1007 5489 1112 5544 pro
1143 5471 1421 5543 episcopo
1470 5485 1575 5523 suo
1615 5468 1858 5539 Polybio

187 5565 489 5632 scribere,
519 5579 700 5634 quem
724 5563 1012 5634 majorem
1029 5562 1210 5618 etiam
1230 5558 1386 5632 apud
1410 5557 1680 5613 ethnicos
1703 5575 1862 5613 reve-

186 5655 464 5714 rentiam
487 5653 971 5724 obtinere,quam
1004 5650 1161 5723 apud
1191 5647 1637 5722 ipsos,indicat;
1666 5647 1861 5704 acrius

267 5745 322 5780 ⁴³
362 5745 498 5816 Cap.
533 5760 599 5812 ιι,
637 5759 685 5798 v.
717 5745 802 5798 19.

1950 3434 1972 3463 ι
2006 3416 2138 3486 pete
2167 3409 2547 3483 prudentiam
2579 3407 2934 3479 ampliorem
2961 3424 3030 3462 ea
3083 3424 3262 3479 quam
3322 3407 3526 3464 habes.
3561 3429 3590 3457 »

1946 3504 1988 3558 Ο
2020 3501 2369 3574 praeclarum
2400 3496 2790 3553 immodestiae
2828 3497 3131 3568 specimen
3167 3497 3399 3553 !Monet
3453 3513 3590 3552 eum

1945 3590 2337 3664 utjuniorem
2369 3588 2589 3654 senior,
2622 3591 2688 3640 ut
2719 3586 2962 3642 charum
2986 3586 3232 3652 amicus,
3265 3591 3330 3642 ut
3362 3588 3588 3657 episco-

1948 3697 2088 3753 pum
2129 3679 2455 3744 confessor,
2490 3681 2546 3730 et
2577 3676 2847 3730 hortatur
2887 3674 2960 3729 ad
3019 3675 3387 3731 incrementa
3414 3676 3588 3748 spiri—

1949 3769 2200 3826 tualium
2233 3768 2526 3822 donorum
2556 3763 3004 3836 acquirenda,et
3035 3781 3068 3819 a
3098 3767 3214 3819 Deo
3242 3765 3429 3820 omnis
3447 3765 3587 3820 boni

1947 3860 2110 3914 fonte
2140 3855 2415 3929 petenda.
2445 3853 2728 3908 Monitum
2759 3852 2934 3922 plane
2965 3853 3073 3907 hoc
3129 3869 3248 3907 non
3301 3853 3592 3908 immode-

1951 3954 2128 4017 stum,
2162 3945 2264 4001 sed
2295 3945 2458 4016 pium
2481 3941 2774 4013 imprimis
2799 3946 2855 3995 et
2877 3940 3051 3995 ﬁdele
3082 3959 3096 4008 ;
3131 3929 3405 4012 quodque
3435 3947 3594 3996 vete-

1951 4056 2046 4094 res
2087 4036 2187 4108 qui
2216 4035 2346 4089 loca
2371 4031 2711 4088 communia
2760 4033 3102 4099 tractarunt,
3137 4029 3248 4084 sibi
3281 4029 3595 4101 diligenter

1953 4124 2406 4184 exscribendum
2439 4120 2952 4194 putabant.Neque
2982 4137 3115 4174 vero
3147 4120 3290 4174 levis
3313 4119 3596 4190 suspicio,

1954 4218 2079 4272 haec
2107 4215 2288 4270 fuisse
2322 4213 2624 4285 signanter
2655 4210 2831 4279 dicta,
2880 4214 2937 4263 et
2979 4209 3207 4281 aliquid
3263 4209 3356 4264 hic
3401 4208 3594 4278 innui,

1956 4305 2112 4378 quod
2142 4303 2308 4360 valde
2342 4306 2549 4357 notatu
2581 4300 2825 4372 dignum
2860 4304 2968 4355 est.
3002 4301 3146 4355 Nam
3174 4304 3230 4354 et
3274 4300 3333 4353 in
3391 4298 3600 4353 Inscri-

1956 4397 2156 4469 ptione
2213 4391 2521 4464 Polycarpi
2580 4389 2833 4445 scribit:
2885 4386 3206 4461 Ἐπισκὸπῳ
3265 4385 3598 4458 Έκκλησίας

1960 4479 2303 4556 Σμυρναίων,
2339 4478 2551 4553 μᾶλλον
2583 4475 3010 4550 ἐπεσκοπημὲνῳ
3054 4477 3156 4532 ὑπὸ
3201 4480 3335 4532 Θεοῦ
3392 4477 3601 4552 Πατρὸς

1959 4574 2047 4630 καὶ
2080 4571 2278 4647 Κυρίου
2308 4570 2494 4640 Ἰησοῦ
2523 4570 2790 4644 Χριστοῦ.
2834 4591 2861 4618 ‹‹
2919 4570 3205 4643 Episcopo
3267 4569 3607 4640 Smyrnam-

1960 4681 2114 4729 rum,
2139 4662 2324 4734 magis
2357 4664 2554 4716 autem
2585 4658 2819 4715 visitato
2851 4675 2885 4714 a
2918 4660 3035 4714 Deo
3068 4663 3238 4715 Patre
3273 4664 3328 4714 et
3358 4657 3606 4714 Domino

1957 4757 2092 4810 Iesu
2124 4753 2373 4808 Christo.
2412 4770 2436 4801 ι
2469 4751 2725 4805 Innuere
2756 4753 2953 4804 autem
2985 4748 3427 4804 videturlocum
3459 4752 3610 4820 Apo-

1960 4843 2265 4916 calypseos
2288 4839 2477 4910 ‘3,quo
2493 4837 2770 4894 scribitur
2789 4836 2864 4892 ad
2877 4837 3152 4909 angelum
3166 4839 3607 4909 Smyrnaeorum

1960 4932 2237 4989 Ecclesim
2265 4929 2474 4987 :«Novi
2496 4943 2675 4998 Opera
2697 4927 2996 4990 tua.»Quae
3021 4927 3068 4981 si
3087 4925 3416 4980 observatio
3446 4928 3611 4980 recta

1964 5022 2059 5090 sit,
2094 5036 2215 5076 non
2247 5013 2637 5073 dubitandum
2669 5013 2802 5079 erit,
2838 5014 2982 5084 quin
3012 5013 3097 5067 illi
3136 5018 3362 5084 septem
3413 5011 3610 5084 angeli

1963 5110 2346 5169 ecclesiarum
2367 5103 2616 5162 totidem
2648 5103 2870 5159 fuerint
2891 5105 3126 5176 proprie
3160 5103 3300 5159 dicti
3326 5101 3611 5177 episcopi.

2599 5192 2827 5248 CAPUT
2858 5193 2978 5249 XII.

1965 5293 2308 5362 Argumenta
2333 5302 2367 5340 a
2396 5283 2637 5362 dictione
2649 5284 2832 5362 petita
2871 5284 3221 5362 refell_untur.
3274 5285 3417 5362 ἴρηξ
3473 5283 3615 5362 vocis

2038 5351 2300 5435 δεοφόρᾉου
2331 5359 2481 5435 notio
2513 5351 2670 5435 apud
2687 5357 2971 5435 antiquos.
3007 5356 3219 5435 Ea_vo.n
3276 5353 3331 5408 S.
3392 5351 3616 5435 {gnatm

2042 5423 2171 5489 dun'z
2205 5423 2277 5483 ἰη
2306 5430 2444 5483 vivis
2489 5423 2641 5491 esset,
2676 5423 2883 5480 tributa
2940 5433 3036 5481 est.
3071 5428 3350 5481 Sermones
3405 5423 3617 5494 Ignatii

2041 5521 2161 5561 cum
2196 5503 2438 5569 Traiano
2464 5497 2639 5552 habiti
2671 5497 3042 5569 explicantur.
3074 5500 3341 5569 Martyres
3374 5513 3407 5550 a
3428 5511 3619 5564 paga-

2039 5578 2147 5640 nis,
2172 5566 2587 5640 κακοδαίμονες,
2620 5568 2822 5622 miseri
2853 5585 2958 5624 seu
3002 5568 3287 5640 infelices
3324 5569 3617 5621 nominati.

2042 5638 2251 5703 Fabula
2283 5644 2348 5699 de
2378 5638 2435 5697 S.
2463 5641 2679 5711 Ignatio
2707 5655 2884 5708 puero
2936 5642 2994 5694 in
3025 5641 3170 5697 ulnis
3228 5638 3435 5694 Christi
3468 5655 3620 5694 acce-
