3942 6302
360 418 480 479 399

1419 404 1483 464 S.
1529 399 1935 465 IGNATIUS.
1981 428 2060 442 —-
2100 390 2724 458 PROLEGOMENA.

3663 392 3789 453 400

422 556 525 622 pto
555 548 653 622 hoc
685 544 848 602 titulo
871 543 1031 622 longe
1076 538 1376 622 posterior.
1407 536 1542 622 Alia
1594 534 1858 622 traditio,

2158 527 2326 604 νδρῶν
2348 528 2685 604 εἰρημένοις.
2718 526 2997 584 Oratione
3019 528 3087 581 37
3114 542 3128 581 :
3155 524 3252 586 Ὠς
3304 542 3386 585 τις
3433 525 3541 578 τῶν
3598 525 3786 597 μικρῷ

428 606 634 693 fabula
673 633 873 685 coaeva,
920 606 1199 693 pater—ibus
1242 609 1552 693 incognita:
1586 608 1817 691 Fabulae
1834 606 2006 693 ipsius

431 679 755 750 :Anastasius
815 679 870 743 et
911 685 1308 756 Metaphrastes
1376 679 1552 756 priori
1631 679 2015 756 meminerunt.

433 749 647 835 lgnatt'i
660 758 1008 835 patriarchae
1050 749 1659 835 Eoustontinppolitani
1714 755 1899 835 aetate-
1936 749 2020 816 fa-

439 822 578 890 buulw
606 822 754 888 mite
796 831 1073 885 videntur.
1125 829 1316 882 Noster
1364 822 1614 893 lginatius
1671 822 2020 892 presbyteros

435 906 610 981 ἱερέας
640 920 751 960 non
786 900 1054 973 appellat.

439 1017 629 1086 Atque
659 1011 787 1067 haec
817 1008 1062 1080 quidem
1090 1005 1377 1061 hactenus
1409 1002 1481 1058 de
1509 1001 1689 1057 rebus
1712 1000 2019 1072 ipsis,quaa

373 1103 673 1178 epistolas,
701 1092 1274 1171 quas'defendimus,
1304 1094 1358 1148 S.
1394 1092 1622 1165 Ignatio
1657 1089 1933 1162 episcopo
1966 1090 2024 1141 et

373 1192 620 1264 martyri
651 1190 849 1246 aliena
878 1202 1062 1242 manu
1093 1183 1339 1239 minime
1370 1180 1636 1237 subditas
1665 1178 1849 1234 fuisse
1884 1192 2020 1249 per-

377 1283 645 1341 suadent.
671 1280 809 1345 Quas
843 1278 1176 1347 sequuntur
1210 1296 1229 1322 α
1266 1270 1616 1336 orationem,
1642 1273 1699 1324 et
1726 1266 1905 1322 verba
1954 1282 2027 1320 ex

379 1371 595 1444 quibus
627 1367 815 1423 oratio
848 1368 1121 1420 contexta
1152 1365 1260 1430 est,
1292 1382 1321 1411 υ
1363 1357 1740 1431 spectant.De
1758 1354 2025 1411 oratione

378 1472 443 1526 in
471 1475 688 1535 genere
716 1457 999 1528 disputat,
1026 1452 1130 1509 sed
1173 1451 1326 1507 nihil
1354 1449 1515 1506 aliud
1546 1447 1777 1514 asserit,
1826 1461 2028 1517 quam,

382 1549 666 1624 epistolas
689 1545 1044 1602 duodecima
1062 1558 1183 1598 non
1205 1557 1332 1597 esse
1352 1540 1531 1595 unius
1545 1537 1814 1610 ejusdem
1829 1540 2030 1592 aucto-

380 1640 486 1710 ris,
520 1662 549 1691 »
584 1636 742 1709 quod
763 1636 816 1693 ei
836 1632 1233 1689 libentissime
1257 1628 1810 1687 concedimus.Cum
1832 1630 2032 1681 autem

382 1729 651 1788 omnium
677 1722 1061 1797 epistolarum
1084 1720 1388 1794 ingenium
1411 1723 1470 1774 et
1491 1716 1685 1773 ideam
1708 1715 1908 1771 critice
1937 1730 2034 1770 re-

2127 619 2357 694 πρόσθεν
2381 618 2628 699 θεοφόρω
2660 615 3079 694 ἐφιλοσόφησεν.
3137 615 3441 673 Palladius
3496 616 3560 671 in
3617 617 3786 671 Prae-

2128 713 2356 769 fatione
2388 712 2684 768 Lausiacm
2704 709 2969 766 historia)
2996 725 3009 763 :
3034 704 3185 781 Παρὰ
3216 704 3491 781 θεοφόρων
3522 701 3788 774 ἀθλητῶν

2128 804 2226 856 τοῧ
2283 804 2521 876 Χριστοῦ
2576 801 2677 869 τὴν
2733 798 2985 873 οὐράνιον
3040 795 3249 852 τούτων
3283 795 3432 865 ζωήν
3462 791 3781 867 ἐκμεμάθη-

2130 913 2219 948 κα.
2254 894 2504 960 Quintus
2527 893 2582 950 S.
2608 891 2810 964 Cyrilli
2864 887 3397 946 anathematismus
3426 884 3498 942 ab
3526 888 3785 941 Anasta-

2135 986 2222 1043 sio
2244 1002 2448 1041 versus
2476 1000 2489 1039 :
2519 1003 2549 1033 «
2581 982 2637 1038 Si
2665 981 2798 1054 quis
2828 978 3010 1036 audet
3037 977 3236 1033 dicere
3267 977 3566 1032 Christum
3582 975 3786 1031 homi-

2133 1090 2269 1131 nem
2327 1071 2609 1148 ἄνθρωπον
2666 1068 2947 1145 θεοφόρον,
3007 1068 3067 1123 id
3134 1071 3226 1123 est
3282 1066 3587 1122 hominem
3660 1066 3786 1121 Deo

2134 1171 2401 1222 utentem
2434 1179 2495 1219 se
2520 1165 2925 1233 asportantem
2946 1159 3088 1231 [lege
3117 1157 3236 1212 sive
3283 1156 3667 1228 portantem],
3730 1160 3793 1210 et

2135 1272 2257 1311 non
2290 1256 2474 1310 Deum
2501 1268 2630 1309 esse
2661 1250 2950 1307 veraciter
2971 1246 3209 1313 dixerit,
3252 1246 3570 1302 anathema
3626 1245 3726 1300 sit.
3757 1267 3788 1294 ››

2140 1345 2207 1401 Et
2236 1350 2435 1400 tamen
2466 1343 2526 1397 Β.
2559 1339 2981 1405 Theodoretus,
3011 1335 3103 1390 τὸν
3143 1333 3406 1411 θεοφόρον
3467 1329 3524 1388 δὲ
3587 1329 3793 1408 ἄνθρω-

2138 1453 2239 1488 πον
2270 1432 2345 1493 ὡς
2384 1427 2623 1492 πολλοῖς
2674 1432 2786 1483 τῶο
2845 1424 3016 1500 ἆγίων
3076 1426 3329 1498 Πατὲρων
3367 1422 3657 1497 εἱρημὲνον
3725 1420 3789 1477 οὗ

2140 1519 2569 1596 παραιτούμεθα’
2604 1541 2633 1571 «
2668 1518 2965 1574 Deiferum
2996 1514 3487 1583 hominem,sicut
3514 1529 3548 1569 a
3577 1512 3787 1569 multis

2142 1613 2364 1670 sanctis
2393 1610 2666 1667 Patribus
2698 1608 2890 1664 dictus
2918 1610 3151 1675 est,non
3176 1603 3502 1676 rejicimus.
3536 1624 3567 1653 »
3597 1602 3761 1675 Cyril

2142 1704 2237 1759 lus
2266 1705 2464 1759 autem
2496 1718 2510 1757 :
2545 1698 2731 1771 Φαμὲν
2758 1697 2859 1770 γὰρ
2891 1697 3054 1768 ἡμεῖς
3084 1694 3146 1749 τὸ
3180 1693 3256 1766 μή
3288 1697 3492 1767 χρῆναι
3536 1692 3677 1766 πρός
3702 1712 3761 1746 τι

381 1818 725 1893 praesentat,
750 1811 1201 1884 antiquissimas
1218 1806 1640 1876 illas,'Eusebio
1662 1804 2018 1871 visas,maxi-

2158 1812 2233 1854 ιος
2263 1788 2521 1866 θεοφόρον
2553 1784 2837 1861 ἄνθρωπον
2873 1780 3341 1856 ὄνομάζεσθαιτὸν
3396 1779 3654 1854 Χριστὸν,
3695 1779 3754 1834 ’ἰν

382 1927 479 1966 me
503 1906 757 1980 exagitat
779 1922 793 1973 ;
821 1919 1025 1959 earum
1057 1901 1274 1974 stylum
1297 1898 1465 1954 miris
1486 1897 1679 1953 modis
1696 1896 1940 1951 infamat
1961 1911 2018 1949 al

2158 1882 2225 1952 αὴ
2257 1876 2468 1945 καθ’ἓνα
2484 1881 2596 1935 τῶν
2618 1876 2787 1954 ἁγίων
2805 1879 3048 1930 νοοῖτο.‹‹
3070 1874 3331 1930 Dicimus
3353 1871 3510 1928 enim
3533 1889 3643 1927 nos
3663 1888 3782 1928 non

385 1995 849 2069 deturpat,illius
871 1991 1180 2048 sententia:
1202 1986 1609 2059 S.Hier0nymi
1640 1986 1886 2042 minime
1915 2001 2030 2040 me-

382 2106 550 2144 mor:
578 2107 605 2137 ‹‹
636 2085 765 2140 Scio
797 2084 954 2138 inter
981 2081 1343 2137 Christianos
1374 2078 1690 2133 verborum
1735 2075 1876 2131 vitia
1904 2090 2026 2130 non

383 2178 576 2234 solere
603 2171 987 2246 reprehendi.
1024 2193 1052 2221 »

453 2267 653 2322 Prima
684 2262 961 2319 dictionis
993 2261 1158 2317 labes
1191 2275 1367 2332 quam
1398 2257 1669 2312 observat
1695 2259 1783 2311 est
1811 2270 2028 2327 cogno-

382 2359 653 2413 mentum
675 2353 939 2428 θεοφόρου
958 2349 1171 2424 Ignatii
1203 2346 1430 2404 nomini
1456 2361 1690 2416 semper
1710 2343 2023 2415 adjectum.

382 2454 457 2506 At
486 2452 645 2505 certe
677 2447 725 2502 si
754 2462 865 2501 vox
897 2441 1163 2521 θεοφόρος
1193 2441 1651 2512 cognomentum
1683 2436 1779 2501 sit,
1806 2434 2026 2507 stylum

382 2539 472 2595 vel
504 2538 826 2594 dictionem
849 2535 1095 2593 minime
1116 2530 1275 2588 laedit
1304 2547 1318 2598 ;
1360 2545 1554 2600 neque
1609 2526 1925 2598 quisquam
1958 2540 2025 2579 eo

382 2629 593 2685 rudius
622 2632 723 2683 aut
750 2624 1036 2681 incultius
1069 2620 1327 2677 scribere
1354 2618 1471 2674 dici
1500 2621 1713 2690 potest,
1748 2614 1908 2687 quod
1963 2632 2024 2670 se

377 2721 467 2776 vel
497 2736 617 2774 uno
643 2718 732 2773 vel
765 2715 1035 2789 pluribus
1057 2711 1401 2769 nominibus
1430 2707 1662 2782 probat.
1692 2706 1806 2761 Sed
1850 2727 1878 2757 ‹‹
1913 2706 2025 2761 hoc

376 2808 587 2881 Ignatii
618 2823 838 2863 nomen
875 2802 1227 2875 Theophorus
1277 2806 1337 2855 et
1388 2797 1546 2871 apud
1592 2796 2025 2852 vetustissimos

379 2914 587 2954 omnes
618 2901 708 2952 est
728 2894 1149 2961 inauditum,et
1168 2889 1344 2963 plane
1369 2886 1728 2954 fabulosum,
1754 2890 1812 2941 et
1841 2901 1910 2940 ex
1939 2884 2025 2939 fa-

380 2986 519 3042 bula
541 2987 910 3056 ortum.Ergo
934 2980 1212 3054 epistolas
1235 2977 1478 3036 alterius
1499 2975 1754 3047 alicujus
1772 2973 1872 3029 diu
1893 2978 2027 3046 post

382 3077 674 3150 Ignatium
695 3076 878 3131 fuisse
901 3088 1143 3127 necesse
1169 3074 1277 3124 est.
1312 3088 1339 3118 »
1371 3067 1490 3122 IIoc
1513 3066 1692 3139 igitur
1714 3079 2025 3138 argumen-

388 3172 515 3222 tum
543 3182 649 3227 s_uo
681 3165 811 3219 loco
842 3163 1136 3218 dimotum
1155 3163 1328 3227 est,et
1356 3155 1427 3211 ad
1460 3172 1530 3211 ea
1557 3155 1834 3227 pertinet,
1894 3171 2024 3225 quas

377 3261 714 3327 temporum
751 3252 926 3308 fidem
961 3248 1200 3321 pulsare
1231 3245 1559 3302 videantur.
1594 3242 1706 3299 Sed
1737 3242 1896 3298 salva
1925 3259 2020 3299 res

375 3350 497 3412 est;
534 3349 592 3399 et
622 3343 808 3414 magis
838 3344 999 3395 certa
1032 3338 1210 3411 hujus
1269 3332 1636 3409 cognominis
1693 3332 2016 3404 antiquitas

376 3448 553 3504 quam
585 3437 651 3486 ut
680 3428 936 3485 recentis
959 3425 1168 3482 fabulae
1191 3428 1476 3496 praetextu
1498 3421 2016 3493 rejiciatur,magis

375 3519 685 3591 explorata
714 3515 983 3572 vocabuli
1014 3514 1176 3570 notio
1207 3514 1269 3568 in
1289 3517 1549 3568 veterum
1575 3510 2017 3583 scriptis,quam

373 3614 443 3664 ut
476 3606 872 3680 posteriorum
905 3603 1143 3676 ineptiis
1176 3601 1467 3658 cludatur.

444 3695 715 3772 Θεοφόρος
742 3711 847 3749 vox
880 3697 969 3749 est
998 3693 1270 3764 antiquis
1307 3689 1581 3747 Ecclesim
1630 3687 2018 3760 scriptoribus

382 3786 638 3843 maxime
659 3784 1104 3848 familiaris;ut
1129 3782 1268 3837 huic
1298 3779 1411 3853 ipsi
1459 3778 1731 3852 scriptori
1781 3778 2018 3851 Ephesii

374 3872 647 3952 θεοφόροι,
677 3880 736 3930 et
764 3872 1023 3950 ναοφόροι
1053 3872 1349 3927 dicuntur.
1373 3870 1461 3924 Ita
1481 3867 1751 3924 Clemens
1771 3866 2018 3923 Alexan-

381 3951 591 4020 drinus
621 3965 681 4019 in
712 3963 1016 4034 Excerptis
1041 3957 1537 4033 aSSBI‘lt,0€Ot?690V
1553 3956 1790 4032 γίνεσθαι
1809 3955 1899 4010 τὸν
1925 3951 2018 4008 ἂν-

374 4054 591 4128 θρωπον
623 4053 915 4127 προσεχῶς
945 4047 1327 4123 ἐνεργούμενον
1362 4044 1465 4099 ὑπὸ
1489 4048 1585 4099 τοῦ
1644 4043 1865 4117 Κυρίου,
1927 4043 2017 4097 καὶ

375 4142 615 4215 καθάπερ
671 4144 832 4211 σῶμα
890 4137 1053 4193 αὐτοῦ
1106 4136 1409 4211 γινόμενον.
1471 4137 1541 4190 Et
1588 4136 1877 4200 Stromat.,
1911 4133 2014 4190 lib.

373 4248 447 4287 νη
474 4249 486 4286 :
518 4232 586 4286 'H
609 4227 707 4283 οὐκ
739 4225 942 4293 οἴδατε,
974 4224 1136 4302 φησὶν
1165 4224 1193 4278 6
1224 4222 1584 4291 Ἀπόστολος,
1619 4223 1702 4277 ὅτι
1728 4222 1854 4283 ναός
1898 4220 2017 4276 ἐστε

375 4321 473 4372 τοῦ
505 4321 639 4372 Θεοῦ
668 4335 682 4384 ;
715 4320 874 4376 Θεῖος
905 4315 1009 4389 ἄρα
1038 4313 1065 4375 6
1096 4313 1398 4389 γνωστικὸς
1426 4313 1516 4367 καὶ
1546 4308 1655 4381 ἤδη
1692 4311 1849 4386 ἅγιος
1889 4312 2014 4365 θεο-

370 4409 553 4482 φορῶν
590 4404 680 4459 καὶ
712 4403 1162 4481 θεοφορούμενος.
1197 4402 1355 4458 Idem
1392 4402 1549 4458 enim
1586 4405 1676 4457 est
1732 4400 2014 4472 templum

2136 1974 2351 2031 debere
2363 1971 2435 2028 ab
2448 1971 2647 2041 aliquo
2663 1966 2961 2023 Deiferum
2982 1965 3286 2020 hominem
3307 1962 3606 2018 nominari
3622 1962 3789 2017 Chri.

2136 2071 2315 2127 stum,
2339 2068 2406 2118 ut
2435 2078 2509 2117 ne
2538 2062 2693 2115 sicut
2721 2074 2880 2113 unus
2938 2060 3280 2112 sanctorum
3332 2053 3723 2125 intelligatur.
3754 2075 3786 2104 οι

2133 2143 2408 2228 Eulogius
2430 2150 2590 2224 apud
2623 2148 2900 2204 Photium
2926 2145 2999 2201 de
3022 2147 3077 2202 s.
3113 2144 3367 2217 Cyrillo:
3399 2142 3458 2194 ¹ο
3517 2137 3565 2195 δ’
3621 2139 3788 2204 αὐτὸς

2136 2243 2398 2321 θεοφόρος
2430 2239 2566 2312 ἀνὴρ
2597 2235 2694 2292 κᾶν
2720 2238 2801 2308 τῷ
2832 2232 3065 2309 δευτέρῷ
3096 2233 3522 2306 ἀναθεματισμῷ
3544 2230 3634 2303 ξτὰ
3688 2229 3793 2285 αὖ·-

2128 2352 2195 2386 τα
2227 2331 2351 2406 βοᾷ.
2386 2328 2653 2396 Photius,
2687 2324 2943 2398 epistola
2963 2324 3156 2396 prima
3180 2323 3252 2378 de
3284 2322 3494 2394 quinta
3514 2321 3744 2391 synodo
3771 2338 3787 2377 :

2134 2420 2298 2475 Πέντε
2355 2415 2415 2473 δὲ
2469 2417 2560 2472 καὶ
2618 2416 2878 2488 ἑξήκοντα
2929 2413 3019 2468 καὶ
3067 2411 3254 2467 ἑκατὸν
3302 2413 3579 2490 θεοφόρων
3615 2412 3789 2466 πατέ-

2136 2528 2244 2584 ρων
2271 2503 2539 2581 παρουσίᾳ
2569 2502 2658 2559 καὶ
2697 2498 2977 2578 συνδρομῇ
3038 2498 3378 2575 ἐκρατύνετο.
3437 2502 3519 2557 De
3576 2505 3785 2557 sexta:

2132 2592 2550 2670 Ἑϐδομτςκοντα
2606 2589 2664 2647 δὲ
2715 2592 2804 2645 καὶ
2863 2590 3053 2645 ἑκατὸν
3111 2588 3396 2666 θεοφόροις
3441 2584 3662 2663 ἀνδράσι
3692 2587 3790 2642 τὸν

2133 2687 2318 2764 ἀγῶνα
2373 2680 2747 2756 ὕποδυομὲνη.
2814 2681 2897 2738 De
2952 2681 3247 2753 septima:
3309 2680 3434 2734 Τῶν
3507 2676 3792 2752 μακαρίων

2131 2775 2356 2832 ἐκείνων
2387 2772 2478 2829 καὶ
2510 2773 2670 2848 ἱερῶν
2702 2767 2915 2846 ἀνδρῶν
2946 2771 2981 2839 ἡ
3006 2770 3270 2844 θεοφόρος
3305 2768 3398 2823 καὶ
3454 2766 3586 2843 ἁγία
3652 2787 3793 2822 παν-

2135 2867 2352 2940 ήγυρις.
2382 2862 2929 2935 Frequentissimus
2958 2860 3142 2933 igitur
3169 2859 3352 2931 hujus
3400 2858 3671 2914 vocabuli
3732 2860 3798 2914 in

2131 2963 2397 3013 veterum
2422 2953 2658 3026 scriptis
2690 2969 2838 3009 usus
2894 2951 3210 3023 reperitur,
3263 2952 3435 3022 cujus
3466 2949 3795 3021 explicatio

2134 3047 2195 3101 in
2218 3044 2468 3101 Scholiis
2490 3042 2719 3099 Maximi
2741 3042 2815 3098 ad
2836 3040 3034 3098 locum
3058 3039 3583 3112 Dionysiicitatum
3596 3039 3794 3094 fusius

2136 3136 2423 3191 traditur:
2458 3131 2777 3205 Σημείωσαι
2811 3129 2893 3184 ὅτι
2949 3127 3039 3183 καὶ
3079 3129 3141 3183 τὸ
3192 3131 3295 3182 νῶν
3334 3128 3505 3201 ἁγίων
3568 3126 3784 3197 θρόνων

2132 3225 2312 3300 τάγμα
2341 3222 2600 3301 θεοφόρον
2632 3220 2802 3287 εἶπεν,
2836 3220 2910 3282 ὡς
2952 3218 3111 3297 φέρον
3164 3216 3574 3287 ἀναπαυόμενον
3639 3237 3788 3288 νοη-

2051 3304 2093 3372 C
2129 3317 2236 3376 τῶς
2266 3312 2357 3367 τὸν
2389 3310 2542 3371 Θεόν.
2570 3311 2710 3384 Ὅρα
2742 3306 2831 3363 οὖν
2892 3305 3080 3375 ἐπειδὴ
3121 3306 3212 3361 καὶ
3272 3307 3300 3361 6
3344 3306 3609 3382 μακάριος
3668 3309 3783 3362 Βα-

2128 3402 2334 3464 σίλειος
2392 3402 2419 3456 ὁ
2471 3394 2841 3469 Καππαδόκης
2904 3398 3009 3466 τήυ
3069 3397 3328 3472 θεοφόρον
3380 3397 3499 3451 εἷπε
3582 3394 3788 3471 σάρκα,

2126 3489 2430 3563 σκοπητέον
2455 3495 2574 3552 πῶς
2603 3485 2839 3563 εἷ’ρηται.
2876 3483 3039 3542 Ἀλλ’
3069 3488 3104 3554 ἡ
3141 3484 3234 3558 μὲν
3276 3485 3403 3559 σὰρξ
3449 3483 3613 3540 αὐτοῦ
3669 3490 3780 3540 τοῦ

2126 3584 2333 3657 Κυρίου
2362 3581 2479 3636 κατ’
2510 3577 2697 3633 οὐσίαν
2747 3577 2839 3632 καὶ
2882 3577 3004 3640 καθ’
3036 3575 3328 3630 ὑπόστασιν
3360 3576 3563 3644 ἥνωται
3628 3573 3788 3648 αὐτῷ

2126 3676 2205 3744 τῷ
2233 3676 2349 3744 Θεῷ
2389 3669 2568 3746 Λόγῳ’
2628 3664 2713 3721 διὸ
2774 3664 2862 3721 καὶ
2921 3669 3285 3740 σαρκοφορεῖν
3340 3663 3501 3725 αὐτὸς
3561 3661 3793 3738 λέγεται

2100 3761 2272 3838 παρὰ
2297 3764 2407 3816 τῶν
2466 3756 2753 3833 Ιιατέρων,
2813 3756 2905 3811 καὶ
2964 3756 3134 3830 σάρκα
3191 3751 3530 3811 ἐνδύσασθαι.
3563 3753 3624 3810 Τί
3657 3756 3791 3811 ἄτο-

2125 3873 2226 3908 πον
2255 3847 2346 3906 οὖν
2371 3849 2417 3906 εί
2473 3847 2564 3904 καὶ
2607 3849 2642 3917 ἡ
2705 3845 2833 3921 σὰρξ
2890 3842 3054 3900 αὐτοῦ
3102 3843 3322 3918 λέγεται
3379 3845 3660 3921 θεοφόρος,
3704 3846 3791 3909 ὡς

2129 3940 2368 4019 φέρουσα
2393 3938 2487 3993 τὸν
2516 3935 2646 3991 Θεὸν
2678 3935 2856 4011 Λόγον
2882 3935 3001 3998 καθ’
3057 3928 3245 3988 ἕνωσιν
3302 3930 3641 4005 ἀδιάστατον,
3674 3936 3789 3990 αὗ-

2125 4031 2220 4087 105
2250 4028 2377 4104 σάρξ
2408 4027 2497 4082 καὶ
2558 4025 2833 4099 λεγομένη
2891 4024 2980 4079 καὶ
3039 4023 3363 4101 ὑπάρχουσα
3417 4022 3619 4097 κυρίως
3683 4023 3788 4079 καί

2123 4119 2260 4175 κατὰ
2288 4116 2566 4188 ἀλήθειαν.
2600 4114 2770 4171 Οὗτοι
2803 4110 2861 4167 δὲ
2890 4111 3027 4167 κατὰ
3056 4112 3218 4187 χάριν
3242 4106 3484 4186 ίέχοντες
3538 4110 3595 4166 ἒν
3652 4113 3783 4168 ἑαυ-

2123 4213 2240 4268 τοῖς
2268 4208 2360 4262 τὸν
2390 4204 2518 4260 Θεὸν
2551 4201 2777 4279 ἆρῥτςτῷ
2800 4222 2858 4257 τε
2888 4198 3041 4277 λόγῳ
3070 4201 3159 4256 καὶ
3194 4200 3497 4274 ἁνεινοήτῳ
3556 4198 3779 4274 διανοίᾳ

2123 4294 2378 4375 Θεοφὸροι
2408 4292 2498 4350 καὶ
2545 4292 2699 4347 αὐτοὶ
2757 4287 2846 4345 διὰ
2880 4294 3041 4345 τοῦτο
3100 4286 3374 4367 λέγονται.
3428 4314 3457 4342 ‹‹
3515 4291 3787 4349 Observa

2124 4403 2260 4444 eum
2293 4388 2636 4441 sanctorum
2665 4382 3017 4437 thronorum
3061 4380 3334 4435 ordinem
3372 4378 3638 4453 θεοφόρον
3666 4398 3788 4438 no-

372 4468 473 4551 ilei
507 4510 656 4563 esse,
689 4499 749 4550 et
786 4468 1044 4569 θεοῷόρον
1078 4508 1227 4559 esse,
1259 4491 1351 4547 vel
1398 4493 1701 4565 θεοφορεῖν.
1763 4468 2012 4546 Sanctus

2158 4477 2373 4539 minare,
2401 4473 2578 4529 veluti
2608 4475 2878 4542 ferentem
2906 4468 3391 4525 intellectualiter
3408 4469 3784 4527 residentem

369 4558 704 4655 Dionysius,
738 4558 976 4640 Caelestis
1002 4558 1328 4638 hierarchice
1352 4596 1479 4652 cap.
1505 4558 1579 4646 ’7,
1592 4577 1763 4634 docet
1790 4594 2012 4636 nomen
2119 4568 2309 4655 D€um-
2335 4566 2523 4631 Quare
2545 4579 2680 4619 Cum
2703 4561 2881 4655 (fliam
2902 4561 2964 4615 Β·
3002 4559 3255 4614 Βᾶείιίῑιε
3275 4558 3590 4632 Cappadox
3655 4570 3788 4622 οεο-

366 4648 567 4727 throni
600 4648 756 4729 inter
786 4672 1026 4729 ordines
1056 4670 1355 4744 angelicas
1383 4648 1667 4724 denotare
1704 4665 1767 4720 τὸ
1823 4666 2012 4743 θεοςρό-
2046 4661 2093 4726 D
2125 4654 2293 4732 φόρον
2324 4669 2563 4710 Carnem
2594 4648 3263 4716 ἀίΧίῙιοοῐιδίάθΓθιΠάιιω
3287 4648 3586 4720 quomodo
3627 4650 3781 4706 illud

365 4780 483 4835 ρον.
518 4761 832 4818 S.Basilius
861 4765 938 4818 De
967 4763 1184 4832 Spiritu
1203 4761 1285 4827 S.,
1317 4773 1444 4828 cap.
1482 4760 1554 4811 5:
1611 4755 1712 4812 Ἐκ
1766 4759 1863 4810 eos
1919 4758 2014 4812 ἆν-

370 4849 645 4922 ορωπείου
673 4850 989 4929 φυράματος
1022 4850 1056 4917 ἡ
1098 4843 1360 4921 θεοφόρος
1419 4842 1543 4918 σᾶρξ
1603 4842 1895 4917 συνεπάγη,
1958 4851 2016 4901 et

369 4941 618 4998 homilia
666 4943 728 4997 in
775 4939 1135 4998 Nativitatem
1169 4955 1182 4992 :
1240 4931 1387 4988 Ἔδει
1443 4932 1508 4987 τὸ
1540 4935 1756 5005 Πνεῦμα
1796 4933 1885 4988 καὶ
1914 4935 2014 5003 τήν

371 5026 599 5102 δύναμιν
629 5033 726 5084 τοῦ
757 5028 1009 5103 Ὑψίστου
1037 5027 1137 5095 τὴν
1166 5021 1425 5099 Οεοφόρον
1476 5019 1682 5092 ἐκείνην
1741 5025 2017 5094 συστῆσαι

370 5119 493 5174 σθαι
545 5118 736 5194 σάρκα.
783 5100 865 5174 Ac
916 5133 1125 5177 rursus
1172 5113 1422 5169 homilia
1466 5100 1529 5167 in
1572 5112 1866 5184 psalmum
1887 5132 2009 5173 Lix:

361 5204 643 5285 γ’πόδημα
693 5203 749 5262 δὲ
802 5206 906 5275 τῆς
962 5204 1221 5272 θεότητος
1277 5202 1312 5269 ἦ
1364 5199 1623 5277 οεοφόρος
1656 5200 1805 5277 σὰρξ,
1853 5198 2019 5273 δι’ἧς

292 5332 299 5337 ρ
367 5286 542 5366 ἐπάϐη
574 5298 692 5357 τοῖς
730 5293 1053 5369 ἀνθρώποις.
1102 5290 1413 5364 Gregorius
1453 5291 1852 5348 Nazianzenus
1898 5294 2015 5366 epi-

363 5386 518 5443 stola
547 5386 617 5442 ad
650 5385 966 5441 Cledonium
996 5385 1049 5451 2,
1110 5380 1181 5446 de
1239 5378 1718 5452 Apollinaristis:
1768 5381 1846 5437 T6
1905 5378 2017 5438 δεῖν

361 5477 680 5548 προσκυνεῖν
712 5473 791 5546 μὴ
824 5468 1106 5543 ἄνθρωπον
1152 5465 1437 5545 θεοφόρον,
1495 5463 1644 5522 ἀλλὰ
1696 5468 1825 5524 Θεὸν
1883 5490 2010 5546 σαρ-

358 5561 618 5638 κνιφᾶροψ
646 5568 742 5618 et:
775 5561 865 5629 Μὴ
907 5557 1078 5632 σάρκα
1106 5556 1391 5635 θεοφόρον,
1423 5554 1570 5611 ἀλλὰ
1610 5556 1741 5612 Θεὸν
1793 5557 2011 5632 ἆνθρω·

358 5649 626 5725 ποιρὸρον.
664 5650 940 5707 Oratione
971 5648 1145 5705 tertia
1178 5666 1193 5706 :
1226 5643 1492 5702 Βοοόλεται
1519 5644 1620 5719 γαρ
1652 5646 1788 5718 ἡμῖν
1824 5647 1852 5701 ὁ
1901 5646 1995 5702 λο-

356 5756 454 5811 γος
512 5739 587 5811 μή
640 5735 832 5808 ἐξεῖναι
886 5734 1181 5794 διαπιστεῖν
1231 5739 1347 5798 τοῖς
1407 5732 1511 5789 ὑπὸ
1565 5736 1673 5788 τῶν
1736 5735 2011 5811 θεοφόρων

2129 4745 2354 4800 dictum
2385 4744 2481 4799 sit.
2513 4743 2660 4798 Caro
2691 4744 2891 4796 autem
2920 4739 3112 4811 ipsius
3159 4738 3396 4796 Domini
3445 4740 3788 4796 secundum

2130 4834 2524 4891 substantiam
2569 4837 2627 4887 et
2654 4829 2983 4886 secundum
3012 4829 3461 4885 subsistentiam
3491 4830 3663 4885 unita
3693 4836 3790 4887 est

2128 4924 2241 4997 ipsi
2275 4925 2396 4979 Deo
2427 4920 2617 4977 Verbo
2642 4938 2654 4976 :
2682 4924 3044 4992 quapropter
3077 4923 3136 4974 et
3164 4922 3788 4993 σαρκοφορεῖν,οανηεηι

2124 5016 2242 5083 fere
2298 5012 2425 5084 ipse
2466 5010 2683 5066 dicitur
2737 5025 2772 5064 a
2822 5007 3118 5076 Patribus,
3179 5013 3237 5064 et
3278 5024 3495 5063 carnem
3524 5009 3786 5067 induere.

2127 5101 2265 5166 Quae
2296 5100 2475 5172 igitur
2494 5097 2850 5165 absurditas,
2887 5096 2937 5151 si
2967 5096 3148 5151 etiam
3179 5112 3316 5152 caro
3359 5095 3488 5167 ejus
3549 5095 3794 5153 dicatur

2127 5186 2407 5265 θεοφόρος,
2438 5193 2723 5259 tanquam
2754 5190 2936 5256 ferens
2965 5187 3137 5240 Deum
3160 5184 3414 5241 Verbum
3450 5186 3793 5243 secundum

2124 5278 2408 5335 unionem
2429 5275 2888 5349 inseparabilem
2912 5293 2926 5343 ;
2952 5291 3085 5330 cum
3109 5275 3297 5347 ipsius
3319 5291 3454 5331 caro
3473 5281 3534 5331 et
3553 5276 3798 5333 dicatur

2125 5372 2185 5424 et
2213 5368 2290 5423 sit
2313 5367 2551 5439 proprie
2584 5372 2642 5421 et
2686 5365 3016 5422 secundum
3072 5364 3383 5420 veritatem
3404 5364 3433 5419 ?
3478 5365 3550 5419 Hi
3581 5370 3791 5423 autem

2123 5473 2229 5529 per
2257 5456 2505 5529 gratiam
2536 5454 2820 5511 habentes
2838 5455 2899 5509 in
2920 5453 3134 5524 seipsis
3156 5453 3660 5521 Deum,ineﬂ'abili
3688 5472 3796 5512 ra-

2121 5546 2284 5601 tione
2314 5550 2373 5601 et
2401 5544 2762 5617 incogitabili
2806 5542 3136 5614 intellectu,
3172 5543 3352 5601 etiam
3375 5542 3491 5615 ipsi
3524 5544 3789 5622 θεοφόροι

2120 5638 2436 5708 propterea
2473 5634 2774 5691 dicuntur.
2808 5656 2837 5685 »

2192 5743 2352 5800 Hanc
2381 5758 2584 5802 veram
2612 5742 2882 5803 vocabuli
2914 5742 3224 5804 notionem
3245 5757 3383 5802 cum
3403 5746 3635 5803 veteres
3652 5749 3786 5804 tan-
