3942 6302
194 373 298 432 401

901 373 960 434 J.
1004 371 1424 437 PEARSONII
1469 375 1834 439 VINDlClE
1879 376 2366 442 IGNATIANB.
2414 417 2458 430 η

1269 371 1424 437 ONIl
1469 375 1834 439 νΙΝῡιοιιΕ
1879 376 2366 442 ΙΟΝΑΤΙΑΝΛΕ.
2414 413 2488 433 -ιε
2532 383 2728 445 PARS
2753 384 2826 445 ΙΙ.

3452 387 3589 449 ρ402

207 515 254 565 to
281 517 568 566 consensu
600 516 943 582 agnoscant,
994 529 1189 584 neque
1221 528 1294 568 an
1327 512 1484 569 idem
1519 514 1570 569 S.
1604 515 1828 587 Ignatio
1860 517 1915 585 Α
1947 514 2128 572 dixit:
2163 518 2245 572 Tu
2275 518 2452 592 igitur
2500 519 2563 574 in
2611 519 2797 591 teipso
2857 519 3157 575 Christum
3193 519 3540 576 circumfers
3565 521 3593 575 ?

205 598 565 670 peculiariter
585 600 934 658 attributum
957 601 1034 657 sit
1055 604 1371 674 quisquam
1395 603 1654 671 dubitet;
1681 621 1838 675 quaa-

202 689 336 745 ritur
366 694 590 746 tantum
621 708 750 763 qum
773 691 1192 762 sitantiquitas
1225 693 1406 764 hujus
1433 695 1831 767 cognominis,

204 799 269 838 an
295 783 488 839 fabula
517 784 804 840 vetustius
835 791 1138 857 appareat,
1171 790 1230 840 et
1253 786 1478 858 Ignatio
1505 786 1628 841 vivo
1648 787 1834 858 impo-

206 872 366 928 situm
396 872 611 939 fuerit;
641 889 715 928 an
747 873 943 944 potius
989 873 1186 928 fabula
1223 874 1518 945 posterius
1551 879 1608 929 et
1639 891 1706 928 ex
1736 874 1834 930 illa

203 966 410 1015 natum.
441 962 642 1016 Primo
677 962 856 1033 igitur
886 961 996 1016 hoc
1029 960 1174 1016 mihi
1207 961 1451 1017 concedi
1481 961 1736 1033 postulo,
1768 966 1834 1015 ut

203 1055 323 1106 ante
345 1049 622 1122 scriptam
651 1051 889 1107 Eusebii
921 1051 1230 1106 historiam
1265 1067 1482 1106 nomen
1511 1053 1607 1105 τοῦ
1640 1050 1833 1128 θεοφὸ-

204 1157 288 1212 pou
309 1141 530 1213 Ignatio
553 1141 903 1197 attributum
927 1143 1001 1196 sit
1025 1158 1037 1208 ;
1062 1142 1111 1197 si
1135 1141 1293 1197 enim
1317 1146 1522 1214 postea
1541 1141 1831 1196 insertum

204 1236 360 1299 esset,
406 1233 792 1306 epistolarum
822 1249 968 1304 quas
999 1233 1372 1289 defendimus
1417 1233 1831 1289 auctoritatem

200 1321 448 1378 minuere
479 1339 600 1378 non
645 1328 863 1395 posset,
912 1339 1048 1379 cum
1079 1323 1214 1379 illas
1260 1323 1491 1379 easdem
1523 1340 1649 1379 esse
1683 1339 1829 1393 quas

202 1413 330 1467 vidit
349 1414 655 1482 Eusebius,
679 1413 856 1469 etiam
880 1413 1198 1470 adversarii
1221 1419 1561 1487 agnoscant.
1582 1413 1705 1468 Imo
1727 1430 1829 1468 nov

199 1518 323 1557 men
351 1503 457 1559 hoc
484 1503 756 1575 epistolis
786 1520 1048 1559 comvum
1087 1504 1268 1559 fuisse
1313 1504 1460 1559 mihi
1500 1503 1730 1559 videtur
1760 1520 1829 1559 ex

200 1589 328 1662 ipsis
356 1593 620 1664 epistolis
642 1593 838 1667 colligi
861 1611 981 1649 non
1005 1595 1200 1666 inepte
1233 1612 1425 1666 posse.
1453 1595 1544 1650 Sic
1573 1595 1732 1650 enim
1755 1594 1828 1650 ad

202 1680 509 1752 Smyrnzeos
542 1684 796 1756 scriptor
822 1683 1123 1755 loquitur:
1152 1683 1219 1739 Τί
1254 1682 1356 1758 γὰρ
1393 1703 1459 1755 με
1489 1680 1696 1758 ὠφελεῖ
1723 1705 1825 1751 τις,

201 1767 240 1822 εἰ
265 1766 353 1841 ἐμὲ
382 1769 610 1841 ἐπαινεῖ,
639 1771 731 1826 τὸν
776 1768 830 1826 δὲ
863 1771 1059 1846 Κύριον
1092 1792 1195 1846 μοι)
1229 1770 1550 1850 βλασφημεῖ
1579 1773 1652 1845 μή
1689 1772 1827 1844 ὁμο-

1939 605 2200 676 Ignatius
2231 607 2377 662 dixit
2404 625 2418 662 :
2481 609 2774 680 Scriptum
2807 613 2896 664 est
2927 610 3086 664 enim
3112 626 3124 665 :
3166 609 3501 665 Inhabitudo
3531 612 3590 665 in

1942 691 2076 764 ipsis
2107 702 2157 750 et
2190 697 2538 752 inambulabo
2562 696 2627 753 ⁴⁴.
2661 719 2688 748 ››
2741 697 2848 762 Qui
2908 699 3071 754 locus
3127 700 3434 771 prophetae
3467 715 3500 754 a
3530 699 3585 755 S.

1940 782 2154 854 Cyrillo
2186 785 2261 840 ad
2291 788 2388 838 τοῦ
2437 785 2701 861 θεοφόροο
2760 787 3214 860 explicationem
3247 787 3584 844 adhibetur.

1942 871 2039 925 llis
2071 873 2265 928 verbis
2297 880 2354 929 et
2385 891 2519 930 vera
2549 875 2870 948 antiquitas
2901 877 3182 944 nominis,
3217 882 3273 933 et
3308 894 3439 932 vera
3470 895 3586 932 no-

1939 960 2018 1015 tio
2051 963 2354 1019 asseritur.
2383 964 2493 1020 Sed
2518 964 2772 1022 Dallaaus
2790 966 3068 1022 Actorum
3099 971 3402 1022 auctorem
3423 989 3450 1017 »
3485 967 3586 1021 diu

1937 1055 2072 1121 post
2101 1051 2310 1124 Ignatii
2346 1059 2611 1126 tempora
2644 1077 2671 1104 »
2703 1055 2914 1111 vixisse
2938 1061 3122 1128 putat,
3151 1078 3177 1105 ‹‹
3203 1055 3359 1127 quod
3389 1061 3446 1111 et
3472 1055 3587 1111 alia

1937 1140 2312 1211 confirmant,
2336 1143 2550 1215 inquit,
2576 1150 2631 1199 et
2662 1145 2818 1201 inter
2846 1150 3060 1201 cmtera
3081 1163 3409 1215 sermones,
3437 1163 3584 1216 quos

1937 1245 2072 1284 cum
2103 1231 2353 1303 Trajano
2403 1249 2436 1288 a
2479 1239 2736 1306 martyre
2795 1235 3025 1290 habitos
3055 1237 3201 1292 Acta
3228 1237 3340 1290 ista
3370 1241 3587 1307 prmter

1935 1335 2174 1376 omnem
2192 1321 2310 1376 veri
2333 1338 2400 1378 ac
2416 1322 2614 1378 decori
2637 1323 2894 1396 speciem
2918 1325 3202 1398 fingunt.»
3221 1325 3398 1380 Miror
3417 1324 3586 1396 equi-

1934 1409 2069 1464 dem
2093 1427 2228 1466 eum
2255 1412 2381 1468 haec
2413 1415 2624 1485 Ignatii
2650 1416 2794 1470 Acta
2824 1431 3132 1486 nunquam
3173 1415 3244 1470 de
3295 1414 3587 1470 industria

1933 1497 2224 1556 refutasse
2249 1518 2262 1568 ;
2295 1503 2625 1573 praesertim
2654 1521 2789 1559 eum
2815 1521 2884 1560 ea
2912 1508 3030 1560 tam
3058 1504 3286 1561 illustre
3319 1503 3584 1576 epistolm

1935 1587 2008 1642 ad
2043 1589 2332 1646 Romanos
2356 1592 2766 1648 testimonium
2787 1593 3300 1665 prrebeant,quam
3332 1592 3432 1648 ille
3463 1598 3583 1648 tam

1932 1675 2239 1735 fastidiose
2273 1681 2486 1753 rejicit.
2515 1683 2796 1747 Quaenam
2827 1684 2929 1740 illa
2951 1683 3066 1740 alia
3089 1685 3208 1740 sint
3236 1684 3587 1753 nescio,ser«

1933 1786 2141 1827 mones
2173 1777 2332 1828 certe
2362 1790 2554 1844 neque
2584 1775 2702 1830 veri
2729 1792 2923 1848 neque
2947 1775 3145 1831 decori
3177 1777 3435 1831 rationes
3465 1781 3585 1831 tur-

199 1852 360 1932 λογῶν
391 1859 548 1916 αὐτὸν
583 1861 958 1938 σαρκοφόρονς
1008 1861 1069 1918 Ὀ
1127 1859 1183 1915 δὲ
1239 1866 1399 1918 τοῦτο
1431 1863 1506 1934 μὴ
1542 1859 1714 1937 λέγων
1743 1883 1756 1913 π

2026 1865 2097 1915 et.
2134 1862 2260 1917 Una
2289 1866 2520 1918 tantum
2544 1881 2649 1920 vox
2678 1881 2712 1920 a
2743 1866 2993 1937 Trajano
3025 1870 3309 1936 usurpata
3337 1864 3583 1935 reliquis

200 1943 346 2009 λείως
376 1949 540 2004 αὐτὸν
574 1950 887 2024 ἀπήρνηται
915 1950 990 2010 ὡς
1019 1950 1366 2025 νεκροιῖδὸρος⁸
1398 1951 1465 2005 τὰ
1496 1947 1553 2005 δὲ
1584 1950 1826 2025 ὀνόματα

195 2034 349 2092 αὐτῶν
395 2032 520 2094 ὄντα
570 2035 770 2094 ἄπιστα
817 2037 918 2094 οὐκ
973 2033 1123 2108 ἔδοξέ
1179 2059 1272 2113 μοι
1317 2039 1542 2115 γράψαι.
1600 2063 1621 2092 ι
1675 2043 1826 2108 Quid

197 2128 336 2183 enim
360 2129 525 2200 juvat
555 2146 650 2186 me
673 2130 807 2201 quis
839 2130 886 2186 si
918 2146 1012 2185 me
1032 2129 1254 2198 laudat,
1281 2131 1594 2186 Dominum
1627 2136 1824 2186 autem

196 2233 374 2274 meum
394 2219 794 2292 blasphemat,
810 2238 932 2276 non
953 2221 1242 2276 confitens
1269 2236 1402 2277 eum
1425 2220 1783 2277 carniferum
1798 2222 1826 2275 ‘?

197 2307 290 2372 Qui
316 2315 508 2368 autem
543 2311 656 2367 hoc
687 2328 808 2366 non
856 2311 999 2366 dicit
1055 2312 1248 2384 ipsum
1279 2312 1537 2384 perfecte
1568 2313 1826 2385 abnega-

195 2397 599 2463 vit,exsistens
657 2400 946 2457 mortifer.
1008 2401 1258 2456 Nomina
1314 2407 1512 2457 autem
1561 2401 1823 2474 ipsorum

197 2487 514 2545 exsistentia
533 2490 800 2545 inﬁdelia
817 2506 938 2545 non
955 2489 1144 2545 visum
1163 2495 1254 2546 est
1270 2491 1417 2546 mihi
1437 2491 1824 2547 inscribere.»

198 2576 319 2640 Quis
344 2579 499 2635 enim
527 2596 652 2634 non
696 2579 851 2634 videt
881 2581 1170 2652 Ignatium
1204 2579 1279 2635 ad
1309 2598 1528 2636 nomen
1559 2580 1823 2658 θεοφόρου

197 2667 439 2736 epistolae
467 2669 784 2740 praeﬁxum
817 2668 1101 2737 alludere,
1143 2669 1300 2740 quod
1332 2671 1568 2742 agnovit
1605 2671 1717 2725 sibi
1749 2687 1825 2726 ne

195 2758 414 2828 quidem
441 2777 476 2816 a
507 2761 744 2817 Docetis
775 2765 1054 2833 negatum
1083 2761 1264 2816 fuisse
1286 2763 1313 2817 ‘?
1353 2762 1595 2820 Illorum
1626 2766 1822 2818 autem

192 2844 376 2904 laudes
406 2867 526 2906 non
586 2850 949 2923 acceptabat,
984 2850 1124 2907 dum
1175 2867 1310 2907 eum
1360 2850 1616 2929 θεοφόρον
1652 2869 1823 2909 voca-

190 2942 324 3003 rent,
355 2945 643 3013 negarent
675 2945 871 2996 autem
927 2940 1226 2996 Christum
1283 2938 1618 3016 σαρκοφόρον
1673 2947 1731 2997 et
1761 2959 1822 2997 se

187 3027 488 3096 probarent
515 3027 900 3104 νεκροφόρους·
939 3046 1130 3102 neque
1163 3047 1367 3087 eorum
1398 3031 1643 3087 nomina
1672 3031 1822 3086 reci-

191 3122 298 3173 tare
329 3121 581 3179 volebat.
609 3123 678 3176 Et
708 3122 769 3176 in
799 3121 1055 3193 epistola
1102 3121 1176 3178 ad
1223 3121 1550 3194 Magnesios
1576 3138 1590 3177 :
1638 3126 1821 3176 Κατα-

189 3207 378 3274 ξιωοεὶς
432 3212 535 3286 γὰρ
598 3208 863 3283 ὀνόματος
919 3210 1383 3286 θεοπρεπεστάτου
1443 3207 1494 3264 ἐν
1547 3212 1629 3273 οἷς
1669 3230 1823 3286 περι-

191 3295 318 3370 φὲρω
347 3295 574 3372 δεσμοῖς
633 3295 748 3369 ᾄδω
807 3299 903 3361 τὰς
962 3297 1317 3370 Ἐκκλησίας.
1377 3323 1404 3350 ‹‹
1439 3300 1822 3373 Digniﬁcatus

192 3388 336 3444 enim
364 3390 612 3446 nomine
662 3389 1206 3446 Deodecentissimo
1235 3390 1300 3446 in
1330 3390 1546 3462 quibus
1576 3391 1824 3447 circum-

194 3475 304 3533 fero
332 3479 582 3536 vinculis
613 3484 788 3536 canto
817 3480 1124 3536 Ecclesias.
1159 3501 1190 3532 »
1225 3479 1330 3535 Ubi
1361 3480 1468 3535 viri
1499 3481 1654 3536 docti
1679 3482 1822 3553 jun-

195 3574 322 3639 gunt
351 3570 496 3626 illud
527 3587 755 3626 nomen
796 3587 931 3627 cum
984 3566 1035 3624 ἒν
1095 3571 1199 3637 οἷς,
1232 3576 1289 3626 et
1317 3575 1529 3642 putant
1578 3588 1706 3628 esse
1737 3571 1825 3628 vel

197 3657 600 3728 Christianum,
636 3660 804 3731 quasi
846 3658 1212 3715 Christianus
1261 3677 1383 3716 non
1430 3660 1626 3729 fuerit,
1659 3667 1824 3716 ante-

198 3761 356 3815 quam
379 3750 438 3805 in
461 3748 703 3805 vincula
723 3766 831 3804 con
832 3749 1026 3820 jectus
1043 3754 1163 3818 est;
1192 3747 1281 3804 vel
1303 3748 1703 3806 confessorem
1726 3757 1826 3806 aut

197 3843 516 3908 martyrem,
544 3855 682 3894 cum
705 3837 1062 3895 confessoris
1084 3854 1303 3894 nomen
1333 3838 1480 3895 adeo
1510 3839 1822 3909 antiquum

197 3936 308 3979 esse
337 3926 586 3981 minime
607 3925 905 3993 videatur;
931 3930 1252 3997 martyrem
1284 3930 1483 3981 autem
1515 3942 1822 3997 nunquam

195 4026 246 4065 se
274 4014 524 4084 appellat
554 4014 838 4086 Ignatius.
897 4015 967 4068 Et
1022 4013 1263 4069 omnino
1309 4013 1414 4070 illa
1442 4013 1622 4070 verba
1651 4010 1704 4067 ἐν
1737 4014 1820 4075 οἷς

194 4103 444 4178 περιῳέρω
463 4101 690 4176 δεσμοῖς
713 4104 910 4175 potius
934 4104 1322 4175 sequentibus
1340 4100 1454 4173 ᾃδιυ
1477 4101 1570 4165 τὰς
1593 4099 1824 4173 Ἐκκλη-

197 4188 298 4251 σίας
345 4194 683 4267 ajungenda
712 4193 1005 4250 videntur.
1034 4193 1200 4258 Quod
1229 4198 1287 4249 et
1317 4210 1389 4248 ex
1427 4194 1721 4250 sententia
1749 4194 1821 4249 ab

196 4278 529 4352 imperatore
547 4285 671 4340 lata
682 4283 896 4339 melius
914 4283 1105 4338 adhuc
1123 4282 1506 4356 intelligitur;
1531 4283 1638 4339 sub
1663 4283 1823 4338 enim

196 4369 293 4426 hoc
321 4375 559 4430 nomine
591 4371 881 4445 θεοφόρου,
917 4378 976 4428 et
1005 4372 1078 4428 ad
1111 4371 1239 4444 ejus
1272 4372 1705 4444 expositionem
1735 4389 1823 4427 re-

195 4457 394 4519 latione
420 4463 714 4530 habita,in
736 4461 967 4518 vincula
987 4462 1294 4534 coniectus
1317 4466 1424 4532 est,
1453 4462 1537 4516 uti
1570 4462 1631 4518 in
1661 4463 1821 4518 Actis

194 4546 461 4622 legimus:
491 4575 521 4605 ‹‹
541 4552 832 4624 Trajanus
854 4552 1233 4608 sententiavit
1255 4568 1268 4606 :
1291 4551 1582 4624 Ignatium
1611 4552 1821 4624 princi-

1937 1950 2216 2006 omnibus
2247 1954 2618 2008 occasionem
2641 1953 2930 2025 praebuit;
2965 1971 3142 2026 quam
3163 1970 3337 2009 nemo
3371 1953 3586 2008 dixerit

1937 2039 2280 2112 imperatori
2309 2043 2554 2100 minime
2577 2044 2917 2115 convenire,
2941 2045 3040 2116 qui
3065 2061 3196 2101 eam
3227 2049 3388 2100 recte
3417 2043 3588 2099 intel-

1934 2131 2164 2187 lexerit.
2197 2133 2406 2189 Mirum
2436 2133 2687 2190 fortasse
2719 2134 2896 2190 alieni
2929 2134 3242 2201 videbitur,
3269 2133 3586 2205 Trajanum

1937 2221 2020 2276 sic
2052 2221 2341 2292 lgnatium
2397 2223 2821 2294 compellasse:
2872 2245 2899 2274 α
2932 2223 3072 2288 Quis
3113 2227 3176 2278 tu
3207 2239 3290 2288 es,
3323 2221 3588 2278 cacodaa-

1937 2323 2077 2362 mon
2094 2308 2122 2362 ‘2
2144 2329 2172 2357 ››
2197 2308 2308 2364 Sed
2328 2309 2427 2380 qui
2445 2310 2609 2364 novit
2628 2309 2770 2380 quid
2793 2310 2870 2364 sit
2888 2306 3326 2381 κακοδαίμων,ει
3347 2325 3589 2382 quomo-

1938 2397 2012 2452 do
2043 2397 2410 2454 Christianos
2450 2400 2510 2454 in
2517 2399 2744 2470 judicio
2760 2400 3102 2472 compellare
3117 2398 3590 2456 solebantetbni-

1938 2487 2012 2553 ci,
2043 2488 2216 2544 facile
2248 2489 2464 2546 sentiet
2493 2496 2551 2546 et
2575 2508 2776 2548 verum
2809 2492 2921 2547 hoc
2943 2496 3003 2547 et
3025 2492 3307 2548 decorum
3338 2491 3589 2547 esse.Sic

1939 2578 2179 2634 Latinus
2209 2579 2501 2652 interpres
2530 2581 2593 2635 in
2624 2582 2908 2636 Passione
2940 2581 3302 2636 Andronici:
3338 2603 3365 2631 ‹‹
3398 2580 3584 2634 Maxi-

1939 2685 2071 2723 mus
2101 2669 2280 2722 dixit:
2315 2670 2466 2734 Quid
2491 2669 2617 2740 jam
2649 2671 2830 2726 habes
2855 2671 3070 2737 facere,
3102 2669 3253 2726 male
3277 2670 3531 2736 daemon,
3557 2692 3584 2720 ››

1940 2773 2075 2812 cum
2107 2775 2327 2829 praeses
2359 2759 2460 2813 ille
2494 2758 2643 2813 nihil
2669 2759 2829 2815 aliud
2859 2759 3081 2815 dixisse
3111 2758 3586 2830 videatur,quam

1936 2843 2294 2918 κακοδαιμον.
2319 2849 2419 2902 Est
2444 2852 2643 2904 autem
2667 2843 3020 2920 κακοδαίμων
3047 2847 3196 2903 nihil
3216 2847 3378 2904 aliud
3409 2865 3586 2919 quam

1939 2936 2147 2991 infelix
2176 2937 2376 2993 homo.
2427 2937 2612 2993 Gloss.
2667 2939 2788 2994 Vet.
2835 2932 3184 3010 κακοδαίμων
3222 2959 3250 2988 ‹‹
3281 2937 3587 2994 calamito—

1938 3043 2057 3082 sus.
2093 3048 2120 3076 ››
2154 3027 2224 3082 Ut
2256 3027 2359 3082 Dio
2391 3027 2841 3099 Chrysostomus
2874 3028 2974 3099 qui
3027 3027 3174 3082 vixit
3197 3027 3305 3083 sub
3336 3028 3585 3100 imperio

1937 3117 2170 3189 Trajani
2210 3117 2645 3174 Alexandrinos
2703 3117 3028 3189 alloquitur
3083 3117 3351 3174 oratione
3383 3121 3487 3172 32:
3519 3117 3583 3174 Τί

1941 3205 2033 3260 οὖν
2065 3210 2226 3261 τοῦτο
2257 3203 2534 3282 λαμπρὸν,
2592 3205 2638 3260 ὦ
2694 3202 3087 3279 κακοδαίμονες
3113 3223 3127 3274 ;
3169 3230 3197 3258 ς(
3231 3206 3380 3272 Quid
3411 3207 3589 3278 igitur

1935 3297 2045 3352 hoc
2076 3297 2345 3368 praeclari
2371 3302 2480 3368 est,
2503 3314 2536 3353 ο
2558 3297 2827 3354 infelices
2849 3297 2877 3352 ?
2895 3318 2924 3349 ››
2949 3299 3062 3352 Eos
3083 3302 3281 3353 autem
3311 3298 3393 3352 ita
3421 3313 3588 3353 com-

1934 3386 2137 3458 pellat,
2171 3394 2413 3460 propter
2440 3387 2574 3444 illos
2604 3389 2704 3460 qui
2735 3389 2914 3443 vitam
2960 3403 3128 3443 suam
3159 3393 3375 3460 praeter
3405 3387 3582 3442 ratio-

1935 3493 2073 3531 nem
2103 3478 2502 3548 projecerunt.
2537 3476 2677 3532 Φασὶ
2707 3479 2834 3551 γοῦν
2869 3473 2980 3546 ἤδη
3013 3475 3168 3538 τινὰς
3208 3479 3318 3530 τῶν
3355 3473 3584 3531 ἀπολω-

1935 3563 2112 3620 λότων
2152 3561 2242 3620 διὰ
2268 3567 2369 3635 τὴν
2424 3567 2681 3638 τοιαύτην
2742 3567 3012 3644 πρόφασιν
3045 3566 3468 3636 νεανιεύσασθαι,
3507 3565 3582 3638 μή

1933 3652 2399 3728 παραιτουμένους
2427 3655 2518 3710 τὸν
2557 3655 2806 3723 θάνατον,
2856 3653 3004 3710 ἀλλὰ
3051 3655 3579 3731 προσλιπαροῦντας,

1935 3745 2084 3806 ὅπως
2114 3742 2413 3798 ἀκούσωσιν
2448 3743 2730 3804 ἐπιπλέον.
2770 3767 2792 3796 ι
2826 3747 3008 3801 Aiunt
3039 3746 3218 3817 igitur
3239 3748 3368 3818 jam
3399 3762 3576 3817 quos-

1934 3835 2071 3890 dam
2101 3852 2308 3891 eorum
2339 3835 2438 3907 qui
2471 3835 2777 3906 perierunt
2798 3853 2870 3890 ex
2894 3837 2992 3892 tali
3026 3853 3203 3892 causa
3231 3837 3497 3891 animose
3519 3851 3579 3890 se

1932 3925 2206 3997 gessisse,
2240 3941 2360 3980 non
2389 3923 2778 3996 deprecantes
2804 3931 3080 3995 mortem,
3111 3924 3215 3980 sed
3247 3925 3583 3996 supplican-

1933 4020 2042 4082 tes,
2069 4019 2136 4069 ut
2164 4013 2385 4069 diutius
2425 4013 2628 4068 audire
2675 4013 2900 4069 liceret.
2935 4035 2964 4064 »
2998 4015 3114 4069 Hos
3154 4008 3460 4084 δυστυχεῖς,
3491 4032 3582 4065 τα-

1933 4100 2270 4176 λαιπώρους,
2301 4097 2700 4173 κακοδαίμονας
2732 4103 3028 4174 appellat;
3099 4107 3157 4157 et
3216 4101 3580 4157 Christianos

1932 4193 2006 4249 ad
2038 4192 2322 4265 martyrio.
2350 4191 2702 4247 festinantes
2733 4191 2884 4248 tales
2915 4192 3154 4248 omnino
3185 4189 3490 4263 putabant,
3526 4196 3584 4245 et

1931 4286 2153 4339 miseros
2183 4299 2251 4338 ac
2280 4284 2525 4352 infelices
2554 4283 2828 4338 homines
2855 4287 2993 4339 tunc
3016 4282 3300 4354 temporis
3323 4281 3581 4353 plerum-

1933 4391 2047 4446 que
2078 4374 2386 4431 vocabant.
2442 4374 2514 4430 Ut
2568 4375 2774 4430 Arrius
2805 4374 3143 4431 Antoninus
3175 4373 3332 4446 apud
3361 4373 3585 4429 Tertul-

1932 4464 2160 4521 lianum
2192 4464 2254 4519 in
2280 4463 2419 4520 Asia
2439 4468 2731 4536 martyres
2752 4465 3045 4521 allocutus
3068 4467 3194 4519 est:
3226 4465 3290 4515 Ὠ
3322 4457 3586 4531 δειλοί,ίά

1935 4560 2046 4624 est,
2085 4577 2106 4605 ι
2141 4571 2172 4610 o
2206 4553 2409 4611 miseri
2471 4561 2529 4611 et
2584 4555 2859 4612 infelices
2917 4553 3228 4612 homines!
3266 4575 3294 4604 ››
3346 4552 3584 4610 Homeri

195 4637 371 4706 pimus
402 4643 461 4698 in
495 4643 693 4715 seipso
727 4641 1025 4698 dicentem
1047 4641 1428 4697 circumferre
1456 4639 1752 4699 crucifiqu

2031 4644 2310 4729 ioliastes,
2345 4640 2390 4697 ὦ
2421 4639 2623 4701 ἄθλιοι.
2658 4644 3024 4717 Hesychius:
3072 4643 3151 4702 Ἀ
3181 4638 3376 4713 δειλοὶ,
3411 4640 3457 4695 ὦ
3487 4637 3588 4696 δει-

195 4727 435 4788 vinctum
452 4749 486 4789 a
504 4731 803 4788 militibus
820 4732 954 4788 duci
967 4732 1028 4787 in
1049 4747 1324 4804 magnam
1338 4734 1656 4788 Romam.»
1669 4732 1829 4789 Adeo

197 4832 303 4873 non
332 4822 454 4879 sine
477 4839 779 4880 sarcasmo
803 4822 1128 4894 imperator
1150 4821 1443 4894 Ignatium
1475 4822 1832 4879 condemna-

197 4906 284 4962 vit.
315 4910 421 4966 Sed
450 4912 742 4969 habemus
774 4915 956 4968 testes
988 4910 1225 4966 Eusebii
1261 4911 1628 4982 temporibus
1657 4911 1827 4983 longe

199 5000 566 5071 antiquiores.
586 5003 1001 5059 Vetustissima
1021 5003 1180 5058 enim
1203 5003 1345 5057 Acta
1364 5002 1491 5057 haec
1516 5001 1734 5057 diserte
1758 5003 1829 5057 de

199 5087 488 5164 S.lgnatio
549 5113 748 5152 coram
805 5095 1058 5168 Trajano
1113 5095 1467 5166 imperatore
1509 5095 1828 5150 constituto

198 5189 443 5239 narrant.
479 5207 507 5234 «
541 5186 828 5256 Trajanus
851 5183 1030 5240 dixit:
1055 5183 1196 5249 Quis
1219 5200 1281 5238 es
1305 5187 1393 5250 tu,
1425 5183 1826 5251 cacodaamon,

199 5270 288 5339 qui
316 5279 514 5330 nostra
543 5279 842 5347 praecepta
896 5274 1144 5330 festinas
1202 5273 1571 5346 transgredi;
1608 5277 1666 5328 et
1695 5273 1829 5328 aliis

199 5363 500 5426 persuades
530 5370 597 5420 ut
625 5365 782 5420 male
815 5364 1106 5436 pereant?
1136 5363 1396 5434 Ignatius
1428 5362 1612 5417 dixit:
1648 5365 1826 5418 Nemo

199 5447 590 5523 Theophorum
609 5453 1084 5511 cacodtemonem
1107 5457 1325 5509 vocat.»
1351 5455 1603 5508 Rursus:
1633 5475 1658 5504 κ
1686 5454 1828 5508 Tra-

195 5537 354 5606 janus
383 5544 564 5601 dixit:
634 5547 708 5601 Et
762 5545 894 5616 quis
952 5548 1043 5600 est
1099 5541 1531 5614 Theophorus?
1568 5542 1828 5615 Ignatius

200 5625 366 5689 dixit:
398 5635 506 5701 Qui
536 5635 835 5693 Christum
890 5634 1070 5691 habet
1125 5632 1187 5689 in
1243 5636 1502 5705 pectore.
1545 5632 1828 5704 Trajanus

261 5747 306 5786 “
336 5748 386 5807 ΙΙ
415 5752 544 5810 Cor.
575 5768 648 5819 Vl,
684 5754 770 5810 16.

1939 4729 2052 4803 λοὶ,
2083 4730 2173 4787 καὶ
2201 4728 2615 4806 κακοδαίμονες.
2648 4734 2811 4789 Unde
2839 4733 2996 4789 idem
3029 4732 3447 4790 emendandus
3477 4737 3590 4789 sta-

1939 4822 2047 4878 tim
2077 4823 2148 4880 ab
2181 4823 2376 4891 initio,
2404 4821 2494 4876 καὶ
2537 4819 2600 4877 τὰ
2658 4842 2691 4876 α
2747 4819 2970 4896 ἄρθρον,
3004 4820 3078 4882 ὠς
3109 4822 3240 4894 παρ’
3272 4821 3525 4894 Ὁμήρῳ,
3559 4823 3591 4872 ἆ

1939 4908 2124 4982 δηλοῖ.
2155 4912 2493 4985 Legendum
2527 4914 2686 4968 enim
2737 4918 2845 4980 est,
2877 4910 2967 4965 καὶ
2997 4910 3060 4963 τὸ
3092 4931 3136 4963 ω
3168 4908 3366 4984 ἄρθρον
3403 4910 3592 4981 (nem-

1937 5019 2010 5074 pe
2043 4998 2250 5072 δηλοῖ),
2283 5000 2357 5059 ὡς
2388 4999 2514 5073 παρ’
2544 4999 2792 5070 Ὁμήρῳ,
2824 4998 2898 5055 Ἀ
2929 4994 3126 5052 δειλοί.
3154 4999 3372 5069 Nuperi
3402 4998 3590 5052 edito-

1939 5107 2030 5146 res
2061 5094 2309 5145 monent
2364 5088 2462 5143 hic
2518 5085 2552 5139 az
2613 5103 2734 5141 non
2793 5102 2920 5141 esse
2963 5081 3184 5158 ἄρθρον,
3220 5086 3323 5141 sed
3355 5087 3589 5142 omnino

1937 5179 2117 5236 voluit
2158 5179 2481 5250 Hesychius
2522 5178 2553 5230 ἆ
2610 5176 2767 5248 apud
2825 5177 3142 5231 Homerum
3207 5194 3311 5248 pro
3353 5173 3396 5228 ὦ
3452 5176 3591 5232 arti-

1939 5269 2068 5327 culo
2104 5271 2363 5342 positum
2395 5284 2556 5335 esse;
2616 5269 2742 5338 ipse
2800 5267 2959 5321 enim
3018 5282 3124 5321 suo
3156 5264 3321 5320 loco:
3381 5268 3445 5317 Ὦ.
3491 5262 3587 5340 ἅρ-

1937 5361 2082 5432 Θρον,
2143 5358 2415 5428 κλητικῆς
2473 5356 2756 5425 πτώσεως,
2816 5356 2930 5409 οἷον
2985 5355 3052 5407 Ὦ
3110 5354 3379 5428 ἄνθρωπε.
3441 5355 3586 5427 Lege

1939 5449 2118 5520 igitur
2174 5445 2264 5500 καὶ
2319 5445 2382 5499 τὸ
2440 5443 2506 5512 ὦ,
2565 5443 3067 5516 quemadmodum
3135 5441 3291 5514 apud
3350 5441 3591 5498 Suidam

1940 5537 2217 5609 legimus,
2248 5533 2340 5589 καὶ
2372 5533 2433 5588 τὸ
2465 5530 2531 5604 ὦ,
2585 5535 2858 5608 Ὅμηρος,
2919 5533 2950 5586 ἃ
3008 5528 3222 5602 δειλήτι
3252 5533 3457 5600 κακῶν,
3491 5531 3593 5588 ubi

1941 5629 2119 5687 etiam
2151 5624 2579 5700 legendum,'A
2603 5619 2804 5692 δειλοὶ,
2832 5619 2884 5678 τί
2912 5625 3127 5690 κακῶν;
3160 5620 3348 5690 Odyss.
3383 5621 3590 5690 Κ,431;
