3942 6302
352 419 470 480 403

1414 404 1475 464 S.
1520 399 1908 466 IGNATIUS.
1954 431 2033 447 —
2073 396 2706 464 PROLEGOMENA.‘

3646 386 3774 445 404

357 551 428 606 Ἀ
485 543 681 616 δειλοὶ,
736 541 858 598 πόσ’
911 538 1064 614 ἴμεν,
1121 557 1172 592 τι
1227 540 1405 591 κακῶν
1471 532 1706 608 ἱμείρετε
1753 532 2002 599 τούτων;

2214 537 2215 585 1
2239 532 2480 589 Joannis
2503 529 2760 601 theologi
2786 539 3102 601 germanus
3125 517 3454 592 discipulus
3473 516 3604 584 fuit,
3629 533 3782 571 san-

436 639 526 695 Ad
555 653 686 708 quae
718 633 953 689 Homeri
986 629 1183 696 verba,
1219 650 1245 677 «
1282 644 1463 698 quare
1495 625 1622 680 haec
1678 624 1836 679 mala
1867 623 2013 678 adeo

370 725 814 784 desideratis?»
867 722 1137 777 allusisse
1168 717 1400 772 videtur
1431 715 1630 770 Arrius
1661 713 2016 767 Antoninus.

374 820 468 875 Sic
500 815 783 871 Maximus
815 827 1034 883 prmses
1085 807 1342 862 Probum
1375 804 1774 859 confessorem
1805 803 2019 857 affatus

379 915 503 963 est:
559 928 587 957 ‹‹
634 903 956 975 Hequiesce
989 918 1023 955 a
1053 900 1306 954 vanitate
1335 902 1475 951 tua:
1510 911 1582 950 an
1615 908 1929 965 permanes
1956 891 2018 945 in

374 996 591 1051 duritia
639 992 866 1047 miser?
898 1013 925 1040 »
959 995 1053 1044 et:
1090 1010 1118 1036 ‹‹
1152 985 1404 1041 Attende
1452 999 1665 1054 corpus
1696 989 1886 1047 tuum,
1914 981 2022 1034 mi-

376 1102 510 1148 ser;
543 1107 572 1134 »
605 1087 663 1137 et
690 1080 1093 1136 Andronicum
1126 1095 1137 1131 :
1169 1098 1195 1124 ‹‹
1229 1077 1355 1130 Non
1387 1073 1572 1128 sentis
1595 1069 2023 1137 tormenta,mi-

371 1173 506 1229 ser?
536 1194 564 1224 »
601 1176 658 1226 et
677 1168 1004 1224 Tarachum
1031 1182 1042 1218 :
1080 1186 1105 1211 ‹‹
1140 1163 1413 1217 Miserere
1440 1160 1564 1230 jam
1605 1158 1710 1226 tui,
1742 1157 1960 1221 miser;
1991 1177 2018 1204 »

367 1269 545 1334 atque
577 1261 660 1314 ita
691 1257 926 1328 saepius.
970 1256 1096 1309 Non
1156 1252 1328 1306 aliter
1358 1249 1705 1304 Ammianus
1737 1243 2024 1300 Marcelli-

365 1369 480 1407 nus
509 1368 521 1405 :
557 1372 584 1399 ‹‹
609 1349 1007 1415 Poterantque
1032 1339 1355 1397 miserandi
1382 1337 1656 1392 homines
1685 1335 1758 1389 ad
1784 1332 2023 1389 crudele

366 1438 727 1511 supplicium
759 1433 918 1490 ducti
942 1431 1418 1487 Christianorum
1451 1427 1794 1498 adjumento
1828 1422 2024 1478 defen-

371 1531 453 1596 di,
475 1529 538 1582 ni
569 1525 796 1596 Georgii
831 1522 965 1577 odio
998 1536 1208 1575 omnes
1238 1518 1557 1573 indiscrete
1588 1514 1964 1586 ﬂagrassent.
1994 1531 2022 1560 »

375 1621 519 1674 Cum
551 1615 730 1687 igitur
769 1612 1056 1683 Trajanus
1104 1609 1177 1664 ad
1221 1607 1512 1679 Ignatium
1559 1605 1669 1660 hac
1699 1600 2022 1673 compella-

377 1709 539 1762 tione
569 1720 712 1760 usus
745 1707 919 1767 esset,
945 1698 989 1751 ὦ
1018 1694 1376 1768 κακοδαίμων,
1402 1695 1500 1749 ille
1528 1697 1765 1764 arrepta
1793 1692 1903 1745 hac
1934 1705 2027 1744 oc-

382 1798 643 1864 casione,
664 1793 928 1866 gentium
955 1787 1239 1860 δαίμονας,
1259 1793 1324 1842 ut
1344 1785 1612 1841 solebant
1641 1779 2026 1838 vetustissimi

2121 625 2520 695 dissimasque
2572 621 2846 678 Ecclesiae
2901 615 3284 674 Antiochenaa
3344 613 3656 683 episcopus
3701 609 3779 663 ab

2121 714 2406 785 apostolis
2436 713 2813 768 constitutus.
2853 729 2878 756 »
2934 705 3095 762 Unde
3146 702 3319 775 paulo
3351 705 3484 772 post
3513 697 3789 754 ostendit

2123 825 2221 863 eos
2252 808 2350 878 qui
2384 805 2696 862 tradebant
2727 802 3022 858 Christum
3057 815 3164 869 per
3209 799 3464 867 quatuor
3495 807 3686 847 annos
3722 793 3787 844 et

2123 898 2350 968 aliquot
2379 897 2505 952 dies
2561 894 2936 967 pradicasse,
2969 884 3416 956 ἐναντιουμένους
3446 883 3524 953 τῷ
3557 878 3784 955 ῥηθέντι

2122 984 2377 1063 Θεοφόρῳ
2405 984 2497 1039 καὶ
2557 981 2806 1056 μάρτυρι·
2843 976 3136 1036 Successit
3195 974 3287 1028 his
3319 973 3602 1026 Maximus
3629 985 3787 1040 pro-

2121 1059 2280 1131 ximo
2305 1073 2650 1144 saeculo,qui
2676 1070 2812 1125 huic
2833 1068 2919 1123 rei
2943 1066 3175 1121 illustre
3200 1059 3604 1117 testimonium
3627 1074 3789 1130 prm-

2122 1165 2258 1220 bet:
2292 1163 2380 1225 Ὠς
2410 1163 2498 1217 καὶ
2530 1161 2593 1215 τὸ
2651 1157 2927 1236 Θεοφόρος
2985 1150 3259 1212 πολλάκις
3301 1149 3446 1220 αὖτῷ
3476 1144 3787 1221 λεγόμενόν

2122 1274 2180 1309 τε
2209 1252 2298 1308 καὶ
2329 1253 2691 1331 γραφόμενον·
2755 1235 2784 1300 ά
2843 1252 2910 1303 ut
2962 1243 3114 1301 illud
3167 1239 3520 1297 vocabulum
3571 1235 3788 1310 Θεοφό-

2126 1363 2220 1418 ρος
2253 1326 2406 1416 saepe
2438 1326 2510 1398 ab
2543 1358 2610 1397 eo
2643 1346 2702 1396 et
2721 1339 2944 1394 dictum
2968 1340 3025 1390 et
3046 1333 3352 1404 scriptum.
3378 1351 3406 1379 »
3429 1327 3590 1383 Istud
3615 1326 3782 1381 enim

2126 1435 2413 1504 scriptum
2445 1430 2745 1503 epistolas,
2765 1428 2988 1483 dictum
3018 1427 3217 1480 autem
3249 1423 3393 1475 Acta
3421 1421 3646 1490 spectat
3672 1434 3685 1481 ;
3722 1421 3786 1471 et

2126 1523 2276 1578 illud
2308 1521 2549 1592 quidem
2616 1517 3003 1590 epistolamm
3060 1511 3281 1575 titulos,
3325 1510 3439 1564 hoc
3470 1521 3782 1562 sermones

2130 1628 2264 1667 cum
2301 1611 2550 1683 Trajano
2604 1607 2837 1663 habitos
2891 1603 3224 1660 confirmat.
3257 1597 3478 1654 Eodem
3525 1596 3781 1667 septimo

2129 1701 2346 1757 saeculo
2378 1701 2504 1755 hanc
2535 1703 2677 1754 Acta
2719 1701 2987 1752 secutum
3023 1709 3151 1747 esse
3184 1689 3401 1744 Bedam
3433 1691 3683 1754 constat,
3715 1688 3787 1739 ut

2130 1796 2189 1846 et
2218 1797 2418 1846 octavo
2446 1788 2734 1844 Adonem.
2766 1786 2884 1840 Nec
2923 1789 3124 1838 tamen
3155 1779 3278 1834 ulla
3312 1777 3505 1832 adhuc
3535 1778 3787 1847 apparet

385 1862 1314 1952 Christiani,exagitat.Putabant
1329 1876 1488 1930 enim
1512 1873 1732 1928 ethnici
1754 1870 2028 1926 homines
2060 1895 2107 1960 Β
2135 1879 2305 1934 istius
2336 1876 2569 1944 fabulae,
2603 1880 2705 1930 aut
2754 1872 2998 1929 alterius
3050 1866 3379 1939 Theophori
3415 1862 3804 1936 signiﬁcatio-

387 1974 784 2047 κακοδαίμονας
826 1970 1000 2026 malis
1031 1970 1217 2040 geniis
1249 1984 1353 2022 seu
1384 1965 1753 2022 daemonibus
1782 1960 2033 2017 inservi—

387 2084 471 2122 re.
507 2065 652 2120 Dion
684 2064 1158 2133 Chrysostomus,
1191 2057 1455 2112 oratione
1495 2057 1562 2108 23
1593 2071 1605 2108 :
1663 2051 1901 2125 Ἀνὰγκη
1933 2067 2030 2102 κα-

387 2152 687 2227 κοδαίμονα
737 2150 956 2224 φάσκειν
1008 2147 1168 2201 αὐτὸν
1221 2149 1372 2216 κακῷ
1431 2133 2032 2216 δαίμονισυνεζευγμὲ-

388 2265 478 2299 νον
512 2242 602 2296 καὶ
635 2237 987 2312 λατρεύοντα.
1040 2259 1066 2286 ‹‹
1117 2239 1364 2290 Necesse
1415 2239 1505 2288 est
1552 2249 1685 2288 eum
1717 2231 1912 2286 dicere
1943 2229 2033 2282 in-

385 2334 639 2402 felicem,
672 2329 828 2385 malo
861 2328 1034 2399 genio
1075 2325 1459 2395 conjunctum
1493 2327 1551 2376 et
1597 2322 1969 2376 servientem.
2007 2338 2034 2365 η

384 2430 553 2492 Nam,
584 2431 650 2479 ut
708 2423 977 2477 observat
1032 2417 1390 2480 Chalcidius,
1441 2438 1460 2464 ι
1491 2415 1663 2486 juxta
1691 2415 2036 2483 usurpatam

387 2533 572 2588 penes
603 2516 829 2569 Graecos
861 2507 1141 2580 loquendi
1177 2505 1664 2562 consuetudinem
1698 2508 1816 2557 tam
1849 2499 2036 2554 sancti

391 2610 530 2660 sunt
559 2603 882 2667 daemones,
919 2613 1094 2669 quam
1127 2595 1336 2666 polluti
1387 2600 1445 2648 et
1503 2592 1730 2648 infecti.
1766 2613 1794 2640 »
1837 2591 2037 2643 Osten-

393 2695 480 2750 dit
510 2694 686 2766 igitur
716 2691 977 2760 seipsum
1034 2703 1154 2741 non
1213 2684 1366 2740 malo
1424 2683 1594 2756 genio
1627 2681 2035 2752 conjunctum,

395 2782 500 2838 sed
531 2763 647 2835 Deo
678 2777 894 2849 potius,
925 2775 1015 2828 vel
1047 2773 1120 2828 ab
1164 2774 1293 2843 ipsa
1324 2769 1719 2842 appellatione
1753 2763 2037 2842 θεοφόρου,

396 2888 527 2942 quaa
559 2869 669 2940 ipsi
704 2884 737 2922 a
767 2863 1115 2920 Christianis
1139 2859 1420 2916 attributa
1450 2862 1558 2913 est.
1588 2857 1687 2910 His
1717 2851 2041 2909 observatis

392 2959 608 3030 reliqui
639 2971 940 3011 sermones
983 2957 1040 3006 et
1089 2948 1360 3022 personis
1392 2951 1449 3002 et
1475 2947 1562 3002 rei
1588 2945 1701 3016 ipsi
1733 2943 1875 2998 satis
1906 2956 2041 2996 con-

397 3029 669 3105 sentanei
701 3049 854 3100 sunt.
889 3044 1183 3097 Fruantur
1211 3039 1390 3110 igitur
1421 3053 1488 3092 ea
1520 3033 1890 3104 antiquitatis
1921 3029 2042 3102 opi-

395 3140 576 3193 nione
603 3150 778 3207 quam
811 3134 882 3187 iis
915 3129 1185 3186 Usserius
1216 3125 1634 3196 antiquitatum
1667 3122 1926 3193 optimus
1949 3119 2044 3190 ju-

393 3229 507 3282 dex
538 3223 893 3281 conciliavit.
929 3222 1126 3289 Neque
1151 3218 1274 3271 haec
1305 3232 1414 3269 vox
1443 3213 1628 3268 ullum
1661 3213 1734 3266 iis
1763 3208 2041 3264 novitatis

2141 1967 2253 2038 nis,
2287 1966 2376 2020 vel
2400 1965 2529 2019 vola
2556 1963 2646 2018 vel
2676 1961 3008 2032 vestigium.

2214 2056 2492 2113 Omnium
2523 2048 3104 2122 antiquissimi,quos
3125 2063 3230 2118 pro
3256 2060 3363 2100 sua
3383 2040 3581 2099 fabula
3612 2039 3807 2096 addu-

2143 2147 2224 2202 cit
2253 2145 2526 2213 Dallaaus,
2583 2146 2721 2197 sunt
2777 2138 3123 2195 Anastasius
3183 2131 3700 2198 Bibliothecarius,
3746 2133 3812 2184 et

2145 2237 2386 2290 Simeon
2406 2233 2864 2304 Metaphrastes;
2891 2243 3145 2299 quorum
3166 2223 3461 2298 posterior
3481 2222 3640 2276 Vitas
3665 2234 3814 2274 san-

2146 2332 2378 2381 ctorum
2403 2341 2521 2379 non
2541 2323 2654 2378 nisi
2674 2319 3059 2392 postinitium
3082 2315 3296 2370 decimi
3320 2311 3522 2368 saeculi
3545 2309 3810 2381 scripsit;

2146 2416 2310 2487 prior
2336 2419 2532 2470 autem
2559 2416 2835 2484 vergente
2871 2408 2943 2463 ad
2978 2407 3155 2461 tinem
3186 2421 3343 2460 nono
3375 2407 3640 2458 octavam
3665 2415 3814 2470 syn-

2147 2504 2326 2559 odum
2359 2503 2560 2558 Latine
2593 2500 2798 2556 edidit.
2826 2498 2970 2553 Huic
2995 2502 3195 2552 autem
3223 2495 3376 2548 inter
3407 2490 3645 2546 notulas
3677 2489 3810 2542 haec

2149 2595 2441 2666 aspersit:
2493 2615 2521 2644 «
2553 2591 2822 2649 Tradunt
2869 2587 3072 2658 Graaci,
3107 2585 3264 2657 quod
3313 2582 3593 2655 parvulus
3624 2595 3808 2650 quem

2154 2688 2438 2744 Dominus
2471 2685 2816 2742 advocatum
2849 2681 3056 2736 statuit
3085 2679 3146 2733 in
3180 2676 3376 2732 medio
3411 2675 3650 2729 dicens:
3687 2672 3815 2726 Nisi

2150 2779 2398 2834 conversi
2425 2774 2650 2844 fueritis
2699 2779 2750 2827 et
2799 2771 3125 2840 efﬁciamini
3157 2769 3296 2822 sicut
3325 2766 3412 2820 hic
3437 2763 3719 2834 parvulus
3740 2759 3814 2825 ‘5,

2150 2867 2403 2934 etc.,iste
2422 2864 2683 2935 Ignatius
2709 2862 2821 2916 fuit
2839 2858 3133 2914 etidcirco
3157 2857 3315 2911 hunc
3339 2853 3634 2908 Deiferum
3659 2866 3818 2904 nun-

2149 2959 2390 3028 cupent.
2423 2953 2585 3008 Unde
2618 2968 2728 3007 nec
2759 2947 3009 3021 apostoli
3045 2945 3170 3001 ausi
3219 2943 3442 3000 fuerint
3481 2941 3531 2996 ei
3567 2956 3702 2995 cum
3734 2938 3816 2994 ad

2149 3044 2426 3101 Ecclesia:
2448 3041 2832 3114 praesulatum
2854 3039 3300 3110 promoveretur
3316 3030 3572 3103 amplius
3590 3043 3813 3083 manus

2151 3136 2496 3206 imponere;
2529 3130 2835 3197 nimirum,
2887 3143 3062 3198 quem
3114 3141 3214 3178 ore
3264 3121 3366 3177 Dei
3408 3119 3718 3175 laudatum
3754 3121 3818 3171 et

2155 3223 2339 3296 ipsius
2350 3226 2509 3278 tactu
2524 3218 2954 3275 sanctificatum
2971 3211 3347 3286 cognoverint
3374 3231 3400 3260 η
3412 3207 3524 3263 Sed
3539 3207 3818 3277 quinam,

391 3320 626 3389 Signum
658 3305 1246 3383 imprinﬁt-EPiStOI‘”
1269 3306 1407 3375 ipsa?
1432 3308 1569 3358 ante
1594 3299 1844 3361 Eusebii»
1862 3298 2049 3389 Ηίξίο·
2087 3275 2130 3341 C
2156 3275 2474 3382 arm‘abo,vhi
2500 3308 2683 3365 Graeci
2705 3307 2893 3372 fuere,
2918 3305 3018 3376 qui
3042 3275 3193 3358 tales
3215 3300 3446 3355 fabulas
3468 3297 3539 3352 de
3646 3296 3822 3368 lgna-

390 3409 544 3464 riam
575 3421 646 3459 ex
669 3398 1139 3457 adversariorum
1173 3394 1564 3461 confessione,
1599 3408 1667 3445 ex
1698 3393 1899 3444 nostra
1931 3387 2045 3441 dis-

393 3495 701 3569 putatione
729 3508 763 3546 a
795 3488 1116 3557 Polycarpo
1149 3484 1320 3538 editae
1352 3482 1490 3537 huic
1536 3477 1875 3550 antiquitati
1908 3476 2048 3531 satis

403 3568 824 3652 suffragantur.
858 3579 1062 3645 Neque
1094 3574 1297 3628 dubito
1325 3572 1469 3642 quin
1491 3570 1564 3625 ad
1585 3568 1824 3624 titulum
1856 3581 2051 3636 respe-

405 3675 560 3732 xerit
590 3675 830 3727 sanctus
890 3665 1205 3736 Dionysius
1264 3679 1397 3718 cum
1457 3677 1593 3717 eum
1639 3658 1862 3714 vocavit
1890 3658 2045 3708 Θεῖον

407 3762 696 3839 Ἰγνάτιον.
730 3757 1053 3814 Succinunt
1106 3753 1374 3826 epistolis
1403 3757 1521 3806 tres
1553 3749 1784 3805 nobiles
1815 3744 2048 3802 Graecia)

413 3836 751 3924 scriptores,
783 3845 1172 3919 Ephraamius,
1195 3844 1396 3898 Jobius
1427 3847 1485 3896 et
1515 3839 1796 3896 Gobarus.
1820 3836 2052 3907 Ephraa-

408 3923 564 4000 mins
596 3938 931 4014 patriarcha
953 3933 1302 4003 Antiochia),
1328 3936 1385 3986 et
1403 3930 1609 4002 Ignatii
1639 3945 1708 3982 ex
1737 3923 2048 3981 intervallo

410 4048 714 4090 successor
767 4030 921 4083 inter
978 4027 1182 4079 Patres
1215 4020 1491 4076 meminit
1519 4015 1775 4092 Ἱγνατίου
1803 4018 1900 4068 τοῦ
1933 4023 2053 4074 θεο-

408 4122 599 4200 φόρου,
631 4124 780 4176 teste
814 4115 1022 4171 Photio
1079 4112 1282 4167 codice
1341 4112 1464 4164 227.
1497 4107 1697 4163 Jobius
1725 4103 2053 4160 monachus

406 4190 562 4286 apud
593 4208 890 4270 eumdem,
923 4201 1122 4257 codice
1154 4203 1293 4286 222:
1357 4197 1500 4266 Φησὶ
1565 4196 1669 4270 γὰρ
1720 4195 1747 4247 ὁ
1796 4190 2056 4266 θεοφόρος

405 4301 667 4376 Ἰγνάτιος
689 4295 812 4370 τρία
842 4292 1025 4353 λαθεῖν
1070 4289 1161 4343 τὸν
1190 4285 1432 4361 ἄρχοντα
1481 4289 1576 4341 τοῦ
1606 4283 1802 4343 αἰῶνος
1837 4279 2053 4334 τούτου.

407 4369 742 4460 Stephanus
798 4381 1058 4438 Gobarus
1115 4377 1245 4432 cod.
1302 4378 1447 4430 232:
1509 4375 1768 4449 Ἰγνάτιος
1815 4371 1995 4442 μέντοι
2029 4369 2056 4422 ὁ

411 4477 668 4549 Θεσόρος,
743 4470 834 4525 καὶ
921 4466 1157 4539 Κλήμης
1217 4467 1245 4518 ὁ
1305 4461 1682 4538 Στρωματεύς.
1742 4461 1830 4516 Ad
1879 4461 2059 4514 ﬁnem

411 4572 558 4623 sext.
592 4561 793 4619 saeculi
827 4558 1102 4615 Leontius
1122 4557 1452 4628 Byzantius,
1473 4553 1580 4609 sub
1613 4552 1783 4606 initio
1815 4549 2053 4620 septimi

2153 3402 2234 3457 tio
2251 3399 2653 3457 tradiderunt?
2667 3414 2786 3452 non
2803 3400 3029 3451 veteres
3048 3397 3355 3459 certe,non
3373 3404 3578 3445 eorum
3595 3385 3820 3456 aliquis

2156 3491 2256 3562 qui
2289 3495 2423 3546 ante
2452 3487 2829 3543 Anastasium
2861 3485 2921 3539 in
2953 3485 3152 3538 Graeca
3200 3479 3462 3535 Ecclesia
3494 3476 3817 3546 scripsere.

2156 3582 2213 3637 S.
2245 3581 2700 3650 Chrysostomus
2732 3573 3005 3630 Ecclesiae
3065 3569 3455 3626 Antiochenaa
3499 3563 3822 3638 presbyter

2156 3669 2416 3725 fabulam
2442 3673 2756 3736 utramque
2812 3668 3012 3735 aperte
3072 3657 3487 3724 refellit,_dum
3520 3654 3820 3727 Ignatium

2157 3759 2455 3815 Christum
2489 3771 2794 3825 nunquam
2816 3752 3030 3806 vidisse
3055 3749 3253 3816 tradit,
3275 3753 3332 3802 et
3351 3744 3654 3817 apostolos
3687 3759 3820 3798 eum

2160 3865 2267 3919 per
2284 3845 3031 3919 impositionemmanuum
3051 3837 3124 3892 ad
3142 3836 3410 3892 ordinem
3434 3833 3817 3905 episcopatus

2163 3935 2441 3991 extulisse
2466 3913 2970 4000 narrat.éau;u'§<o
2991 3925 3084 3981 τὸν
3111 3922 3274 3998 ἄνδρα
3299 3921 3408 3996 ἐγὼ
3432 3921 3514 3975 ὅτι
3537 3921 3687 3993 παρά
3704 3925 3817 3975 τῶν

2161 4023 2323 4098 ἁγίων
2339 4021 2556 4077 ἐκείνων
2573 4022 2672 4088 τήν
2701 4018 2880 4094 ἀρχὴν
2897 4016 3100 4085 ταύτην
3121 4012 3480 4089 ἐνεχειρίσθη,
3503 4011 3594 4066 καὶ
3625 4011 3683 4064 αἱ
3715 4014 3820 4064 τῶν

2167 4113 2443 4188 μακαρίων
2472 4107 2795 4165 ἀποστόλων
2831 4111 3010 4181 χεῖρες
3041 4111 3143 4174 τῆς
3188 4105 3336 4178 ἱερᾶς
3367 4101 3579 4170 ἐκείνης
3609 4100 3821 4174 ἥψαντο

2161 4202 2427 4282 κεφαλῆς.
2465 4225 2492 4253 ‹‹
2527 4202 2728 4257 Virum
2763 4216 2866 4270 ego
2897 4197 3179 4264 admiror,
3215 4193 3374 4265 quod
3397 4210 3429 4249 a
3452 4192 3676 4248 sanctis
3702 4192 3823 4246 illis

2165 4295 2566 4368 principatum
2598 4291 2754 4346 hunc
2786 4288 3133 4351 obtinuerit,
3159 4289 3218 4339 et
3246 4285 3554 4339 beatorum
3582 4289 3822 4353 aposto-

2165 4385 2358 4441 lorum
2392 4399 2605 4438 manus
2637 4395 2870 4436 sacrum
2902 4377 3047 4432 illud
3075 4379 3251 4447 caput
3280 4374 3602 4446 tetigerint.
3629 4393 3657 4422 »
3682 4375 3823 4428 Post

2169 4475 2227 4530 S.
2259 4475 2745 4546 Chrysostomum
2779 4470 2840 4526 Β.
2869 4466 3293 4533 Theodoretus,
3317 4465 3378 4518 in
3405 4463 3569 4534 Syria
3590 4462 3825 4534 episco-

2167 4582 2300 4637 pus,
2325 4563 2425 4636 qui
2451 4566 2538 4617 tot
2561 4560 2876 4616 conciones
2897 4555 3228 4611 Antiochiae
3252 4553 3475 4620 habuit,
3497 4551 3735 4624 dialogo
3763 4555 3821 4605 l:

413 4653 760 4717 Antiochus,
791 4654 856 4704 ut
905 4648 965 4702 in
1014 4645 1388 4701 Testimoniis
1419 4642 1615 4697 videre
1643 4644 1752 4705 est,
1783 4637 1941 4692 idem
1969 4643 2013 4692 tt

2214 4654 2440 4723 ικῆκοας
2471 4647 2528 4704 δὲ
2551 4649 2765 4708 πάντως
2794 4645 3060 4722 Ἰγνάτιον
3095 4642 3314 4711 ἐκεῖνον,
3362 4642 3420 4702 ὃς
3454 4637 3542 4694 διὰ
3576 4645 3680 4708 τῆς
3725 4643 3824 4694 τοῦ

418 4748 669 4801 stantur.
701 4737 922 4794 Eodem
955 4734 1170 4791 saaculo
1205 4738 1412 4790 auctor
1440 4729 1697 4785 Chronici
1725 4726 2057 4782 Alexandri-

415 4837 498 4905 ni,
530 4831 700 4902 cujus
726 4826 1128 4883 testimonium
1160 4822 1490 4888 omisimus,
1523 4817 1803 4888 quoniam
1835 4815 2056 4886 episto-

417 4900 534 4980 lam
563 4900 976 4990 interpolatam
1009 4917 1270 4985 spectat:
1318 4909 1443 4963 Ὅτι
1493 4903 1550 4959 δὲ
1594 4908 1740 4977 τρεῖς
1788 4900 2062 4964 ἐνιαυτοὺς

414 5010 650 5087 κηρύξας
676 5009 740 5064 τὸ
771 5001 1109 5079 Ενῦαγγὲλιον
1145 5002 1172 5054 ὁ
1205 4997 1401 5070 Κύριος
1452 4993 1539 5048 ἐπὶ
1574 4995 1666 5048 τὸν
1697 4991 1941 5047 ἑκούσιον
1971 4990 2060 5044 καὶ

415 5099 684 5172 ξωοποιὸν
717 5095 851 5164 ἦλθε
883 5085 1131 5164 σῖταὺρὸν,
1166 5084 1405 5141 διδάσκει
1455 5083 1544 5138 καὶ
1576 5083 1835 5159 Ἰγνάτιος
1867 5083 1894 5135 ὁ
1928 5087 2059 5135 Θεο-

411 5192 582 5268 φόρος
612 5188 699 5242 καὶ
737 5184 961 5258 μάρτυς,
1021 5181 1048 5234 ὁ
1099 5177 1351 5234 Ἰωάννου
1400 5180 1498 5230 τοῦ
1550 5173 1810 5250 Θεολόγου
1841 5174 2061 5249 γνήσιος

415 5261 666 5356 {Latiari}:
697 5273 956 5350 γεγονὼς,
1015 5275 1114 5336 τῆς
1181 5263 1238 5319 δὲ
1295 5264 1346 5319 ἐν
1402 5263 1718 5340 Ἀντιοχείᾳ
1760 5261 2066 5338 ἁγιωτάτης

410 5367 739 5436 Ἐκκλησίας
781 5360 1074 5416 ἐπίσκοπος
1135 5355 1238 5408 ὑπὸ
1293 5358 1403 5408 τῶν
1446 5352 1765 5409 ἀποστόλων
1799 5369 2068 5406 καταστα-

417 5459 550 5519 θείς.
585 5480 612 5508 ι(
645 5452 808 5520 Quod
839 5453 1038 5504 autem
1077 5446 1383 5511 Dominus,
1430 5463 1564 5501 cum
1595 5462 1702 5517 per
1732 5448 1850 5498 tres
1881 5456 2068 5497 annos

422 5544 803 5618 Evangelium
826 5535 1227 5611 praedicasset,
1249 5535 1321 5591 ad
1341 5535 1735 5591 voluntariam
1757 5538 1816 5587 et
1835 5531 2073 5586 vitalem

432 5652 670 5698 crucem
698 5630 945 5697 venerit,
996 5628 1168 5684 docet
1223 5627 1484 5702 Ignatius
1517 5625 1712 5684 Deifer
1741 5629 1799 5679 et
1828 5626 2072 5696 martyr,

508 5749 554 5787 ⁴⁵
583 5745 783 5812 Matth,
809 5759 960 5817 xvm,
992 5744 1044 5803 3.

2174 4740 2415 4817 μεγάλου
2456 4735 2662 4813 Πέτρου
2699 4733 2871 4805 δεξιᾶς
2928 4741 3027 4804 τῆς
3086 4729 3498 4810 ἀρχιερωσύνης
3529 4732 3628 4794 τῆν
3660 4730 3825 4804 χάριν

2169 4829 2401 4899 ἐδέξατο.
2432 4851 2461 4880 ‹‹
2484 4827 2772 4883 Audivisti
2805 4841 3048 4897 prorsus
3073 4823 3362 4895 lgnatium
3387 4820 3695 4891 illum,qui
3719 4837 3826 4891 per

2170 4921 2327 4978 Petri
2359 4920 2625 4974 dextram
2658 4915 3038 4988 pontificatus
3071 4913 3318 4985 gratiam
3363 4912 3611 4982 accepit,
3647 4932 3676 4960 »
3711 4916 3826 4965 etc-

2171 5013 2311 5066 Post
2339 5007 2774 5063 Theodoretum
2832 5003 2991 5058 Felix
3049 5003 3360 5073 episcopus
3415 5001 3720 5055 Romanus
3756 4997 3831 5052 ad

2173 5101 2467 5153 Zenonem
2510 5096 2580 5150 de
2628 5097 2800 5149 Petro
2855 5094 3099 5162 Mongo:
3165 5113 3185 5140 ι
3231 5090 3338 5155 Qui
3369 5093 3588 5144 sancta
3618 5088 3832 5142 Antio-

2178 5189 2380 5243 chenae
2411 5184 2690 5240 Ecclesiae
2721 5180 3136 5253 indignissime
3161 5196 3222 5235 se
3251 5178 3520 5249 ingessit,
3541 5183 3834 5233 sanctam-

2180 5293 2293 5345 que
2317 5273 2516 5329 sedem
2544 5271 2924 5343 pontiﬁcatus
2945 5269 3147 5341 Ignatii
3171 5267 3448 5339 martyris
3470 5265 3704 5338 polluit,
3726 5266 3830 5336 qui

2179 5365 2336 5420 Petri
2351 5364 2555 5418 dextra
2581 5362 2890 5432 episc0pus
2905 5357 3211 5413 ordinatus
3226 5362 3334 5412 est.
3355 5379 3382 5407 »
3397 5359 3594 5428 Neque
3615 5357 3834 5411 Graecis

2181 5469 2375 5523 neque
2398 5451 2620 5507 Latinis
2637 5449 2932 5506 ordinatio
2950 5447 3161 5518 Ignatii
3191 5447 3318 5501 sine
3343 5463 3630 5502 manuum
3654 5445 3840 5517 impo-

2185 5544 2399 5598 sitione
2431 5547 2533 5596 aut
2562 5542 2904 5612 quarto,aut
2933 5537 3142 5608 quinto
3175 5536 3391 5591 saeculo
3423 5536 3838 5592 innotuit.Non

2185 5632 2387 5690 dubito
2419 5631 2598 5704 igitur
2621 5628 2768 5701 quin
2794 5627 2976 5684 Graeci
3009 5625 3096 5682 illi
3121 5625 3219 5698 qui
3244 5625 3372 5682 haac
3393 5625 3837 5696 tradiderunt,ii
