3942 6302
137 417 256 477 405

895 416 954 476 J.
1002 414 1418 478 PEABSONII
1460 412 1834 474 VINDlCl/E
1878 412 2356 476 lGNATlANzE.
2401 447 2481 460 —-
2536 416 2734 476 PARS
2775 416 2858 477 ll.

3462 415 3582 476 408

136 550 762 622 fuerint,quibuscum
778 551 1127 606 Anastasius
1144 548 1655 621 Constantinopoli
1686 565 1810 604 ver-
1842 555 1897 619 Α
1927 548 2067 605 bula
2097 551 2436 606 communia
2466 550 2526 605 in
2545 550 2786 622 propria
2806 549 3052 605 nomina
3072 565 3358 606 conversa
3373 567 3578 608 ascen-

141 646 299 696 satus
334 645 454 709 est,
494 657 631 697 cum
663 645 878 697 octavae
909 640 1134 712 synodo
1175 640 1299 712 ipse
1341 641 1674 694 interesset.
1726 639 1817 694 Lis

144 728 304 782 enim
322 733 482 783 tunc
504 729 792 801 temporis
807 733 931 783 erat
955 728 1026 783 de
1039 727 1265 798 lgnatio
1281 726 1818 797 Constantinopoli-

144 823 276 874 tano
299 819 675 889 patriarcha,
709 823 767 872 et
795 817 1000 872 Photio
1023 815 1303 872 Romanis
1322 816 1580 870 maxime
1604 815 1808 870 inviso.

139 910 420 982 Magnum
454 913 590 964 erat
619 905 798 977 hujus
831 905 1037 977 Ignatii
1070 920 1309 972 nomen,
1336 908 1394 958 et
1425 907 1666 974 propter
1696 901 1809 956 loci

146 998 509 1071 dignitatem
542 1012 720 1068 quam
751 996 1052 1062 amiserat,
1095 998 1154 1050 et
1196 997 1438 1066 propter
1484 991 1693 1047 exsilia
1750 995 1808 1045 et

143 1105 442 1143 aerumnas
477 1101 628 1157 quas
659 1101 868 1157 passus
910 1089 1054 1151 erat,
1114 1082 1271 1138 unde
1320 1098 1508 1136 novus
1558 1079 1806 1155 Θοφόρος

141 1177 473 1249 appellatus
541 1180 652 1232 est.
710 1173 954 1230 Michael
1002 1171 1309 1244 Syncellus
1367 1172 1430 1225 in
1495 1171 1753 1225 Encomio
1784 1186 1802 1222 :

142 1265 194 1316 '0
221 1263 339 1324 νέος
384 1265 553 1324 οὗτος
585 1261 675 1316 καὶ
711 1261 881 1336 μέγας
913 1259 1183 1340 Θεοφόρος
1233 1256 1516 1332 Ἰγνάτιοςσ
1553 1278 1575 1307 ι
1608 1259 1798 1313 Novus

143 1355 234 1409 hic
265 1360 324 1410 et
355 1370 618 1427 magnus
647 1352 844 1408 Deifer
873 1351 1150 1424 Ignatius.
1179 1372 1207 1399 »
1235 1349 1603 1417 Chronologia
1633 1347 1795 1402 Nice-

141 1444 324 1514 phoro
386 1443 656 1514 ascripta
712 1443 773 1497 in
830 1457 942 1496 ms.
1004 1439 1418 1495 Londinensi:

143 1533 256 1594 νέος
318 1531 604 1609 Θεοφόρος
664 1531 722 1584 τὸ
779 1532 998 1604 πρῶτον
1047 1524 1140 1597 ἓτη
1213 1533 1297 1594 ια’,
1361 1531 1532 1599 μῆνας
1587 1525 1647 1596 ε’,
1707 1523 1797 1578 καὶ

141 1620 424 1697 ἐξωρίσθη·
451 1647 480 1673 ‹‹
507 1623 772 1694 lgnatius
793 1619 1371 1690 novusTheophoros
1388 1617 1577 1689 primo
1608 1633 1796 1671 annos

139 1723 690 1789 undecim,menses
717 1721 1006 1793 quinque,
1025 1725 1082 1774 et
1106 1719 1328 1790 ejectus
1356 1722 1462 1772 est.
1480 1739 1506 1766 ‹‹
1533 1717 1620 1771 Ad
1637 1717 1795 1770 hunc

144 1811 578 1868 restituendum
612 1810 868 1866 maxime
899 1811 1162 1863 intentus
1190 1807 1302 1862 fuit
1345 1807 1657 1878 episcopus
1689 1806 1793 1860 Bo-

1480 1435 1743 1510 Ἰγνάτίος
1773 1436 1800 1488 6

1929 643 2050 693 tum
2087 639 2318 695 soleant
2364 645 2615 696 mutare.
2660 638 2722 692 Ὀ
2777 632 3051 716 Θεοφόρος
3111 639 3223 693 fuit
3272 640 3575 712 epitheton

1922 729 2079 798 quod
2105 730 2486 800 peculiariter
2507 728 2758 784 adhaesit
2777 729 3006 783 nomini
3033 729 3389 801 lgnatii,non
3413 729 3572 800 quod

1922 818 2106 890 ipsius
2120 820 2424 891 proprium
2444 836 2664 875 nomen
2680 825 2837 874 esset
2853 823 2952 873 aut
2972 819 3157 888 fieret,
3179 819 3282 874 sed
3300 818 3456 890 quod
3481 819 3569 873 illi

1920 909 2031 962 hoc
2063 909 2366 979 epitheton
2396 909 2651 980 populus
2682 914 3022 964 constanter
3054 908 3356 966 tribueret.
3396 910 3467 963 Ut
3494 907 3566 964 de

1920 998 2174 1054 Antonio
2207 998 2388 1054 tradit
2435 999 2491 1052 S.
2545 998 2940 1053 Athanasius:
2993 994 3190 1058 Πάντες
3242 995 3318 1067 μὴ
3371 996 3462 1050 οὖν
3514 997 3566 1050 οἱ

1915 1083 2021 1140 ἀπὸ
2049 1091 2149 1154 τῆς
2180 1087 2377 1159 κώμης
2409 1084 2726 1162 φιλόκαλοι,
2759 1086 2896 1159 πρὸς
2925 1084 3020 1146 οὕς
3074 1087 3197 1160 εἶχε
3242 1087 3342 1154 τὴν
3390 1086 3565 1155 συνή-

1912 1176 2056 1229 θειαν
2087 1173 2260 1237 οὕτως
2291 1175 2448 1230 αὐτὸν
2477 1176 2706 1251 ὁρῶντες
2739 1175 2966 1230 ἐκάλουν
2996 1172 3248 1252 Θεοφιλῇ.
3285 1198 3314 1226 ‹‹
3347 1177 3566 1232 Omnes

1911 1265 2111 1335 itaque
2136 1265 2298 1320 illius
2320 1266 2548 1322 viciniae
2566 1282 2817 1336 quorum
2843 1266 2893 1320 is
2915 1264 3346 1320 consuetudine
3363 1265 3565 1321 uteba-

1907 1355 2262 1425 tur,pulchri
2281 1360 2458 1426 atque
2471 1355 2705 1410 honesti
2722 1359 2990 1422 amantes
3004 1354 3238 1409 eumhis
3253 1353 3564 1424 praeditam

1905 1445 2174 1501 moribus
2193 1446 2577 1518 appellabant
2605 1445 2866 1521 Θεοφιλῆ.
2896 1467 2924 1495 ››
2952 1445 3058 1510 Qui
3083 1449 3288 1515 postea
3309 1443 3562 1498 Graeculi

1905 1539 2190 1605 tanquam
2207 1536 2511 1607 proprium
2530 1552 2748 1590 nomen
2760 1539 3119 1606 acceperunt
3133 1531 3404 1610 Θεόφορον
3421 1532 3560 1588 scri-

1900 1629 2181 1694 pserunt;
2216 1624 2373 1696 quod
2401 1624 2643 1696 propria
2663 1624 2908 1679 nomina
2939 1623 3240 1678 re.rahere
3273 1627 3556 1677 accentus

1901 1712 2150 1768 soleant.
2185 1709 2379 1766 Πολλᾶ
2419 1712 2520 1786 γὰρ
2561 1710 2897 1785 εὑρίσκονται
2932 1710 3153 1780 ὀξύτονα
3202 1704 3357 1764 ἅτινα
3404 1707 3558 1784 γινό-

1907 1807 2041 1872 μενά
2071 1799 2234 1876 κύρια
2269 1801 2580 1876 βαρύντταῖ,
2615 1802 2751 1870 οἷον,
2783 1799 2994 1868 ξανθὸς,
3044 1799 3276 1858 Ξάνθος·
3329 1796 3554 1872 πυῤῥὸς,

139 1917 373 1956 manus:
398 1900 756 1956 Anastasius
786 1899 847 1954 in
866 1915 936 1955 ea
955 1915 1038 1965 re,
1065 1895 1636 1967 Constantinopolim
1649 1895 1787 1949 mis-

1967 1871 2430 1964 Ξρῥοςίγλαυδξὸς.
2466 1871 2726 1950 Γλαῦκος·
2758 1887 2970 1956 λευκὸς,
3022 1891 3242 1949 Λεῦκος.
3294 1890 3379 1944 Ita
3410 1871 3558 1958 Ety-

141 2006 249 2060 sus,
281 1989 618 2062 plurimum
647 1989 972 2056 desudavit,
1019 1993 1076 2042 et
1105 2003 1240 2043 cum
1265 1984 1586 2058 Ignatianis
1608 2000 1799 2039 versa-

145 2085 249 2148 tus,
282 2081 382 2150 qui
410 2080 702 2135 Photium
733 2078 990 2149 dejicere
1021 2077 1216 2132 conati
1250 2079 1411 2145 sunt,
1442 2074 1550 2129 has
1583 2073 1654 2128 ab
1680 2073 1801 2128 illis

143 2168 196 2223 ia
207 2169 370 2224 bulas
393 2169 628 2226 audivit
647 2167 944 2224 veteribus
961 2166 1177 2222 Gracis
1198 2165 1432 2237 penitus
1447 2162 1799 2234 incognitas,

139 2263 190 2312 et
216 2259 490 2335 Θεοφόρου
526 2258 774 2314 notioni
805 2257 877 2313 ab
911 2256 1171 2327 antiquis
1214 2253 1526 2310 celebratas
1558 2267 1800 2324 prorsus

143 2353 574 2420 repugnantes.
608 2347 694 2402 Ab
723 2347 818 2402 his
859 2345 1130 2402 eamdem
1170 2343 1432 2400 fabulam
1455 2341 1688 2413 accepit
1712 2339 1802 2395 Si-

156 2455 320 2495 meon
347 2439 801 2510 Metaphrastes,
825 2441 884 2492 et
901 2436 1057 2490 inter
1087 2434 1304 2490 multas
1329 2431 1583 2504 posteris
1606 2435 1803 2485 trans-

158 2529 329 2584 misit.
364 2531 503 2584 Haac
544 2528 592 2582 si
621 2543 760 2582 vera
791 2526 868 2580 sit
889 2524 1106 2580 fabulas
1140 2522 1410 2588 historia,
1431 2525 1498 2576 ut
1527 2519 1673 2574 mihi
1714 2519 1798 2572 vi-

165 2618 363 2673 detur:
408 2623 498 2673 tot
532 2616 766 2672 saeculis
797 2615 1035 2670 nomine
1076 2612 1352 2687 Θεοφόρου
1384 2610 1677 2683 posterior
1697 2608 1802 2664 illa

143 2705 260 2775 fuit,
291 2713 358 2762 ut
379 2724 503 2762 non
529 2723 601 2761 ex
623 2705 720 2760 illa
739 2704 940 2760 fabula
966 2720 1187 2760 nomen
1223 2708 1438 2771 ortum,
1464 2699 1568 2756 sed
1599 2715 1670 2754 ex
1694 2715 1798 2753 no-

144 2796 289 2852 mine
323 2797 479 2852 male
507 2795 813 2851 intellecto
837 2812 870 2850 a
893 2793 1451 2860 Grmculis,summac
1466 2787 1709 2845 factioni
1741 2791 1801 2842 et

152 2887 483 2942 exornando
535 2902 640 2940 suo
690 2883 1038 2955 patriarchae
1089 2881 1306 2938 deditis
1355 2879 1553 2935 efficta
1595 2877 1798 2933 fabula

147 2977 341 3032 merito
357 2995 505 3049 repu
516 2977 1053 3046 tetur.Temporum
1072 2973 1250 3045 igitur
1266 2972 1413 3027 ratio
1427 2971 1539 3026 hoc
1554 2968 1796 3025 nomine

145 3066 376 3122 minime
405 3067 696 3122 violatur.

201 3173 332 3228 Mire
353 3175 541 3245 hujus
575 3171 921 3244 quaestionis
940 3174 1159 3226 statum
1181 3168 1463 3242 proponit
1481 3171 1540 3223 et
1566 3167 1627 3221 in
1658 3163 1796 3237 ejus

155 3260 428 3318 solutione
461 3261 794 3333 triumphat
821 3260 1114 3316 Dallaaus:
1157 3278 1177 3306 ι
1211 3257 1525 3324 Quaeritur,
1575 3253 1790 3325 inquit,

153 3364 219 3402 an
256 3355 310 3405 et
339 3367 454 3421 qua
485 3351 561 3406 de
589 3366 766 3405 causa
792 3349 1051 3422 lgnatius
1080 3352 1320 3402 vocatus
1352 3347 1428 3400 sit
1473 3344 1787 3414 Theopho-

151 3451 261 3492 rus.
287 3460 312 3487 »
339 3441 511 3495 Certe
534 3456 711 3495 nemo
733 3454 995 3509 unquam
1018 3437 1209 3492 adhuc
1231 3435 1500 3506 quaesivit
1519 3450 1594 3488 an
1622 3433 1788 3504 lgna-

155 3525 259 3580 tius
275 3533 477 3583 noster
505 3528 700 3583 dictus
720 3527 798 3582 sit
811 3526 1230 3597 TheOpherus;
1267 3540 1505 3580 causam
1545 3523 1662 3577 sive
1693 3538 1790 3576 ra-

158 3614 363 3671 tionem
394 3617 663 3673 nominis
693 3616 872 3672 aliam
893 3615 1330 3686 antiqui,aliam
1353 3611 1637 3668 neoterici
1659 3611 1790 3666 red-

157 3701 451 3774 diderunt;
489 3712 552 3762 et
582 3707 800 3761 idcirco
849 3705 1032 3776 quaeri
1082 3708 1291 3776 potest,
1327 3719 1362 3758 a
1391 3702 1605 3773 quibus
1651 3719 1787 3758 vera

157 3795 393 3850 nominis
410 3795 566 3852 ratio
580 3795 868 3866 explicata
888 3794 1068 3849 fuerit
1093 3811 1106 3848 :
1136 3816 1162 3843 «
1178 3793 1284 3858 Qui
1308 3793 1420 3848 hoc
1441 3809 1575 3848 cum
1598 3791 1787 3846 nomi-

155 3895 242 3947 ne,
261 3883 792 3954 inquiunt,donant
808 3881 1281 3956 Graeci,eséoopov
1299 3898 1434 3937 cum
1461 3885 1598 3936 tono
1621 3881 1684 3936 in
1702 3897 1787 3936 se-

159 3970 330 4026 cunda
351 3973 585 4044 syllaba
611 3973 884 4037 eﬂ‘erunt,
917 3976 1093 4041 atque
1123 3972 1205 4027 ita
1235 3987 1270 4026 a
1297 3988 1358 4026 se
1381 3971 1620 4041 suisque
1652 3968 1785 4024 ideo

157 4055 356 4115 dictum
389 4067 714 4130 testantur,
739 4061 898 4132 quod
917 4061 1182 4116 Christus
1204 4077 1340 4116 eum
1364 4060 1556 4115 adhuc
1577 4075 1785 4131 parvu-

159 4143 266 4202 lum
295 4165 470 4207 manu
499 4153 563 4206 in
596 4151 770 4206 ulnas
789 4155 1130 4222 susceptum
1155 4149 1408 4206 tulisset.
1442 4172 1471 4199 »
1497 4149 1606 4204 Sed
1627 4166 1704 4205 an
1726 4150 1787 4204 hi

160 4234 324 4291 Graeci
347 4256 577 4306 omnes,
607 4240 708 4310 qui
735 4256 869 4295 eum
903 4242 1015 4294 hoc
1033 4240 1273 4295 nomine
1297 4238 1560 4294 donant?
1581 4240 1785 4294 Nonne

160 4331 342 4382 auctor
366 4330 752 4400 epistolarum
783 4346 920 4384 eum
946 4331 1222 4406 Θεοφορον
1245 4345 1483 4400 semper
1503 4333 1672 4383 vocat
1700 4345 1789 4384 ac-

160 4421 314 4470 centu
343 4418 402 4472 in
431 4419 765 4490 penultima
792 4419 985 4490 posito
1016 4417 1044 4472 τ
1071 4419 1270 4473 Nonne
1303 4418 1512 4473 eodem
1539 4422 1788 4473 accentu

164 4499 426 4562 Maximus
450 4507 634 4563 iradit
660 4507 809 4562 illud
830 4505 1178 4562 vocabulum
1200 4524 1355 4578 saepe
1377 4507 1449 4562 ab
1475 4507 1699 4578 lgnatio
1731 4511 1790 4561 et

169 4588 367 4650 dictum
398 4602 456 4652 et
484 4598 771 4668 scriptum
796 4597 822 4651 ?
849 4599 1054 4651 Nonne
1080 4597 1474 4667 Ephraamius,
1523 4597 1785 4651 Gobarus

1914 1978 2202 2050 mologus.
2237 1979 2328 2033 Sic
2358 1976 2642 2052 ἀγαπητὸς
2674 1979 2739 2032 ﬁt
2767 1976 3112 2054 Ἀγᾶπητος,
3161 1977 3409 2046 νικητὴς,
3457 1977 3556 2033 Νι-

1909 2066 2391 2140 κήτης,ἄνοηρὸς,
2433 2068 2725 2141 ”Ανθηρος,
2759 2067 3068 2136 Ἀθηναῖοι,
3109 2066 3555 2136 Ἀθήναιος,(]ιιω

1911 2173 2019 2211 vox
2044 2157 2199 2228 quod
2222 2162 2534 2212 accentum
2561 2173 2681 2211 non
2708 2156 2954 2212 haberet
2975 2156 3037 2210 in
3059 2157 3346 2210 Marmore
3368 2157 3560 2210 Arun-

1911 2249 2321 2318 delliano,tam
2341 2248 2496 2304 male
2509 2265 2543 2304 a
2558 2247 2808 2303 Seldeno
2823 2252 3062 2318 accepta
3074 2251 3163 2302 est
3189 2248 3332 2301 Nam
3347 2244 3561 2300 ΦΡΟΝ-

1909 2339 2161 2394 ΤΙΣΤΙΙΣ
2194 2339 2546 2394 ΑΘΗΝΑΪΟΣ
2574 2355 2694 2393 non
2713 2342 2802 2393 est
2831 2337 3205 2392 Phrontistes
3234 2335 3560 2390 Athenien-

1910 2429 2013 2494 sis,
2045 2428 2148 2485 sed
2177 2429 2517 2496 Athenaeus,
2550 2427 2708 2498 quod
2738 2443 2959 2482 nomen
2991 2431 3081 2482 est
3118 2426 3248 2494 viri,
3275 2430 3341 2480 ut
3372 2441 3440 2480 ex
3460 2423 3557 2479 ad-

1902 2520 2128 2592 junctis
2164 2524 2412 2575 constat.
2446 2519 2531 2574 Ita
2554 2523 2721 2573 vetus
2745 2518 3046 2584 Collectio,
3071 2516 3560 2585 Ἀθηναῖος,Αῑ1]θ-

1909 2610 2134 2677 nensis,
2167 2608 2477 2677 Ἀθήναιος,
2505 2607 2846 2675 Athenaeus,
2869 2623 3089 2662 nomen
3109 2606 3434 2677 proprium.
3463 2604 3558 2661 Sic

1910 2695 2235 2772 ὀνησιφόρος
2260 2698 2325 2751 ﬁt
2347 2695 2728 2769 Ὀνησίφορος,
2761 2693 3135 2771 Χριατοφόρος
3156 2692 3553 2768 Χριστόφορος,

1909 2792 1969 2842 et
1999 2786 2270 2842 eamdem
2315 2785 2807 2856 signiﬁcationem
2855 2783 2982 2838 hmo
3029 2782 3269 2854 propria
3311 2781 3558 2837 nomina.

1909 2875 2088 2930 etiam
2118 2875 2226 2929 sub
2251 2878 2498 2929 accentu
2526 2873 2717 2928 alieno
2741 2872 2996 2926 retinere
3018 2870 3414 2942 putantur.lta
3434 2869 3557 2924 for-

1909 2965 2084 3020 tassis
2116 2981 2150 3018 a
2181 2960 2471 3040 φαρμακὸς
2504 2965 2822 3036 Φαρμᾰκος,
2854 2965 2921 3016 ut
2947 2959 3105 3032 apud
3148 2959 3560 3030 Harpocratio-

1908 3071 2045 3109 nem
2061 3053 2342 3124 Didymus
2362 3051 2618 3107 sensisse
2632 3051 2892 3106 videtur:
2926 3045 3162 3120 Δίδυμος
3179 3044 3236 3100 δὲ
3255 3066 3462 3122 προπερ
3475 3064 3557 3100 ισο

1907 3145 2010 3211 πᾷν
2044 3139 2186 3211 ἀξιοῖ
2212 3139 2476 3212 τοῦνομα,
2509 3136 2636 3195 ἀλλ’
2666 3139 2831 3212 ἡμεῖς
2863 3136 2970 3212 οὐχ
2999 3137 3227 3211 ε’ύρομεν
3252 3134 3401 3191 οὕτω
3449 3136 3549 3204 τήν

1910 3235 2135 3308 χρῆσιν.
2166 3230 2350 3286 (ΞΓωοὶ
2383 3229 2643 3301 quidem,
2675 3233 2987 3300 postquam
3019 3231 3296 3282 accentus
3325 3225 3548 3280 inventi

1823 3303 1866 3368 ο
1909 3303 2065 3389 sunt,
2093 3320 2204 3376 hoc
2226 3319 2547 3375 discrimen
2572 3319 2633 3372 in
2655 3317 2897 3374 vocibus
2919 3315 3260 3387 compositis
3275 3315 3550 3369 observa-

1898 3410 2074 3476 bant;
2099 3409 2200 3464 diu
2225 3414 2360 3464 ante
2395 3409 2682 3464 Homerus
2708 3408 2969 3479 seipsum
2995 3405 3289 3478 explicare
3311 3409 3549 3460 coactus

1898 3516 2024 3555 esse
2056 3498 2306 3566 videtur,
2339 3494 2438 3552 Ἰλ.
2468 3516 2519 3571 ρ,
2547 3500 2598 3552 5.

2066 3649 2444 3724 Πρωτοτόκος,
2474 3646 2672 3723 κούρη,
2705 3646 2766 3702 οὐ
2798 3647 2922 3722 πρὶν
2952 3644 3125 3702 εἰδυῖα
3153 3648 3362 3704 τόκοιο.

1967 3801 2076 3856 Ubi
2105 3807 2270 3856 vetus
2303 3799 2694 3855 Scholiastes:
2757 3801 3133 3870 Πρωτοτόκος,
3187 3797 3419 3870 πρώτως
3461 3817 3542 3852 τε·

1895 3894 2106 3945 τοκυῖα·
2138 3893 2219 3960 τῷ
2259 3886 2354 3942 οὖν
2385 3888 2526 3959 τόνῳ
2572 3886 2970 3960 παροξυτόνως,
3016 3883 3093 3940 ἵν’
3131 3885 3166 3959 ᾖ
3195 3885 3542 3963 ἐνερφητικόν

1895 3977 2392 4054 προπαροξυτόνως
2425 3973 2482 4031 δὲ
2512 3973 2680 4046 δηλοῖ
2707 3973 2892 4044 ἠλέξις
2919 3977 3016 4043 τήν
3049 3974 3284 4046 πρώτως
3327 3975 3544 4051 τεχθεῖ-

1898 4089 2014 4123 σαν.
2048 4066 2396 4124 Ammonius
2427 4065 2498 4121 de
2531 4064 2821 4120 similibus
2852 4069 2910 4119 et
2940 4062 3352 4118 diﬂ‘erentibus
3377 4080 3545 4119 voca-

1896 4159 2054 4215 bulis
2068 4174 2202 4214 cum
2221 4174 2362 4212 cura
2375 4158 2797 4212 Bonaventuraa
2815 4152 3082 4209 Vulcanii
3097 4152 3420 4224 editus,sed
3432 4170 3540 4224 ope

1899 4247 2440 4318 manuscriptorum
2468 4245 2724 4301 maxime
2755 4243 3048 4315 indigens.
3084 4238 3538 4315 Ἀγρονόμος,ἐᾶν

1901 4337 1997 4410 μὲν
2027 4335 2440 4410 παροξύνωμεν,
2470 4329 2610 4388 ἔστιν
2640 4333 2668 4386 6
2699 4331 2749 4386 ἐν
2775 4329 2960 4406 ἀγροῖς
2981 4331 3300 4404 νεμόμενος.
3333 4331 3418 4388 Τὰ
3438 4331 3542 4408 γὰρ

1894 4424 2411 4499 προπαροξυνόμενα
2470 4421 2751 4497 χαίρουσιν
2831 4417 3151 4475 ἀναλύεσθαι
3235 4417 3312 4481 εἰς
3368 4419 3536 4489 πάθη.

1897 4515 2054 4571 Vidit
2081 4514 2276 4570 locum
2305 4513 2583 4568 mutilum
2607 4527 2736 4568 esse
2762 4510 3076 4567 Vulcanius
3101 4527 3116 4578 ;
3139 4526 3317 4582 quem
3339 4527 3411 4566 ex
3425 4527 3537 4565 ms.

1895 4604 2098 4660 codice
2133 4604 2194 4658 in
2226 4603 2584 4659 bibliotheca
2613 4601 2784 4674 Regis
2815 4601 3006 4657 nostri
3040 4601 3123 4656 sic
3144 4599 3541 4672 supplendum

171 4683 221 4731 et
246 4681 431 4741 Jobius
461 4689 547 4742 ita
579 4687 894 4756 loquentes
923 4704 958 4740 a
986 4686 1196 4740 Photio
1235 4691 1738 4757 repraesentantur
1771 4688 1787 4739 Ρ

1967 4711 2028 4750 se
2079 4709 2412 4749 monenus:
2449 4689 2810 4765 ’Λγρονόμος,
2838 4687 2925 4743 ἐὰν
2978 4688 3070 4762 μὶν
3121 4688 3540 4761 παροξύνωμεν,

163 4766 344 4827 Nonne
363 4776 763 4832 vetustissima
783 4778 928 4830 Acta
950 4775 1243 4845 Ignatium
1266 4774 1460 4846 ipsum
1484 4775 1574 4830 sui
1600 4775 1784 4830 nomi-

164 4855 246 4912 nis
264 4876 488 4920 sensum
515 4866 598 4919 ita
615 4864 1009 4936 explicantem
1031 4862 1443 4919 introducunt?
1454 4865 1657 4918 Nonne
1684 4879 1784 4919 an-

166 4949 455 5022 tiquissimi
485 4960 808 5031 scriptores
841 4958 1023 5014 Graeci
1064 4956 1325 5032 θεοφόρον
1356 4974 1423 5012 eo
1448 4975 1628 5014 sensu
1643 4957 1784 5012 viris

169 5045 361 5099 sanctis
387 5049 566 5104 tribui
597 5064 754 5120 saepe
787 5047 1221 5104 observarunt?
1265 5048 1444 5102 Nemo
1496 5063 1782 5118 unquam,

169 5131 368 5205 Opinor,
400 5137 658 5217 Θεόφορον
707 5143 846 5193 tono
896 5138 959 5192 in
1018 5136 1278 5192 secunda
1321 5137 1550 5208 syllaba
1591 5137 1782 5208 posito

169 5220 374 5292 scripsit
397 5235 528 5284 ante
553 5227 849 5283 decimum
878 5227 1185 5294 saeculum,
1211 5226 1321 5281 hoc
1348 5231 1439 5281 est
1460 5243 1634 5281 nemo
1651 5231 1784 5281 ante

173 5304 403 5370 fabulam
432 5324 654 5372 natam.
688 5318 818 5388 Ipse
849 5316 1196 5371 Anastasius
1216 5313 1470 5388 Ἰγνάτιον
1501 5313 1786 5388 θεοφόρον,

171 5413 194 5441 κ
225 5396 494 5467 lgnatium
525 5405 824 5462 Deiferum
857 5427 885 5456 κ
937 5406 1362 5475 interpretatur
1393 5421 1406 5458 :
1443 5409 1500 5459 et
1531 5405 1788 5475 Ignatius

179 5480 835 5567 Constantinopolitanus
864 5493 978 5554 νέος
1011 5491 1282 5568 Θεοφόρος
1330 5493 1790 5566 cognominaba-

179 5572 276 5632 tur.
305 5579 522 5639 Primus
553 5583 984 5655 Metaphrastes
1042 5588 1354 5638 accentum
1387 5581 1693 5637 transtulit
1725 5587 1791 5636 ut

170 5659 410 5725 fabulam
435 5673 492 5727 in
525 5689 766 5730 scenam
796 5671 1127 5745 speciosius
1171 5671 1501 5743 induceret,
1535 5687 1790 5742 eumque

161 5747 357 5827 reliqui
385 5763 564 5822 secuti
597 5766 756 5819 sunt.
790 5760 976 5835 quue
999 5760 1086 5818 illi
1112 5760 1283 5818 facile
1313 5760 1443 5833 fuit,
1475 5776 1610 5818 cum
1630 5775 1796 5818 voca-

1890 4778 2034 4837 ἔσται
2068 4781 2177 4836 ὁὲν
2236 4783 2422 4857 ἀγροῖς
2482 4781 2685 4851 νὲμών·
2743 4777 2833 4833 ἐὰν
2893 4775 2951 4831 δὲ
3009 4777 3542 4851 προπαροξύνωμεν,

1890 4867 2035 4926 ἔσται
2069 4871 2096 4925 6
2141 4870 2192 4925 ἐν
2242 4869 2432 4944 ἀγροῖς
2488 4866 2804 4940 νεμομένος.
2867 4869 2938 4922 Ut
2994 4869 3170 4922 Vetus
3228 4867 3538 4923 Collectio:

1893 4961 2250 5036 Ἀγρονόμος,
2286 4983 2312 5009 ‹‹
2346 4960 2408 5013 in
2438 4974 2575 5030 agro
2633 4973 2904 5028 pascens,
2940 4976 2968 5005 »
3022 4953 3372 5028 Ἀγρόνομος,
3417 4979 3444 5006 ‹‹
3479 4957 3539 5010 in

1893 5069 2030 5123 agro
2061 5055 2282 5122 pastus.
2307 5070 2333 5097 »
2357 5044 2867 5112 Quemadmodum
2886 5049 2945 5098 et
2965 5044 3078 5098 ista
3096 5043 3273 5114 paulo
3305 5044 3540 5116 plenius

1894 5139 1958 5193 in
1991 5156 2058 5194 eo
2081 5155 2191 5193 ms.
2216 5136 2707 5208 leguntur,quam
2730 5132 2791 5186 in
2814 5131 3206 5186 editionibus:
3229 5132 3540 5205 Ταυρόκτο-

1895 5246 2004 5295 νος,
2055 5225 2082 5280 ὁ
2133 5223 2236 5279 ὑπὸ
2285 5226 2384 5278 τοῦ
2441 5224 2639 5296 ταῦρου
2696 5216 3013 5293 ἀναιρεθείς
3071 5219 3432 5293 ταυροκτόνος
3488 5215 3545 5274 δὲ

1895 5313 2301 5388 παροξυτόνως,
2336 5313 2362 5366 6
2394 5315 2589 5385 ταῦρον
2625 5308 2962 5370 ἄποκτείνας.
2996 5310 3128 5364 Haec
3167 5309 3313 5364 adeo
3366 5326 3542 5365 accu-

1898 5411 2023 5462 rate
2057 5404 2449 5459 observabant
2478 5401 2685 5469 Graeci,
2735 5405 2800 5456 ut
2851 5416 2985 5455 cum
3025 5399 3544 5471 grammaticorum

1899 5511 2091 5551 canon
2123 5497 2296 5558 esset,
2317 5509 2490 5546 voces
2510 5488 3047 5562 hyperdissyllabas
3074 5488 3133 5542 in
3157 5507 3214 5548 ος
3250 5487 3310 5542 in
3331 5488 3546 5560 penul-

1899 5586 2046 5640 tima
2066 5587 2374 5640 accentum
2393 5579 2679 5636 habentes
2695 5585 2897 5636 tonum
2914 5578 3426 5651 rejicere,semper
3436 5579 3547 5636 hac

1902 5673 2248 5746 exceptione
2277 5673 2607 5738 uterentur,
2637 5668 2812 5743 χωρὶς
2839 5665 2884 5722 εἰ
2919 5667 2994 5739 μή
3029 5665 3280 5730 σύνθετον
3307 5665 3543 5744 ὑπάρχει

1899 5757 2050 5819 ἳνεκα
2081 5758 2349 5837 ἐναργείας
2381 5755 2757 5832 παροξύνεται,
2788 5762 2854 5814 ut
2891 5756 3289 5830 Etymologus,
3322 5757 3384 5812 V.
3417 5755 3544 5814 Ἀν-
