3942 6302
365 433 480 493 407

1431 432 1494 493 S.
1541 426 1914 491 IGNATIUS
1956 457 2033 470 —
2081 425 2692 491 PROLEGOMENA.

3660 435 3791 494 408

363 563 505 633 τίος,
531 570 587 620 et
616 561 1011 638 Κορυῦαίολος.
1048 564 1180 619 Haec
1212 562 1282 618 de
1309 563 1652 620 nominibus
1673 559 1992 634 hujusmod

2158 566 2334 618 iostea
2358 561 2596 618 habitus
2625 562 2852 631 fuisset,
2878 563 2978 635 qui
2996 581 3064 620 eo
3087 565 3331 620 nomine
3358 564 3568 638 dignus
3599 582 3633 620 a
3660 583 3788 622 ne-

365 653 669 728 adjectivis
702 658 988 726 perpetua
1019 655 1356 709 Graecorum
1387 652 1738 718 observatio,
1779 650 1878 707 ubi
1912 667 2020 722 pa-

365 751 653 818 roxytona
685 749 842 811 sunt,
879 744 1200 816 signiﬁcari
1230 743 1292 797 τὸ
1323 740 1695 818 ἐνεργητικόν,
1729 746 1794 795 ut
1822 740 2019 810 loqui-

2128 653 2288 707 mine
2320 653 2748 725 reputabatur;
2809 671 2930 710 non
2979 656 3338 724 Thaumasii,
3389 656 3618 728 opinor,
3677 655 3790 711 sed

2126 744 2424 798 Ammonii
2448 761 2668 800 nomen
2689 744 2895 800 liberis
2913 747 3034 802 suis
3057 746 3482 819 imposuissent
3493 753 3786 818 parentes

371 839 467 888 tur
485 833 719 889 Homeri
745 832 1228 903 Scholiastes,ubi
1245 829 2019 906 proparoxytona,denotari
2127 834 2464 890 Christiani.
2497 835 2644 890 Hinc
2670 835 2848 907 igitur
2869 842 2970 892 aut
2992 837 3377 908 epistolarum
3401 837 3784 909 scriptorem,

362 922 554 990 πάθος,
589 930 653 978 ut
693 925 1062 979 Ammonius.
1099 925 1165 978 In
1196 925 1453 996 prOpriis
1484 921 1826 978 nominibus
1859 919 2016 976 idem

361 1015 521 1071 haud
543 1015 905 1082 observatur,
939 1033 1070 1088 quae
1099 1022 1409 1072 accentum
1432 1020 1684 1082 mutant,
1718 1013 2015 1085 signiﬁca-

361 1107 523 1163 tione
549 1124 670 1163 non
708 1112 957 1164 mutata.
984 1109 1305 1179 Perperam
1336 1107 1514 1180 igitur
1572 1103 1813 1162 omnino
1862 1105 2016 1159 hanc

365 1199 700 1272 Theophori
731 1200 1230 1271 signiﬁcationem
1271 1205 1328 1255 et
1358 1218 1427 1255 ex
1461 1217 1530 1255 ea
1557 1197 1819 1255 fabulam
1852 1213 2010 1251 com-

361 1291 549 1346 menti
581 1294 719 1346 sunt
751 1291 1001 1345 Graeculi
1037 1292 1416 1362 posteriores.
1453 1290 1545 1344 Sic
1584 1289 1743 1344 enim
1790 1287 2013 1360 Χριστος

361 1377 524 1454 φόρος
556 1397 664 1435 vox
695 1380 992 1435 veteribus
1020 1380 1262 1447 usitata,
1296 1386 1360 1435 ut
1400 1377 1691 1455 Θεοφορος.
1726 1377 1810 1432 Ab
1840 1379 2014 1448 lgna-

359 1470 442 1523 tio
475 1474 677 1524 nostro
712 1469 948 1540 Ephesii
977 1470 1354 1541 appellantur
1370 1465 1758 1545 Χριστοιρόροι.
1785 1466 2014 1521 Phileas

361 1560 613 1631 scriptor
643 1560 925 1631 antiquus
959 1559 1116 1631 apud
1147 1559 1465 1616 Eusebium
1494 1559 1596 1614 lib.
1629 1575 1685 1627 x,
1720 1575 1768 1617 c.
1797 1559 1850 1626 8,
1881 1555 2014 1628 Epi-

362 1647 515 1703 stola
570 1647 643 1702 ad
701 1648 1044 1703 Thmuitas:
1107 1646 1200 1700 Διὸ
1261 1646 1605 1715 ζηλώσαντες
1662 1643 1729 1699 τὰ
1789 1642 2012 1715 μείζονα

359 1735 680 1812 χαρίσματα
701 1737 752 1789 οἱ
771 1735 1138 1814 Χριστοφόροι
1165 1737 1450 1811 μάρτυρες.
1477 1760 1504 1787 ‹‹
1528 1735 1781 1791 Proinde
1799 1732 2012 1788 melio-

358 1844 427 1882 ra
448 1826 807 1883 charismata
829 1831 1234 1882 consectantes
1261 1831 1548 1899 martyres
1581 1825 1679 1896 qui
1711 1823 2009 1879 Christum

2126 928 2228 977 aut
2275 924 2713 996 Ignatianorum
2772 928 3052 982 Actorum
3113 933 3415 983 auctorem
3483 926 3583 983 diu
3640 931 3787 998 post

2123 1012 2334 1084 Ignatii
2366 1019 2635 1086 tempora
2663 1015 2877 1071 vixisse
2907 1015 3072 1072 nullo
3100 1016 3276 1072 modo
3309 1016 3642 1072 conficitur.

2193 1103 2321 1158 Jam
2351 1110 2417 1159 ut
2442 1105 2774 1162 institutam
2805 1106 2877 1161 de
2923 1102 3061 1175 λέξει
3113 1106 3576 1179 disputationem
3625 1126 3778 1181 per-

2123 1196 2302 1258 texat,
2326 1193 2620 1266 observat,
2655 1213 2754 1252 eos
2771 1214 2919 1268 quos
2941 1195 3324 1252 vetustissimi
3352 1197 3440 1252 vel
3459 1198 3778 1272 episcopos

2123 1280 2209 1338 vel
2225 1284 2607 1357 presbyteros
2627 1287 3022 1356 vocant,hunc
3035 1283 3208 1360 ἰερὲας
3223 1303 3327 1343 seu
3343 1287 3729 1344 «sacerdotes
3748 1311 3775 1339 υ

2124 1373 2446 1445 appellare.
2474 1376 2557 1430 Ex
2589 1377 2808 1447 spuriis
2840 1377 3090 1448 aliquot,
3124 1393 3196 1433 ex
3218 1377 3436 1434 nostris
3466 1395 3654 1434 unum
3676 1378 3774 1434 lo-

2121 1478 2256 1518 cum
2282 1465 2694 1538 all‘ert,nempe
2716 1467 2840 1522 haec
2860 1485 2928 1523 ex
2957 1467 3206 1539 epistola
3229 1467 3302 1523 ad
3317 1468 3780 1540 Philadelphen-

2121 1569 2216 1608 ses
2255 1553 2461 1610 verba:
2493 1552 2663 1608 Καλοὶ
2695 1554 2786 1609 καὶ
2819 1554 2872 1609 ot
2899 1555 3084 1628 ἱερεῖς.
3115 1557 3270 1630 Nego
3303 1558 3415 1613 hoc
3444 1557 3577 1613 loco
3605 1557 3775 1632 ἱερεις

2117 1641 2209 1697 vel
2244 1644 2553 1717 episcopos
2584 1644 2674 1701 vel
2703 1645 3078 1718 presbyteros
3106 1646 3478 1719 signiﬁcare;
3536 1649 3778 1720 negavit

2119 1737 2255 1787 ante
2286 1749 2380 1788 me
2409 1735 2833 1790 Hammondus.
2856 1735 3039 1790 Wallo
3056 1736 3405 1792 Messalinus
3425 1737 3637 1794 eadem
3662 1738 3736 1793 ob
3753 1769 3776 1781 -

2111 1816 2374 1889 jectione
2413 1836 2576 1892 usus,
2609 1819 2710 1875 sed
2742 1824 2877 1876 ante
2907 1820 3096 1877 visum
3119 1821 3385 1878 codicem
3416 1823 3769 1880 Mediceum.

355 1917 921 1987 gestabant.»Quam
941 1917 1439 1989 signiﬁcationem
1458 1916 1765 1989 proprium
1788 1929 2008 1969 nomen
2039 1930 2085 1998 Β
2119 1907 2463 1966 Blondellus
2493 1911 2592 1966 illo
2625 1911 2824 1967 codice
2857 1911 3122 1984 inspecto
3153 1912 3225 1968 ab
3265 1913 3376 1968 hac
3427 1912 3771 1984 objectione

347 2007 745 2084 Χριστοφὸρος,
779 2007 871 2062 vel
925 2008 1104 2063 etiam
1151 2006 1526 2082 Χριστόφορος
1577 2009 1825 2062 accentu
1873 2019 2004 2059 mu-

345 2102 487 2166 tato,
520 2098 803 2154 retinuit:
841 2098 1000 2153 unde
1033 2102 1093 2154 et
1123 2115 1272 2154 nova
1301 2097 1504 2153 fabula
1536 2101 1666 2152 orta
1697 2100 1806 2152 est.

422 2189 535 2244 Sed
558 2187 771 2259 quaerit
791 2187 1067 2256 Dallzeus,
1093 2205 1273 2259 quare
1307 2187 1408 2243 alii
1431 2186 1829 2257 aTheophoro
1857 2182 1999 2238 dicti

357 2293 478 2332 non
510 2282 648 2332 sunt
662 2277 1018 2347 Theophori,
1043 2281 1162 2332 uta
1179 2277 1599 2347 Christophoro
1624 2280 1710 2330 tot
1731 2272 2005 2346 appellati

353 2372 492 2420 sunt
520 2365 955 2436 Christ0phori,
991 2382 1124 2421 cum
1156 2365 1401 2421 nomina
1444 2369 1771 2434 martyrum
1819 2361 2006 2416 nostri

353 2456 476 2510 suis
507 2455 765 2510 libenter
791 2454 1054 2510 donent?
1075 2456 1284 2511 Fateor
1302 2454 1578 2526 equidem
1599 2458 1824 2509 veteres
1841 2451 2005 2505 Chri-

357 2545 582 2600 stianos
614 2550 936 2618 martyrum
984 2545 1229 2600 nomina
1275 2544 1532 2600 libenter
1561 2543 1685 2598 suis
1732 2542 2004 2597 donasse.

357 2634 636 2690 Observat
692 2635 752 2689 B.
809 2633 1210 2690 Theodoretus
1256 2651 1529 2690 sermone
1558 2633 1630 2688 8:
1664 2631 1773 2692 Τὰς
1814 2626 1870 2683 δὲ
1898 2632 2005 2684 τῶν

354 2721 640 2797 μαρτύρων
685 2721 1056 2797 προσηγορίας
1126 2721 1337 2796 μᾶλλον
1386 2720 1558 2776 ἴσασιν
1615 2719 1850 2780 ἃπαντας
1879 2714 2008 2787 ἤτά

351 2817 459 2868 τῶν
494 2811 767 2889 φιλτάτων
799 2811 1062 2884 ὀνόματα·
1097 2813 1190 2867 καὶ
1219 2817 1336 2873 τοῖς
1387 2811 1542 2867 παισὶ
1574 2808 1631 2865 δὶ
1660 2809 1753 2870 τὰς
1800 2806 2007 2863 τούτων

352 2901 727 2978 προσηγορίας
758 2899 1056 2965 ἐπιτιθέναι
1103 2898 1514 2974 σπουδάξουσιν,
1571 2897 1862 2977 ἀσφάλειαν
1910 2896 2008 2951 αὖ-

350 2997 473 3052 τοῖς
502 2991 590 3044 iul
622 2989 874 3070 φυλακὴν
905 2989 1149 3045 ἐντεῦθεν
1182 2991 1598 3065 μηχανώμενοι.
1635 3012 1662 3038 ‹‹
1689 2990 2006 3059 Martyrum

353 3088 552 3138 autem
567 3082 813 3138 nomina
835 3082 1070 3137 notiora
1096 3087 1232 3136 sunt
1253 3080 1532 3136 omnibus
1551 3095 1729 3151 quam
1747 3076 2005 3133 familia-

350 3173 688 3238 rium.Quin
708 3177 765 3227 et
779 3171 918 3226 ﬁliis
933 3172 1146 3226 horum
1162 3172 1407 3226 nomina
1420 3170 1727 3240 imponere
1741 3166 2002 3234 student,

354 3263 734 3318 securitatem
764 3260 902 3315 inde
935 3261 1078 3332 ipsis
1112 3261 1472 3332 tutelamque
1505 3261 1938 3330 comparantes.
1973 3274 1998 3306 ν

352 3352 522 3406 Ratio
554 3355 755 3406 tamen
787 3350 964 3421 hujus
995 3349 1350 3404 diversitatis
1382 3347 1716 3404 manifesta.
1743 3346 2000 3402 Christo-

354 3442 578 3512 phorus
611 3439 770 3495 enim
793 3439 1071 3509 martyris
1103 3438 1410 3510 proprium
1442 3455 1658 3493 nomen
1681 3435 2006 3507 fuit,Theo-

354 3534 580 3605 phorus
592 3530 1068 3602 neutiquam.llle
1087 3532 1188 3602 qui
1210 3549 1364 3603 saepe
1388 3530 1692 3586 dicebatur
1709 3528 2001 3605 Θεοφορος,

355 3621 664 3694 prOprium
695 3637 914 3677 nomen
949 3627 1076 3677 erat
1125 3619 1402 3695 Ἰγνάτιος.
1456 3623 1575 3677 Ηοο
1627 3626 1826 3677 autem
1874 3619 2002 3691 ejus

353 3728 576 3767 nomen
601 3711 844 3782 plurimi
867 3712 1054 3766 sortiti
1088 3715 1244 3767 sunt.
1278 3714 1403 3767 Non
1435 3711 1535 3766 diu
1565 3716 1699 3784 post
1745 3710 1874 3782 ejus
1905 3708 2004 3763 ob-

350 3802 503 3856 itum
525 3802 783 3874 Ignatius
813 3801 1054 3872 quidam
1078 3800 1268 3857 dictus
1292 3806 1400 3869 est,
1424 3800 1808 3870 Celerini,qui
1831 3803 2001 3854 (etate

350 3891 626 3964 Cypriani
659 3893 964 3948 confessor
992 3892 1122 3958 fuit,
1155 3892 1500 3956 avunculus,
1527 3896 1586 3947 et
1607 3892 1731 3963 ipse
1755 3895 1997 3962 martyr.

349 3984 560 4038 Postea
597 3983 858 4054 lgnatius
888 3983 1226 4054 patriarcha
1286 3981 1998 4053 Constantinopolitanus.

346 4073 611 4144 Ignatius
642 4073 949 4139 diaconus,
983 4073 1084 4142 qui
1116 4072 1339 4127 Tarasii
1371 4077 1431 4126 et
1479 4070 1794 4144 Nicephori
1839 4071 1999 4125 Vitas

350 4163 607 4234 scripsit.
640 4162 900 4234 Ignatius
932 4161 1342 4232 Xanthopolus
1372 4177 1507 4216 cum
1539 4161 1798 4229 Callisto,
1833 4160 1934 4231 qui
1966 4175 2001 4215 a

348 4252 639 4322 Symeone
667 4250 1173 4305 Thessalonicensi
1207 4250 1469 4325 Θεηγόροι
1502 4249 1591 4304 καὶ
1625 4246 1997 4329 Θεοφοροικαὶ

349 4338 716 4411 Χριστοφόροι
750 4337 837 4390 καὶ
873 4330 1038 4390 ἔνθεοι
1071 4339 1368 4397 dicuntur.
1401 4340 1566 4396 Alius
1591 4341 1873 4412 Ignatius,
1905 4339 1999 4394 cui

348 4428 660 4483 dedicatur
721 4443 868 4498 opus
927 4427 1058 4500 Περὶ
1113 4431 1218 4482 τῶν
1273 4432 1368 4482 τοῦ
1453 4428 1620 4505 λογου
1693 4428 1998 4505 σχημάτων

348 4514 505 4569 inter
535 4530 676 4568 mss.
733 4512 1086 4570 Barocianos
1138 4515 1201 4570 in
1249 4516 1613 4571 bibliotheca
1660 4514 1996 4570 Oxoniensi.

349 4603 613 4674 Ignatius
628 4601 950 4658 modernus
965 4603 1301 4673 patriarcha
1321 4605 1750 4670 Antiochenus;
1771 4608 1830 4658 et
1851 4603 2000 4674 ejus-

2118 2014 2360 2068 prorsus
2389 1999 2697 2071 abstinuit,
2729 2007 2795 2056 ut
2824 2007 2882 2056 et
2933 2001 3273 2059 Salmasius.
3328 2004 3506 2058 Miror
3561 2005 3773 2076 itaque

2119 2087 2397 2144 Dallaeum
2414 2089 2605 2146 adhuc
2618 2091 2811 2146 eidem
2826 2091 3410 2164 inhaereremihilqne
3430 2095 3645 2150 afferre
3661 2111 3770 2167 pro

2118 2181 2416 2236 sententia
2441 2197 2567 2248 sua,
2600 2187 2816 2254 praeter
2836 2184 3057 2239 nudam
3089 2185 3500 2241 assertionem.
3526 2208 3555 2236 «
3579 2188 3776 2258 Appa-

2116 2273 2226 2336 ret,
2261 2269 2481 2342 inquit,
2515 2265 2689 2344 ἱερέας
2723 2272 2854 2330 loco
2886 2273 3124 2330 laudato
3172 2274 3288 2330 dici
3335 2292 3434 2331 eos
3483 2277 3585 2346 qui
3634 2281 3779 2331 sunt

2117 2357 2473 2429 presbyteri.
2501 2381 2530 2410 »
2571 2361 2698 2417 Imo
2727 2379 2864 2418 vero
2895 2369 3142 2435 apparet
3170 2362 3341 2437 ἱερέας
3377 2381 3444 2420 eo
3475 2364 3605 2420 loco
3638 2381 3774 2437 pre-

2119 2446 2391 2517 sbyteros
2424 2467 2545 2505 non
2577 2449 2692 2506 dici
2719 2469 2731 2506 :
2766 2453 3164 2509 certissimum
3197 2454 3355 2509 enim
3390 2459 3478 2509 est
3502 2455 3778 2526 epistola:

2119 2537 2470 2608 scriptorem
2503 2557 2570 2596 eo
2603 2541 2717 2597 loci
2749 2543 2820 2598 de
2852 2543 3144 2599 ministris
3166 2545 3462 2617 Evangelii
3515 2545 3767 2601 minime

2117 2626 2302 2697 loqui.
2340 2630 2608 2702 Disputat
2628 2632 2907 2689 adversus
2924 2633 3248 2702 Ebionitas,
3278 2635 3377 2706 qui
3400 2636 3772 2692 Christianos

2118 2718 2193 2774 ad
2222 2721 2504 2777 Mosaicas
2535 2724 2918 2780 caeremonias
2949 2726 3323 2796 revocabant,
3357 2731 3416 2781 et
3456 2726 3528 2781 ab
3577 2729 3778 2783 Evan-

2116 2808 2269 2879 gelio
2301 2810 2375 2865 ad
2405 2811 2595 2884 legem
2626 2815 3040 2885 provocabant,
3075 2815 3507 2887 dicebantque:
3543 2838 3570 2865 ‹‹
3615 2817 3672 2872 Si
3707 2818 3775 2871 in

2115 2898 2412 2955 veteribus
2443 2918 2566 2958 non
2597 2903 2856 2973 invenio,
2888 2905 2949 2960 in
2980 2905 3293 2976 Evangelio
3344 2922 3464 2961 non
3506 2904 3708 2961 credo.
3747 2929 3776 2956 ››

2115 2990 2477 3058 Argumento
2510 2993 2622 3048 hoc
2653 2994 2933 3051 adversus
2959 3012 3061 3052 eos
3091 2997 3314 3053 utitur:
3348 3017 3376 3046 «
3410 2995 3556 3050 Boni
3589 3001 3649 3051 et
3677 3013 3780 3052 sa-

2117 3078 2425 3136 cerdotes:
2460 3083 2677 3138 melius
2718 3089 2916 3140 autem
2947 3087 3225 3158 princeps
3266 3085 3643 3142 sacerdotum
3672 3086 3774 3142 cui

2117 3167 2342 3224 credita
2374 3175 2514 3225 sunt
2543 3171 2755 3228 Sancta
2787 3179 3148 3231 sanctorum.
3169 3196 3198 3225 ››
3220 3175 3303 3230 Ita
3324 3191 3392 3229 ex
3411 3173 3538 3246 lege
3561 3173 3772 3246 dispu-

2117 3260 2338 3314 tat.Per
2358 3260 2689 3333 principem
2711 3268 2908 3320 autem
2931 3263 3304 3320 sacerdotum
3327 3262 3775 3336 intelligendum

2116 3362 2247 3402 esse
2277 3349 2574 3407 Christum
2604 3352 2824 3422 innuit,
2875 3371 2997 3410 non
3059 3359 3292 3410 tantum
3344 3354 3470 3409 haec
3513 3353 3770 3422 addens,

2116 3461 2144 3488 «
2178 3437 2273 3493 cui
2303 3439 2414 3494 soli
2447 3441 2671 3496 credita
2700 3448 2840 3498 sunt
2895 3443 3126 3500 occulta
3167 3446 3292 3514 Dei,
3326 3466 3356 3494 »
3406 3443 3508 3499 sed
3557 3448 3615 3498 et
3663 3443 3772 3499 illa

2115 3529 2314 3597 etiam,
2350 3552 2377 3580 «
2412 3531 2512 3601 qui
2545 3531 2669 3603 ipse
2709 3537 2800 3588 est
2820 3531 3008 3604 janua
3044 3534 3258 3602 Patris,
3309 3551 3416 3605 per
3457 3549 3638 3604 quam
3672 3533 3770 3587 in—

2112 3619 2466 3688 grediuntur
2494 3620 2814 3691 Abraham,
2847 3626 3009 3678 Isaac
3041 3627 3101 3678 et
3129 3622 3328 3690 Jacob,
3363 3628 3420 3677 et
3457 3623 3766 3694 prophetaa

2113 3712 2172 3762 et
2201 3708 2475 3779 apostoli,
2509 3714 2566 3764 et
2596 3711 2880 3767 Ecclesia.
2915 3734 2945 3762 »
2978 3714 3220 3768 Summa
3268 3712 3600 3783 argumenti
3635 3712 3763 3767 haac

2113 3803 2240 3853 est:
2273 3799 2400 3854 Non
2432 3815 2563 3854 esse
2600 3800 2973 3857 redeundum
3004 3802 3075 3858 ab
3101 3801 3410 3874 Evangelia
3441 3801 3515 3857 ad
3544 3801 3763 3873 legem,

2111 3887 2216 3942 sed
2246 3904 2280 3942 a
2311 3887 2436 3959 lege
2492 3890 2961 3960 perveniendum
3007 3891 3078 3946 ad
3137 3891 3532 3964 Evangelium.
3606 3891 3768 3946 Licet

2112 3976 2273 4031 enim
2304 3978 2592 4050 prmclara
2619 3979 2798 4034 fuerit
2828 3980 2937 4035 sub
2969 3980 3096 4052 lege
3115 3980 3474 4036 ministratio
3497 3979 3765 4035 sacerdo-

2111 4071 2504 4139 tum,semper
2519 4073 2719 4124 tamen
2736 4069 2808 4124 iis
2826 4070 3019 4141 major
3036 4076 3161 4126 erat
3183 4087 3450 4126 summus
3463 4069 3761 4139 Pontifex,

2111 4157 2211 4227 qui
2253 4157 2413 4213 solus
2442 4158 2684 4215 intravit
2712 4160 2773 4215 in
2803 4160 3017 4215 Sancta
3046 4166 3386 4217 sanctorum
3413 4177 3426 4216 :
3479 4165 3605 4216 erat
3645 4177 3762 4215 au-

2110 4250 2229 4300 tem
2259 4247 2362 4306 ille
2391 4247 2605 4304 Christi
2642 4254 2833 4320 typus,
2868 4250 2969 4320 qui
3000 4267 3135 4306 vero
3175 4266 3445 4306 summus
3492 4249 3761 4320 pontifex

2112 4341 2221 4407 est,
2264 4355 2370 4409 per
2399 4355 2576 4408 quem
2617 4343 2675 4392 et
2705 4339 2804 4410 qui
2837 4345 2971 4395 ante
3004 4340 3216 4414 legem,
3251 4346 3308 4396 et
3338 4340 3438 4411 qui
3470 4338 3580 4394 sub
3605 4339 3763 4411 lege,

2110 4431 2170 4480 et
2201 4427 2302 4497 qui
2327 4427 2435 4482 sub
2467 4429 2801 4500 Evangelio,
2835 4430 3083 4487 salutem
3117 4431 3416 4487 consecuti
3451 4435 3611 4486 sunt.
3644 4436 3761 4500 Ap-

2111 4521 2280 4588 paret
2311 4516 2530 4573 idcirco
2564 4523 2865 4575 auctorem
2890 4520 3153 4592 epistolae
3176 4521 3283 4577 sub
3305 4521 3548 4577 nomine
3568 4518 3761 4593 ἱερέων

2111 4606 2448 4662 sacerdotes
2479 4607 2588 4663 sub
2620 4609 2747 4681 lege
2775 4609 3160 4680 intellexisse,
3195 4616 3254 4666 et
3282 4611 3343 4666 in
3392 4611 3502 4667 hac
3550 4610 3758 4682 dispu-

352 4693 487 4748 dem
519 4692 799 4759 nominis,
832 4692 946 4747 nisi
978 4693 1176 4760 fallor,
1209 4694 1272 4748 in
1323 4694 1613 4749 Chronico
1663 4692 2000 4747 Cassinensi
2029 4684 2074 4749 D
2112 4690 2356 4758 tatione,
2389 4692 2461 4746 de
2491 4691 2854 4763 presbyteris
2885 4699 2987 4749 aut
3014 4694 3153 4749 ullis
3182 4693 3475 4750 ministris
3506 4709 3760 4766 evange-

351 4783 628 4839 Innacius
648 4781 959 4854 episcopus
982 4782 1556 4838 Monorbinensis.Ut
1576 4782 1754 4853 igitur
1774 4797 1808 4836 a
1837 4781 1997 4836 Chri-

351 4872 631 4943 stophoro
665 4875 750 4925 tot
779 4871 1209 4942 Christ0phori,
1241 4872 1324 4924 ita
1345 4871 1416 4924 ab
1449 4869 1672 4942 Ignatio
1714 4875 1997 4941 tanquam

346 4964 584 5035 proprio
603 4963 878 5034 martyris
899 4963 1142 5017 nomine
1157 4960 1326 5016 multi
1351 4961 1492 5015 dicti
1515 4962 1892 5034 suntlgnatii.
1927 4964 1998 5018 Ut

347 5059 545 5108 autem
568 5053 639 5108 ab
654 5070 771 5107 uno
795 5057 1054 5123 martyre
1075 5052 1190 5106 duo
1206 5049 1449 5105 nomina
1466 5051 1621 5122 apud
1645 5053 1874 5108 Graecos
1891 5052 1994 5107 de—

346 5139 1463 5212 rivarentur,postulareiniquissimum
1477 5145 1585 5195 est.
1611 5141 1992 5197 Ammonium

345 5233 704 5288 monachum
745 5229 1065 5300 quemdam
1096 5229 1168 5282 ab
1202 5230 1403 5284 Oreste
1433 5230 1708 5300 praefecto
1747 5231 1990 5288 Alexan-

344 5322 486 5376 driae
510 5322 570 5377 in
595 5319 910 5375 tormentis
925 5317 1282 5372 trucidatum
1303 5318 1358 5372 S.
1375 5319 1625 5389 Cyrillus
1648 5321 1710 5375 in
1741 5321 1993 5377 ecclesia

344 5411 662 5483 quamdam
685 5409 1014 5480 deponens,
1039 5401 1214 5477 ὄνομα
1237 5402 1416 5481 ἕτερον
1441 5408 1590 5481 αὐτῷ
1613 5408 1834 5478 ἐπιθεὶς,
1859 5415 1992 5465 eam.

342 5500 534 5571 μάσιον
598 5495 907 5565 ἒπεκάλεσε,
967 5495 1059 5548 καὶ
1129 5493 1372 5571 μάρτυρα
1451 5499 1812 5574 χρηματίζειν
1873 5496 1989 5554 ἐχέ-

337 5584 518 5654 λευσε,
549 5609 575 5636 ‹‹
612 5585 776 5641 aliud
805 5601 1025 5640 nomen
1070 5585 1122 5640 ei
1181 5585 1515 5658 imponens,
1572 5589 1988 5646 Thaumasium

340 5675 678 5747 appellavit,
699 5680 757 5731 et
777 5679 1100 5748 martyrem
1121 5677 1315 5732 vocari
1335 5678 1540 5751 jussit,
1560 5700 1588 5728 »
1610 5684 1677 5735 ut
1692 5678 1872 5735 refert
1893 5679 1990 5734 So-

339 5768 554 5834 crates,
593 5763 693 5821 lib.
727 5781 821 5838 vu,
854 5783 904 5825 c.
940 5767 1023 5823 14.
1047 5765 1211 5834 Quod
1234 5767 1282 5824 si
1315 5767 1418 5824 ille
1439 5786 1546 5843 pro
1573 5784 1708 5827 vero
1727 5772 1985 5844 martyre

2108 4783 2240 4840 licis
2270 4801 2346 4840 ne
2376 4786 2663 4858 cogitasse
2695 4787 2956 4857 quidem.
2986 4788 3142 4844 Vidit
3169 4789 3296 4845 haec
3339 4787 3563 4857 omnia,
3616 4788 3756 4860 opi-

2107 4889 2235 4941 ner,
2270 4891 2404 4930 vera
2435 4893 2560 4930 esse
2593 4875 2884 4943 Dallaaus;
2917 4894 3056 4933 nam
3088 4895 3219 4933 cum
3253 4877 3426 4950 paulo
3456 4882 3592 4948 post
3620 4876 3759 4932 loca

2106 4964 2361 5022 adducat
2391 4983 2463 5021 ex
2494 4968 2732 5038 spuriis,
2768 4969 2983 5039 quibus
3011 4969 3223 5041 probet
3251 4970 3592 5041 episcopum
3634 4968 3755 5023 dici

2105 5055 2388 5128 ἂργιερέα,
2429 5057 2554 5112 haec
2599 5058 2796 5126 verba,
2853 5063 3099 5132 κρεῖσσον
3155 5059 3182 5112 ὁ
3239 5056 3550 5133 ἀρχιερεὺς,
3612 5076 3755 5129 pru-

2105 5145 2252 5201 dens
2285 5145 2502 5214 mittit;
2537 5147 2647 5204 liac
2676 5148 2905 5204 ratione
2927 5148 3146 5218 addita,
3175 5149 3333 5220 quod
3365 5167 3486 5205 «ea
3516 5150 3755 5205 tametsi

2106 5235 2177 5290 de
2210 5235 2485 5308 episcopo
2517 5236 2635 5293 dici
2657 5238 2988 5307 videantur,
3017 5237 3114 5293 alii
3143 5239 3215 5294 de
3247 5240 3479 5295 Christo
3501 5239 3756 5295 Domino

2103 5342 2224 5380 non
2270 5326 2527 5382 absurde
2594 5328 3078 5400 interpretentur.
3109 5349 3136 5380 ι
3189 5330 3312 5384 Imo
3354 5347 3488 5385 vero
3532 5329 3632 5384 alii
3682 5329 3758 5386 de

2101 5414 2331 5469 Christo
2359 5415 2608 5470 Domino
2641 5421 2698 5469 et
2727 5416 3010 5472 Pontiﬁce
3042 5433 3272 5474 summo
3303 5417 3634 5474 rectissime
3668 5419 3757 5475 in.

2103 5506 2542 5574 terpretantur;
2577 5521 2771 5576 neque
2817 5507 3132 5577 quisquam
3162 5507 3234 5563 de
3263 5508 3537 5580 episcopo
3570 5523 3756 5565 evan-

2099 5592 2287 5665 gelico
2321 5594 2436 5649 nisi
2500 5594 2840 5651 absurdisse
2900 5597 3280 5669 interpretari
3338 5604 3554 5670 potest.
3604 5599 3751 5664 Qui:

2100 5681 2261 5736 enim
2289 5697 2555 5753 unquam
2576 5683 2921 5756 episcopum
2952 5683 3208 5756 aliquem
3237 5685 3395 5742 inter
3435 5687 3750 5745 ministros

2099 5769 2464 5844 evangelicos
2494 5771 2575 5827 ita
2605 5771 2860 5846 efferret,
2893 5779 2959 5830 ut
2987 5789 3124 5834 eum
3154 5775 3379 5835 diceret
3427 5800 3457 5832 κ
3484 5795 3613 5837 esse
3655 5779 3748 5853 ja-
