3942 6302
147 399 258 462 409

865 400 925 463 J.
970 401 1389 464 PEARSONII
1435 399 1803 464 VlNDICIIE
1842 397 2316 462 lGNATIANl.
2365 433 2442 445 —
2485 401 2688 463 PARS
2733 400 2814 462 ΙΙ.

3437 399 3558 462 110

150 548 322 587 nuam
353 532 576 600 Patris,
610 548 714 604 per
770 548 948 604 quam
1007 535 1418 607 ingrediuntur
1469 533 1788 602 Abraham,
1819 534 1873 602 Α
1903 547 2128 604 nesque
2144 532 2390 589 secundi
2417 533 3175 605 smculiscriptores;tertii
3201 531 3556 588 smculitan-

155 629 207 676 et
229 622 414 689 Isaac,
449 626 512 676 et
539 621 736 688 Iacob,
763 627 821 677 et
849 625 1174 696 prophetae,
1210 631 1268 680 et
1296 624 1570 696 apostoli,
1601 630 1659 680 et
1686 626 1796 679 Ec-

154 710 324 766 clesia
352 711 382 766 ‘?
415 732 447 761 »
470 711 811 767 Prmsertim
869 729 1004 768 cum
1063 714 1329 770 Christus
1379 715 1500 786 ipse
1532 713 1749 770 dixerit
1779 731 1793 768 :

149 801 289 875 Ἐγώ
323 799 443 873 εἰμι
477 802 512 869 ἡ
546 799 702 876 Οὖρα,
739 807 794 856 et
843 803 949 858 illa
981 821 1086 858 vox
1146 805 1218 860 de
1267 804 1498 860 Christo
1558 809 1793 877 aposto-

151 892 273 948 licis
302 891 681 963 temporibus
714 893 972 949 maxime
1005 900 1287 966 usurpata
1328 896 1404 949 sit
1435 909 1449 961 ;
1503 894 1661 949 unde
1692 895 1796 950 illa

146 981 481 1038 Iudaeorum
515 981 589 1036 ad
618 982 898 1038 Iacobum
930 984 1163 1056 justum
1191 1000 1204 1038 :
1265 979 1622 1058 Ἀπάγγειλον
1653 983 1790 1056 ἡμῖν

147 1071 225 1136 τίς
257 1076 289 1143 ἡ
331 1071 468 1148 οὖρα
526 1077 624 1127 τοῦ
674 1074 858 1144 Ἰησοῦ
922 1079 1020 1129 τοῦ
1071 1075 1492 1150 σταυρωθέντος·
1564 1095 1586 1125 ι
1638 1076 1792 1132 Doce

147 1183 248 1221 nos
278 1165 436 1236 quod
472 1165 552 1220 sit
611 1166 829 1222 ostium
887 1168 1024 1223 Iesu
1076 1167 1343 1224 crucifixi
1378 1182 1392 1234 ;
1425 1191 1452 1218 »
1493 1172 1558 1222 ut
1612 1167 1795 1222 refert

151 1255 504 1328 Hegesippus
539 1255 696 1327 apud
749 1257 1065 1312 Eusebium
1097 1257 1200 1312 lib.
1233 1274 1292 1328 ιι,
1324 1273 1374 1314 c.
1424 1259 1511 1312 23.
1546 1255 1712 1322 Quod
1742 1256 1787 1310 si

144 1343 417 1417 ἀρχιερεύς
451 1345 534 1399 ibi
569 1362 688 1400 non
722 1346 798 1401 sit
828 1346 1163 1419 episcopus,
1191 1363 1384 1418 neque
1429 1345 1594 1418 ἱερεῖς
1617 1350 1794 1401 erunt

146 1433 465 1506 presbyteri
503 1450 515 1487 :
551 1433 688 1489 illos
747 1434 925 1508 igitur
965 1434 1142 1510 ἱερέας
1184 1454 1303 1492 ιιοιι
1351 1437 1552 1491 minus
1611 1452 1789 1506 quam

148 1524 484 1594 pontificem
501 1524 1227 1596 prudentiusmisissetvir
1238 1526 1644 1592 doctissimus;
1667 1530 1788 1582 tum

152 1614 293 1685 quod
321 1631 417 1671 res
449 1615 585 1687 ipsa
615 1615 728 1671 hoc
756 1616 829 1672 ab
863 1633 930 1671 eo
962 1618 1300 1689 postulavit,
1335 1621 1459 1672 tum
1506 1633 1581 1673 ne
1614 1619 1790 1672 Ham-

142 1704 414 1760 mondum
443 1705 789 1774 sugillandi,
822 1704 921 1760 ubi
956 1706 1121 1762 nulla
1163 1707 1412 1762 rationis
1442 1706 1531 1761 vel
1562 1707 1788 1778 species

142 1811 195 1851 se
222 1794 524 1864 offerebat,
565 1796 940 1852 occasionem
987 1797 1250 1869 arripere
1282 1797 1602 1853 videretur.

763 1929 992 1984 CAPUT
1049 1928 1196 1985 XIII.

162 2034 553 2103 Argumentum
573 2035 917 2107 palmarium
947 2037 1268 2093 discutitur.
1297 2038 1440 2107 Ejus
1461 2037 1765 2105 fundamen
1783 2071 1796 2080 -

223 2113 329 2180 tum
360 2109 418 2162 in
448 2107 640 2180 ruinis
666 2109 1186 2178 presbyteranarum
1206 2112 1454 2180 partium
1466 2112 1795 2179 poniosten-

222 2177 386 2234 ditur.
422 2182 502 2234 De
535 2177 812 2235 distinctis
842 2181 1155 2236 nominibus
1185 2177 1236 2235 et
1290 2177 1489 2250 ofﬁciis
1521 2183 1690 2236 trium
1718 2198 1799 2238 sa-

224 2266 432 2305 crorum
492 2253 758 2306 ordinum
803 2258 1045 2322 quatuor
1091 2254 1411 2308 assertiones
1455 2259 1794 2308 statuuntur.

221 2323 455 2376 Assertio
501 2325 552 2376 Ι.
615 2323 772 2377 Alios
829 2325 1265 2394 quamplurimos
1330 2325 1555 2379 secundi
1611 2325 1797 2379 seculi

219 2397 504 2464 scriptores
530 2394 677 2466 idem
733 2395 1028 2450 discrimen
1080 2397 1226 2450 inter
1270 2395 1534 2451 vocabula
1565 2397 1792 2466 episco-

218 2470 382 2538 patus
412 2473 466 2520 et
491 2465 940 2537 presbyteratus
999 2467 1321 2534 observasse,
1353 2467 1502 2538 quod
1547 2465 1794 2523 observat

218 2537 460 2605 Ignatius
489 2544 701 2592 noster.
764 2539 920 2602 Quod
950 2539 1226 2608 probatur
1267 2541 1590 2594 testimoniis
1619 2541 1794 2594 Acto-

221 2624 335 2681 rum
390 2610 607 2678 Ignatii
663 2615 731 2681 et;
766 2609 1084 2681 Polycarpi,
1135 2612 1478 2680 imperatoris
1533 2611 1788 2678 Adriani,

221 2678 461 2749 Dionysii
513 2678 929 2736 Corinthiorum
997 2678 1270 2752 episcopi,
1339 2681 1790 2751 Lugdunensium

218 2758 515 2820 martyrum
548 2752 807 2821 (quorum
840 2753 1210 2808 testimonium
1253 2769 1287 2807 a
1316 2754 1592 2808 Btondelli
1620 2755 1788 2809 chro-

218 2822 478 2895 nologicis
517 2822 916 2892 objectionibus
947 2825 1310 2895 vindicatur),
1343 2827 1657 2895 Hegesippi,
1688 2828 1789 2882 Po-

220 2891 451 2962 lycratis,
483 2891 826 2964 Serapionis,
871 2898 1152 2966 Anonymi
1187 2891 1339 2966 apud
1395 2891 1704 2966 Eusebium,
1740 2905 1790 2953 et

224 2965 494 3021 Canonum
535 2966 982 3036 apostolicorum.
1015 2965 1262 3024 Assertio
1307 2967 1378 3023 II.
1437 2968 1658 3023 Nullum
1703 2986 1790 3024 se-

224 3038 380 3091 cundi
435 3039 627 3092 saeculi
672 3040 996 3108 scriptorem
1050 3038 1292 3109 simplici
1331 3039 1666 3110 presbytero,
1728 3044 1787 3096 in

218 3109 439 3163 secundo
477 3111 779 3164 ministerii
811 3111 1002 3166 ordine
1050 3113 1364 3178 constituto,
1416 3113 1653 3182 episcOpi
1683 3129 1776 3167 no-

219 3195 331 3253 men
362 3182 649 3237 tribuisse.
709 3183 870 3236 Ratio
927 3184 1245 3251 manifesta,
1303 3199 1481 3253 quare
1535 3185 1784 3252 Ignatius

221 3249 499 3307 discrimen
558 3253 709 3307 illud
763 3259 908 3309 caste
984 3249 1333 3310 observaret:
1366 3249 1601 3310 Assertio
1627 3257 1652 3309 1
1679 3257 1705 3311 1
1735 3258 1780 3311 Ι.

1906 628 2033 679 tum
2078 629 2135 678 et
2165 624 2541 694 sequentium
2573 624 2893 679 Christiani
2923 624 3247 678 discrimen
3279 623 3423 679 illud
3445 623 3552 678 ob-

1904 713 2235 770 servabant.
2261 715 2480 770 Auctor
2511 713 2689 785 igitur
2711 712 3095 786 epistolarum
3128 712 3301 768 tertio
3332 712 3422 767 vel
3455 729 3551 767 se-

1903 807 2120 874 quente
2144 803 2359 860 saeculo
2392 803 2780 875 scripsit.Non
2802 803 2995 874 potuit
3025 802 3202 874 igitur
3233 817 3360 857 esse
3381 803 3553 874 Igna-

1902 891 2020 954 tius
2053 898 2301 966 martyr,
2335 894 2434 965 qui
2467 894 2595 966 ipso
2645 909 2795 965 pene
2852 891 3098 948 secundi
3148 891 3350 947 saeculi
3394 891 3560 946 initio

1900 997 2108 1053 passus
2149 988 2257 1039 est.

1971 1089 2124 1145 lllud
2156 1095 2356 1145 autem
2403 1088 2684 1162 inprimis
2743 1088 3172 1144 observandum
3205 1091 3314 1156 est,
3348 1088 3394 1142 si
3428 1104 3559 1160 qua:

1898 1177 1983 1233 vis
2017 1178 2156 1234 huic
2185 1185 2534 1252 argumento
2566 1179 2758 1235 inesse
2781 1179 3205 1248 videatur,eam
3237 1194 3477 1234 omnem
3498 1178 3561 1233 in

1904 1285 2146 1324 suarum
2177 1269 2433 1341 partium
2471 1269 2664 1325 ruinis
2693 1269 2764 1325 ab
2825 1286 2892 1324 eo
2950 1269 3200 1339 positam
3234 1285 3383 1324 esse.
3415 1267 3560 1323 Nam

1897 1357 2039 1414 dum
2065 1365 2367 1416 auctorem
2420 1359 2813 1432 epistolarum
2879 1358 3138 1415 secundo
3197 1357 3408 1414 saeculo
3440 1374 3560 1412 non

1897 1449 2206 1520 scripsisse
2224 1450 2539 1521 vult,quod
2563 1465 2630 1504 eo
2665 1453 2785 1504 toto
2817 1449 2992 1505 aliter
3011 1448 3332 1503 Christiani
3349 1463 3557 1502 omnes

1896 1538 2076 1594 locuti
2111 1539 2230 1594 sint
2264 1557 2278 1607 ;
2311 1539 2586 1596 Salmasii
2620 1543 2678 1595 et
2708 1539 2997 1595 Albertini
3032 1539 3392 1595 sententiam
3421 1554 3556 1594 con-

1901 1627 2198 1700 vellit,qui
2232 1645 2365 1684 eum
2400 1629 2595 1684 medio
2620 1629 2863 1684 secundi
2896 1629 3095 1684 saeculi
3136 1635 3402 1700 tempore
3427 1627 3552 1699 epi-

1895 1718 2074 1773 stolas
2097 1718 2354 1774 edidisse
2377 1718 2725 1774 docuerunt.
2761 1720 2869 1773 Dat
2919 1719 3098 1774 etiam
3149 1717 3554 1787 Hammondo,

1891 1813 2011 1864 tres
2029 1807 2136 1862 sub
2149 1808 2417 1880 apostolo
2431 1825 2573 1864 rum
2599 1814 2884 1880 tempore,
2910 1808 3008 1877 qui
3029 1807 3271 1862 nomina
3295 1808 3554 1878 episcopi

1833 1923 1878 1990 B
1913 1901 1970 1950 et
2001 1896 2331 1968 presbyteri
2365 1897 2669 1968 pomiscue
2724 1912 3042 1966 usurpasse
3098 1896 3400 1963 dicuntur,
3436 1901 3556 1949 tres

1912 1986 2150 2041 ordines
2183 2003 2286 2042 seu
2317 1985 2533 2059 gradus
2591 1987 2653 2041 in
2709 1985 2971 2041 Ecclesia
3028 1986 3366 2052 exstitisse;
3395 1985 3556 2056 quod

1909 2076 2254 2145 Salmasius,
2288 2076 2651 2146 Blondellus,
2686 2076 2907 2147 aliique
2959 2076 3106 2131 adeo
3158 2091 3228 2131 ex
3261 2075 3555 2131 industria

1906 2170 2147 2238 negant,
2167 2171 2224 2222 et
2249 2183 2416 2222 suam
2452 2183 2520 2222 ex
2551 2167 2681 2238 ipsa
2710 2166 3057 2221 confusione
3080 2166 3393 2221 nominum
3417 2179 3554 2220 sen-

1906 2257 2154 2312 tentiam
2185 2257 2442 2312 maxime
2473 2255 2822 2312 defendunt.
2849 2256 3016 2312 Novit
3045 2260 3243 2310 autem
3275 2253 3553 2325 Dallmus,

1904 2346 2018 2400 nisi
2051 2345 2162 2400 hoc
2195 2346 2382 2413 daret,
2416 2363 2485 2400 ex
2523 2345 2854 2402 imitatione
2902 2345 3208 2418 apostolici
3260 2343 3552 2400 sermonis

1905 2435 2185 2491 adversus
2206 2435 2413 2508 lgnatii
2447 2436 2725 2507 epistolas
2747 2435 2978 2490 nullum
3011 2440 3426 2507 argumentum
3439 2434 3556 2488 for-

1902 2525 2050 2579 mari
2081 2525 2366 2597 potuisse.
2400 2525 2456 2579 Si
2490 2526 2650 2580 enim
2703 2525 2819 2580 duo
2868 2528 3100 2580 tantum
3158 2524 3398 2579 ordines
3451 2526 3553 2578 aut

1901 2615 2115 2685 gradus
2133 2615 2194 2668 in
2209 2613 2538 2669 ministerio
2571 2614 2970 2669 ecclesiastico
2987 2613 3389 2684 apostolorum
3409 2617 3553 2667 tem-

1899 2720 2041 2775 pore
2075 2705 2462 2773 exstitissent,
2496 2704 2796 2774 quomodo
2820 2703 3192 2758 illosimitari
3224 2706 3546 2773 potuerunt

1898 2792 1960 2846 in
1979 2792 2326 2848 confusione
2353 2793 2685 2860 nominum,
2713 2792 2814 2863 qui
2839 2797 2980 2846 tunc
3019 2791 3301 2862 temporis
3327 2791 3546 2846 scribe-

1897 2887 2192 2952 rent,cum
2215 2887 2336 2936 tres
2363 2883 2490 2954 jam
2511 2881 2750 2937 tandem
2775 2886 2973 2936 essent
2993 2881 3019 2936 ?
3039 2882 3096 2936 Si
3127 2898 3283 2936 unus
3316 2885 3544 2936 tantum

1898 2971 2042 3026 ordo
2060 2971 2151 3025 vel
2173 2971 2390 3044 gradus
2417 2987 2596 3043 supra
2617 2971 2994 3027 diaconatum
3034 2971 3105 3026 ab
3144 2970 3429 3042 apostolis
3451 2970 3544 3024 in-

1898 3059 2137 3115 stitutus
2160 3066 2270 3129 est,
2304 3078 2481 3133 quem
2512 3077 2673 3116 nunc
2691 3061 3090 3133 episcopatum
3126 3077 3285 3115 nunc
3301 3060 3544 3132 presby-

1897 3154 2153 3206 teratum
2226 3150 2604 3222 appellabant
2643 3150 2755 3222 ipsi
2815 3151 2914 3220 qui
2973 3166 3109 3204 eum
3152 3149 3543 3204 instituebant

1895 3240 2274 3310 apostoli;an
2293 3239 2377 3294 illi
2401 3239 2500 3311 qui
2525 3239 2784 3295 secundo
2818 3239 3034 3294 saeculo
3061 3239 3372 3310 scripsere,
3407 3253 3541 3293 cum

220 3322 428 3399 Nullum
475 3326 703 3379 omnino
760 3325 984 3380 secundi
1020 3327 1214 3399 savculi
1259 3325 1610 3399 scriptorem,
1660 3342 1784 3382 cum
1815 3306 1866 3373 C
1887 3329 2015 3399 jam
2038 3329 2134 3383 ille
2166 3329 2309 3385 ordo
2333 3330 2395 3384 in
2419 3329 2567 3385 duos
2613 3329 2929 3385 distinctus
2974 3345 3102 3384 esse
3134 3329 3370 3396 dicitur,
3402 3344 3539 3384 cum

218 3395 409 3470 gradus
439 3402 847 3470 e_numer_at,aut
861 3413 981 3452 cum
997 3398 1064 3452 de
1086 3395 1457 3466 singularibus
1469 3400 1558 3453 sui
1580 3405 1785 3470 tempo-

219 3466 300 3545 ris.
332 3467 602 3522 ministris
653 3468 933 3545 loquitur,
978 3485 1173 3545 nomen
1204 3470 1513 3545 presbyteri
1562 3472 1614 3545 ei
1679 3466 1789 3540 'qui

219 3540 488 3611 episcopus
547 3546 702 3611 esset,
763 3541 1034 3611 tribuisse.
1097 3543 1236 3596 Loca
1291 3540 1508 3610 Papiae,
1568 3543 1784 3611 Irenmi,

221 3607 494 3666 Clementis
523 3610 918 3680 Alexandrini,
979 3611 1296 3682 Polycarpi,
1355 3607 1448 3667 Pii
1494 3607 1546 3668 et
1574 3607 1786 3670 Hermm

223 3683 620 3754 eraminantur.
653 3684 894 3738 Assertio
917 3684 1016 3738 IV.
1073 3686 1157 3739 Ea
1185 3691 1364 3751 aetate,
1398 3700 1508 3754 qua
1536 3685 1592 3740 S.
1616 3686 1786 3754 Igna-

226 3751 323 3806 tius
357 3755 635 3824 scripsisse
665 3754 888 3822 dicitur,
919 3760 1025 3810 tres
1081 3771 1256 3811 sacres
1308 3751 1531 3810 ordines
1584 3751 1784 3811 distin-

226 3827 324 3896 ctos
350 3823 410 3878 in
438 3823 688 3880 Ecclesia
706 3827 997 3882 exstitisse.
1037 3827 1198 3896 Quod
1227 3843 1346 3882 cum
1378 3828 1635 3893 aliorum,
1671 3835 1785 3884 tum

224 3895 374 3975 etiam
397 3913 590 3975 eorum
610 3900 874 3975 omnium,
907 3899 1006 3975 qui
1035 3895 1471 3975 communionem
1500 3898 1786 3975 nominum

225 3970 277 4042 in
303 3970 616 4042 apostolicis
643 3971 865 4039 scriptis
895 3971 1276 4042 obseruabant,
1302 3972 1634 4042 testimoniis
1644 3988 1783 4042 pro-

227 4033 388 4095 batur.
420 4039 623 4098 Dallaei
644 4033 820 4111 eﬂ'usa
850 4040 1031 4096 oratio
1062 4033 1499 4111 sufﬂaminatur.

227 4141 522 4203 Prmmissa
542 4145 657 4202 levi
682 4151 984 4204 armatura
1003 4146 1077 4202 ad
1095 4147 1450 4220 palmarium
1477 4165 1786 4222 argumen-

166 4232 270 4287 tum
299 4250 329 4288 a
358 4234 614 4294 dictione
653 4239 903 4310 petitum
948 4239 1367 4311 progreditur:
1401 4240 1560 4312 quod
1616 4239 1784 4313 longe

166 4323 378 4379 maximi
394 4327 682 4382 momenti
709 4344 836 4384 esse
858 4334 1109 4400 putat,et
1131 4329 1350 4384 idcirco
1367 4333 1486 4384 toto
1511 4330 1702 4402 capite
1718 4332 1784 4384 26

164 4411 364 4477 prolixo
387 4433 524 4474 sane
549 4422 609 4472 et
631 4417 928 4474 laborioso
961 4418 1078 4475 late
1096 4419 1494 4492 persequitur.
1513 4419 1658 4474 Cum
1684 4419 1788 4476 ita-

166 4512 263 4567 que
289 4501 344 4558 in
375 4505 482 4563 hac
511 4507 853 4580 objectione
883 4508 1052 4581 quasi
1113 4509 1474 4581 triumphare
1497 4507 1784 4576 videatur,

168 4597 466 4654 accuratius
498 4599 672 4655 nobis
696 4599 1121 4672 perpendenda
1152 4605 1276 4668 est;
1310 4617 1429 4656 non
1458 4600 1693 4672 quodin
1717 4617 1786 4656 ea

1897 3434 2025 3472 rem
2056 3418 2249 3489 ipsam
2269 3419 2530 3474 Ecclesia
2553 3423 2813 3474 mutasse
2844 3417 3175 3490 putatur,in
3197 3417 3542 3472 confusione

1895 3508 2226 3579 nominum,
2259 3526 2512 3580 quorum
2534 3509 2770 3581 utrique
2795 3515 2921 3564 tum
2957 3524 3098 3564 suus
3122 3507 3264 3563 ordo
3295 3524 3544 3580 respon-

1897 3596 2096 3667 debat,
2138 3598 2439 3670 apostolos
2469 3598 2689 3653 imitari
2725 3598 3105 3654 debuerunt?
3143 3597 3420 3653 Confusio
3443 3614 3546 3652 no-

1896 3688 2126 3743 minum
2166 3689 2509 3760 apostolica,
2562 3688 2888 3744 secundum
2937 3705 3132 3745 eorum
3195 3688 3546 3760 snppositio-

1897 3776 2125 3846 nem,in
2147 3793 2217 3832 eo
2241 3776 2786 3848 consistebat,quod
2809 3778 2984 3832 unico
3002 3777 3197 3832 ordini
3217 3778 3332 3833 duo
3346 3778 3540 3834 nomi-

1899 3883 1977 3920 na
2002 3865 2418 3920 indifferenter
2437 3871 2495 3920 et
2523 3867 2858 3937 promiscue
2893 3867 2952 3920 in
2975 3869 3126 3920 Novo
3161 3866 3538 3921 Testamento

1899 3957 2324 4022 tribuerentur,
2349 3957 2496 4012 adeo
2524 3963 2587 4011 ut
2618 3956 2773 4012 idem
2798 3957 2976 4011 homo
3009 3956 3082 4011 ob
3100 3957 3284 4010 unum
3304 3962 3360 4010 et
3382 3957 3537 4010 idem

1897 4044 2184 4113 officium,
2225 4044 2297 4100 ob
2321 4061 2508 4100 unum
2532 4050 2590 4099 et
2619 4044 2894 4100 eumdem
2913 4044 3182 4099 ordinem
3202 4048 3260 4098 et
3289 4042 3538 4113 dignita-

1895 4141 2039 4204 tem,
2071 4127 2230 4190 nunc
2275 4135 2608 4206 episcopus,
2649 4151 2811 4190 nunc
2867 4133 3175 4206 presbyter
3211 4137 3535 4189 vocaretur.

1894 4227 1986 4280 An
2007 4224 2168 4280 licite
2199 4242 2327 4281 rem
2353 4226 2541 4297 ipsam
2566 4223 2638 4280 ab
2670 4224 2975 4296 apostolis,
3003 4229 3068 4280 ut
3107 4223 3342 4292 dicitur,
3366 4223 3536 4277 insti-

1895 4319 2084 4371 tutam
2133 4315 2435 4370 communi
2470 4314 2706 4370 decreto
2749 4313 3007 4371 Ecclesia
3062 4319 3294 4370 mutare
3340 4329 3534 4385 posse,

1895 4421 2019 4461 non
2045 4421 2220 4460 nemo
2240 4404 2488 4460 fortasse
2513 4403 2799 4476 ambigat;
2828 4421 2903 4460 an
2934 4421 2995 4460 re
3010 4409 3235 4460 mutata
3253 4401 3536 4459 vocabula

1896 4495 2070 4551 aliter
2088 4511 2376 4566 usurpare
2407 4495 2634 4565 liceret,
2687 4494 2941 4550 dubitari
2989 4511 3111 4550 non
3168 4499 3379 4566 potest.
3412 4493 3535 4548 lmo

1897 4602 2031 4642 cum
2052 4585 2311 4657 primum
2359 4584 2446 4640 rei
2476 4583 2725 4639 mutatio
2772 4585 2927 4640 facta
2969 4590 3078 4654 est,
3129 4588 3185 4638 et
3227 4583 3536 4640 nominum

167 4677 241 4734 vis
267 4687 443 4758 major
473 4706 653 4762 quam
684 4671 745 4746 ίη
777 4671 1007 4747 {inieris
1027 4692 1105 4746 sit
1132 4691 1304 4763 (mihi
1335 4671 1493 4746 enini
1513 4691 1780 4747 omnium
1814 4686 1859 4752 D
1891 4676 2070 4732 etiam
2119 4674 2511 4731 mutationem
2568 4674 2900 4730 necessario
2931 4674 3146 4730 factam
3192 4674 3374 4730 fuisse
3412 4671 3538 4728 vult

171 4766 435 4832 levissima
463 4779 854 4852 videtur),sed
886 4779 1044 4851 quod
1069 4797 1206 4836 cum
1239 4784 1402 4836 tanta
1431 4796 1786 4852 pompa,nec

171 4860 359 4920 minori
380 4871 590 4925 astutia
621 4871 975 4942 proferatur.
1013 4871 1108 4927 Vis
1138 4872 1298 4928 enim
1347 4871 1701 4944 argumenti,
1735 4871 1783 4927 si

172 4963 271 5017 qua
295 4955 383 5024 sit,
404 4956 659 5015 breviter
687 4961 750 5016 in
771 4960 929 5017 hunc
950 4961 1192 5018 modum
1225 4967 1348 5018 tota
1377 4961 1664 5018 declarari
1681 4978 1785 5034 po-

171 5040 286 5096 test.
315 5045 518 5103 Auctor
577 5049 960 5120 epistolarum
1019 5050 1194 5106 aliter
1239 5055 1489 5122 usurpat
1543 5050 1786 5106 nomina

171 5131 460 5204 presbyteri
490 5143 548 5194 et
577 5139 1047 5212 episcopi,quam
1081 5141 1333 5212 apostoli
1365 5145 1423 5196 et
1477 5139 1784 5213 apostolici

173 5217 261 5273 viri
288 5229 340 5278 et
366 5243 563 5284 eorum
591 5229 899 5302 discipuli;
924 5231 1044 5287 imo
1077 5231 1288 5287 eodem
1319 5231 1496 5287 modo
1512 5236 1782 5304 usurpat,

173 5321 268 5376 quo
288 5317 431 5371 tertii
447 5320 651 5376 saeculi
671 5325 728 5375 et
743 5322 1123 5392 sequentium
1141 5319 1483 5378 Christiani.
1505 5323 1652 5377 Nam
1685 5321 1784 5377 ille

169 5406 303 5457 caste
324 5403 588 5466 observat
609 5410 925 5468 nominum
949 5411 1495 5484 discrimen,neque
1514 5427 1781 5484 unquam

173 5485 318 5546 aliter
336 5493 612 5568 loquitur.
631 5505 706 5555 At
726 5500 941 5572 primo,
974 5501 1225 5574 apostoli
1250 5503 1375 5558 haec
1398 5501 1514 5557 duo
1539 5501 1785 5558 nomina

172 5589 262 5644 Ρῐο
303 5587 642 5652 promiscuis
675 5595 735 5644 et
765 5591 1029 5647 confusis
1062 5589 1321 5660 habent;
1356 5591 1598 5648 eosdem
1621 5608 1782 5647 nunc

175 5668 465 5750 eillicopos,
494 5696 650 5737 nunc
691 5681 1071 5754 presbyteros
1102 5681 1464 5761 appellantes
1489 5698 1504 5751 ;
1536 5687 1596 5738 et
1648 5699 1781 5738 ser-

174 5769 386 5822 monem
415 5769 795 5840 apostolicum
828 5771 1014 5830 secuti
1040 5771 1351 5846 apostolici
1400 5788 1630 5845 omnes,
1663 5789 1781 5831 om-

1894 4764 2252 4821 Salmasius:
2291 4785 2314 4817 α
2351 4764 2562 4822 Omnia
2582 4763 2718 4819 licet
2735 4764 2979 4819 advocet
3007 4781 3172 4820 arma
3193 4769 3251 4819 et
3271 4768 3426 4819 artes
3444 4779 3536 4818 so-

1893 4856 2163 4927 phisticae
2198 4870 2317 4911 sum
2351 4855 2643 4924 Petavius,
2695 4869 3003 4924 nunquam
3037 4854 3274 4922 efficiet,
3320 4858 3385 4908 ut
3402 4857 3536 4923 post

1895 4946 2294 5018 episcopatum
2314 4943 2483 5016 plene
2507 4961 2573 4999 ac
2594 4943 2766 5016 plane
2800 4942 3142 4997 distinctum
3165 4959 3198 4997 a
3228 4942 3532 5013 presbyte-

1892 5041 2044 5106 ratu,
2078 5033 2337 5106 episcopi
2385 5033 2578 5089 vocari
2631 5031 3023 5089 sustinuerint
3052 5031 3533 5104 presbyterorum

1893 5141 2158 5182 nomine.
2190 5145 2218 5173 ))

1964 5231 2076 5288 Sed
2098 5235 2163 5287 ut
2183 5234 2554 5304 argumento,
2603 5230 2778 5300 quale
2820 5231 2994 5303 quale
3038 5234 3145 5300 est,
3171 5234 3230 5286 et
3259 5229 3442 5286 solide
3476 5232 3532 5286 et

1893 5321 2206 5396 perspicue
2230 5319 2678 5392 respondeatur,
2713 5323 3137 5379 assertionibus
3181 5321 3532 5396 quibusdam

1891 5413 2122 5486 positis,
2147 5427 2274 5466 rem
2325 5414 2507 5464 totam
2557 5408 2986 5479 explicabimus
3018 5412 3532 5468 confirmabimus-

1895 5519 2028 5574 que.
2061 5502 2260 5557 Primo
2293 5498 2476 5569 enim,
2510 5497 2558 5554 si
2581 5497 2790 5554 demus
2812 5505 3114 5557 auctorem
3147 5502 3531 5575 epistolarum

1893 5609 2130 5664 semper
2159 5590 2478 5648 discrimen
2509 5587 2657 5645 illud
2683 5588 2841 5659 quod
2862 5589 3059 5646 innuit
3079 5591 3537 5660 Dalleeus,invo-

1893 5680 2119 5739 cabulis
2141 5681 2517 5753 episcopatus
2539 5682 2598 5734 et
2613 5677 2967 5751 presbyterii
3015 5678 3381 5748 observasse,
3431 5699 3536 5760 ne-

1893 5788 2006 5846 que
2038 5770 2211 5830 aliter
2238 5785 2504 5844 unquam
2524 5768 2788 5828 locutum
2820 5783 2948 5825 esse
2973 5768 3535 5842 ;asserimustamen
