3942 6302
133 401 244 460 M3

855 397 914 459 J.
957 393 1382 459 PEARSONII
1427 394 1771 461 VlNDIGlA

1944 394 2327 458 iATIAN/E.
2376 430 2454 444 -
2493 398 2698 461 PARS
2741 399 2822 458 II.

3425 401 3544 462 414

141 529 392 604 epistolae
457 533 738 602 excerpta
793 530 854 585 in
911 531 1231 588 Historiam
1285 531 1679 602 transcripsit,
1726 533 1785 585 et
1813 530 1864 598 Α
1895 528 1969 584 ad
1992 553 2019 580 ι(
2045 531 2396 603 Ecclesias,»
2420 532 2521 587 sed
2540 531 2613 588 ad
2633 533 3091 604 «martyres,qui
3116 531 3272 604 apud
3293 548 3392 587 eos
3410 549 3544 589 con-

138 628 444 690 utramque
479 621 768 693 integram
800 621 970 691 Operi
1019 623 1096 676 De
1141 623 1474 691 martyribus
1504 621 1774 688 inseruit;

137 719 324 784 aperte
357 717 616 767 testatur
649 713 936 767 Irenaeum
988 728 1122 767 cum
1154 713 1264 768 ista
1294 713 1367 768 ad
1396 712 1777 784 Eleutherum

136 781 556 868 scriberentur,
587 800 998 872 presbyterum
1050 799 1255 869 fuisse,
1297 800 1398 855 lib.
1434 816 1486 867 v,
1520 816 1568 852 c.
1603 801 1636 852 4
1664 815 1675 851 :
1709 781 1776 853 Οἱ

138 886 176 943 δ’
224 889 374 944 αὐτοὶ
439 887 710 962 μάρτυρες
771 887 860 941 καὶ
917 887 1010 942 τὸν
1066 886 1380 957 Εἶρηνπῖον,
1413 881 1773 961 πρεσϐύτερον

133 978 236 1032 τότ’
267 972 397 1031 ὄντα
455 979 557 1045 τῆς
609 978 665 1030 ’sv
725 974 1048 1051 Λουγδοῦνῳ
1105 977 1412 1051 παροικίας,
1466 979 1544 1046 τῷ
1589 972 1778 1044 δηλω-

140 1065 264 1127 θέντι
292 1066 430 1120 κατὰ
479 1064 699 1137 Ῥώμην
752 1062 1030 1137 ἑπισκόπῳ
1080 1064 1356 1119 συνίστων.
1393 1087 1420 1115 ‹‹
1452 1063 1564 1119 Sed
1594 1063 1775 1118 iidem

140 1163 415 1230 martyres
445 1157 758 1224 Irenaeum,
793 1157 893 1227 qui
934 1161 1074 1211 tunc
1103 1155 1387 1227 temporis
1418 1153 1610 1210 adhuc
1639 1169 1776 1224 pre-

141 1247 322 1318 sbyter
340 1247 752 1320 Lugdunensis
775 1252 900 1302 erat
919 1245 1555 1319 parmciae,supradicto
1577 1247 1776 1300 Romae

139 1337 398 1410 episcopo
430 1337 948 1393 commendarunt.
979 1361 998 1385 ι
1025 1337 1188 1392 Idem
1217 1340 1467 1392 testatur
1497 1335 1776 1405 Hierony-

137 1440 256 1480 mus
281 1426 341 1480 in
371 1425 652 1498 Catalogo
680 1441 692 1479 :
727 1447 754 1474 ‹‹
787 1425 1049 1480 Irenaeus
1087 1424 1325 1480 Pothini
1359 1422 1639 1495 episcopi,
1673 1421 1776 1492 qui

142 1514 581 1586 Lugdunensem
613 1515 673 1569 in
703 1515 890 1570 Gallia
919 1513 1159 1586 regebat
1186 1511 1779 1584 Ecclesiam,presby-

137 1609 277 1673 ter,a
294 1605 657 1677 martyribus
675 1604 942 1678 ejusdem
962 1605 1074 1660 loci
1096 1605 1168 1660 ob
1191 1605 1474 1676 quasdam
1498 1604 1776 1659 Ecclesia;

142 1696 486 1766 quaestiones
511 1695 738 1768 legatus
769 1698 1015 1752 Romam
1044 1695 1651 1764 missus,honorificas
1676 1711 1777 1750 su-

140 1802 233 1857 per
258 1787 500 1840 nomine
534 1802 640 1842 suo
672 1777 746 1840 ad
766 1786 1149 1842 Eleutherum
1181 1786 1522 1858 episcopum
1555 1785 1775 1857 perfert

139 1853 593 1931 litteras.Postea
614 1875 744 1947 jam
774 1877 1026 1932 Pothino
1052 1853 1236 1949 prope
1269 1853 1666 1949 non—agenario
1699 1875 1772 1931 ob
1801 1853 1850 1920 Β

138 1963 414 2022 Christum
447 1967 740 2039 martyrio
773 1972 1053 2023 coronato
1077 1968 1137 2022 in
1167 1967 1362 2023 locum
1397 1967 1525 2039 ejus
1555 1966 1773 2021 substi-

138 2054 323 2112 tuitur.
359 2078 387 2105 η
439 2056 627 2112 Plane
684 2063 976 2129 martyres
1037 2057 1451 2130 Lugdunenses
1487 2059 1775 2112 lrenmum

137 2141 306 2198 adhuc
335 2145 892 2217 presbyterum,per
914 2162 1090 2217 quem
1115 2147 1409 2201 miserunt
1439 2145 1772 2216 epistolam,

139 2231 430 2290 Eleuthero
466 2235 869 2302 commendat,
905 2235 1404 2306 quemadmodum
1436 2235 1610 2307 paulo
1641 2238 1774 2307 post

136 2320 443 2379 Alexander
490 2325 807 2396 episcopus
856 2325 917 2380 in
966 2325 1216 2380 vinculis
1269 2325 1342 2380 ad
1375 2327 1772 2382 Antiochenos

139 2411 378 2468 scribens
400 2414 773 2469 Clementem
786 2415 1194 2486 presbyterum
1210 2416 1282 2469 iis
1295 2415 1768 2471 commendabat:

138 2499 300 2554 Ταῦτα
355 2498 411 2556 δὲ
465 2502 617 2574 ὑμῖν,
678 2501 861 2579 κύριοί
923 2523 1027 2574 μου
1087 2500 1338 2580 ἀδελφοὶ,
1372 2503 1437 2558 τὰ
1477 2503 1772 2579 γράμματα

137 2586 401 2644 ints-mm:
456 2589 551 2644 διὰ
581 2591 907 2663 Κλήμεντος
939 2594 1039 2645 τοῦ
1075 2592 1344 2665 μακαρίου
1376 2587 1766 2668 ποεσὸυτέρου,

139 2674 303 2750 ἀνδρὸς
332 2677 586 2750 ἐναρέτου
618 2680 705 2734 καὶ
762 2678 1016 2752 δοκῖμου.
1053 2705 1079 2732 ‹‹
1115 2683 1229 2737 Has
1259 2682 1509 2752 litteras,
1541 2683 1767 2737 domini

140 2766 349 2837 fratres,
379 2787 487 2842 per
544 2771 785 2825 beatum
842 2771 1256 2842 presbyterum
1303 2772 1665 2827 Clementem
1693 2773 1767 2828 ad

139 2873 224 2910 vos
250 2859 399 2928 misi,
433 2860 631 2915 virum
661 2860 874 2916 virtute
923 2861 1239 2932 praeditum
1280 2866 1337 2916 et
1367 2861 1699 2933 probatum.
1739 2885 1757 2912 ι

141 2945 422 3018 Eusebius,
454 2949 563 3004 lib.
598 2966 670 3017 v1,
703 2967 752 3005 c.
789 2951 873 3006 11.

201 3037 400 3092 Contra
431 3039 559 3093 haec
590 3038 824 3093 Eusebii
857 3043 915 3093 et
944 3039 1283 3111 Hieronymi
1318 3039 1648 3096 clarissima
1679 3045 1765 3096 te-

141 3123 394 3182 stimonia
427 3126 774 3183 Blondellus
806 3128 1029 3195 statuit,
1065 3130 1357 3184 Irenaeum
1389 3129 1610 3185 sedisse
1637 3130 1763 3201 jam

1896 621 2174 675 summati
2199 627 2394 688 sunt,»
2423 626 2624 693 aperte
2649 620 3032 676 referendum
3057 627 3143 677 est
3168 637 3180 687 ;
3214 622 3543 693 exprimere

1895 708 2057 764 enim
2078 710 2264 765 voluit
2287 710 2347 765 id
2373 711 2527 782 quod
2553 711 2871 781 scripserat
2889 711 3199 779 Eusebius,
3228 709 3279 763 οἱ
3303 706 3360 764 δὲ
3390 710 3545 766 αὐτοὶ

1898 795 2463 870 μάρτυρες.δθουηάο
2486 800 2722 855 Eusebii
2746 805 2805 854 et
2827 801 3165 871 Hieronymi
3187 801 3543 856 sententiam

1893 885 2050 941 clare
2110 889 2171 942 in
2225 889 2480 944 Historia
2524 889 2902 960 descriptam,
2958 896 3015 943 et
3067 905 3137 943 ex
3168 889 3310 961 ipsis
3340 906 3540 944 rerum

1891 980 2190 1048 gestarum
2216 979 2616 1034 monumentis
2642 978 3250 1047 deductam,refellere
3274 995 3334 1034 se
3367 995 3540 1050 posse

1891 1071 2091 1138 sperat
2121 1083 2189 1122 ex
2219 1068 2292 1122 iis
2323 1085 2453 1140 qum
2485 1069 2558 1124 ab
2598 1069 2849 1125 Eusebio
2900 1075 2960 1124 et
3009 1070 3362 1142 Hieronymo
3394 1069 3537 1125 alibi

1893 1156 2112 1227 scripta
2143 1163 2300 1228 sunt,
2336 1174 2551 1230 nempe
2591 1159 2652 1214 in
2700 1159 3024 1214 Chronicis.
3059 1161 3128 1215 Ut
3158 1158 3266 1214 hoc
3299 1158 3534 1223 efﬁciat,

1891 1245 2115 1317 profert
2145 1262 2216 1301 ex
2247 1247 2540 1320 Scaligero
2580 1248 2759 1303 verba
2815 1248 3050 1304 Eusebii
3083 1250 3301 1320 Grmca,
3333 1248 3434 1304 ubi
3466 1249 3540 1304 ad

1893 1351 2116 1391 annum
2150 1338 2326 1392 Marci
2355 1339 2640 1394 Antonini
2685 1340 3000 1411 septimum
3033 1340 3338 1411 passiones
3367 1341 3544 1413 Poly-

1892 1426 2054 1497 carpi
2087 1430 2145 1481 et
2165 1433 2494 1500 martyrum
2518 1429 2952 1485 Gallicanorum
2977 1430 3154 1485 simul
3180 1429 3541 1487 referuntur.

1894 1514 2006 1569 Sed
2038 1516 2096 1570 in
2132 1516 2353 1572 Latinis
2383 1518 2748 1589 Hieronymi,
2781 1519 2958 1574 verba
2997 1519 3081 1574 sic
3113 1535 3174 1574 se
3208 1519 3466 1575 habent:

1967 1655 1993 1682 ‹‹
2031 1634 2447 1690 Persecutione
2479 1639 2607 1689 orta
2637 1635 2696 1688 in
2756 1636 2892 1690 Asia
2921 1635 3279 1708 Polycarpus
3313 1641 3369 1689 et
3398 1637 3537 1691 Pio—

1892 1723 2025 1777 nius
2057 1722 2249 1778 fecere
2281 1724 2652 1795 martyrium,
2711 1741 2961 1794 quorum
3020 1725 3254 1796 scriptm
3299 1739 3533 1795 quoque

1889 1812 2196 1884 passiones
2226 1812 2516 1867 feruntur.

2413 1964 2626 2009 QUARTA
2665 1962 3012 2006 PERSECUTIO.

1958 2085 1985 2115 ‹‹
2019 2064 2268 2120 Plurimi
2308 2063 2368 2118 in
2414 2063 2601 2120 Gallia
2643 2065 2896 2137 gloriose
2947 2065 3020 2120 ob
3068 2065 3281 2120 Christi
3314 2083 3532 2121 nomen

1885 2153 2180 2209 interfecti
2205 2169 2218 2219 ;
2253 2170 2506 2225 quorum
2526 2171 2715 2227 usque
2739 2155 2799 2210 in
2821 2160 3176 2228 praesentem
3199 2156 3355 2212 diem
3389 2174 3534 2213 con-

1885 2241 2008 2298 dita
2035 2242 2204 2298 libris
2234 2244 2560 2299 certamina
2589 2249 2987 2316 perseverant.
3021 2267 3048 2295 »

1957 2334 2162 2405 Liquet
2217 2350 2286 2388 ex
2345 2334 2438 2389 his
2495 2335 2712 2401 verbis,
2771 2335 3089 2391 Eusebium
3147 2336 3531 2392 celeberrima

1881 2423 2165 2494 martyria
2197 2423 2305 2478 sub
2338 2426 2528 2479 Marco
2560 2425 2862 2480 Antonino
2893 2425 3046 2481 facta
3077 2426 3136 2480 in
3166 2426 3324 2481 hunc
3345 2442 3528 2482 unum

1881 2511 2078 2567 locum
2111 2513 2469 2584 conjecisse;
2493 2530 2687 2585 neque
2713 2515 2870 2570 enim
2897 2531 3002 2586 per
3024 2521 3212 2571 totum
3247 2515 3530 2571 Antonini

1880 2601 2198 2672 imperium
2230 2602 2474 2658 alterius
2530 2603 2710 2658 ullius
2770 2605 3035 2675 martyrii
3091 2605 3384 2660 meminit.
3420 2605 3531 2659 Ubi

1877 2691 2058 2762 igitur
2079 2696 2301 2760 quartae
2318 2693 2750 2762 persecutionis
2768 2693 3130 2748 mentionem
3150 2694 3526 2760 facit,eodem

1875 2779 2006 2834 loco
2033 2779 2147 2835 duo
2171 2780 2429 2852 insignia
2458 2782 2762 2853 martyria,
2787 2798 2972 2837 unum
2999 2783 3060 2836 in
3084 2782 3241 2852 Asia,
3271 2782 3523 2838 alterum

1875 2869 1937 2922 in
1956 2868 2139 2924 Gallia
2158 2869 2312 2925 facta
2332 2876 2787 2926 commemorat:
2812 2888 2932 2928 non
2955 2871 3111 2942 quod
3133 2871 3342 2927 eodem
3365 2887 3522 2926 anno

1877 2959 1980 3016 sed
2011 2959 2118 3014 sub
2149 2960 2357 3016 eadem
2387 2962 2822 3032 persecutione,
2857 2963 2969 3017 hoc
3001 2968 3088 3017 est
3118 2961 3223 3017 sub
3257 2963 3526 3034 ejusdem

1874 3049 2160 3104 Antonini
2194 3049 2444 3121 imperio
2465 3054 2785 3122 utrumque
2808 3051 3137 3124 contigerit.
3164 3053 3324 3107 Ilanc
3345 3054 3535 3108 Euse-

1877 3139 1958 3193 bii
1991 3143 2252 3194 mentem
2281 3138 2463 3194 fuisse
2489 3139 2685 3211 palam
2709 3145 2833 3207 est;
2867 3157 3004 3196 nam
3029 3141 3089 3196 in
3122 3141 3375 3195 Historia
3398 3145 3536 3211 post

139 3211 189 3266 in
230 3215 599 3289 Lugdunensi
640 3217 918 3272 cathedra
974 3217 1210 3272 Pothini
1261 3217 1388 3273 loco
1424 3233 1458 3274 a
1486 3217 1769 3275 fratribus
1801 3225 1848 3292 C
1879 3228 2234 3284 Chronicum
2266 3245 2556 3283 canonem
2589 3229 2828 3301 scripta,
2846 3229 2946 3285 ubi
2970 3229 3040 3285 de
3067 3229 3244 3285 rebus
3276 3230 3422 3301 ipsis
3441 3229 3532 3285 fu-

140 3305 502 3362 constitutum
537 3312 599 3362 et
626 3306 856 3362 colobio
889 3307 1300 3378 episcoporum
1331 3310 1770 3380 vestitum,cum

141 3403 168 3442 a
186 3389 578 3465 delegantibus
603 3415 630 3444 ‹‹
654 3393 962 3466 presbyter
981 3416 1009 3445 »
1034 3397 1439 3450 vocaretur.Et
1454 3401 1520 3451 ut
1540 3395 1614 3450 ad
1638 3413 1772 3452 suas

145 3485 316 3547 partes
343 3483 467 3538 haec
489 3483 798 3538 traherent
818 3489 943 3538 tum
963 3483 1063 3538 ille
1093 3489 1215 3538 tum
1239 3485 1560 3541 Salmasius
1583 3487 1775 3542 multa

147 3565 205 3622 de
232 3568 332 3626 hac
361 3588 423 3626 re
452 3572 777 3628 commenti
803 3577 961 3642 sunt,
987 3579 1044 3628 et
1066 3573 1324 3645 plurima
1348 3574 1409 3629 in
1434 3575 1684 3630 Eusebio
1717 3581 1776 3630 et

151 3655 476 3732 Hieronymo
494 3663 907 3729 observarunt,
929 3667 1154 3733 quaa,ut
1173 3663 1360 3731 aiunt,
1385 3687 1411 3714 «
1439 3665 1772 3734 castigatio-

153 3761 266 3803 nem
277 3758 631 3808 mereantur.
651 3773 679 3802 ››
699 3752 1210 3822 Primo,Eusehius
1223 3759 1514 3826 martyres
1528 3755 1686 3825 ipsos
1699 3753 1775 3809 ad

150 3835 497 3896 Eleutherum
519 3842 835 3912 epistolam
860 3843 1190 3913 scripsisse,
1217 3859 1334 3913 qua
1354 3844 1776 3899 commendant

149 3921 406 3985 lrenaaum
417 3930 1078 4002 presbyterum,narrat.
1089 3932 1373 3987 Eusebius
1386 3937 1583 3988 autem
1597 3933 1776 4004 ipsam

152 4015 430 4084 epistolam
453 4019 623 4086 vidit,
649 4035 896 4091 eamque
924 4021 1104 4075 etiam
1131 4022 1293 4092 operi
1325 4023 1401 4076 De
1425 4023 1774 4092 passionibus

150 4117 422 4180 martyrum
454 4129 487 4168 a
518 4129 585 4168 se
617 4114 948 4186 conscripto
981 4114 1270 4186 integram
1303 4115 1575 4185 inseruit,
1609 4116 1773 4172 ideo-

153 4210 288 4264 quea
304 4202 511 4271 quibus
535 4207 596 4256 et
615 4202 854 4273 quando
878 4204 1214 4275 conscripta
1235 4210 1344 4272 est,
1363 4207 1636 4279 Ignorare
1653 4223 1772 4262 non

150 4289 334 4353 potuit.
367 4291 524 4346 Idem
549 4295 805 4346 testatur
835 4297 891 4346 et
923 4293 1337 4365 Hieronymus,
1363 4295 1463 4366 qui
1486 4295 1631 4350 vidit
1659 4298 1772 4351 Eu-

155 4373 277 4430 sebii
316 4380 386 4434 De
425 4381 764 4451 martyribus
816 4383 1096 4452 opuscula.
1131 4385 1357 4456 Negant
1386 4383 1446 4438 hi
1478 4401 1512 4439 a
1543 4391 1771 4456 marty-

151 4460 292 4519 ribus
313 4469 588 4541 scriptam
618 4485 777 4535 esse;
803 4470 1128 4527 Salmasius
1160 4472 1232 4527 ab
1264 4472 1575 4544 episc0pis,
1598 4474 1770 4529 Blon-

1883 3315 2004 3372 sius
2026 3317 2237 3389 agitur,
2258 3317 2732 3388 persecutionem
2760 3318 3123 3375 Gallicanam
3141 3319 3214 3374 ad
3236 3318 3534 3374 decimum

1883 3406 2201 3476 septimum
2234 3405 2500 3478 ejusdem
2532 3407 2816 3462 Antonini
2850 3424 3073 3465 annum
3121 3408 3322 3464 refert.
3353 3408 3534 3463 Blon-

1885 3494 2077 3550 dellus
2100 3510 2219 3550 non
2242 3500 2471 3551 tantum
2495 3497 2732 3552 unicam
2751 3497 2902 3553 hanc
2925 3498 3536 3570 persecutionem,sed

1885 3583 2094 3638 eodem
2125 3600 2280 3638 anno
2303 3583 2363 3638 in
2384 3585 2522 3640 Asia
2547 3585 2842 3657 inceptam
2864 3587 2925 3642 in
2949 3589 3134 3644 Gallia
3155 3589 3383 3644 finitam
3407 3604 3535 3644 esse

1887 3677 2114 3744 statuit,
2147 3693 2346 3731 errore
2400 3677 2556 3747 gravi
2607 3683 2783 3748 atque
2817 3680 3155 3736 manifesto.
3190 3682 3386 3736 Monet
3411 3681 3534 3751 ipse

1883 3765 2171 3821 Eusebius
2203 3765 2532 3820 Gallicanos
2562 3767 2848 3838 martyria
2875 3769 3145 3838 subiisse,
3175 3766 3535 3845 σφοδρότερον

1884 3850 2356 3928 ἀναρῥιπισθέντος
2389 3855 2484 3904 τοῦ
2541 3853 2660 3915 καθ’
2689 3855 2852 3924 ἡμῶν
2885 3851 3154 3928 διωγμοῦ,
3190 3879 3218 3905 ‹‹
3249 3873 3380 3911 cum
3405 3858 3534 3927 jam

1883 3943 2197 3998 violentius
2227 3941 2578 3998 resuscitata
2635 3949 2693 3997 et
2749 3959 3069 3998 reaccensa
3125 3951 3280 3998 esset
3331 3951 3537 4002 contra

1884 4032 2248 4088 Christianos
2288 4033 2643 4104 persecutio,
2698 4038 2755 4088 et
2814 4033 3052 4104 quidem
3085 4035 3144 4088 in
3177 4034 3530 4105 quibusdam

1884 4128 2055 4178 terrm
2115 4122 2403 4194 partibus.
2456 4145 2484 4173 »
2533 4123 2877 4178 Persecutio
2911 4123 3017 4177 sub
3051 4125 3239 4178 Marco
3272 4129 3400 4179 orta
3430 4142 3537 4196 per

1884 4212 2105 4267 multos
2125 4229 2313 4268 annos
2335 4212 2586 4282 duravit,
2611 4230 2771 4268 nunc
2793 4213 2852 4268 in
2872 4214 3003 4280 hac,
3029 4230 3184 4268 nunc
3207 4215 3265 4268 in
3288 4213 3389 4269 illa
3410 4231 3538 4286 pro-

1883 4301 2074 4357 vincia
2103 4306 2386 4373 grassata,
2418 4318 2522 4371 pro
2553 4301 2751 4357 furore
2803 4303 3030 4375 populi,
3070 4309 3172 4359 aut
3217 4303 3538 4375 praesidum

1884 4390 2250 4446 crudelitate.
2292 4389 2408 4445 Sub
2450 4391 2604 4445 Asiaa
2631 4391 2986 4463 proconsule
3009 4393 3301 4458 Quadrato
3329 4410 3535 4466 passus

1885 4484 1973 4535 est
2003 4479 2362 4551 Polycarpus
2421 4480 2732 4551 episcopus
2793 4483 3097 4553 Smyrnae;
3148 4483 3256 4538 sub
3288 4483 3532 4539 Servilio

155 4547 317 4610 dellus
345 4573 375 4612 a
401 4558 689 4614 fratribus
709 4558 905 4615 datam
932 4561 1280 4618 hariolatur.
1308 4562 1646 4619 Blondellus
1669 4581 1774 4635 pro
1806 4565 1853 4632 D
1884 4547 2502 4642 proconsule—Sagaris
2555 4547 2863 4644 episcopus
2899 4547 3238 4630 'Laodiceas.
3273 4575 3530 4630 Durante

155 4647 534 4702 suasententia
553 4646 855 4703 Hufﬁnum
873 4648 1118 4705 advocat
1133 4650 1370 4705 Eusebii
1389 4651 1771 4724 interpretem

155 4741 255 4783 non
297 4735 426 4788 satis
455 4740 822 4791 accuratum.
871 4739 1037 4794 Hunc
1067 4739 1187 4794 vult
1215 4739 1545 4795 Eusebiaua
1577 4743 1775 4797 Graaca

155 4812 224 4869 ita
241 4820 548 4880 reddidisse
575 4829 643 4880 ut
664 4825 733 4880 ab
756 4826 1031 4883 Ecclesiis
1052 4829 1396 4899 Galliarum,
1420 4848 1539 4886 non
1564 4847 1596 4886 a
1619 4849 1773 4887 mar-

156 4905 352 4971 tyribus
381 4927 446 4967 ea
475 4913 728 4985 epistola
752 4915 971 4986 scripta
992 4917 1206 4974 sit.Sed
1229 4920 1356 4975 haec
1387 4925 1488 4975 aut
1520 4938 1589 4975 ex
1621 4921 1774 4976 osci-

157 4994 336 5065 tantia,
357 5006 451 5055 aut
469 5002 785 5058 manifesta
805 5003 1008 5060 fraude
1033 5007 1295 5078 profecta
1318 5014 1471 5064 sunt.
1502 5010 1616 5066 Ruf
1619 5010 1772 5066 finus

156 5081 311 5140 refert
330 5091 603 5147 ecclesias
627 5092 949 5149 Galliarum
969 5098 1588 5170 scripsisse,epistolas
1615 5116 1772 5156 mar-

159 5172 341 5245 tyrum,
392 5182 485 5250 qui
518 5182 676 5254 apud
711 5199 810 5237 eos
860 5189 1256 5243 consummati
1289 5188 1541 5256 fuerant,
1578 5190 1771 5261 profe-

159 5267 346 5351 rentes,
376 5285 515 5339 quas
539 5271 623 5326 illi
645 5270 707 5326 in
738 5273 988 5330 vinculis
1012 5293 1118 5346 per
1138 5277 1338 5332 Asiam
1371 5283 1429 5332 et
1455 5279 1771 5351 Phrygiam

158 5346 401 5412 fratribus
430 5361 888 5418 consistentibus
927 5366 1326 5436 scripserant;
1361 5372 1419 5422 et
1456 5346 1771 5425 Eleuthero

159 5438 297 5496 urbis
323 5446 510 5504 Romae
544 5451 844 5524 episcopo,
874 5453 946 5508 de
970 5471 1115 5525 pace
1133 5472 1270 5510 eum
1299 5457 1578 5513 Ecclesia:
1610 5475 1773 5514 com-

162 5539 458 5620 monentes;
473 5541 691 5611 quique
708 5543 885 5597 etiam
902 5544 1191 5601 Irenaeum
1206 5548 1617 5620 presbyterum
1631 5555 1772 5606 tunc

164 5616 327 5677 adhuc
337 5626 605 5685 Ecclesiae
618 5616 1771 5708 Lugdunensis,supradicto'urbisRomae

165 5707 408 5792 episcopo
428 5721 976 5782 commendabant.»
1003 5725 1110 5781 Ubi
1128 5707 1284 5782 illud
1313 5749 1332 5776 ε
1359 5728 1578 5802 quique
1601 5750 1630 5780 »
1650 5747 1771 5789 non

1885 4659 1996 4714 hac
2048 4660 2479 4731 persecutione,
2513 4682 2540 4709 «
2575 4662 2872 4717 Antonino
2924 4663 3268 4734 imperatori
3327 4663 3528 4718 Melito

1883 4751 2134 4805 Asianus
2187 4749 2518 4805 Sardiensis
2577 4751 2890 4823 episcopus
2947 4754 3393 4826 Apologeticum
3425 4771 3530 4826 pro

1885 4839 2230 4894 Christianis
2265 4838 2528 4907 tradidit,
2555 4861 2583 4888 ››
2623 4845 2690 4893 ut
2733 4841 3018 4896 Eusebius
3050 4843 3109 4896 in
3141 4844 3428 4898 Chronico
3459 4841 3535 4896 ad

1884 4947 2109 4985 annum
2142 4930 2271 5000 ejus
2296 4929 2620 4988 decimum.
2640 4949 2670 4979 «
2705 4931 2899 4999 Recte,
2935 4931 3134 5003 inquit
3164 4933 3428 4987 Valesius
3460 4930 3534 4986 ad

1883 5018 2098 5078 Euseb.
2129 5017 2229 5072 lib.
2255 5033 2324 5084 ιν,
2350 5033 2399 5070 c.
2433 5019 2521 5083 26,
2556 5016 2613 5070 id
2645 5018 2900 5072 refertur
2929 5035 3084 5076 anno
3110 5023 3175 5076 10
3205 5022 3379 5078 Marci
3410 5024 3531 5076 An-

1885 5108 2095 5176 tonini,
2128 5123 2285 5161 anno
2332 5105 2559 5159 scilicet
2587 5111 2719 5177 post
2749 5113 3000 5163 mortem
3033 5110 3072 5163 L
3128 5113 3279 5166 Veri.
3313 5134 3338 5160 n
3371 5111 3532 5166 Idem

1885 5201 2080 5251 autem
2115 5194 2188 5250 ad
2220 5193 2576 5248 Prooemium
2597 5192 2726 5248 libri
2751 5197 2941 5266 quinti
2967 5203 3133 5254 notat
3153 5200 3263 5254 hoc
3285 5199 3438 5255 male
3461 5198 3534 5252 ab

1884 5284 2135 5339 Eusebio
2195 5283 2455 5350 factum;
2516 5281 2902 5354 observatque
2964 5287 3304 5341 Melitonem
3345 5289 3534 5340 Marco

1883 5373 2230 5445 Apologiam
2263 5372 2494 5428 dedisse
2527 5370 2633 5426 sub
2687 5372 2863 5426 tinem
2917 5375 3044 5446 ejus
3077 5375 3330 5447 imperii.
3365 5375 3533 5430 Certe

1882 5463 1983 5518 illa
2005 5468 2213 5533 quarta
2237 5461 2572 5534 persecutio
2604 5460 2663 5515 in
2687 5462 2821 5516 Asia
2839 5461 3271 5534 duravitusque
3295 5464 3365 5518 ad
3381 5462 3531 5518 illud

1883 5559 2116 5623 tempus
2139 5569 2254 5623 quo
2282 5551 2519 5624 scripsit
2543 5550 2758 5620 Melito,
2782 5553 2901 5608 sive
2930 5553 3030 5609 ille
3056 5555 3121 5608 10
3147 5553 3320 5609 Marci
3348 5571 3526 5626 anno,

1885 5643 2002 5697 sive
2022 5641 2129 5697 sub
2152 5641 2332 5696 finem
2352 5641 2587 5713 imperii
2611 5642 2741 5714 ejus
2763 5643 3108 5717 Apologiam
3131 5642 3362 5710 obtulit,
3388 5645 3529 5713 sive,

1885 5730 2043 5804 quod
2075 5747 2178 5804 ego
2208 5747 2410 5787 verum
2444 5747 2572 5788 esse
2603 5734 2984 5808 puto,medio
3009 5734 3166 5793 inter
3193 5734 3316 5791 haec
3348 5731 3536 5790 inter-
