3942 6302
380 345 500 406 415

1443 341 1507 403 Β.
1555 341 1964 404 IGNATIUS.
2010 371 2084 386 -ο
2129 341 2750 407 PROLEGOMENA.

3679 347 3809 406 416

375 476 786 533 vallo.Mortuo
806 475 1111 532 L.Aurelio
1137 473 1445 546 scripsisse
1468 475 1798 532 Melitonem
1820 475 2024 547 liquet,
2061 477 2111 543 Α
2212 477 2429 542 Quarto
2443 480 2918 551 persecutionem
2938 479 3301 537 Gallicanam
3326 479 3639 534 excitatam
3664 496 3806 535 esse

378 567 537 639 quod
559 566 621 621 in
643 566 929 638 Apologia
950 566 1078 638 ejus
1103 582 1223 620 non
1246 564 1538 633 meminit,
1556 567 1656 637 qui
1687 583 1820 622 cum
1845 566 2034 619 Marco

378 672 620 711 consors
656 656 719 710 in
750 655 1001 726 imperio
1033 655 1247 720 fuerat,
1282 654 1385 709 sed
1419 654 1527 709 lilii
1565 655 1739 712 Marci
1773 654 2034 709 mentio-

377 763 517 801 nem
547 746 706 802 facit.
740 746 892 800 Fieri
925 750 1123 800 autem
1151 745 1259 800 hoc
1284 745 1476 816 potuit
1505 762 1640 800 cum
1673 746 1813 800 Com
1828 743 2036 799 modus

368 836 497 908 jam
531 835 692 890 solus
733 835 925 890 Cmsar
983 839 1159 900 esset,
1219 840 1453 890 mortuo
1484 834 1685 900 fratre,
1716 835 1818 906 qui
1853 832 2033 888 simul

377 943 512 982 cum
544 943 612 982 eo
645 928 839 982 Caesar
867 928 1056 983 factus
1089 930 1198 995 est,
1232 928 1482 981 Putente
1506 925 1848 980 etPollione
1882 940 2035 989 coss,

378 1017 528 1072 Dum
561 1018 740 1090 igitur
769 1017 1126 1073 Commodus
1189 1020 1382 1072 Caesar
1440 1022 1595 1071 esset
1649 1021 1784 1071 ante
1818 1030 2040 1070 annum

381 1108 556 1162 Marci
587 1107 885 1163 decimum
945 1108 1222 1179 quintum
1285 1106 1492 1162 saltem
1551 1106 1810 1172 ﬁnitum,
1845 1104 2038 1159 Melito

378 1197 726 1268 Apologiam
751 1199 942 1252 Marco
962 1197 1198 1252 Aurelio
1221 1197 1586 1263 obtulit.Qua
1603 1195 1887 1268 Apologia
1905 1211 2040 1250 cum

382 1285 511 1339 aliis
542 1291 868 1356 permotus,
905 1290 972 1341 ut
1021 1286 1200 1341 refert
1233 1286 1490 1343 Chronici
1515 1283 1900 1340 Alexandrini
1939 1299 2041 1338 au-

380 1384 530 1444 ctor,
563 1380 789 1434 Marcus
813 1379 1120 1449 Aurelius,
1153 1379 1225 1435 de
1249 1379 1511 1435 sedanda
1528 1379 1937 1450 persecutione
1969 1377 2044 1432 ad

386 1469 711 1523 Commune
739 1468 890 1523 Asia)
926 1469 1208 1540 scripsit:
1237 1470 1296 1524 id
1327 1475 1524 1525 autem
1555 1469 1696 1524 fecit
1726 1472 1788 1523 15
1813 1465 2044 1538 imperii

389 1557 479 1612 sui
513 1573 691 1626 anno,
721 1563 786 1613 ut
811 1574 879 1612 ex
914 1559 1042 1630 ipsa
1079 1559 1465 1631 inscriptione
1484 1563 1661 1630 patet.
1687 1555 2047 1630 Αὐτοκράτωρ

396 1647 603 1716 Καῖσαρ
653 1647 873 1720 Μάρκος
935 1645 1213 1723 Αὐρήλιος
1277 1649 1590 1709 Ἀντωνῖνος
1627 1641 1894 1707 Σεϐαστὸς
1928 1647 2047 1721 Ἀρ-

394 1737 602 1808 μὲνιος,
661 1738 986 1812 Ἀρχιερεὺς
1056 1737 1329 1813 μέγιστος,
1393 1734 1750 1814 δημαρχικῆς
1806 1734 2046 1808 ἐξουσίας

2143 565 2226 620 ait
2255 566 2595 624 Blondellus
2632 586 2752 625 non
2801 569 2909 625 sub
2961 569 3302 641 episcopatu
3332 569 3654 637 Eleutheri,
3689 568 3804 623 sed

2143 655 2383 726 Soteris,
2419 659 2520 729 qui
2551 659 2623 714 ad
2655 659 2828 715 Marci
2859 660 3156 715 decimum
3191 676 3415 716 annum
3445 659 3692 724 sedit,ut
3726 675 3804 713 ex

2143 745 2420 801 Ecclesiae
2454 749 2730 804 Romanae
2759 749 2974 805 tabulis
3005 749 3294 816 observat,
3319 765 3449 819 quae
3479 749 3654 804 aliter
3686 765 3803 803 an-

2143 850 2251 888 nos
2282 836 2631 906 pontilicum
2654 855 2832 910 quam
2855 839 3140 895 Eusebius
3162 839 3505 911 disponunt.
3533 839 3644 893 Sed
3670 838 3804 893 haec

2143 923 2544 997 discrepantia
2575 929 2801 984 nullam
2833 929 2894 983 in
2938 929 3045 984 hac
3071 946 3133 985 re
3169 929 3581 984 difﬁcultatem
3610 933 3802 984 creat.

2143 1014 2273 1068 Sive
2306 1015 2465 1070 enim
2499 1018 2673 1073 Marci
2734 1023 2819 1088 10,
2869 1024 2934 1073 ut
2977 1019 3182 1074 statuit
3221 1017 3801 1090 pseudoDamasus,

2145 1103 2262 1158 sive
2289 1107 2452 1174 16,ut
2480 1107 2786 1178 Eusebius,
2823 1107 3023 1164 sedem
3047 1111 3372 1164 Romanam
3403 1109 3597 1180 primo
3621 1125 3808 1164 occu—

2145 1193 2302 1265 pavit
2343 1195 2711 1264 Eleutherus,
2750 1200 2810 1252 l7
2845 1198 3017 1254 Marci
3051 1215 3206 1254 anno
3239 1201 3437 1254 Roma:
3480 1197 3641 1252 idem
3673 1197 3808 1267 epi-

2145 1300 2357 1355 scopus
2379 1284 2511 1354 fuit,
2536 1303 2672 1342 cum
2704 1287 2757 1342 ei
2787 1289 3046 1344 Irenaaus
3067 1288 3175 1344 sub
3198 1288 3528 1360 presbyteri
3553 1286 3804 1342 nomine

2146 1387 2180 1426 a
2211 1373 2568 1445 martyribus
2590 1375 3039 1432 commendatus
3062 1377 3310 1433 estleec
3342 1376 3518 1448 igitur
3539 1374 3803 1446 objectio

2146 1461 2415 1518 nehilum
2450 1464 2691 1534 quidem
2718 1466 2970 1538 prolicit,
3006 1466 3121 1521 nisi
3154 1467 3317 1538 prius
3347 1464 3666 1537 probatum
3699 1465 3803 1528 sit,

2148 1554 2178 1604 '7
2209 1551 2384 1607 Marci
2415 1555 2887 1623 persecutionem
2917 1555 3279 1613 Gallicanam
3302 1559 3361 1609 et
3389 1555 3711 1610 excitatam
3745 1557 3805 1608 et

2149 1639 2380 1696 ﬁnitam
2402 1658 2553 1710 esse,
2578 1648 2636 1698 et
2662 1645 2980 1701 Pothinum
3004 1662 3071 1700 eo
3097 1651 3362 1717 tempore
3395 1644 3682 1716 martyrio
3707 1660 3803 1698 co-

2148 1736 2446 1801 ronatum,
2476 1739 2534 1788 et
2561 1735 2851 1790 Irenaeum
2876 1737 3075 1790 statim
3100 1735 3479 1801 successisse,
3503 1750 3635 1805 quae
3668 1751 3807 1804 pro-

382 1824 444 1880 τὸ
472 1826 716 1900 πέμπτον
779 1827 870 1882 καὶ
940 1823 1184 1898 δέκατον,
1215 1827 1418 1890 ὕπατος
1451 1831 1512 1882 τὸ
1544 1827 1746 1902 τρίτον,
1783 1851 1811 1880 «
1846 1829 2043 1897 Impe-

2231 1822 2278 1875 ri
2313 1823 2477 1878 nullo
2504 1824 2678 1879 modo
2705 1841 2878 1897 posse
2901 1826 3028 1898 jam
3061 1831 3196 1882 ante
3229 1825 3619 1881 ostendimus.
3656 1825 3806 1878 Nam

381 1922 544 1972 rator
578 1919 773 1974 Caesar
812 1920 882 1974 M.
917 1920 1255 1975 Antoninus
1289 1925 1429 1992 Aug.
1465 1919 2041 1990 Armenicus,ponti—

381 2006 480 2062 fex
511 2007 825 2076 maximus,
861 2008 1195 2064 tribuniciae
1226 2009 1535 2081 potestatis
1567 2010 1651 2074 l5,
1685 2007 1892 2063 consul
1923 2009 1974 2063 3.
2007 2027 2036 2058 »

388 2096 565 2151 Miror
597 2097 876 2168 equidem
903 2097 1197 2154 Valesium
1221 2097 1462 2168 dixisse,
1495 2099 1647 2154 hanc
1674 2097 1985 2169 epistolam
2009 2113 2041 2152 a

391 2186 583 2241 Marco
618 2186 898 2257 scriptam
945 2202 1071 2242 esse
1130 2208 1157 2238 ‹‹
1191 2204 1346 2243 anno
1401 2187 1592 2260 primo
1626 2187 1754 2259 ejus
1784 2186 2039 2259 imperii,

396 2292 532 2330 cum
555 2276 678 2348 ipse
698 2282 854 2332 esset
877 2279 1114 2334 tertium
1138 2280 1365 2337 consul.
1383 2301 1412 2329 »
1433 2279 1591 2334 Licet
1611 2278 1770 2334 enim
1794 2294 1860 2333 eo
1882 2295 2039 2333 anno

393 2366 634 2422 tertium
655 2367 863 2423 consul
885 2370 1114 2436 esset,is
1134 2374 1332 2425 tamen
1355 2373 1418 2424 15
1439 2368 1768 2424 tribuniciae
1791 2373 2041 2441 potesta-

393 2455 471 2509 tis
497 2471 626 2510 esse
649 2473 769 2511 non
787 2457 996 2528 potuit.
1012 2461 1084 2513 At
1107 2459 1344 2514 tertium
1368 2459 1574 2514 consul
1597 2458 1903 2514 dicebatur
1923 2475 2041 2513 non

394 2547 627 2600 tantum
652 2563 719 2601 eo
744 2563 926 2613 anno,
951 2564 1066 2619 quo
1095 2549 1466 2605 consulatum
1489 2549 1688 2621 gessit,
1722 2548 1824 2604 sed
1855 2548 2043 2603 omni-

391 2633 504 2690 bus
530 2637 938 2708 sequentibus,
959 2637 1074 2693 nisi
1095 2638 1280 2694 alium
1303 2639 1670 2695 consulatum
1696 2639 2042 2694 iniret.Mar-

396 2741 498 2779 cus
529 2731 727 2782 autem
761 2733 967 2798 postea
986 2729 1193 2784 consul
1216 2746 1334 2784 non
1356 2729 1484 2795 fuit,
1506 2729 1756 2800 ideoque
1786 2744 1894 2801 per
1913 2745 2041 2783 om-

390 2832 498 2870 nes
530 2815 766 2888 imperii
799 2834 988 2874 annos
1014 2819 1255 2875 tertium
1283 2818 1488 2876 consul
1520 2819 1712 2875 dictus
1743 2824 1854 2887 est,
1886 2824 1951 2874 ut
1980 2820 2041 2874 in

393 2903 781 2978 inscriptione
803 2909 1183 2965 Gruteriana:

389 3040 536 3096 IMP.
579 3042 724 3104 CASS
763 3044 834 3100 M.
889 3045 1140 3100 AVREL.
1191 3046 1588 3102 ANTONINVS
1626 3047 1784 3102 AVG.
1828 3047 2036 3102 GERM.

837 3117 946 3172 TR.
987 3118 1052 3171 P.
1095 3117 1261 3172 XVII.
1305 3118 1451 3174 COS.
1493 3119 1590 3172 III.

461 3241 598 3306 Quae
621 3241 798 3315 igitur
819 3241 881 3297 in
904 3242 1044 3298 Asia
1068 3247 1098 3296 7
1125 3244 1300 3299 Marci
1325 3261 1478 3300 anno
1501 3245 1834 3317 persecutio
1860 3252 2048 3319 cmpta

393 3336 502 3399 est,
538 3333 600 3385 15
635 3331 906 3403 ejusdem
938 3333 1144 3388 sedata
1176 3339 1284 3390 est.
1309 3337 1375 3390 In
1399 3334 1585 3390 Gallia
1619 3340 1814 3391 tamen
1846 3337 2046 3393 statim

391 3419 715 3480 recruduit.
751 3427 809 3476 et
839 3422 995 3477 circa
1019 3423 1201 3478 finem
1227 3424 1367 3478 anni
1397 3428 1460 3478 17
1479 3441 1687 3496 passus
1709 3430 1798 3480 est
1819 3426 2047 3498 episco-

390 3525 502 3580 pus
562 3508 826 3582 Lugduni
881 3511 1189 3580 Pothinus,
1222 3513 1371 3568 Rufo
1405 3518 1462 3567 et
1493 3514 1735 3586 Orphito
1775 3531 1949 3585 coss,
1982 3519 2048 3570 ut

391 3597 573 3653 refert
603 3600 912 3657 Chronicon
945 3602 1410 3660 Alexandrinum.

463 3689 656 3745 Tertio
681 3691 902 3763 excipit
922 3691 1285 3761 Blondellus,
1307 3694 1625 3750 Eusebium
1649 3695 1881 3751 tradere
1909 3712 2041 3766 per-

406 3780 776 3836 secutionem
799 3782 1163 3838 Gallicanam
1198 3784 1708 3854 elTerbuisse,ante
1740 3785 2046 3841 victoriam

396 3867 629 3943 legione
659 3873 1048 3930 fulminatrici
1071 3877 1262 3931 Marco
1281 3881 1531 3947 partam,
1558 3893 1687 3949 quae
1716 3880 1776 3931 13
1809 3875 2043 3948 imperii

408 3960 535 4031 ejus
566 3979 720 4018 anno
745 3965 1087 4037 contigit.Et
1107 3966 1348 4037 quidem
1379 3967 1664 4023 Eusebius
1696 3973 1830 4039 post
1857 3985 2050 4040 perse-

398 4050 652 4106 cutionis
685 4054 1088 4110 narrationem
1121 4055 1288 4111 illam
1327 4056 1638 4113 historiam
1671 4057 1885 4126 tradit;
1917 4063 2050 4131 post

399 4145 596 4195 autem
629 4145 1106 4213 persecutionem
1154 4147 1472 4217 contigisse
1502 4164 1622 4202 non
1653 4147 1814 4217 dicit,
1843 4148 1947 4204 sed
1978 4165 2048 4204 ea

397 4230 596 4297 potius
623 4247 754 4300 quae
786 4235 1148 4289 contrarium
1173 4236 1713 4293 evincunt.Claudit
1733 4238 1894 4294 enim
1916 4255 2046 4311 per-

404 4320 728 4377 secutionis
760 4322 1070 4380 historiam
1119 4325 1211 4381 his
1258 4326 1484 4383 verbis:
1535 4324 1714 4383 Ἀλλά
1741 4327 1808 4382 τὰ
1839 4328 1933 4400 μὲν
1964 4321 2049 4382 ἐπ’

393 4405 718 4463 ’Δντωνίνού
750 4416 991 4468 τοιαῦτα·
1028 4417 1265 4487 «Atque
1299 4416 1438 4473 talia
1471 4423 1609 4475 sunt
1640 4435 1770 4489 qua:
1800 4417 1907 4473 sub
1937 4419 2050 4472 An-

399 4496 610 4553 tonino
642 4501 1037 4576 contigerunt,
1065 4527 1094 4555 ››
1128 4505 1230 4561 lib.
1251 4523 1301 4575 ν,
1331 4523 1458 4580 cap.
1483 4510 1534 4563 4.
1560 4508 1694 4563 Haec
1724 4507 1885 4562 enim
1917 4525 2048 4579 quae

397 4589 668 4659 proxime
701 4599 1094 4662 enarraverat,
1117 4597 1192 4651 ad
1222 4603 1524 4668 postrema
1543 4597 1705 4651 illius
1727 4596 2050 4668 imperato-

397 4677 481 4732 ris
503 4683 771 4752 tempora
785 4683 1253 4741 referebat.Tum
1269 4703 1404 4742 vero
1427 4685 1830 4741 narrationem
1845 4703 2046 4758 quam-

399 4767 534 4824 dam
568 4772 767 4827 statim
796 4773 1099 4830 interserit
1129 4775 1201 4830 de
1246 4775 1500 4847 Legione
1521 4774 1833 4847 fulminea,
1866 4793 2044 4847 quam

399 4858 560 4914 velut
594 4861 880 4918 incertam
912 4865 1236 4935 relinquit:
1297 4861 1441 4918 ἀλλὰ
1497 4866 1663 4917 ταῦτα
1695 4864 1790 4936 μὲν
1820 4862 1927 4936 ὅπη
1961 4885 2043 4926 τις

396 4944 560 5022 ἐθέλῃ
590 4950 842 5020 τιθέσθω,
867 4976 894 5004 ‹‹
919 4953 1022 5008 sed
1045 4953 1116 5008 de
1136 4953 1227 5009 his
1249 4954 1502 5024 quisque
1525 4971 1630 5026 pro
1661 4955 1905 5010 arbitrio
1937 4973 2043 5011 suo

394 5043 652 5106 statuat;
691 5063 711 5090 ι
750 5042 1024 5114 μετίωμεν
1081 5037 1139 5094 δὲ
1189 5042 1353 5114 ἡμεῖς
1381 5039 1469 5095 ἐπὶ
1497 5043 1596 5109 τὴν
1624 5047 1732 5097 τῶν
1762 5043 1883 5114 ἑξῆς
1914 5044 2046 5099 ἀκο-

395 5125 635 5198 λουθίαν,
660 5153 686 5181 ‹‹
711 5148 820 5186 nos
845 5149 976 5188 vero
999 5131 1073 5187 ad
1094 5131 1357 5186 historiae
1384 5131 1652 5189 ordinem
1670 5135 2043 5192 redeamUs.»

399 5219 810 5276 Narrationem
841 5223 1020 5293 igitur
1041 5222 1203 5276 illam
1226 5221 1296 5276 de
1319 5221 1550 5294 legione
1571 5224 1854 5282 fulminea
1880 5234 2045 5282 extra

394 5305 492 5372 τὴν
525 5311 629 5360 τῶν
657 5307 776 5378 ἒξης
806 5307 1152 5378 ἀκολουθίαν,
1186 5310 1303 5364 sive
1337 5331 1366 5360 «
1398 5311 1659 5367 historia;
1698 5314 1989 5385 ordinem,
2013 5338 2042 5366 ››

397 5397 728 5454 secundum
749 5416 946 5454 rerum
968 5404 1266 5472 gestarum
1290 5402 1774 5472 consequentiam
1806 5405 2046 5462 interse-

398 5489 590 5546 ruisse
621 5506 680 5545 se
713 5491 953 5547 fatetur.
977 5490 1149 5546 Redit
1170 5491 1349 5563 igitur
1371 5492 1445 5548 ad
1477 5494 1656 5550 linem
1686 5496 2045 5566 persecutio-

396 5578 513 5649 nis,
547 5579 620 5636 ad
648 5585 902 5637 mortem
929 5580 1190 5653 Pothini,
1251 5587 1311 5639 et
1365 5585 1802 5644 successionem
1838 5586 2043 5643 lrenaei

397 5667 464 5728 in
495 5669 840 5742 episcopatu
870 5670 1264 5746 Lugdunensi.

2075 3213 2125 3276 Ο

2079 4579 2123 4643 D

2151 1911 2387 1965 Eusebii
2416 1912 2749 1969 Chronicon
2781 1914 2952 1970 aliter
2972 1914 3448 1988 intelligendum,
3473 1913 3630 1986 quod
3663 1914 3809 1969 Oro-

2151 2000 2294 2065 sius,
2326 2000 2544 2056 Paulus
2599 2002 2910 2072 Diaconus,
2944 2004 3308 2076 Freculphus
3360 2003 3583 2074 aliique
3612 2002 3810 2057 secuti

2153 2094 2311 2155 sunt,
2345 2091 2694 2147 certissimis
2724 2095 3088 2165 argumentis
3119 2094 3636 2163 evicimus.anue
3668 2109 3812 2148 vera

2153 2195 2280 2235 esse
2298 2180 2387 2236 vel
2411 2180 2551 2236 hinc
2571 2189 2773 2254 aperte
2796 2183 3114 2257 colligitur.
3138 2185 3204 2239 In
3244 2183 3534 2239 Chronico
3567 2181 3812 2237 Eusebii

2153 2270 2227 2325 ad
2256 2274 2313 2324 11
2341 2270 2517 2326 Marci
2546 2288 2770 2328 annum
2803 2273 2928 2328 haec
2960 2279 3245 2330 notantur
3275 2290 3287 2328 :
3339 2296 3366 2323 «
3396 2272 3814 2343 Pseudo-pro~

2152 2361 2374 2433 phetia,
2407 2379 2536 2432 quae
2564 2361 2958 2437 Cataphrygas
2990 2366 3352 2432 nominatur,
3385 2363 3610 2435 accepit
3642 2379 3813 2417 exor-

2153 2450 2339 2515 dium,
2367 2457 2606 2508 auctore
2636 2455 2933 2523 Montano,
2965 2459 3022 2509 et
3052 2451 3808 2522 Priscilla,Maximillaque

2159 2540 2386 2596 insanis
2410 2541 2656 2598 vatibus.
2680 2565 2708 2592 »
2732 2546 2805 2600 At
2828 2549 2965 2600 ante
2996 2545 3172 2616 hujus
3203 2544 3502 2599 haereseos
3534 2549 3815 2598 exortum

2155 2631 2221 2684 in
2252 2629 2456 2685 Galliis
2486 2632 2791 2703 martyria,
2825 2633 3035 2688 saltem
3060 2634 3185 2688 haec
3224 2633 3296 2688 de
3321 2633 3534 2704 quibus
3556 2633 3816 2700 agimus,

2155 2721 2280 2775 visa
2309 2736 2430 2775 non
2454 2721 2738 2793 sunt.lpsi
2761 2722 2922 2778 enim
2942 2729 3234 2794 martyres
3258 2723 3544 2778 Gallicani
3572 2721 3644 2776 de
3668 2739 3822 2778 con-

2155 2810 2437 2864 troversia
2464 2825 2534 2865 ex
2555 2812 2814 2866 Montani
2845 2813 3058 2868 haeresi
3091 2817 3220 2868 orta
3251 2812 3610 2868 sententiam
3641 2828 3816 2868 suam

2154 2898 2624 2970 protulerunt,ut
2644 2916 2716 2954 ex
2734 2901 3149 2956 vetustissimis
3177 2917 3382 2957 eorum
3407 2902 3818 2956 monumentis

2154 2989 2334 3044 tradit
2365 2988 2671 3055 Eusebius,
2703 2993 2845 3046 Hist.
2905 2989 2942 3046 l.
3009 3009 3054 3061 ν,
3115 3009 3165 3049 c.
3226 2995 3278 3047 3.
3321 2993 3552 3046 Fratres
3583 2991 3813 3063 quippe

2157 3078 2441 3134 Gallicani
2469 3078 2580 3134 hac
2611 3079 2984 3137 dissensione
3015 3084 3143 3137 orta
3152 3080 3449 3153 judicium
3471 3097 3644 3136 suum
3675 3097 3816 3152 pro-

2154 3169 2455 3224 tulerunt:
2491 3166 2762 3241 ἐκθέμενοι
2811 3169 2901 3224 καὶ
2958 3173 3065 3224 τῶν
3107 3170 3235 3243 παρ’
3265 3168 3452 3230 αὐτοῖς
3482 3166 3816 3231 τελειωθέν-

2151 3275 2260 3310 των
2325 3255 2610 3331 μαρτύρων
2667 3255 2960 3334 διαφόρους
3015 3257 3331 3327 ἐπιστολὰς,
3364 3257 3423 3320 ἃς
3464 3255 3516 3312 ἐν
3577 3253 3817 3330 δεσμοῖς

2145 3343 2227 3400 ’ἑτι
2281 3345 2620 3422 ὑπάρχοντες
2671 3353 2785 3410 τοῖς
2835 3347 2917 3402 ἐπ’
2976 3348 3158 3410 Ἀσίας
3211 3348 3302 3402 καὶ
3361 3345 3610 3423 Φρυγίας
3642 3343 3818 3401 ἀδελ-

2148 3439 2270 3510 φοῖς
2305 3431 2648 3511 διεχάραεανο
2693 3460 2722 3489 ς(
2749 3438 2995 3509 prolatis
3043 3438 3496 3494 interfectorum
3545 3435 3707 3508 apud
3742 3454 3807 3492 se

2149 3533 2481 3600 martyrum
2513 3528 2687 3584 variis
2717 3529 3162 3600 epistolis,quas
3193 3528 3301 3597 illi,
3335 3528 3475 3583 dum
3508 3528 3569 3582 in
3599 3527 3807 3582 vincu—

2148 3615 2222 3672 lis
2253 3617 2445 3674 adhuc
2477 3623 2693 3685 essent,
2727 3618 2802 3674 ad
2831 3619 3043 3674 fratres
3075 3619 3136 3673 in
3163 3618 3303 3672 Asia
3325 3623 3384 3673 et
3409 3617 3664 3689 Phrygia
3696 3617 3811 3672 de-

2150 3711 2354 3777 gentes
2383 3707 2762 3780 scripserant.
2790 3729 2819 3758 »
2851 3710 2933 3763 Ex
2959 3707 3373 3764 vetustissimis
3404 3707 3581 3779 igitur
3604 3706 3809 3762 Eccle-

2153 3795 2254 3851 sia)
2277 3797 2592 3854 Gallicanae
2610 3799 3015 3854 monumentis
3036 3797 3213 3854 tradit
3231 3796 3517 3852 Eusebius
3537 3802 3595 3851 et
3609 3796 3815 3851 Pothi-

2152 3905 2298 3944 num
2311 3905 2345 3944 a
2358 3889 2844 3960 Lugdunensibus
2859 3888 3201 3960 episcopum
3224 3887 3460 3959 proprie
3477 3885 3813 3942 secundum

2153 3977 2322 4033 illum
2343 3977 2636 4047 ordinem,
2673 3994 2850 4048 quem
2880 3978 2941 4032 in
2971 3976 3232 4033 Ecclesia
3262 3978 3522 4044 tenebat,
3551 3975 3816 4048 appella-

2154 4072 2280 4122 tum
2307 4083 2458 4137 esse,
2504 4073 2564 4123 et
2618 4069 2903 4123 Irenaeum
2963 4067 3140 4122 etiam
3199 4067 3635 4138 presbyterum,
3669 4081 3810 4120 cum

2156 4156 2346 4212 adhuc
2379 4162 2608 4213 tantum
2655 4157 2966 4229 presbyter
3013 4161 3190 4224 esset,
3223 4173 3334 4211 nec
3366 4157 3428 4210 in
3462 4155 3812 4228 episc0patu

2154 4247 2406 4302 Pothino
2465 4248 2863 4303 successisset.
2898 4245 3076 4314 Vidit,
3131 4246 3362 4317 opinor,
3397 4245 3653 4300 Dallzeus
3686 4245 3817 4300 haec

2155 4353 2292 4391 vera
2321 4337 2730 4408 esse,ideoque
2762 4353 2796 4392 a
2826 4335 3232 4392 Blondelliano
3264 4341 3610 4408 argumento
3642 4352 3820 4407 pror-

2157 4441 2257 4481 sus
2288 4425 2593 4481 abstinuit.
2630 4426 2749 4481 Roc
2779 4425 2958 4497 igitur
3005 4430 3170 4480 extra
3199 4424 3663 4481 controversiam
3695 4441 3804 4496 po-

2157 4516 2268 4571 sito
2299 4515 2532 4588 reliqua
2561 4531 3014 4587 persequamur.

2225 4685 2586 4758 Hegesippus
2607 4685 2715 4741 sub
2739 4684 2948 4741 eodem
2969 4683 3287 4740 Eleuthero
3312 4682 3584 4740 eamdem
3612 4684 3812 4758 appel-

2155 4775 2441 4832 lationem
2490 4793 2626 4832 cum
2655 4776 2880 4847 Ignatio
2934 4780 3091 4830 caste
3122 4773 3472 4830 observavit.
3505 4774 3810 4832 Plurimos

2157 4887 2184 4916 «
2206 4866 2556 4938 episc0pos»
2572 4883 2632 4921 se
2651 4865 2869 4921 adiisse
2888 4865 3133 4932 ait,cum
3150 4866 3396 4919 Romam
3412 4864 3819 4934 proﬁciscere-

2157 4955 2388 5025 tur,sub
2421 4955 2866 5026 Aniceto,cujus
2895 4960 3022 5009 tum
3055 4953 3340 5009 diaconus
3373 4959 3497 5008 erat
3527 4953 3815 5010 Eleuthe-

2154 5061 2278 5101 rus.
2328 5045 2468 5116 Ejus
2525 5044 2700 5100 verba
2748 5048 2926 5100 sunt:
2987 5040 3270 5115 Ἐπέμενεν
3323 5043 3357 5110 ἡ
3415 5038 3724 5111 Ἐκκλησία
3776 5045 3812 5111 ἡ

2155 5132 2453 5207 Κορινθίων
2511 5131 2560 5186 ἐν
2611 5137 2690 5204 τῷ
2729 5132 2875 5205 ὀρθῷ
2934 5129 3085 5206 λόγῳ
3117 5126 3284 5205 μέχρι
3335 5129 3552 5203 Πρίμου
3585 5129 3806 5186 ἐπισκο-

2153 5222 2411 5285 πεύοντος
2467 5222 2517 5276 ἐν
2576 5221 2841 5296 Κορίνθῳ.
2902 5244 2931 5274 ς(
2979 5221 3421 5278 Corinthiorum
3459 5221 3721 5279 Ecclesia
3753 5224 3816 5280 in

2153 5322 2317 5374 recta
2339 5316 2455 5372 fide
2479 5317 3006 5388 permansitusque
3025 5315 3097 5371 ad
3121 5316 3386 5370 Primum
3404 5315 3674 5371 Corinthi
3700 5318 3822 5389 epi-

2157 5424 2424 5480 scopum.
2454 5429 2482 5458 ››
2508 5406 2672 5462 Idem
2699 5407 2769 5462 de
2793 5403 3342 5476 Hierosolymitanis
3369 5421 3381 5458 :
3411 5403 3560 5458 Μετὰ
3589 5405 3652 5459 τὸ
3687 5425 3823 5478 μαρ-

2154 5498 2383 5571 τυρῆσαι
2417 5489 2674 5550 Ἰάκωϐον
2719 5495 2810 5549 τὸν
2867 5491 3072 5548 δίκαιον
3134 5491 3302 5547 πάλιν
3364 5491 3392 5545 ὁ
3450 5492 3516 5547 ἐκ
3543 5492 3692 5548 θείου
3723 5494 3815 5549 αὖ·

2153 5589 2250 5641 τοῦ
2301 5585 2526 5658 Συμεών
2585 5585 2613 5638 ὁ
2670 5588 2767 5638 τοῦ
2822 5581 3056 5639 Κλεωπᾶ
3125 5580 3433 5637 καθίσταται
3493 5579 3810 5648 ἐπίσκοπος.

2157 5698 2187 5728 ‹‹
2212 5677 2354 5734 Post
2374 5675 2726 5748 martyrium
2741 5673 2945 5733 Jacobi
2965 5673 3378 5744 Justi,rursum
3407 5689 3481 5732 ex
3510 5676 3808 5736 avunculo
