3942 6302
133 406 252 468 41Ί

861 401 920 462 J.
963 397 1388 463 PEARSONII
1429 398 1800 462 VINDIGIJE
1841 397 2313 462 IGNATIANIE.
2360 432 2438 444 -
2478 397 2686 461 PARS
2729 399 2804 460 ΙΙ.

3448 407 3570 474 418

150 541 205 613 ej
218 556 281 595 us
301 541 568 610 Symeon
590 535 818 609 Cleopaa
841 533 999 590 ﬁlius
1021 534 1331 606 episcopus
1349 534 1750 591 constituitur.
1777 556 1806 586 ››
1836 537 1890 606 Α
1920 533 2100 590 cienti
2157 533 2486 591 videbatur.
2541 532 2960 605 Presbyterum
3020 535 3262 606 quidem
3312 555 3373 596 se
3404 541 3574 596 vocat

144 634 216 686 Et
247 629 448 684 statim
481 644 495 681 :
529 627 799 699 Ἀρχεται
857 621 914 678 δὲ
967 623 996 676 ὁ
1053 617 1308 684 Θὲϐουθις
1343 619 1430 677 διὰ
1459 623 1522 676 τὸ
1557 624 1633 695 μὴ
1668 619 1810 696 γενέ-

133 729 257 781 σθαι
302 716 463 771 αὐτὸν
502 715 802 770 επίσκοπον
843 711 1208 788 ὑποφθείρειν.
1249 731 1272 762 ι
1312 714 1547 768 Primus
1577 713 1806 768 Thebu-

137 811 286 878 this,
313 808 475 880 quod
517 808 832 878 episcopus
859 805 1050 860 factus
1076 821 1195 860 non
1228 805 1323 872 sit,
1356 804 1676 860 Ecclesiam
1708 821 1808 860 oc-

133 900 295 956 culte
324 899 534 952 vitiare
576 911 893 970 aggressus
925 899 1034 952 est.
1069 915 1097 944 ››
1131 897 1216 950 Ita
1239 911 1474 966 semper
1503 895 1810 966 episcopos

139 1005 250 1042 suo
287 987 532 1042 nomine
557 985 852 1057 indigitat,
877 999 1185 1054 nunquam
1207 983 1582 1055 presbyteros
1609 988 1797 1052 vocat,

143 1077 561 1150 apostolorum
596 1074 962 1146 temporibus
989 1074 1292 1145 proximus
1318 1073 1699 1147 Hegesippus.
1724 1075 1809 1128 Ita

151 1167 502 1238 Polycrates
533 1165 963 1236 Ephesinorum
1000 1164 1332 1235 episcopus,
1366 1163 1427 1218 in
1459 1163 1710 1235 epistola
1734 1163 1808 1218 ad

151 1257 456 1310 Victorem
506 1269 744 1326 papam,
793 1253 865 1307 de
914 1252 1208 1324 episcopis
1238 1269 1475 1324 semper
1503 1253 1808 1324 Ignatiano

133 1361 308 1401 more
337 1344 644 1414 loquitur:
677 1342 798 1396 Ἔτι
831 1337 888 1394 δὲ
927 1340 1016 1394 καὶ
1049 1337 1406 1413 Ιίολύκαρπος
1437 1339 1464 1393 ὁ
1496 1337 1547 1393 ἐν
1582 1338 1803 1413 Σμύρνῃ

147 1433 245 1487 καὶ
304 1431 600 1492 ἐπίσκοπος
655 1429 746 1483 καὶ
810 1428 1036 1502 μάρτυς,
1101 1427 1192 1482 καὶ
1244 1427 1477 1502 Θρασέας
1534 1428 1623 1483 καὶ
1688 1427 1806 1483 ἐπί-

146 1541 360 1584 σκοπος
410 1521 500 1574 καί
562 1519 766 1592 μάρτυς
823 1517 930 1572 ἀπὸ
982 1516 1270 1589 Εὐμενίας.
1305 1517 1373 1574 Τί
1435 1513 1491 1571 δὲ
1522 1516 1602 1571 δεῖ
1635 1513 1810 1592 λέγειν

143 1613 388 1687 Σάγαριν
436 1608 526 1664 καὶ
583 1606 876 1662 ἐπίσκοπον
931 1605 1021 1660 καὶ
1081 1604 1364 1681 μάρτυρας
1400 1608 1806 1680 «Polycarpus

150 1719 400 1776 quoque
426 1702 526 1772 qui
576 1700 732 1772 apud
779 1700 1091 1770 Smyrnam
1143 1699 1457 1770 episcopus
1497 1704 1556 1754 et
1584 1705 1810 1770 martyr

141 1795 281 1860 fuit,
313 1793 576 1862 itemque
598 1791 881 1845 Thraseas
907 1787 1207 1843 Eumeniaa
1232 1789 1543 1860 episcopus
1564 1793 1624 1846 et
1646 1805 1806 1844 mar-

1918 624 2286 697 Anonymus,
2320 624 2581 680 Zoticum
2613 625 2792 680 etiam
2823 626 3128 695 Otrenum,
3158 631 3216 681 et
3238 631 3576 700 Ancyrano-

1917 730 2050 769 rum
2075 714 2558 786 presbyterorum
2589 714 2957 770 mentionem
2981 714 3123 770 facit
3147 733 3160 784 ;
3194 716 3297 772 sed
3324 717 3430 774 hos
3453 736 3576 776 om-

1916 821 2023 859 nes
2055 805 2363 876 episcopos
2394 805 2512 860 sive
2539 804 2716 875 primi
2748 803 2973 859 ordinis
2997 806 3334 862 sacerdotes
3363 807 3569 878 fuisse,

1917 910 1986 949 ex
2020 895 2147 967 ipsa
2177 900 2477 967 gestorum
2509 894 2849 950 narratione
2875 895 3152 967 colligere
3179 913 3239 952 se
3272 914 3444 968 posse
3469 917 3574 971 pu-

1915 987 2057 1040 tavit
2088 986 2176 1040 vir
2228 985 2634 1051 doctissimus,
2667 1001 2801 1040 cum
2862 989 3062 1040 tamen
3094 986 3166 1040 ad
3199 987 3571 1058 probandum

1916 1079 2016 1131 aut
2048 1074 2233 1146 ipsius
2265 1075 2547 1146 anonymi
2580 1079 2681 1129 aut
2737 1074 2916 1129 Zotici
2948 1075 3412 1147 compresbyteri
3447 1077 3571 1148 epi-

1915 1169 2222 1236 scopatum
2255 1180 2327 1218 ex
2359 1165 2608 1218 historia
2638 1163 2787 1218 nihil
2832 1165 3058 1218 afferat.
3093 1166 3162 1218 Et
3190 1165 3432 1235 quidem
3463 1183 3568 1238 pro

1914 1251 2197 1322 anonymi
2229 1251 2414 1322 ipsius
2445 1251 2788 1323 episcopatu
2819 1250 2963 1320 quid
2992 1251 3190 1306 afferri
3226 1253 3412 1323 possit
3443 1269 3563 1309 non

1914 1341 2102 1410 video,
2131 1341 2179 1396 si
2219 1341 2395 1397 verba
2452 1341 2608 1413 apud
2665 1340 2985 1394 Eusebium
3028 1346 3295 1412 spectes;
3330 1343 3489 1413 quod
3519 1343 3567 1398 si

1913 1430 2218 1487 Rufﬁnum
2239 1431 2626 1501 interpretem
2649 1430 2940 1498 consulas,
2971 1436 3090 1498 aut,
3111 1431 3210 1501 qui
3237 1448 3372 1486 eum
3399 1449 3565 1489 secu-

1915 1527 2007 1578 tus
2041 1528 2149 1589 est,
2184 1521 2576 1594 Martyrologii
2610 1520 2858 1576 Romani
2908 1526 3210 1576 auctorem
3258 1523 3452 1577 Martii
3487 1523 3572 1591 10,

1917 1613 2029 1667 erit
2060 1611 2416 1684 Apollinaris
2454 1610 2932 1682 Hierapolitanus
2965 1611 3298 1683 episcopus.
3334 1611 3449 1668 Sed
3479 1628 3574 1666 er-

1915 1718 2079 1757 rasse
2099 1700 2401 1757 Iiufﬁnum
2419 1705 2678 1768 constat;
2702 1716 2820 1755 non
2836 1701 2994 1754 enim
3014 1700 3302 1756 Eusebius
3316 1700 3575 1757 afﬁrmat

1914 1791 2319 1863 Apollinarem
2350 1791 2476 1845 haec
2530 1789 2858 1861 scripsisse,
2894 1789 2996 1843 sed
3031 1789 3215 1844 alium
3248 1791 3565 1860 quemdam

141 1891 258 1954 lyr.
279 1880 429 1947 Quid
452 1879 694 1952 Sagarin
709 1879 1051 1950 episcopum
1067 1878 1461 1950 eumdemque
1485 1883 1804 1951 martyrem
1837 1915 1882 1980 Β
1915 1897 1984 1935 ex
2015 1878 2432 1950 eloquentibus
2464 1879 2604 1933 viris
2637 1895 2784 1949 quos
2816 1877 3144 1948 Apollinari
3179 1878 3468 1952 adjungit,
3501 1885 3566 1935 ut

138 1974 360 2028 attinet
416 1971 614 2026 dicere
634 1969 662 2024 ‘?
691 1989 716 2020 ι
753 1969 1024 2039 Seipsum
1055 1968 1236 2022 etiam
1266 1968 1610 2040 episcopum
1641 1974 1808 2024 vocat
1839 1966 1881 1980 ν
1912 1969 2274 2042 jampridem
2305 1985 2339 2024 a
2369 1968 2509 2023 viris
2564 1967 2751 2022 doctis
2805 1966 3099 2022 Halloixio
3141 1973 3198 2022 et
3251 1968 3476 2025 Valesio
3509 1975 3568 2026 et

149 2078 280 2117 non
327 2060 528 2116 minus
586 2073 764 2128 quam
831 2055 1129 2128 Ignatius:
1179 2054 1348 2109 Ἑπτά
1381 2055 1474 2126 μὲν
1509 2055 1642 2122 ἦσαν
1678 2075 1812 2128 συγ-

140 2153 326 2224 γενεῖς
361 2168 454 2219 μοι
489 2143 798 2210 ἐπίσκοποι,
832 2142 943 2217 ἐγὼ
975 2139 1032 2196 δὲ
1063 2138 1279 2217 ὃγδοοςο
1315 2166 1342 2194 ‹‹
1375 2145 1611 2218 Septem
1644 2151 1814 2200 erant

144 2239 301 2295 mihi
325 2238 538 2293 afﬁnes
564 2235 967 2308 episcopi,ego
987 2238 1186 2288 autem
1205 2239 1464 2290 octavus.
1493 2255 1521 2284 »
1547 2234 1814 2290 Ostendit

147 2345 438 2401 magnum
472 2342 600 2382 esse
633 2340 951 2380 numerum
1005 2339 1208 2378 eorum
1260 2323 1360 2393 qui
1416 2323 1526 2378 sibi
1569 2323 1816 2379 aderant

147 2435 284 2474 cum
308 2417 386 2473 ad
410 2417 702 2471 Victorem
727 2413 1041 2470 scriberet:
1063 2429 1271 2468 omnes
1294 2412 1604 2485 episcopos
1625 2419 1811 2482 vocat,

154 2508 320 2580 quod
353 2505 616 2578 episcOpi
648 2508 868 2572 essent,
900 2519 1009 2558 nec
1039 2519 1303 2572 unquam
1342 2503 1672 2574 presbyteri
1705 2520 1815 2558 no—

142 2598 309 2652 mine
342 2597 551 2651 utitur.
586 2594 868 2665 Serapion
926 2593 1171 2648 secundi
1221 2592 1422 2649 saeculi
1453 2592 1706 2664 scriptor
1751 2593 1808 2645 11

154 2685 458 2742 commodi
520 2681 894 2754 imperatoris
952 2698 1108 2736 anno
1152 2681 1472 2736 Antiochia:-
1504 2681 1814 2753 episcopus

155 2776 495 2840 ordinatus,
530 2771 780 2845 epistola
813 2769 885 2825 ad
934 2772 1205 2826 Caricum
1266 2776 1324 2825 et
1377 2771 1691 2826 Ponticum
1723 2770 1814 2825 his

149 2865 352 2920 verbis
411 2863 484 2918 de
539 2860 880 2933 Apollinare
930 2860 1205 2933 scripsit:
1264 2859 1534 2938 Πέπομφα
1566 2859 1690 2932 ὑμῖν
1723 2858 1813 2912 καὶ

145 2949 438 3010 Κλαυδίου
493 2948 917 3024 Ἀπολλιναρέου
971 2951 1069 3003 τοῦ
1136 2949 1556 3024 μακαριωτάτου
1587 2948 1814 3024 γενομὲ-

144 3066 242 3099 vos
274 3044 328 3098 ἐν
360 3038 705 3117 Ἰεραπὸλλει
761 3047 860 3108 τῆς
906 3038 1093 3100 Ἀσίας
1150 3038 1446 3094 ἐπισκόπου
1489 3041 1810 3115 γράμματα.

149 3160 174 3184 u.
208 3133 554 3190 Beatissimi
586 3131 814 3186 Claudii
834 3129 1209 3202 Apollinaris,
1241 3131 1688 3201 l‘lierapolitanzn
1712 3147 1814 3185 ur-

143 3228 232 3282 bis
263 3227 326 3281 in
361 3225 502 3280 Asia
534 3223 817 3294 episcopi,
855 3221 1080 3276 litteras
1112 3222 1185 3276 ad
1215 3239 1318 3276 vos
1350 3222 1504 3277 misi.
1537 3242 1561 3274 ι
1598 3223 1664 3276 In
1694 3222 1805 3278 hac

143 3322 348 3373 autem
376 3313 630 3386 epistola
669 3313 1017 3384 legebantur
1062 3313 1358 3368 variorum
1393 3313 1804 3384 epiSCOporum

144 3404 638 3476 subscriptiones,
674 3403 774 3474 qui
813 3403 1060 3457 nomina
1091 3418 1224 3458 cum
1258 3402 1446 3456 titulis
1478 3402 1658 3457 simul
1688 3418 1823 3456 non.

148 3495 516 3551 verebantur
547 3492 847 3567 scribere:
888 3496 955 3547 ut
1010 3486 1207 3551 Αἴλιος
1258 3483 1532 3552 Πούϐλιος
1567 3486 1804 3550 Ἰούλιος

146 3584 253 3638 ἀπὸ
339 3575 611 3655 Δεϐελτοῦ
669 3577 979 3640 Κολωνείας
1059 3583 1157 3634 τοῦ
1213 3577 1430 3654 Θρᾴκης
1489 3577 1803 3648 ἐπίσκοπος,

149 3674 376 3745 aliique
409 3671 745 3742 complures
771 3687 782 3724 :
819 3685 1010 3740 neque
1034 3669 1446 3742 episcoporum
1475 3669 1637 3725 ullus
1666 3687 1803 3742 pre-

147 3764 372 3835 sbyteri
407 3762 650 3816 nomine
683 3761 998 3816 mulctatus
1031 3759 1516 3832 deprehenditur.

217 3857 523 3908 Prmterea
542 3853 888 3922 Anonymus
913 3849 1070 3921 apud
1091 3850 1409 3906 Eusebium
1433 3850 1473 3908 l.
1502 3867 1552 3921 ν,
1579 3868 1628 3906 c.
1651 3850 1716 3906 46
1740 3852 1802 3906 in

144 3943 422 4015 Exceptis
447 3941 627 3996 trium
656 3940 945 3996 librorum
986 3957 1134 4012 quos
1175 3946 1383 3996 contra
1410 3941 1803 4014 Cataphrygas

147 4032 409 4105 scripsit,
439 4035 724 4103 perpetuo
745 4029 1087 4086 nominibus
1111 4031 1369 4102 episcopi
1394 4035 1452 4085 et
1472 4030 1802 4102 presbyteri

147 4123 433 4179 distincte
489 4127 548 4176 et
604 4125 762 4176 caste
820 4121 1044 4187 utitur;
1098 4121 1357 4192 seipsum
1389 4121 1801 4194 presbyterum

144 4212 330 4268 fuisse
367 4210 613 4278 indicat,
644 4210 905 4265 Zoticum
939 4211 1220 4266 Otrenum
1253 4211 1800 4284 compresbyterum

143 4301 431 4374 appellat,
466 4303 789 4370 Ancyrana)
810 4300 1087 4355 Ecclesia)
1113 4300 1486 4372 presbyteros
1508 4297 1635 4361 τοὺς
1665 4300 1800 4355 κατὰ

139 4390 313 4444 τόπον
347 4383 746 4462 πρεσϐυτέρους
779 4394 965 4456 vocat,
997 4389 1144 4444 alios
1193 4395 1392 4444 autem
1423 4384 1616 4462 ἄνδρας
1650 4385 1802 4442 δοκε-

152 4501 292 4553 μους
323 4480 416 4534 καὶ
461 4477 810 4547 ἐπισκόπους,
873 4501 900 4530 α
933 4479 1088 4534 viros
1142 4479 1420 4551 probatos
1452 4479 1542 4533 vel
1574 4485 1801 4550 specta-

139 4571 296 4627 biles
325 4577 383 4625 et
414 4571 747 4641 episcopos,
775 4589 802 4617 »
824 4569 1088 4624 Zoticum
1109 4585 1323 4640 nempe
1345 4570 1799 4640 Comanensem,

1919 2059 2291 2115 observatum
2351 2063 2410 2114 et
2462 2056 2697 2112 abunde
2748 2057 3059 2128 probatum
3111 2061 3217 2112 est.
3251 2059 3330 2113 De
3371 2060 3566 2115 Zotico

1919 2149 2077 2220 quod
2098 2148 2200 2216 ait,
2219 2147 2594 2220 apertissima
2623 2146 2856 2204 fallacia
2882 2151 2990 2201 est.
3034 2148 3294 2202 Zoticum
3328 2149 3570 2220 quidem

1920 2238 2462 2310 compresbyterum
2514 2254 2687 2298 suum
2716 2241 2902 2303 vocat,
2941 2236 3053 2291 sibi
3084 2237 3144 2292 in
3177 2237 3574 2310 disputatione

1920 2348 2055 2389 cum
2086 2331 2459 2387 Montanistis
2491 2335 2821 2397 astantem;
2846 2331 3110 2386 Zoticum
3141 2331 3321 2388 etiam
3353 2333 3576 2404 episco-

1917 2438 2060 2494 pum
2089 2425 2285 2488 vocat;
2314 2421 2419 2476 sed
2449 2421 2550 2476 ille
2581 2437 2758 2492 quem
2790 2421 3340 2494 compresbyterum
3365 2422 3569 2494 appel-

1918 2512 2021 2576 lat,
2055 2513 2306 2567 Otrenus
2336 2511 2482 2576 fuit;
2515 2509 2617 2565 ille
2654 2526 2830 2580 quem
2881 2511 3225 2580 episcopum
3273 2511 3560 2579 nominat,

1917 2601 2324 2656 Comanensis.
2358 2602 2564 2655 Otrum
2603 2599 2664 2653 in
2710 2599 2962 2670 Phrygia
2993 2599 3266 2666 Salutari,
3301 2601 3559 2657 Comena

1916 2690 1976 2744 in
2002 2689 2285 2744 Armenia
2313 2687 2575 2744 secunda
2604 2687 2734 2742 fuit.
2771 2687 3026 2741 Otrenus
3057 2687 3169 2758 ipsi
3201 2692 3392 2743 astare
3425 2688 3567 2743 dici-

1916 2784 2031 2848 tur,
2065 2795 2200 2833 cum
2221 2778 2349 2849 jam
2384 2780 2446 2832 13
2479 2781 2612 2848 post
2641 2781 2895 2830 mortem
2927 2776 3261 2830 Maximillaa
3293 2777 3434 2831 anni
3462 2777 3572 2834 ﬂu-

1913 2869 2139 2924 xissent
2155 2884 2168 2934 ;
2185 2867 2566 2922 Comanensis
2581 2865 3223 2935 examinavitspiritum
3239 2865 3570 2922 Maximillae

1916 2957 2058 3012 dum
2108 2956 2300 3011 adhuc
2348 2955 2566 3010 viveret
2596 2960 2653 3010 et
2683 2954 2992 3008 insaniret.
3039 2954 3162 3008 Duo
3195 2953 3373 3026 igitur
3411 2956 3566 3026 apud

1917 3063 2284 3118 anonymum
2341 3044 2520 3100 Zotici
2569 3044 2830 3111 fuerunt,
2865 3042 3172 3114 presbyter
3203 3044 3476 3111 Otrenus,
3509 3050 3566 3102 et

1918 3137 2230 3207 episcopus
2252 3132 2656 3189 Comanensis.
2684 3131 2842 3185 Vidit
2860 3131 2987 3184 haec
3015 3131 3565 3202 perspicacissimus

1919 3226 1985 3280 H.
2021 3225 2283 3281 Valesius
2315 3228 2372 3278 et
2400 3221 2728 3286 admonuit,
2765 3242 2792 3270 «
2825 3219 3306 3290 distinguendum
3337 3221 3432 3274 hic
3461 3223 3566 3276 Zo-

1921 3315 2099 3370 ticum
2131 3316 2412 3369 Otrenum
2444 3329 2478 3367 a
2516 3311 2709 3366 Zotico
2758 3310 3112 3364 Comanensi
3139 3325 3151 3375 ;
3185 3326 3322 3364 nam
3354 3311 3564 3366 Coma-

1919 3405 2120 3460 nensis
2145 3405 2243 3460 ille
2268 3404 2570 3474 antiquior
2590 3402 2909 3458 fuit.»Cum
2935 3406 3130 3457 autem
3154 3401 3308 3467 illos,
3339 3402 3438 3473 qui
3460 3404 3570 3458 Ec-

1917 3495 2114 3550 clesiaa
2149 3500 2469 3567 Ancyranae
2529 3493 2860 3565 presbyteri
2914 3496 3219 3563 vocantur,
3253 3492 3564 3564 episcOpos

1914 3585 2331 3654 faciat,miram
2359 3585 2653 3641 rationem
2675 3583 2847 3640 affert
2865 3582 3120 3638 Dallmus
3147 3600 3160 3648 ;
3187 3599 3399 3654 nempe
3425 3584 3565 3654 quia

1915 3691 2278 3747 anonymum
2305 3699 2332 3724 (ι
2369 3679 2664 3746 rogarant,
2699 3677 2763 3728 ut
2793 3689 2924 3742 quae
2956 3689 3154 3727 coram
3187 3672 3332 3743 ipsis
3362 3672 3562 3744 dispu-

1915 3769 2155 3834 taverat,
2189 3764 2398 3819 litteris
2450 3762 2734 3818 mandare
2788 3761 2980 3816 vellet.
3039 3761 3148 3815 Illa
3199 3762 3356 3816 enim
3397 3778 3560 3830 cura,

1913 3854 2127 3926 inquit,
2161 3853 2398 3925 proprie
2429 3850 2503 3906 ad
2533 3850 2882 3922 praepositos
2909 3849 3086 3919 primi
3118 3848 3343 3904 ordinis
3374 3851 3559 3920 perti-

1912 3951 2034 4002 net.
2073 3967 2093 3994 ιι
2131 3947 2302 4015 Papae
2323 3944 2350 3998 ‘?
2379 3945 2518 3998 Erat
2574 3943 2816 4011 Ancyrae
2846 3955 3177 4010 anonymus
3203 3956 3216 3993 :
3251 3945 3309 3994 et
3337 3939 3388 3992 οἱ
3419 3937 3555 3994 καιτᾶ

1907 4035 2076 4088 τόπον
2141 4026 2496 4106 πρεσϐύτεροι
2557 4030 2645 4102 (ut
2701 4029 2876 4100 paulo
2932 4032 3088 4097 ante,
3140 4028 3175 4094 ἡ
3224 4029 3360 4080 κατὰ
3387 4025 3555 4082 τόπον

1912 4120 2252 4193 Ἐκκλησία),
2285 4122 2395 4177 hoc
2427 4125 2534 4188 est,
2558 4142 2585 4169 ι(
2616 4119 2744 4190 ejus
2766 4117 2907 4186 loci,
2929 4133 3033 4172 seu
3065 4116 3336 4172 Ecclesiae
3367 4118 3558 4187 Ancy-

1910 4230 2072 4268 rana:
2099 4211 2502 4284 presbyteri,»
2535 4210 2645 4264 hoc
2677 4207 2748 4264 ab
2781 4223 2848 4262 eo
2879 4205 3203 4279 postulant.
3239 4207 3326 4261 An
3359 4205 3560 4277 plures

1912 4308 2053 4358 tunc
2109 4302 2392 4372 temporis
2445 4302 2688 4371 Ancyra:
2748 4301 2917 4353 erant
2968 4296 3277 4367 episcopi?
3319 4295 3557 4352 Minime

1911 4397 2089 4448 certe.
2122 4395 2212 4448 An
2243 4407 2447 4463 rogare
2479 4391 2739 4460 aliquem
2779 4392 2844 4442 ut
2885 4386 3122 4454 scribat,
3157 4386 3441 4442 ofﬁicium
3473 4392 3562 4443 est

1912 4481 2172 4554 episcopi
2191 4478 2550 4552 presbyteris
2576 4478 2820 4533 minime
2846 4480 3189 4547 competens
3206 4474 3375 4530 ‘?Non
3393 4480 3557 4546 puto.

1911 4573 1968 4628 Si
2000 4572 2058 4627 id
2088 4587 2289 4626 verum
2313 4570 2406 4634 sit,
2432 4585 2632 4637 nemo,
2663 4568 2894 4640 opinor,
2927 4564 3214 4620 Dallzeum
3244 4565 3466 4635 rogavit
3495 4568 3562 4622 ut

142 4667 198 4714 et
228 4660 536 4715 Iulianum
561 4661 909 4729 Apameum.
935 4657 1078 4714 Mire
1105 4658 1231 4713 haec
1263 4659 1336 4713 ad
1367 4675 1533 4714 suam
1561 4676 1799 4716 causam
1837 4648 1878 4711 D
1909 4661 2371 4733 disputationem
2423 4660 2576 4715 hanc
2635 4657 2848 4712 litteris
2903 4653 3234 4710 mandaret.
3269 4653 3558 4710 Petebant

141 4765 174 4804 ει
202 4747 518 4805 Blondello
549 4747 770 4802 omissa
799 4747 979 4802 trahit
1018 4747 1291 4802 Dallaaus.
1325 4749 1670 4819 Anonymus
1701 4749 1798 4804 ille

146 4859 171 4890 ι
220 4855 288 4893 se
349 4836 614 4908 quidem,
674 4836 888 4906 inquit,
947 4836 1360 4908 presbyterum
1423 4842 1480 4892 et
1537 4838 1798 4893 Zoticum

137 4929 465 5000 quemdam
495 4928 780 4982 Otrenum
814 4927 1358 4998 sympresbyterum
1390 4944 1564 4984 suum
1602 4935 1788 4999 vocat,

139 5036 278 5075 cum
301 5024 507 5072 tamen
539 5033 610 5071 ex
640 5017 716 5071 iis
747 5033 877 5088 quae
909 5033 942 5071 a
972 5033 1034 5071 se
1056 5015 1214 5088 apud
1235 5019 1528 5089 Ancyram
1563 5018 1798 5074 Galatia:

139 5114 308 5181 gesta
336 5110 564 5174 narrat,
591 5106 734 5162 satis
762 5109 1043 5177 appareat
1069 5121 1228 5172 eum,
1247 5105 1514 5178 adeoque
1538 5112 1597 5162 et
1615 5108 1798 5164 colle—

135 5214 272 5269 gam
305 5196 593 5263 Zoticum,
624 5201 946 5266 utrumque
980 5195 1040 5249 in
1072 5195 1262 5266 primo
1295 5196 1670 5252 sacerdatum
1701 5214 1796 5252 or-

139 5287 279 5342 dine
311 5286 555 5340 fuisse.»
579 5285 650 5341 Ut
674 5285 806 5356 quis
829 5284 931 5354 qui
961 5286 1274 5356 episc0pus
1304 5289 1460 5340 esset
1489 5285 1795 5343 historiam

139 5379 230 5435 sui
263 5375 552 5446 temporis
585 5379 642 5430 et
669 5391 766 5429 res
809 5374 883 5429 ab
939 5375 1065 5447 ipso
1119 5377 1313 5446 gestas
1344 5388 1702 5446 memorans,
1736 5393 1798 5432 se

139 5466 557 5537 presbyterum
576 5469 830 5531 vocaret,
853 5462 1157 5535 aliumque
1178 5463 1358 5518 etiam
1381 5464 1798 5537 coepiscopum

142 5573 246 5612 suo
279 5554 479 5622 titulo,
514 5570 584 5609 ea
626 5553 959 5625 prmsertim
991 5558 1161 5609 aetate
1193 5569 1311 5623 qua
1341 5553 1602 5626 episcopi
1635 5573 1797 5612 sum-

138 5661 302 5703 mum
319 5646 385 5699 in
414 5643 679 5700 Ecclesia
698 5643 1097 5715 principatum
1121 5642 1247 5698 sine
1271 5645 1671 5706 controversia
1693 5646 1797 5700 ob-

137 5735 433 5807 tinebant,
469 5733 650 5792 simul
699 5731 999 5805 spoliaret,
1051 5734 1270 5792 mirum
1315 5733 1462 5791 mihi
1491 5735 1584 5792 vel
1611 5736 1795 5810 inspi-

1909 4750 2238 4823 presbyteri
2269 4753 2335 4804 ut
2381 4752 2588 4803 contra
2643 4743 3028 4802 Montanistas
3060 4743 3366 4811 scriberet,
3400 4742 3557 4798 idem

1908 4840 2011 4896 diu
2041 4845 2178 4895 ante
2207 4839 2546 4911 injunxerat
2575 4835 2885 4908 epi300pus
2915 4831 3179 4886 Avircius
3207 4831 3514 4886 Marcellus
3540 4847 3554 4897 ;

1909 4929 1980 4984 ab
2039 4929 2158 4983 illis
2212 4933 2473 5000 rogatus,
2531 4927 2602 4981 ab
2661 4925 2771 4980 hoc
2829 4916 3143 4992 ἐπιταχθεὶς
3199 4922 3319 4973 tres
3375 4918 3555 4974 libros

1908 5017 2259 5088 conscripsit
2284 5016 2402 5072 sive
2432 5030 2788 5086 anonymus,
2814 5011 2932 5068 sive
2963 5008 3228 5064 Asterius
3261 5006 3552 5064 Urbanus:

1907 5109 1969 5163 in
2003 5107 2217 5179 quibus
2249 5111 2307 5160 et
2336 5105 2596 5175 seipsum
2627 5108 2684 5160 et
2715 5103 2972 5158 Zoticum
3004 5099 3309 5164 Otrenum,
3345 5102 3403 5152 et
3433 5099 3554 5162 An-

1908 5213 2138 5270 cyranaa
2179 5194 2453 5250 Ecclesiae
2513 5193 2891 5264 presbyteros
2950 5189 3240 5255 nominat,
3291 5187 3555 5245 Zoticum

1907 5293 2104 5344 autem
2137 5287 2565 5341 Comanensem
2599 5287 2656 5336 et
2682 5281 2984 5340 Julianum
3017 5286 3342 5354 Apameam
3376 5299 3403 5328 «
3439 5277 3557 5349 epi-

1908 5392 2222 5449 scoporum
2255 5397 2282 5425 »
2324 5373 2494 5428 titulo
2527 5371 2893 5429 cohonestat.

1979 5466 2242 5536 Denique
2269 5461 2535 5535 quamvis
2561 5475 2819 5516 canones
2843 5458 3152 5530 apostolici
3177 5457 3248 5514 ab
3273 5455 3556 5528 apostolis

1907 5556 2052 5628 ipsis
2083 5554 2285 5625 scripti
2316 5569 2436 5608 non
2469 5550 2849 5620 sint,constat
2873 5553 3172 5613 tamen,ex
3190 5545 3334 5616 ipsis
3359 5561 3560 5616 quam.

1906 5643 2198 5716 plurimos
2228 5639 2488 5698 secundo
2521 5637 2736 5696 saeculo
2768 5634 3040 5692 conditos
3071 5631 3275 5689 fuisse.
3309 5634 3422 5688 Eos
3452 5649 3560 5699 aue

1907 5739 2028 5792 tem
2060 5732 2500 5794 distinctionem
2524 5731 2682 5791 hanc
2711 5729 2868 5788 inter
2895 5726 3201 5801 episcopos
3233 5726 3292 5777 et
3319 5722 3560 5795 presby-
