3942 6302
402 371 525 435 ’419

1475 365 1535 424 5.
1585 361 1971 425 lGNATIUS.
2019 392 2093 407 —
2135 356 2754 420 PROLEGOMENA.

3698 358 3828 418 420

408 515 567 566 teres
597 511 756 564 caste
789 509 847 561 et
875 505 1158 578 perpetuo
1213 501 1575 569 observasse,
1633 515 1755 555 non
1813 502 1903 553 est
1948 512 2054 552 cur
2081 499 2139 565 Α
2169 492 2568 550 necessarium
2598 491 2906 548 videbatur
2943 490 3238 564 praecipue
3269 490 3626 561 inculcabat,
3651 494 3724 546 ut
3751 492 3824 547 ab

407 601 674 674 probem,
709 613 842 652 cum
878 595 1126 650 Ilallaaus
1166 594 1276 648 hoc
1309 591 1480 648 nobis
1510 589 1901 646 libentissime
1934 587 2054 642 lar-

409 693 620 764 giatur.
655 711 679 738 «
713 688 776 741 Hi
811 701 1088 750 canones,
1121 682 1336 753 inquit,
1371 683 1432 735 in
1464 680 1612 735 duos
1644 678 1906 733 diversos
1953 693 2054 732 or-

408 781 575 836 dines
600 779 1010 849 episroporum
1043 779 1101 828 et
1129 772 1612 844 presbyterorum
1645 774 1928 840 perpetuo
1952 766 2050 821 di-

403 871 628 936 vidunt,
663 866 986 938 plurimum
1020 864 1176 917 inter
1224 878 1284 916 se
1318 867 1376 916 et
1422 859 1686 927 nomine,
1721 863 1780 912 et
1803 858 1961 928 jure,
1997 861 2054 911 et

405 967 578 1031 statu,
625 963 683 1012 et
713 957 1060 1012 auctoritate
1108 955 1468 1020 differentes,
1505 976 1526 1004 1
1565 953 1637 1006 De
1662 949 2055 1021 pseudepfgra-

397 1053 529 1123 phis
555 1055 732 1120 apost.
767 1047 863 1101 lib.
903 1062 988 1112 ιιι,
1018 1061 1145 1115 cap.
1183 1046 1266 1097 18.
1310 1045 1393 1097 Ex
1421 1043 1514 1096 his
1547 1047 1746 1096 autem
1779 1038 2052 1094 omnibus

405 1138 638 1196 abunde
687 1136 980 1208 patefacta
1036 1139 1124 1189 est
1178 1135 1385 1204 primm
1434 1131 1783 1187 assertionis
1814 1130 2050 1192 veritas,

403 1230 552 1286 alios
579 1226 1052 1297 quamplurimos
1075 1221 1532 1278 secundismculi
1555 1221 1872 1292 scriptores
1895 1218 2052 1272 idem

406 1318 727 1373 discrimen
760 1315 915 1368 inter
945 1311 1228 1366 vocabula
1259 1311 1630 1382 episcopatus
1662 1315 1717 1363 et
1748 1308 2052 1380 presbyte-

406 1413 569 1462 ratus
602 1405 964 1467 observasse,
1016 1401 1173 1471 quod
1223 1400 1492 1454 observat
1539 1398 1797 1470 Ignatius
1829 1402 2051 1451 noster.

408 1498 596 1561 Quare
628 1494 785 1564 quod
816 1492 888 1547 ad
920 1491 1161 1546 modum
1195 1488 1476 1560 loquendi
1504 1488 1563 1542 in
1597 1489 1704 1542 hac
1726 1504 1788 1542 re
1820 1488 2051 1551 attinet,

407 1586 599 1659 potuit
628 1583 896 1654 ejusdem
929 1580 1117 1636 artatis
1149 1597 1283 1635 cum
1306 1580 1397 1634 his
1421 1578 1695 1633 omnibus
1726 1594 1854 1632 esse
1887 1577 2052 1648 Igna-

406 1677 522 1730 tius
552 1674 914 1746 epistolicus,
949 1670 1108 1743 quod
1140 1687 1248 1726 nos
1282 1686 1417 1725 eum
1451 1669 1737 1725 Salmasio
1767 1672 1825 1724 et
1849 1667 2054 1722 Alber-

404 1765 530 1819 tino
563 1763 870 1818 sentimus.

2161 583 2455 639 haereticis
2487 588 2544 637 et
2566 581 2958 638 schismaticis
2980 586 3277 650 caverent,
3302 599 3375 636 ne
3401 581 3488 635 illi
3513 582 3692 636 latius
3716 581 3825 636 ad-

2162 673 2278 728 huc
2311 677 2640 743 serperent.
2677 671 3019 727 Remedium
3055 671 3192 726 huic
3235 670 3387 726 malo
3422 671 3681 726 maxime
3716 687 3827 742 0p-

2162 768 2483 835 portunum
2502 761 2897 831 indicabat,ut
2910 761 3063 816 clero
3079 779 3184 818 suo
3200 778 3407 817 omnes
3422 761 3824 831 adhaererent,

2163 860 2222 911 et
2249 853 2641 910 Christianam
2665 853 2954 908 unitatem
2972 853 3234 908 colerent
3256 870 3276 916 ;
3307 868 3636 923 omnesque
3671 851 3823 906 cieri

2162 954 2400 1009 ordines
2420 953 2508 1008 sui
2531 952 2643 1007 loci
2669 952 3017 1024 dignitatem
3039 951 3618 1006 obtinerent.Crebro
3639 951 3824 1024 igitur

2162 1042 2402 1098 ordines
2418 1058 2616 1096 sacros
2631 1040 2940 1113 distinguit
2958 1045 3014 1095 et
3033 1045 3433 1108 enumerat,et
3449 1039 3825 1112 singulorum

2161 1132 2436 1188 ordinum
2458 1131 2918 1202 nonnullosjam
2937 1147 3042 1186 suo
3066 1131 3261 1186 ofﬁcio
3284 1131 3596 1202 fungentes
3618 1130 3816 1186 nomi-

2162 1226 2300 1288 nat;
2335 1222 2458 1276 haec
2491 1225 2689 1276 autem
2719 1226 2878 1275 recte
2909 1220 3035 1274 ﬁeri
3085 1237 3207 1275 non
3237 1224 3581 1291 potuerunt,
3614 1219 3736 1274 nisi
3763 1224 3824 1274 et

2163 1312 2441 1366 ordinum
2473 1312 2716 1366 nomina
2740 1311 3017 1366 distincte
3039 1311 3399 1368 enuntiaret.
3425 1313 3623 1382 Neque
3657 1310 3825 1365 enim

2162 1404 2280 1455 tres
2303 1400 2542 1455 ordines
2563 1400 2712 1454 bene
2736 1400 3226 1472 distinguere,aut
3247 1399 3459 1470 cuique
3484 1417 3593 1456 sua
3622 1399 3826 1455 ofﬁcia

2163 1507 2221 1557 et
2250 1501 2564 1571 dignitates
2625 1504 2782 1555 recte
2840 1501 3141 1569 assignare
3190 1502 3401 1572 potuit,
3442 1501 3558 1555 nisi
3600 1501 3824 1571 cuique

2163 1592 2340 1646 etiam
2371 1591 2677 1662 proprium
2721 1589 2962 1660 aliquod
3010 1606 3227 1646 nomen
3284 1590 3552 1662 afﬁgeret
3579 1614 3593 1658 ς
3623 1607 3822 1660 neque

2166 1680 2497 1752 singulares
2527 1680 2798 1735 homines
2823 1685 2960 1734 tunc
2984 1681 3268 1752 temporis
3302 1680 3478 1734 certis
3510 1679 3824 1734 ordinibus

2161 1771 2491 1839 distinctos,
2515 1776 2574 1825 et
2605 1771 2802 1826 ofﬁcia
2831 1770 3064 1825 diversa
3093 1771 3156 1825 in
3188 1769 3400 1826 eadem
3439 1769 3690 1825 ecclesia
3721 1785 3825 1824 ex-

475 1853 745 1909 Secunda
773 1850 1021 1906 assertio
1079 1853 1205 1904 est:
1265 1848 1504 1904 Nullum
1563 1847 1805 1903 secundi
1850 1847 2050 1902 saeculi
2083 1866 2128 1932 Β
2160 1864 2497 1931 sequentes,
2532 1859 2949 1914 commendare
2980 1859 3190 1930 potuit,
3215 1859 3331 1914 nisi
3367 1858 3473 1914 sub
3506 1859 3650 1913 certi
3682 1875 3822 1931 ενδ-

403 1945 752 2014 scriptorem
785 1940 930 1996 adeo
975 1940 1311 2010 promiscue
1369 1937 1669 1993 vocabulis
1699 1937 1958 2008 episcopi
1992 1942 2051 1991 et

400 2033 731 2105 presbyteri
760 2047 934 2086 usum
959 2047 1108 2098 esse,
1133 2033 1199 2083 ut
1217 2028 1470 2100 simplici
1504 2027 1846 2099 presbytero
1878 2027 1938 2081 in
1963 2043 2050 2081 se-

401 2122 596 2178 cundo
622 2120 937 2176 ministerii
957 2119 1141 2191 gradu
1159 2119 1478 2173 constituto
1505 2133 1768 2188 unquam
1788 2116 2048 2188 episcopi

399 2228 620 2268 nomen
651 2210 956 2265 tribueret.
982 2209 1102 2262 Hoc
1124 2207 1271 2262 adeo
1293 2211 1494 2279 aperte
1517 2223 1717 2261 verum
1741 2211 1846 2274 est,
1870 2210 1937 2261 ut
1961 2205 2049 2260 illi

400 2301 534 2373 ipsi,
559 2301 660 2371 qui
692 2297 1022 2353 confusioni
1055 2298 1364 2352 nominum
1393 2301 1698 2367 tantopere
1730 2296 2046 2365 inhaerent,

401 2396 459 2446 et
481 2387 852 2460 apostolosid
865 2387 1071 2442 fecisse
1095 2387 1350 2441 maxime
1374 2385 1840 2453 contendunt,ne
1862 2401 2047 2440 unum

401 2480 646 2551 quidem
677 2478 871 2533 locum
896 2494 966 2531 ex
987 2476 1264 2533 omnibus
1287 2477 1444 2531 illius
1472 2476 1672 2531 swculi
1701 2491 2048 2531 monumen-

400 2569 476 2623 tis
510 2569 704 2624 adhuc
737 2569 947 2623 afferre
979 2568 1282 2637 potuerint
1311 2583 1426 2637 quo
1455 2565 1750 2637 quispiam
1783 2565 1882 2636 qui
1914 2582 2043 2636 pre-

401 2659 602 2732 sbyter
630 2663 860 2713 tantum
892 2662 1066 2721 esset,
1099 2673 1208 2711 nec
1265 2656 1625 2728 presbyteris
1678 2672 1812 2710 cum
1845 2661 2045 2710 aucto-

399 2748 572 2804 ritate
598 2750 897 2819 praeesset,
932 2746 1242 2817 episcopus
1289 2744 1606 2799 diceretur.
1640 2745 1816 2799 Miror
1844 2745 2044 2815 itaque

400 2836 686 2892 Dallaeum
718 2837 829 2890 hoc
864 2835 1086 2907 lgnatio
1137 2834 1442 2905 epistolico
1504 2833 1782 2904 objicere,
1814 2839 1880 2888 ut
1908 2851 2044 2889 eum

398 2943 472 2980 ex
504 2925 762 2980 secundo
794 2925 1006 2980 saeculo
1045 2925 1262 2994 ejiciat,
1325 2929 1381 2978 et
1437 2923 1510 2978 ad
1543 2922 1723 2978 ﬁnem
1756 2923 1912 2978 tertii
1943 2931 2046 2980 aut

395 3016 589 3086 quarti
622 3015 857 3070 initium
890 3014 1372 3086 deprimat;cum
1395 3027 1602 3067 omnes
1635 3013 1902 3083 ejusdem
1935 3030 2046 3068 sre-

393 3105 510 3161 culi
533 3105 841 3177 scriptores
864 3103 1123 3175 episcopi
1147 3119 1364 3157 nomen
1391 3102 1517 3173 pari
1541 3117 1674 3156 cum
1698 3101 2042 3157 discrimine

397 3199 454 3250 et
495 3194 823 3249 reverentia
855 3209 1129 3264 supremo
1156 3192 1349 3246 ordini
1380 3207 1614 3261 semper
1643 3191 1928 3258 tribuant,
1962 3208 2046 3246 se-

395 3283 588 3339 cundo
648 3298 975 3352 nunquam.
1029 3303 1058 3330 ‹‹
1111 3280 1462 3350 Episcopum
1521 3278 1792 3349 apostoli,
1827 3279 2041 3350 inquit,

394 3373 694 3426 interdum
747 3371 953 3425 dicunt
983 3369 1082 3440 qui
1134 3368 1378 3423 secundi
1409 3367 1634 3422 ordinis
1668 3373 1788 3433 est;
1822 3369 2043 3440 episto-

394 3461 587 3515 larum
622 3461 874 3531 scriptor
900 3475 1206 3529 nunquam
1231 3475 1243 3512 ε
1278 3458 1389 3512 hoc
1419 3457 1639 3528 ubique
1662 3473 1881 3512 nomen
1903 3475 2042 3513 con-

394 3549 758 3604 stantissime
815 3565 919 3619 pro
985 3548 1200 3602 summi
1258 3547 1471 3619 gradus
1520 3548 1837 3619 praeposito
1869 3565 2042 3602 usur-

392 3655 560 3711 pans.
599 3658 622 3689 ι
657 3639 794 3703 Quae
837 3637 908 3692 de
963 3637 1241 3709 apostolis
1299 3637 1460 3706 dicit,
1515 3642 1804 3707 quantum
1836 3643 2042 3692 contra

393 3745 529 3783 suos
559 3727 803 3794 faciunt,
835 3744 992 3783 nunc
1025 3744 1143 3781 non
1201 3726 1453 3782 discutio
1485 3742 1498 3791 ;
1550 3743 1680 3798 qua)
1711 3725 1783 3780 de
1816 3726 2040 3798 Ignatio

390 3817 672 3888 loquitur,
735 3834 872 3872 eum
926 3834 1046 3872 non
1105 3817 1290 3888 magis
1347 3815 1571 3870 feriunt
1627 3832 1804 3886 quam
1837 3832 2041 3870 omnes

393 3908 660 3979 ejusdem
692 3907 880 3962 aetatis
925 3907 1244 3977 scriptores
1275 3905 1346 3960 ab
1379 3905 1507 3976 ipso
1559 3905 1737 3959 etiam
1785 3905 2039 3961 maxime

389 3998 660 4054 laudatos
686 4019 699 4065 ;
725 3998 825 4068 qui
859 3997 1089 4068 quoties
1112 3996 1454 4067 episcopum
1481 3995 2039 4066 nominant,ubique

389 4089 533 4144 illud
557 4092 773 4143 nomen
795 4104 898 4158 pro
917 4086 1132 4141 summi
1155 4085 1372 4157 gradus
1394 4085 1707 4156 praeposito
1730 4089 2037 4155 usurpant.

389 4178 636 4232 Unicum
670 4176 847 4247 igitur
877 4176 1103 4229 crimen
1153 4174 1361 4246 Ignatii
1405 4173 1592 4229 nostri
1643 4178 1846 4237 restat,
1883 4173 2041 4244 quod

389 4283 491 4320 eos
523 4266 623 4335 qui
663 4281 866 4318 revera
913 4263 1170 4334 episcopi
1202 4267 1419 4327 essent,
1454 4279 1762 4334 nunquam
1793 4262 2042 4333 presby-

388 4359 547 4409 teros
580 4357 833 4420 vocaret,
893 4369 1026 4406 cum
1081 4369 1147 4406 eo
1206 4353 1444 4407 nomine
1493 4353 1628 4406 illos
1658 4351 2042 4423 indigitarent

393 4441 664 4515 ejusdem
688 4441 877 4496 aatatis
905 4441 1243 4512 scriptores,
1263 4447 1325 4497 ut
1349 4441 1437 4495 illi
1455 4441 1679 4508 volunt,
1705 4456 1914 4494 omnes
1939 4456 1951 4505 ;
1975 4445 2042 4495 ut

391 4549 501 4588 nos
535 4531 922 4599 ostendimus,
957 4532 1258 4604 perpauci.
1287 4531 1397 4587 Sed
1427 4536 1486 4586 et
1516 4531 1610 4585 hic
1643 4530 1866 4600 optima
1889 4529 2038 4583 ratio

2159 1951 2269 2006 dus
2300 1950 2539 2005 nomine
2571 1954 2746 2020 atque
2779 1949 3137 2004 charactere.
3172 1949 3313 2014 Quis
3346 1950 3503 2004 enim
3528 1953 3646 2002 tres
3680 1963 3820 2019 gra-

2159 2041 2267 2095 dus
2305 2043 2681 2107 enumerans,
2737 2039 3136 2110 presbyteros,
3189 2043 3246 2093 et
3301 2038 3700 2110 presbyteros,
3755 2041 3815 2092 et

2159 2139 2436 2195 diaconos
2458 2137 2719 2193 diceret?
2741 2138 2872 2208 quis
2897 2137 3270 2209 presbyteros
3294 2137 3654 2210 presbyteris
3678 2135 3820 2190 sub-

2150 2229 2341 2301 jectos
2375 2244 2501 2282 esse
2560 2227 2773 2282 debere
2830 2226 3112 2282 doceret?
3143 2227 3276 2296 quis
3308 2226 3457 2281 duos
3499 2225 3820 2281 ministros

2160 2319 2369 2374 eodem
2391 2322 2655 2387 tempore
2679 2315 2909 2370 diversa
2933 2320 2987 2370 et
3013 2315 3293 2370 distincta
3314 2315 3509 2370 ofﬁcia
3531 2321 3590 2370 et
3610 2329 3819 2386 opere,

2157 2413 2216 2462 et
2251 2411 2425 2474 statu,
2449 2411 2508 2459 et
2537 2404 2820 2475 dignitate
2856 2405 3094 2459 sortitos
3127 2404 3647 2462 indiscriminatim
3679 2426 3823 2480 pre-

2159 2497 2424 2568 sbyteros
2444 2494 2810 2566 appellaret?
2833 2495 3106 2565 Episcopi
3133 2511 3351 2549 nomen
3375 2497 3552 2552 toties
3577 2498 3637 2552 in
3663 2499 3826 2554 Scri-

2155 2587 2344 2658 pturis
2397 2590 2791 2640 memoratum
2841 2589 2983 2638 tunc
3033 2601 3153 2639 non
3195 2585 3505 2642 evanuisse
3543 2593 3825 2656 constat;

2156 2676 2381 2730 nemini
2397 2674 2650 2746 simplici
2673 2674 3014 2746 presbytero
3035 2691 3106 2730 ea
3122 2679 3292 2730 aetate
3306 2676 3656 2732 attributum
3685 2694 3823 2735 esse

2156 2794 2225 2832 ex
2243 2776 2506 2831 omnium
2519 2776 2876 2847 scriptorum
2897 2773 3134 2830 silentio
3154 2782 3399 2847 apparet
3423 2795 3437 2844 ;
3463 2782 3590 2832 erat
3613 2777 3822 2850 itaque

2155 2867 2344 2938 primo
2369 2864 2561 2919 ordini
2597 2869 2736 2918 tunc
2769 2869 3130 2918 reservatum
3159 2870 3214 2918 et
3246 2867 3690 2938 apprOpriatum
3719 2884 3733 2933 ;
3763 2875 3822 2922 et

2157 2955 2408 3010 absurde
2440 2953 2670 3008 locutus
2703 2957 2857 3007 esset
2894 2953 3179 3024 Ignatius,
3213 2954 3337 3025 ipse
3371 2956 3547 3010 etiam
3575 2956 3820 3027 episco-

2156 3061 2286 3116 pus,
2321 3045 2368 3098 si
2401 3060 2620 3098 nomen
2653 3042 2844 3114 primo
2905 3041 3099 3097 ordini
3158 3059 3504 3100 concessum
3537 3045 3816 3102 inferiori

2155 3134 2497 3198 tribuisset;
2551 3138 2607 3187 et
2666 3148 2798 3186 cum
2856 3131 3229 3204 presbyteros
3279 3140 3567 3200 moneret,
3600 3141 3667 3190 ut
3699 3153 3814 3191 suo

2084 3232 2126 3298 C
2157 3224 2378 3295 quique
2413 3223 2684 3294 episcopo
2717 3227 3016 3293 parerent,
3037 3222 3196 3293 ipsos
3220 3239 3254 3277 a
3275 3224 3491 3294 quibus
3523 3224 3818 3281 obedien-

2157 3315 2298 3368 tiam
2331 3313 2666 3384 postulabat
2696 3313 3024 3383 episcopos,
3058 3318 3158 3367 aut
3191 3312 3378 3382 illum,
3404 3315 3496 3369 cui
3528 3315 3818 3371 obedien-

2152 3403 2296 3458 tiam
2327 3401 2724 3472 prazstandam
2755 3400 3025 3468 docebat,
3057 3401 3468 3474 presbyterum
3502 3405 3816 3476 appellas-

2157 3497 2263 3548 set.
2297 3494 2477 3562 .rEque
2510 3491 2669 3546 enim
2701 3489 2993 3545 absonum
3024 3490 3277 3560 videtur,
3315 3497 3378 3547 ut
3412 3493 3545 3562 quis
3579 3495 3816 3565 episco-

2153 3610 2259 3666 pos
2293 3592 2588 3663 episcopo,
2614 3595 2715 3644 aut
2737 3590 3112 3662 presbyteros
3140 3593 3484 3664 presbytero
3509 3595 3816 3665 subjectos

2154 3698 2282 3736 esse
2314 3681 2529 3735 debere
2562 3679 2821 3746 doceret,
2867 3686 2925 3734 et
2973 3680 3034 3734 in
3067 3696 3134 3734 eo
3167 3688 3585 3752 argumentum
3620 3684 3817 3741 collo-

2151 3776 2331 3839 caret,
2357 3769 2688 3841 prazsertim
2735 3785 2869 3823 cum
2928 3768 2998 3823 de
3060 3770 3379 3826 schismate
3412 3777 3714 3840 tractaret,
3751 3776 3812 3829 in

2151 3877 2269 3930 qua
2289 3877 2350 3913 re
2375 3858 2751 3913 notissimum
2778 3861 2886 3924 est,
2910 3857 3184 3914 Ecclesiae
3209 3860 3464 3916 salutem
3493 3862 3553 3916 in
3585 3865 3811 3919 summi

2151 3948 2495 4015 sacerdotis,
2520 3948 2630 4001 hoc
2655 3951 2740 4001 est
2763 3947 3044 4018 episcopi,
3071 3947 3355 4020 dignitate
3389 3950 3682 4021 pendere;
3712 3954 3809 4008 cui

2151 4035 2198 4090 si
2244 4052 2363 4090 non
2395 4051 2599 4089 exsors
2632 4033 2902 4104 quaedam
2949 4039 3008 4087 et
3051 4034 3122 4087 ab
3155 4035 3497 4091 hominibus
3530 4039 3810 4095 eminens

2150 4125 2323 4180 detur
2345 4127 2718 4195 potestas,tot
2737 4123 2796 4176 in
2824 4121 3085 4177 Ecclesia
3103 4124 3437 4180 efﬁcientur
3461 4127 3810 4196 schismata,

2151 4219 2296 4285 quot
2323 4212 2684 4278 sacerdotes,
2710 4212 2821 4265 hoc
2848 4217 2936 4266 est
2967 4213 3318 4284 presbyteri.

2222 4342 2306 4396 Sit
2334 4341 2512 4413 igitur
2567 4339 2743 4393 tertia
2799 4340 3080 4395 assertio:
3141 4342 3378 4397 Nullum
3435 4345 3681 4400 omnino
3722 4364 3816 4403 se-

2150 4430 2328 4486 cundi
2377 4427 2580 4484 saeculi
2633 4427 3004 4498 scriptorem,
3051 4446 3185 4484 cum
3225 4431 3439 4503 gradus
3471 4441 3812 4503 enumerat,

2150 4525 2410 4576 autcum
2443 4517 2515 4573 de
2572 4516 2974 4588 singularibus
3033 4520 3124 4573 sui
3185 4521 3468 4593 temporis
3507 4522 3809 4579 ministris

391 4621 558 4677 reddi
591 4626 806 4692 potest,
831 4599 1013 4693 quare
1036 4599 1171 4677 cum
1193 4621 1266 4676 iis
1288 4621 1483 4693 potius
1504 4599 1850 4690 loqueretur
1870 4619 2040 4690 Igna-
2072 4599 2116 4665 Β
2148 4609 2434 4681 loquitur,
2467 4623 2686 4661 nomen
2719 4607 3050 4678 presbyteri
3084 4610 3134 4663 ei
3167 4610 3267 4680 qui
3299 4612 3612 4682 episcopus
3639 4619 3809 4670 esset

391 4712 528 4781 tius,
563 4712 661 4782 qui
695 4711 1023 4784 presbyteri
1063 4728 1282 4767 nomen
1315 4727 1435 4764 non
1467 4709 1669 4763 minus
1701 4723 1879 4777 quam
1910 4708 2036 4779 epi-

391 4800 549 4873 scopi
604 4800 881 4856 distincte
919 4805 977 4855 et
1005 4800 1240 4871 proprie
1270 4796 1660 4869 usurpabant,
1695 4813 1872 4867 quam
1902 4813 2038 4851 cum

388 4890 527 4960 illis,
563 4891 662 4962 qui
691 4907 911 4945 nomen
937 4888 1262 4960 presbyteri
1290 4885 1606 4958 aliquando
1631 4886 1903 4957 episcopo
1929 4886 2036 4940 tri-

389 4980 648 5036 buebant
677 5002 690 5047 ;
725 4982 863 5051 quia
892 4981 978 5034 rei
1011 4979 1121 5051 ipsi
1156 4995 1333 5050 quam
1365 4976 1652 5032 tractabat
1682 4977 2039 5032 convenien-

390 5070 506 5124 tior
535 5070 722 5125 multo
753 5070 866 5124 fuit
888 5069 1101 5124 horum
1129 5067 1406 5121 distincta
1425 5082 1602 5136 quam
1633 5065 1871 5121 illorum
1903 5083 2037 5122 con-

388 5158 520 5214 fusa
551 5158 721 5213 istius
751 5157 909 5213 vocis
933 5156 1255 5227 usurpatio.
1280 5154 1674 5210 Conﬂuebant
1703 5154 1775 5210 ad
1809 5172 1944 5211 eum
1973 5155 2036 5211 in

389 5247 600 5303 itinere
631 5247 703 5302 ab
737 5246 1002 5301 ecclesiis
1035 5245 1188 5300 Asim
1209 5249 1267 5298 et
1293 5243 1574 5316 episcopi,
1597 5248 1655 5299 et
1685 5244 2033 5316 presbyteri,

390 5341 446 5390 et
477 5336 709 5391 diaconi
744 5335 1076 5405 complures
1105 5333 1312 5389 ordine
1345 5339 1404 5388 et
1432 5349 1676 5388 munere
1709 5338 1765 5388 et
1793 5333 2035 5390 nomine

387 5430 446 5481 et
469 5424 754 5497 dignitate
785 5425 1082 5491 distincti;
1109 5423 1179 5478 de
1203 5439 1443 5479 suarum
1468 5423 1855 5480 ecclesiarum
1878 5429 2035 5478 statu

387 5531 523 5570 eum
555 5517 870 5570 certiorem
893 5514 1222 5571 faciebant:
1249 5515 1320 5570 ad
1342 5515 1581 5571 illorum
1613 5514 1890 5570 ecclesias
1915 5515 2034 5585 epi-

388 5603 566 5659 stolas
599 5606 897 5670 exarabat,
930 5605 1038 5661 sub
1062 5606 1336 5677 martyris
1359 5605 1796 5674 auctoritate,et
1816 5604 2033 5660 summi

387 5693 452 5748 in
480 5692 646 5762 Syria
669 5694 1183 5766 episcopi,monita
1203 5695 1276 5751 iis
1299 5695 1493 5753 dabat.
1516 5693 1682 5762 Quod
1702 5693 1756 5750 ei
1777 5692 2032 5753 maxime

2145 4698 2442 4754 tribuisse.
2477 4695 2806 4751 Nonnullos
2837 4696 3078 4767 quidem
3110 4698 3351 4754 adducit
3382 4701 3637 4756 Dallaeus
3673 4707 3804 4759 tum

2145 4788 2375 4842 Graecos
2405 4788 2532 4838 tum
2564 4783 2821 4852 Latinos,
2851 4799 2886 4838 a
2917 4784 3131 4854 quibus
3154 4787 3332 4857 primi
3366 4787 3583 4860 gradus
3613 4805 3814 4846 sacer-

2146 4878 2311 4932 dotes
2325 4896 2352 4924 «
2368 4872 2697 4945 presbyteri
2719 4893 2746 4921 »
2770 4872 3136 4943 dicerentur;
3155 4876 3260 4930 sed
3278 4876 3326 4931 si
3347 4877 3610 4948 singulos
3634 4895 3816 4936 excu-

2147 4965 2383 5034 tiamus,
2417 4969 2518 5020 aut
2566 4963 2625 5018 id
2675 4980 2795 5018 non
2842 4962 3047 5019 dicunt
3089 4967 3246 5036 quod
3279 4966 3379 5021 ille
3412 4968 3553 5036 vult,
3587 4976 3695 5026 aut
3725 4973 3814 5029 ita

2145 5072 2364 5112 nomen
2394 5052 2725 5126 presbyteri
2756 5059 3068 5125 usurpant,
3094 5072 3229 5110 cum
3254 5057 3470 5128 gradus
3501 5075 3624 5113 non
3658 5077 3813 5119 enu-

2145 5160 2397 5223 merant,
2417 5158 2518 5209 aut
2539 5153 2611 5208 de
2629 5168 2752 5207 suae
2771 5153 2960 5208 aetatis
2984 5155 3274 5227 episc0pis
3305 5173 3426 5212 non
3449 5156 3813 5228 loquuntur.

2144 5244 2451 5318 Papias,in
2476 5242 2842 5314 Fragmentis
2868 5259 2997 5312 quae
3021 5251 3361 5315 supersunt,
3383 5263 3542 5302 nunc
3569 5245 3814 5321 πρεσὸυ-

2141 5334 2329 5408 τέρους
2361 5330 2574 5404 plurali
2629 5346 2902 5399 numero,
2936 5348 3092 5387 nunc
3122 5327 3487 5408 πρεσϐύτερον
3518 5337 3815 5410 singulari

2145 5426 2216 5480 de
2247 5422 2420 5478 unico
2451 5421 2679 5475 Joanne
2713 5424 2980 5491 usurpat.
3012 5421 3157 5476 Cum
3188 5421 3403 5493 plurali
3426 5441 3684 5482 numero
3717 5430 3817 5485 ad-

2143 5515 2328 5581 hibet,
2359 5528 2480 5567 non
2510 5511 2699 5580 liquet
2734 5526 2868 5565 eum
2890 5511 2982 5566 vel
3014 5511 3086 5567 de
3117 5512 3227 5569 hoc
3252 5513 3344 5568 vel
3374 5513 3477 5570 illo
3509 5518 3700 5588 gradu
3722 5521 3814 5575 vel

2144 5604 2350 5660 ordine
2374 5598 2681 5673 speciatim
2703 5598 3161 5672 intelligendum
3183 5617 3346 5669 esse;
3369 5605 3570 5674 potius
3602 5623 3672 5664 ea
3700 5626 3815 5665 vox

2141 5691 2402 5766 generali
2433 5703 2615 5747 sensu
2659 5688 3008 5760 accipienda
3042 5694 3152 5762 est,
3185 5706 3301 5763 quo
3335 5696 3510 5751 aetate
3542 5698 3808 5768 majores
