3942 6302
158 402 277 464 421

165 553 275 595 seu
308 535 684 610 antiquiores
716 535 1066 608 simpliciter
1088 535 1424 609 signiﬁcare
1456 534 1627 590 solet.
1681 536 1825 591 Cum

166 628 331 683 enim
360 626 582 698 Papias
612 630 850 698 putaret
874 642 945 681 ex
972 625 1099 681 viva
1126 642 1267 681 voce
1287 624 1597 680 hominum
1622 641 1828 695 super-

163 717 377 773 stitum
408 715 543 788 plus
573 715 849 770 utilitatis
881 715 1008 787 capi
1036 716 1321 787 potuisse,
1349 729 1524 784 quam
1551 730 1622 768 ex
1653 713 1832 768 libro-

168 822 306 861 rum
336 805 599 860 lectione
626 822 638 871 ;
670 804 973 876 quaerebat
1004 821 1074 860 ex
1102 804 1176 859 iis
1206 805 1307 875 qui
1340 808 1511 860 erant
1540 803 1670 874 ipso
1733 818 1822 858 se-

164 895 394 961 niores,
430 893 577 965 quid
617 893 703 949 illi
734 893 1082 950 audiverant
1112 893 1185 949 ab
1213 893 1286 947 iis
1322 893 1422 964 qui
1470 892 1591 947 illis
1649 891 1828 947 etiam

161 984 316 1057 ipsis
348 983 618 1039 seniores
642 988 814 1039 erant
837 1000 850 1051 ;
878 989 1057 1055 atque
1084 984 1167 1040 ita
1184 983 1424 1038 tandem
1446 982 1832 1054 perveniebat

166 1073 247 1129 ad
280 1073 1041 1145 testimoniaapostolorum
1072 1072 1199 1127 viva
1235 1088 1374 1127 voce
1405 1071 1640 1128 tradita.
1669 1071 1832 1136 Quaa-

163 1164 341 1219 rebat
371 1181 407 1219 a
437 1163 743 1235 discipulis
774 1163 1196 1234 apostolorum,
1229 1163 1357 1234 ipse
1397 1162 1557 1217 enim
1607 1161 1829 1217 nullius

166 1253 432 1325 apostoli
456 1251 780 1324 discipulus
801 1252 931 1308 fuit.
959 1252 1344 1323 Presbyteros
1367 1266 1572 1325 omnes
1595 1255 1830 1323 aposto-

166 1343 627 1412 los,omnesque
649 1341 865 1396 Christi
895 1341 1128 1396 Domini
1160 1340 1484 1412 discipulos
1533 1345 1721 1405 vocat,
1754 1338 1827 1393 de

172 1432 294 1487 hoc
352 1430 440 1485 vel
497 1430 599 1485 illo
649 1429 857 1485 ordine
888 1430 1208 1486 ministerii
1240 1428 1559 1502 evangelici
1590 1428 1662 1483 ab
1695 1445 1831 1502 apo-

171 1521 351 1579 stolis
375 1520 646 1576 instituto
662 1537 781 1575 non
795 1521 1041 1575 omnino
1064 1522 1493 1593 agit.Joannem
1508 1520 1829 1590 quemdam

168 1613 248 1668 ab
283 1610 556 1682 apostolo
587 1609 936 1666 distinctum
966 1627 1119 1682 saepe
1149 1607 1239 1663 τὸν
1267 1602 1630 1683 πρεσϐύτερον
1661 1626 1831 1665 voca-

166 1699 279 1755 bat
301 1715 315 1764 ;
340 1698 447 1753 sed
479 1697 608 1753 ﬁeri
624 1702 821 1768 potest
838 1702 905 1754 ut
920 1698 1020 1753 ille
1043 1697 1288 1753 secundi
1311 1696 1535 1752 ordinis
1554 1698 1830 1753 sacerdos

166 1787 359 1844 fuerit
384 1802 399 1852 ;
423 1793 582 1842 certe
611 1786 790 1858 primi
815 1785 998 1842 fuisse
1027 1791 1292 1843 veterum
1324 1802 1500 1843 nemo
1536 1785 1719 1852 dixit;
1744 1787 1831 1841 ni-

163 1879 287 1934 mis
308 1882 509 1933 autem
532 1877 761 1932 incerta
789 1881 946 1947 sunt,
982 1894 1114 1948 quae
1146 1877 1207 1931 in
1257 1877 1578 1932 Clementis
1610 1876 1829 1933 Consti.

165 1968 501 2037 tulionibus,
526 1967 600 2022 de
620 1968 846 2022 Joanne
876 1969 1155 2023 aJoanne
1187 1968 1462 2040 episcopo
1493 1965 1647 2023 facto
1677 1967 1832 2022 refe-

165 2059 676 2114 runtur.Marcum
711 2057 811 2128 qui
844 2056 1048 2113 volunt
1066 2057 1141 2113 ab
1164 2073 1232 2112 eo
1255 2057 1434 2113 etiam
1463 2049 1827 2130 πρεσϐύτερον

169 2149 430 2212 dictum,
454 2146 636 2202 verba
665 2147 820 2219 apud
851 2147 1177 2203 Eusebium
1207 2148 1291 2203 ita
1318 2147 1778 2219 interpretantes
1811 2163 1824 2201 :

162 2258 192 2289 «
227 2238 354 2292 Hoc
386 2236 589 2292 senior
619 2237 842 2292 Marcus
861 2235 1010 2291 dixit
1031 2237 1187 2291 Petri
1213 2236 1528 2308 interpres,
1551 2257 1580 2286 »
1610 2235 1827 2291 fallun-

169 2330 296 2382 tur.
333 2325 513 2382 Aliud
543 2341 614 2381 ea
642 2325 826 2381 verba
851 2331 1090 2382 sonant.
1124 2325 1229 2381 Καὶ
1257 2328 1419 2379 τοῦτο
1452 2325 1480 2378 ὁ
1536 2318 1827 2399 πρεσϐύτε-

164 2434 271 2489 ρος
320 2407 528 2490 ἔλεγεν·
589 2412 808 2488 Μάρκος
876 2414 968 2486 μὲν
1039 2414 1377 2489 ἑρμηνευτὴς
1409 2412 1621 2486 Πάτρου
1671 2414 1825 2487 γενό-

174 2523 343 2577 μενος
397 2502 498 2556 ὅσα
556 2500 981 2575 ἐμνημόνευσεν,
1040 2497 1280 2577 ἀκριϐῶς
1347 2496 1599 2577 ἔγραψεν.
1685 2504 1822 2569 Quae

165 2596 318 2652 satis
336 2594 651 2651 commode
682 2612 717 2650 a
745 2594 976 2650 Rufﬁno
1004 2611 1175 2650 versa
1204 2600 1381 2651 sunt:
1428 2615 1453 2648 α
1487 2595 1676 2650 Etiam
1708 2595 1821 2650 hoc

157 2685 413 2757 (inquit)
447 2684 757 2757 presbyter
784 2684 1082 2751 narrabat,
1100 2684 1257 2755 quod
1274 2687 1499 2740 Marcus
1530 2686 1824 2756 interpres

160 2775 353 2831 fuerit
380 2773 629 2843 Petri,et
656 2790 1024 2845 quiscunque
1056 2774 1409 2829 meminerat
1439 2773 1511 2830 ab
1546 2790 1612 2830 eo
1645 2772 1820 2842 dicta,

170 2864 624 2936 conscripserit.
658 2885 687 2913 »
738 2866 1043 2935 Utcunque
1099 2864 1194 2933 sit,
1248 2864 1459 2936 Papias
1516 2880 1822 2936 nunquam

161 2954 390 3027 gradus
425 2953 860 3009 ecclesiasticos
899 2958 1231 3022 enumerat,
1289 2969 1597 3024 nunquam
1628 2952 1823 3008 ofﬁcia

165 3043 521 3115 distinguit;
553 3058 848 3114 nusquam
867 3043 1412 3114 episcoporum,aut
1438 3042 1824 3098 diaconorum

170 3133 553 3189 mentionem
575 3132 743 3200 facit;
767 3148 1075 3203 nunquam
1097 3132 1167 3188 de
1192 3133 1466 3204 episcopo
1487 3132 1686 3203 aliquo
1709 3131 1824 3186 sin-

164 3223 363 3296 gulari
399 3226 503 3277 aut
530 3221 894 3293 presbytero,
925 3223 1024 3293 qui
1056 3237 1192 3277 cum
1237 3222 1361 3292 ipse
1420 3220 1707 3275 scriberet
1760 3220 1822 3274 in

163 3285 311 3368 vivis
345 3318 508 3368 esset
530 3285 813 3382 loquitur.
847 3285 1007 3367 Idem
1035 3312 1215 3367 etiam
1247 3285 1317 3366 de
1349 3313 1573 3366 Irenaeo
1618 3311 1818 3366 dicen-
1853 3285 1901 3354 C

162 3402 309 3458 dum
346 3419 361 3468 ;
394 3401 777 3475 presbyteros
806 3402 1166 3473 generaliter
1186 3406 1354 3456 vocat
1382 3400 1823 3473 episcopos,sed

159 3509 504 3565 nunquam,
553 3492 770 3563 gradus
820 3508 1198 3559 enumerans,
1259 3492 1588 3564 singulares
1643 3491 1820 3560 viros,

164 3586 269 3658 qui
305 3582 573 3655 episcopi
604 3582 859 3650 fuerant,
918 3583 1297 3655 presbyteros
1352 3581 1660 3653 appellat;
1720 3581 1823 3636 sed

161 3690 420 3746 semper
459 3672 759 3744 antiquos,
809 3671 1017 3743 quales
1065 3676 1235 3727 erant
1288 3672 1340 3724 οἱ
1397 3670 1503 3746 πρὸ
1555 3670 1820 3743 Σώτηρος

170 3756 560 3837 πρεσϐύτεροι,
592 3762 644 3815 οἱ
672 3760 777 3836 πρὸ
807 3765 904 3815 σοῦ
961 3755 1339 3835 πρεσϐύτεροι,
1396 3761 1447 3813 οἱ
1505 3759 1610 3835 πρὸ
1660 3758 1824 3813 αὐτοῦ

166 3845 557 3926 πρεσϐύτεροι,
591 3849 642 3904 οἱ
674 3851 780 3924 πρὸ
807 3852 967 3925 ἡμῶν
1006 3843 1387 3925 πρεσϐύτεροι.
1430 3852 1573 3905 Cum
1624 3856 1824 3905 autem

166 3942 239 3998 de
280 3945 581 4015 praesente
602 3940 878 4013 episcopo
909 3940 1049 4013 agit,
1083 3939 1192 3995 sub
1233 3956 1351 4011 quo
1382 3940 1507 4011 ipse
1567 3940 1823 4011 scripsit,

168 4030 419 4104 praprie
451 4034 510 4083 et
538 4028 612 4083 ad
651 4028 895 4084 modum
920 4028 1127 4101 lgnatii
1161 4027 1445 4099 loquitur,
1480 4027 1667 4094 lib.1n,
1700 4029 1819 4082 c.3:

170 4140 193 4171 α
231 4118 584 4175 Fundantes
615 4117 794 4191 igitur
839 4122 896 4172 et
942 4117 1320 4172 instituentes
1360 4116 1516 4172 beati
1575 4116 1825 4188 apostoli

168 4208 527 4273 Ecclesiam,
561 4208 705 4262 Lino
735 4207 1141 4279 episcopatum
1173 4204 1660 4261 administrandas
1717 4207 1827 4260 Ec-

165 4298 376 4354 clesiaa
408 4296 802 4354 tradiderunt.
836 4295 1110 4352 Succedit
1131 4302 1329 4351 autem
1362 4296 1415 4350 ei
1464 4295 1820 4362 Anacletus;

162 4392 305 4461 post
338 4401 472 4441 eum
509 4385 681 4441 tertio
704 4384 778 4441 ab
809 4385 1093 4458 apostolis
1126 4385 1530 4456 episcopatum
1579 4383 1825 4439 sortitur

164 4478 448 4533 Clemens
483 4492 497 4542 ;
532 4496 561 4524 »
584 4479 642 4530 et
672 4474 919 4546 reliquis
950 4474 1351 4530 enumeratis:
1398 4493 1427 4524 «
1448 4473 1593 4528 Cum
1624 4478 1821 4529 autem

167 4563 563 4623 successisset
594 4565 838 4619 Aniceto
870 4565 1057 4631 Soter,
1089 4579 1248 4619 nunc
1275 4562 1629 4618 duodecimo
1690 4563 1818 4617 loco

892 403 951 464 J.
996 397 1416 464 PEARSONII
1457 396 1828 462 VINDICIE
1868 390 2355 461 IGNATIANIE.
2402 431 2482 448 -
2519 400 2721 463 PARS
2763 402 2848 465 II.

3465 412 3584 474 422

1941 537 2140 605 Neque
2172 535 2331 591 enim
2362 536 2622 593 Irenaeus
2641 553 2908 611 unquam
2950 540 3242 601 Victorem
3275 544 3386 602 sibi
3445 564 3585 621 syn-

1939 623 2204 679 cbronon
2261 626 2672 698 presbyterum
2721 630 2961 699 vocavit,
2996 648 3190 704 neque
3216 634 3358 691 dum
3416 641 3587 693 ante-

1940 712 2127 767 riores
2156 714 2535 786 presbyteros
2566 723 2752 785 vocat,
2796 721 3105 793 episcopos
3135 724 3387 781 Victoris
3445 732 3589 783 tem-

1939 818 2082 874 pore
2114 803 2397 859 ecclesias
2424 805 2825 877 gubernantes
2875 809 3252 883 presbyteros
3297 816 3589 887 appellari

1941 893 2147 948 solitos
2179 894 2739 953 ostendit.Clemens
2763 898 3196 957 Alexandrinus
3220 905 3362 974 quid
3382 906 3455 962 de
3476 907 3587 963 hac

1940 999 2005 1037 re
2038 984 2343 1056 scripserit
2364 985 2774 1043 videamus.De
2804 990 3065 1060 perfecto
3098 1009 3202 1048 suo
3223 993 3584 1066 Christiano,

1939 1071 2057 1127 sive
2085 1073 2359 1129 Gnostico
2401 1074 2587 1143 locus,
2637 1076 2893 1133 additu:
2948 1079 3051 1134 Hic
3083 1088 3173 1137 est
3223 1099 3427 1139 revera
3454 1101 3585 1157 pre-

1939 1160 2142 1232 sbyter
2159 1162 2541 1234 Ecclesiae,et
2568 1182 2741 1220 verus
2788 1166 3074 1225 diaconus
3121 1170 3332 1228 divinas
3384 1174 3582 1231 volun-

1939 1251 2137 1306 tatis.»
2159 1254 2234 1305 At
2259 1252 2386 1307 haec
2414 1269 2536 1308 non
2565 1253 2648 1309 ita
2664 1253 2939 1322 diceret,«
2958 1258 3006 1312 si
3029 1275 3145 1329 qua
3159 1261 3316 1332 apud
3346 1269 3582 1319 nostros

1938 1339 2190 1411 dignitas
2217 1346 2372 1395 esset
2400 1342 2810 1414 presbyteratu
2840 1347 3129 1417 superior.
3163 1370 3192 1399 »
3242 1350 3353 1405 Sed
3400 1369 3584 1422 quare

1937 1445 2057 1484 non
2092 1444 2229 1484 eum
2260 1430 2483 1487 diceret
2510 1433 3091 1505 presbyterumJicet
3119 1438 3491 1512 episcopatus
3513 1443 3588 1498 sit

1940 1518 2354 1590 presbyteratu
2379 1521 2670 1592 superior,
2703 1540 2882 1594 quem
2904 1525 3221 1582 diaconum
3240 1527 3408 1596 dixit,
3445 1529 3591 1587 licet

1938 1608 2254 1665 diaconatu
2285 1612 2557 1682 superior
2578 1614 2655 1667 sit
2682 1614 3168 1686 presbyteratus?
3206 1619 3473 1676 Profecto
3503 1621 3588 1678 ita

1939 1699 2208 1757 Clemens
2240 1716 2372 1754 eum
2403 1700 2880 1773 appellavit,cum
2904 1704 3029 1775 ipse
3052 1707 3230 1762 sciret
3245 1724 3313 1763 ac
3344 1709 3584 1766 doceret

1939 1788 2095 1860 apud
2125 1793 2361 1844 nostros
2393 1789 2737 1861 dignitatem
2767 1792 2950 1849 fuisse
2971 1796 3383 1869 presbyteratu
3414 1816 3586 1870 supe-

1941 1876 2190 1945 riorem;
2223 1894 2363 1934 nam
2395 1880 2595 1934 statim
2618 1885 2929 1951 postquam
2954 1883 3081 1939 haec
3111 1887 3536 1957 scripserat,ait
3562 1904 3579 1945 :

1940 1964 2090 2021 Ἐπεὶ
2130 1966 2216 2020 καὶ
2251 1966 2309 2020 αἱ
2364 1964 2585 2021 ἐνταῦθα
2633 1969 2906 2042 προκοπαὶ
2963 1969 3295 2043 ἐπισκόπων,
3352 1969 3585 2048 πρεσϐυ-

1939 2052 2129 2129 τάρων,
2164 2050 2425 2108 διακόνων
2454 2057 2768 2129 μιμήματα,
2829 2057 3007 2131 οἶμαι,
3068 2059 3359 2136 ἀγγελικῆς
3418 2061 3582 2134 δόξης

1937 2145 2325 2219 τυγχάνουσιν.
2362 2145 2696 2202 Secundum
2723 2146 3087 2205 Clementem
3134 2151 3330 2224 igitur,
3371 2169 3582 2224 quem-

1937 2232 2259 2288 admodum
2277 2234 2531 2308 προκοπή
2555 2252 2656 2291 seu
2678 2238 2978 2308 profectus
3009 2244 3100 2294 est
3126 2256 3160 2296 a
3179 2240 3492 2298 diaconatu
3509 2243 3583 2298 ad

1938 2322 2524 2393 presbyteratum,ita
2555 2326 2734 2380 etiam
2754 2328 3008 2401 προκοπή
3038 2346 3145 2385 seu
3168 2332 3467 2403 profectus
3489 2336 3580 2388 est

1936 2412 2397 2484 apresbyteratu
2420 2414 2493 2470 ad
2517 2415 2922 2488 episcopatum
2951 2435 2963 2474 :
2990 2425 3050 2474 et
3074 2420 3182 2476 hos
3199 2426 3318 2477 tres
3340 2423 3580 2480 ordines

1934 2517 2055 2556 non
2075 2506 2302 2558 tantum
2317 2504 2595 2560 ordinum
2617 2506 3405 2576 angelicorumimitamenta
3416 2530 3584 2585 quaa—

1935 2591 2071 2647 dam
2103 2608 2232 2647 esse
2260 2594 2558 2664 putat;sed
2579 2600 2638 2650 et
2658 2595 2729 2650 ab
2747 2595 2890 2667 ipsis
2912 2599 3191 2669 apostolis
3213 2601 3274 2656 in
3310 2603 3571 2659 Ecclesia

1932 2679 2257 2749 institutos,
2293 2686 2351 2737 et
2383 2682 2629 2739 diversis
2652 2683 3065 2757 distinctisque
3104 2692 3413 2762 prmceptis
3444 2708 3579 2748 mu—

1932 2770 2089 2825 nitos
2119 2770 2387 2839 credidit,
2412 2776 2478 2826 ut
2505 2789 2576 2827 ex
2610 2774 2781 2828 tertio
2811 2775 3113 2846 Paedagogi
3143 2777 3294 2833 libro
3313 2781 3582 2836 ostendi-

1931 2875 2085 2914 mus.
2113 2859 2219 2915 Ubi
2250 2860 2430 2932 igitur
2455 2861 2696 2918 ordines
2717 2879 2821 2918 seu
2842 2864 3059 2935 gradus
3081 2873 3583 2936 enumerat,utro-

1937 2948 2120 3019 hique
2149 2965 2283 3003 cum
2318 2950 2541 3014 lgnatio
2571 2956 2773 3006 nostro
2828 2953 3154 3025 epiSGOpos,
3197 2957 3574 3029 presbyteros

1934 3042 1994 3093 et
2027 3037 2307 3093 diaconos
2328 3038 2564 3110 proprie
2596 3044 2655 3094 et
2686 3039 2965 3097 distincte
2997 3045 3282 3114 agnoscit.
3306 3046 3419 3102 Sed
3452 3069 3475 3100 σ
3510 3048 3573 3104 in

1935 3126 2191 3196 quodam
2221 3144 2293 3181 ex
2324 3126 2454 3198 ejus
2476 3127 2766 3199 Operibus
2786 3130 2943 3200 quod
2962 3132 3119 3202 apud
3136 3133 3453 3192 Eusebium
3478 3154 3580 3193 ex-

1934 3221 2051 3271 stat
2077 3216 2429 3288 fragmento,
2462 3233 2640 3288 quem
2669 3219 2861 3290 primo
2921 3221 3268 3293 episcopum
3324 3224 3577 3295 dixerat,

1934 3304 2209 3359 eumdem
2239 3304 2415 3376 paulo
2448 3311 2579 3377 post
2607 3307 3018 3379 presbyterum
3042 3309 3204 3365 dicit.
3225 3331 3253 3360 ››
3284 3312 3444 3367 Fecit
3464 3313 3576 3369 hoc

1933 3393 2174 3463 quidem
2206 3393 2269 3448 in
2295 3394 2542 3450 homilia
2564 3396 2692 3468 jam
2752 3396 2990 3453 tandem
3020 3399 3127 3454 sub
3167 3401 3434 3472 Origenis
3474 3419 3583 3460 no-

1932 3483 2092 3538 mine
2122 3483 2300 3553 edita,
2332 3484 2490 3555 quod
2520 3485 2705 3541 miror
2730 3487 3177 3545 etBlondellum
3200 3495 3259 3547 et
3288 3492 3574 3549 Dalleeum

1935 3579 2176 3636 latuisse
2201 3581 2339 3649 ;sed
2372 3583 2667 3653 quomodo
2698 3583 2759 3638 id
2788 3584 2994 3641 fecerit
3022 3587 3343 3646 videamus.
3377 3591 3577 3648 Homi-

1934 3686 2073 3724 nem
2093 3670 2287 3738 illum,
2321 3672 2595 3744 quisquis
2638 3672 2769 3741 fuit,
2811 3676 3118 3730 καθεστῶτα
3146 3675 3441 3735 ἐπίσκοπον
3466 3682 3576 3737 sub

1931 3761 2153 3814 Joanne
2183 3760 2449 3830 apostolo
2481 3761 2819 3830 tradit,cum
2844 3764 2969 3835 ipse
2987 3767 3288 3837 apostolus
3304 3770 3578 3842 regiones

1934 3849 2069 3904 illas
2098 3855 2457 3922 peragraret,
2479 3847 2808 3912 ἐπισκόπους
2837 3855 3210 3923 καταστήσων
3236 3860 3573 3929 apostolum

1933 3937 2126 4009 ipsum
2162 3938 2243 3994 ita
2264 3954 2400 3994 eum
2433 3939 2833 4011 alloquentem
2866 3941 3217 4000 introducit:
3251 3946 3385 4019 Ἀγε
3415 3943 3492 4016 δὲ,
3528 3946 3574 4001 ὦ

1936 4023 2216 4093 ἐπίσκοπε,
2249 4029 2360 4083 hoc
2392 4034 2500 4097 est,
2523 4029 2615 4084 sui
2655 4031 2938 4101 temporis
2989 4034 3331 4106 episcopum
3378 4053 3445 4092 eo
3476 4054 3579 4092 no-

1935 4116 2097 4171 mine
2130 4117 2298 4187 quasi
2320 4118 2517 4173 officio
2539 4118 2808 4190 apprime
2837 4127 3194 4194 congruente
3219 4124 3579 4195 compellan-

1935 4207 2202 4276 temlpse
2233 4211 2430 4263 autem
2461 4207 2737 4265 Clemens
2769 4215 2902 4281 post
2931 4228 3121 4267 annos
3152 4216 3580 4283 centum,hunc

1935 4311 2111 4366 quem
2144 4301 2202 4350 et
2232 4295 2360 4367 ipse
2391 4301 2449 4351 et
2477 4297 2779 4368 apostolus
2812 4301 3151 4373 episcopum
3184 4304 3576 4376 appellarent,

1934 4383 2117 4439 semel
2149 4377 2539 4459 πρεσϐύτερον,
2573 4387 2761 4442 semel
2789 4383 3117 4462 πρεσϐύτην,
3143 4395 3210 4447 ut
3239 4393 3576 4465 apostolum

1932 4473 2128 4545 ipsum
2155 4473 2247 4527 τὸν
2280 4472 2507 4548 γέροντα
2536 4481 2722 4533 vocat.
2746 4477 2836 4532 Nil
2867 4478 3047 4551 igitur
3087 4485 3293 4537 contra
3348 4499 3576 4541 morem

1933 4562 2655 4643 Ignatiifecit.Quinetiam
2678 4565 3066 4640 Polycarpum
3089 4571 3415 4627 secundum
3433 4590 3580 4644 pra)-

170 4655 584 4728 episcopatum
617 4653 690 4708 ab
721 4653 1005 4725 apostolis
1035 4652 1216 4708 habet
1234 4651 1823 4709 Eleutherius.»Male
1856 4644 1900 4710 D
1932 4656 2159 4708 sentem
2172 4652 2449 4709 Ecclesia;
2472 4658 2690 4709 statum
2703 4655 2860 4727 apud
2879 4657 3286 4731 Philippenses
3308 4662 3581 4734 scripsis-

165 4745 359 4818 igitur
386 4742 645 4798 Dallmus
678 4760 749 4798 ex
780 4743 980 4798 nescio
1012 4758 1129 4814 qua
1167 4741 1478 4813 apostolici
1530 4744 1825 4798 sermonis

169 4834 305 4906 lege
328 4832 610 4904 postulat,
632 4837 699 4888 ut
728 4833 782 4887 S.
815 4832 1077 4905 Ignatius
1140 4833 1407 4900 Damam,
1457 4831 1822 4901 Onesimum,

171 4932 231 4981 et
256 4922 727 4994 Polybium,non
757 4924 957 4979 minus
987 4939 1164 4995 quam
1196 4924 1456 4978 Irenasus
1483 4923 1826 4991 Anicetum,

170 5017 372 5082 Pium,
408 5012 1589 5086 Hyginum,Telespborum,«presbyteros
1612 5034 1640 5062 »
1661 5016 1831 5069 vocat

171 5120 314 5161 cum
342 5103 407 5158 hi
464 5104 687 5158 Irenaeo
743 5104 1112 5175 antiquiores
1160 5102 1401 5169 fuerint,
1456 5102 1540 5157 illi
1597 5103 1824 5175 lgnatio

170 5194 378 5261 coaevi,
410 5209 559 5265 quos
588 5209 832 5249 necesse
856 5194 909 5249 ei
947 5194 1061 5249 fuit
1112 5209 1147 5249 a
1191 5192 1553 5265 presbyteris
1609 5192 1825 5248 distin-

173 5282 563 5355 gnere.Pejus
593 5286 793 5339 autem
829 5283 1015 5338 multo
1046 5281 1369 5338 Salmasius
1412 5281 1474 5336 in
1527 5283 1827 5353 Apparatu

172 5392 201 5423 α
222 5388 337 5427 nec
373 5372 662 5440 muneris,
688 5388 798 5428 nec
828 5372 1130 5445 dignitatis
1162 5372 1319 5426 inter
1372 5370 1714 5442 episcopum
1769 5376 1828 5427 et

171 5459 588 5533 presbyterum
602 5458 952 5515 divisionem
970 5459 1215 5515 Victoris
1229 5462 1485 5531 tempore
1497 5458 1826 5515 exstitisse»

170 5549 261 5604 vel
293 5547 432 5604 inde
454 5549 695 5621 probari
743 5550 986 5622 putavit,
1013 5573 1039 5601 ‹‹
1065 5548 1204 5621 quia
1234 5564 1352 5603 non
1383 5547 1576 5603 solum
1608 5549 1824 5621 ipsum,

174 5639 277 5695 sed
309 5638 491 5695 etiam
522 5639 855 5695 anteriores
878 5638 1188 5712 episcopos
1234 5639 1533 5694 Romanos
1596 5630 1827 5710 πρεσϐυ-

170 5723 343 5803 τέρων
357 5729 603 5786 nomine
626 5726 960 5803 appellatos
976 5732 1210 5785 constat
1231 5726 1303 5783 ab
1323 5727 1546 5782 Irenaeo
1562 5730 1620 5783 et
1635 5726 1826 5787 aliis.»

1934 4758 1996 4798 se
2019 4757 2142 4797 non
2162 4741 2386 4797 dubito.
2414 4742 2540 4798 Illis
2562 4743 2800 4815 quidem
2820 4749 3091 4819 prmcipit
3108 4754 3174 4805 ut
3196 4750 3446 4824 subjecti
3462 4753 3582 4808 sint

1935 4854 1963 4882 «
1983 4833 2345 4905 presbyteris
2367 4838 2427 4889 et
2456 4834 2721 4890 diaconis
2744 4836 2898 4891 sicut
2921 4840 3036 4894 Deo
3060 4845 3117 4894 et
3137 4840 3388 4897 Christo.
3426 4864 3454 4892 »
3470 4842 3582 4898 Sed

1936 4925 2069 4995 quis
2094 4924 2278 4992 dabit,
2301 4925 2645 4996 episcopum
2676 4925 3149 4998 Philippensium
3183 4935 3321 4986 tunc
3352 4932 3415 4986 in
3438 4931 3580 4987 vivis

1934 5013 2116 5068 fuisse
2137 5014 2166 5067 ‘?
2186 5014 2324 5077 Quis
2348 5013 2652 5084 prmstabit
2681 5014 3092 5085 Philippenses
3123 5016 3256 5072 ideo
3314 5035 3349 5074 a
3400 5019 3578 5090 Poly-

1934 5118 2111 5173 carpo
2142 5100 2454 5157 consilium
2485 5118 2608 5157 non
2639 5102 3015 5176 efflagitasse,
3040 5106 3199 5176 quod
3229 5111 3371 5163 tunc
3417 5113 3578 5165 tem-

1934 5192 2093 5262 poris
2115 5191 2389 5261 episcopo
2421 5190 2532 5261 ipsi
2556 5191 2714 5246 haud
2734 5194 3066 5264 potirentur
3084 5194 3112 5249 ‘I
3138 5196 3226 5251 Ita
3256 5198 3416 5253 enim
3446 5198 3575 5270 ipse

1935 5297 2036 5337 eos
2092 5279 2454 5350 alloquitur:
2505 5282 2708 5345 Ταῦτα,
2739 5278 2991 5360 ἀδελφοὶ,
3050 5283 3151 5339 οὐκ
3197 5282 3416 5358 ἐμαυτῷ
3452 5284 3572 5341 ἐπι-

1933 5368 2132 5443 τρέψας
2153 5368 2346 5445 γράφω
2379 5367 2509 5439 ὑμῖν
2537 5366 2660 5441 περὶ
2689 5373 2791 5437 τῆς
2837 5368 3213 5445 δικαιοσύνης⁸
3282 5372 3409 5430 ἀλλ’
3457 5373 3579 5431 ἐπεὶ

1936 5458 2090 5530 ὑμεῖς
2115 5452 2550 5530 προεκαλέσασθὲ
2574 5476 2660 5528 με.
2694 5479 2724 5509 ‹‹
2759 5460 2893 5514 Hmc
2933 5467 3155 5529 autem,
3185 5464 3417 5535 fratres,
3458 5482 3580 5523 non

1935 5565 2070 5604 meo
2101 5546 2365 5611 arbitrio,
2398 5546 2562 5602 vobis
2591 5546 2667 5603 de
2687 5547 2924 5619 justitia
2944 5551 3268 5622 scribo,sed
3302 5554 3460 5625 quod
3483 5572 3583 5611 vos

1936 5638 2013 5694 ad
2044 5652 2138 5693 me
2154 5636 2537 5709 provocastis.
2558 5658 2587 5688 »
2638 5638 2705 5694 In
2736 5653 2933 5706 causa,
2961 5642 3028 5694 ut
3051 5640 3280 5713 opinor,
3311 5644 3579 5701 Valentis

1935 5725 2288 5800 presbyteri,
2318 5740 2497 5797 quam
2527 5727 2755 5800 judicio
2794 5727 3101 5801 Polycarpi
3132 5731 3572 5803 permittebant.
