  <div class='ocr_page' id='page_1' title='image "/cluster/home/n/w/nwhite01/storage/ocr_20150623/5/pst.000005711819/219.png"; bbox 0 0 3942 6302; ppageno 0'>
   <div class='ocr_carea' id='block_1_1' title="bbox 377 350 496 410">
    <p class='ocr_par' dir='ltr' id='par_1_1' title="bbox 377 350 496 410">
     <span class='ocr_line' id='line_1_1' title="bbox 377 350 496 410; baseline 0.017 -2"><span class='ocrx_word' id='word_1_1' title='bbox 377 350 496 410; x_wconf 72' lang='grc'><strong>423</strong></span> 
     </span>
    </p>
   </div>
   <div class='ocr_carea' id='block_1_2' title="bbox 1440 330 2726 399">
    <p class='ocr_par' dir='ltr' id='par_1_2' title="bbox 1440 330 2726 399">
     <span class='ocr_line' id='line_1_2' title="bbox 1440 330 2726 399; baseline -0.002 -1"><span class='ocrx_word' id='word_1_2' title='bbox 1440 337 1505 399; x_wconf 86' lang='lat' dir='ltr'><strong>S.</strong></span> <span class='ocrx_word' id='word_1_3' title='bbox 1552 333 1950 398; x_wconf 85' lang='lat' dir='ltr'><strong>IGNATIUS.</strong></span> <span class='ocrx_word' id='word_1_4' title='bbox 1998 364 2076 376; x_wconf 89' lang='lat'><strong><em>—</em></strong></span> <span class='ocrx_word' id='word_1_5' title='bbox 2117 330 2726 396; x_wconf 71' lang='lat' dir='ltr'><strong>PROLIGOMENA.</strong></span> 
     </span>
    </p>
   </div>
   <div class='ocr_carea' id='block_1_3' title="bbox 3674 333 3794 396">
    <p class='ocr_par' dir='ltr' id='par_1_3' title="bbox 3674 333 3794 396">
     <span class='ocr_line' id='line_1_3' title="bbox 3674 333 3794 396; baseline -0.033 -1"><span class='ocrx_word' id='word_1_6' title='bbox 3674 333 3794 396; x_wconf 70' lang='grc'><strong>424</strong></span> 
     </span>
    </p>
   </div>
   <div class='ocr_carea' id='block_1_4' title="bbox 377 467 3784 554">
    <p class='ocr_par' dir='ltr' id='par_1_4' title="bbox 377 467 3784 554">
     <span class='ocr_line' id='line_1_4' title="bbox 377 467 3784 554; baseline -0.005 -12"><span class='ocrx_word' id='word_1_7' title='bbox 377 489 511 544; x_wconf 65' lang='lat' dir='ltr'><strong>Haec</strong></span> <span class='ocrx_word' id='word_1_8' title='bbox 541 483 719 554; x_wconf 92' lang='lat' dir='ltr'><strong>igitur</strong></span> <span class='ocrx_word' id='word_1_9' title='bbox 738 495 873 537; x_wconf 90' lang='lat' dir='ltr'><strong>cum</strong></span> <span class='ocrx_word' id='word_1_10' title='bbox 902 477 1130 534; x_wconf 88' lang='lat' dir='ltr'><strong>incerta</strong></span> <span class='ocrx_word' id='word_1_11' title='bbox 1150 475 1289 543; x_wconf 91' lang='lat' dir='ltr'><strong>sint,</strong></span> <span class='ocrx_word' id='word_1_12' title='bbox 1309 474 1460 530; x_wconf 87' lang='lat' dir='ltr'><strong>nihil</strong></span> <span class='ocrx_word' id='word_1_13' title='bbox 1485 474 1628 531; x_wconf 85' lang='lat' dir='ltr'><strong>certi</strong></span> <span class='ocrx_word' id='word_1_14' title='bbox 1657 490 1727 529; x_wconf 87' lang='lat' dir='ltr'><strong>ex</strong></span> <span class='ocrx_word' id='word_1_15' title='bbox 1751 485 2025 528; x_wconf 82' lang='lat' dir='ltr'><strong>sermone</strong></span> <span class='ocrx_word' id='word_1_16' title='bbox 2055 470 2111 538; x_wconf 81' lang='grc' dir='ltr'><strong>Α</strong></span> <span class='ocrx_word' id='word_1_17' title='bbox 2140 491 2168 520; x_wconf 87' lang='grc'><strong>‹‹</strong></span> <span class='ocrx_word' id='word_1_18' title='bbox 2201 469 2515 542; x_wconf 76' lang='lat' dir='ltr'><strong>Presbyter</strong></span> <span class='ocrx_word' id='word_1_19' title='bbox 2545 474 2748 543; x_wconf 80' lang='lat' dir='ltr'><strong>pastor</strong></span> <span class='ocrx_word' id='word_1_20' title='bbox 2769 468 3010 526; x_wconf 80' lang='lat' dir='ltr'><strong>titulum</strong></span> <span class='ocrx_word' id='word_1_21' title='bbox 3067 467 3353 525; x_wconf 83' lang='lat' dir='ltr'><strong>condidit.</strong></span> <span class='ocrx_word' id='word_1_22' title='bbox 3405 490 3433 518; x_wconf 87' lang='lat'><strong><em>»</em></strong></span> <span class='ocrx_word' id='word_1_23' title='bbox 3494 469 3784 525; x_wconf 87' lang='lat' dir='ltr'><strong>Accurate</strong></span> 
     </span>
    </p>
   </div>
   <div class='ocr_carea' id='block_1_5' title="bbox 376 563 2026 646">
    <p class='ocr_par' dir='ltr' id='par_1_5' title="bbox 376 563 2026 646">
     <span class='ocr_line' id='line_1_5' title="bbox 376 563 2026 646; baseline -0.01 -15"><span class='ocrx_word' id='word_1_24' title='bbox 376 573 681 646; x_wconf 88' lang='lat' dir='ltr'><strong>Polycarpi</strong></span> <span class='ocrx_word' id='word_1_25' title='bbox 713 569 908 626; x_wconf 81' lang='lat' dir='ltr'><strong>atl&#39;erri</strong></span> <span class='ocrx_word' id='word_1_26' title='bbox 940 572 1150 641; x_wconf 88' lang='lat' dir='ltr'><strong>potest.</strong></span> <span class='ocrx_word' id='word_1_27' title='bbox 1189 565 1323 631; x_wconf 89' lang='lat' dir='ltr'><strong>Sed,</strong></span> <span class='ocrx_word' id='word_1_28' title='bbox 1357 564 1552 636; x_wconf 88' lang='lat' dir='ltr'><strong>inquit</strong></span> <span class='ocrx_word' id='word_1_29' title='bbox 1578 563 1854 630; x_wconf 68' lang='lat' dir='ltr'><strong>Dallaeus,</strong></span> <span class='ocrx_word' id='word_1_30' title='bbox 1914 567 2026 616; x_wconf 89' lang='lat' dir='ltr'><strong>Po-</strong></span> 
     </span>
    </p>
   </div>
   <div class='ocr_carea' id='block_1_6' title="bbox 375 653 2024 738">
    <p class='ocr_par' dir='ltr' id='par_1_6' title="bbox 375 653 2024 738">
     <span class='ocr_line' id='line_1_6' title="bbox 375 653 2024 738; baseline -0.009 -17"><span class='ocrx_word' id='word_1_31' title='bbox 375 667 649 738; x_wconf 88' lang='lat' dir='ltr'><strong>lycarpus</strong></span> <span class='ocrx_word' id='word_1_32' title='bbox 681 666 829 732; x_wconf 89' lang='lat' dir='ltr'><strong>se,et</strong></span> <span class='ocrx_word' id='word_1_33' title='bbox 851 675 1240 730; x_wconf 88' lang='lat' dir='ltr'><strong>eos,quorum</strong></span> <span class='ocrx_word' id='word_1_34' title='bbox 1264 657 1508 712; x_wconf 88' lang='lat' dir='ltr'><strong>nomine</strong></span> <span class='ocrx_word' id='word_1_35' title='bbox 1540 653 2024 726; x_wconf 89' lang='lat' dir='ltr'><strong>Philippensibus</strong></span> 
     </span>
    </p>
   </div>
   <div class='ocr_carea' id='block_1_7' title="bbox 381 745 2021 824">
    <p class='ocr_par' dir='ltr' id='par_1_7' title="bbox 381 745 2021 824">
     <span class='ocr_line' id='line_1_7' title="bbox 381 745 2021 824; baseline -0.009 -13"><span class='ocrx_word' id='word_1_36' title='bbox 381 755 604 822; x_wconf 87' lang='lat' dir='ltr'><strong>scribit,</strong></span> <span class='ocrx_word' id='word_1_37' title='bbox 635 753 944 824; x_wconf 84' lang='lat' dir='ltr'><strong>episcopos</strong></span> <span class='ocrx_word' id='word_1_38' title='bbox 972 750 1352 820; x_wconf 80' lang='lat' dir='ltr'><strong>presbyteros</strong></span> <span class='ocrx_word' id='word_1_39' title='bbox 1385 747 1549 812; x_wconf 84' lang='lat' dir='ltr'><strong>dicit,</strong></span> <span class='ocrx_word' id='word_1_40' title='bbox 1581 768 1608 796; x_wconf 88' lang='lat'>«</span> <span class='ocrx_word' id='word_1_41' title='bbox 1639 745 2021 816; x_wconf 88' lang='lat' dir='ltr'><strong>Polycarpus,</strong></span> 
     </span>
    </p>
   </div>
   <div class='ocr_carea' id='block_1_8' title="bbox 381 832 2026 916">
    <p class='ocr_par' dir='ltr' id='par_1_8' title="bbox 381 832 2026 916">
     <span class='ocr_line' id='line_1_8' title="bbox 381 832 2026 916; baseline -0.009 -14"><span class='ocrx_word' id='word_1_42' title='bbox 381 851 439 902; x_wconf 89' lang='lat' dir='ltr'><strong>et</strong></span> <span class='ocrx_word' id='word_1_43' title='bbox 463 845 715 916; x_wconf 91' lang='lat' dir='ltr'><strong>quicum</strong></span> <span class='ocrx_word' id='word_1_44' title='bbox 749 859 815 897; x_wconf 93' lang='lat' dir='ltr'><strong>eo</strong></span> <span class='ocrx_word' id='word_1_45' title='bbox 849 845 988 895; x_wconf 91' lang='lat' dir='ltr'><strong>sunt</strong></span> <span class='ocrx_word' id='word_1_46' title='bbox 1023 837 1364 910; x_wconf 82' lang='lat' dir='ltr'><strong>presbyteri.</strong></span> <span class='ocrx_word' id='word_1_47' title='bbox 1411 859 1438 886; x_wconf 85' lang='lat'><strong>»</strong></span> <span class='ocrx_word' id='word_1_48' title='bbox 1461 838 1595 891; x_wconf 65' lang='lat' dir='ltr'><strong>Haec</strong></span> <span class='ocrx_word' id='word_1_49' title='bbox 1625 834 1865 906; x_wconf 88' lang='lat' dir='ltr'><strong>quidem</strong></span> <span class='ocrx_word' id='word_1_50' title='bbox 1897 832 2026 904; x_wconf 87' lang='lat' dir='ltr'><strong>epi-</strong></span> 
     </span>
    </p>
   </div>
   <div class='ocr_carea' id='block_1_9' title="bbox 382 918 2020 1005">
    <p class='ocr_par' dir='ltr' id='par_1_9' title="bbox 382 918 2020 1005">
     <span class='ocr_line' id='line_1_9' title="bbox 382 918 2020 1005; baseline -0.011 -14"><span class='ocrx_word' id='word_1_51' title='bbox 382 936 548 991; x_wconf 67' lang='lat' dir='ltr'><strong>stola}</strong></span> <span class='ocrx_word' id='word_1_52' title='bbox 582 935 711 1005; x_wconf 83' lang='lat' dir='ltr'><strong>ejus</strong></span> <span class='ocrx_word' id='word_1_53' title='bbox 742 929 1051 1001; x_wconf 85' lang='lat' dir='ltr'><strong>inscriptio</strong></span> <span class='ocrx_word' id='word_1_54' title='bbox 1112 933 1221 993; x_wconf 90' lang='lat' dir='ltr'><strong>est,</strong></span> <span class='ocrx_word' id='word_1_55' title='bbox 1281 922 1642 997; x_wconf 79' lang='grc' dir='ltr'>Πολύκαρπος</span> <span class='ocrx_word' id='word_1_56' title='bbox 1691 923 1780 977; x_wconf 81' lang='grc' dir='ltr'>καὶ</span> <span class='ocrx_word' id='word_1_57' title='bbox 1821 921 1874 976; x_wconf 77' lang='grc' dir='ltr'><strong>οἱ</strong></span> <span class='ocrx_word' id='word_1_58' title='bbox 1929 918 2020 974; x_wconf 76' lang='grc' dir='ltr'><strong>σὺν</strong></span> 
     </span>
    </p>
   </div>
   <div class='ocr_carea' id='block_1_10' title="bbox 373 1015 2021 1095">
    <p class='ocr_par' dir='ltr' id='par_1_10' title="bbox 373 1015 2021 1095">
     <span class='ocr_line' id='line_1_10' title="bbox 373 1015 2021 1095; baseline -0.007 -18"><span class='ocrx_word' id='word_1_59' title='bbox 373 1023 522 1094; x_wconf 77' lang='grc' dir='ltr'><strong>αὐτῷ</strong></span> <span class='ocrx_word' id='word_1_60' title='bbox 563 1015 944 1095; x_wconf 69' lang='grc' dir='ltr'><strong>πρεσϐύτεροι.</strong></span> <span class='ocrx_word' id='word_1_61' title='bbox 1006 1018 1117 1074; x_wconf 90' lang='lat' dir='ltr'><strong>Sed</strong></span> <span class='ocrx_word' id='word_1_62' title='bbox 1175 1034 1250 1072; x_wconf 86' lang='lat' dir='ltr'><strong>an</strong></span> <span class='ocrx_word' id='word_1_63' title='bbox 1310 1016 1410 1070; x_wconf 90' lang='lat' dir='ltr'><strong>ille</strong></span> <span class='ocrx_word' id='word_1_64' title='bbox 1469 1015 1569 1085; x_wconf 89' lang='lat' dir='ltr'><strong>qui</strong></span> <span class='ocrx_word' id='word_1_65' title='bbox 1594 1029 1816 1069; x_wconf 89' lang='lat' dir='ltr'><strong>nomen</strong></span> <span class='ocrx_word' id='word_1_66' title='bbox 1849 1028 2021 1067; x_wconf 90' lang='lat' dir='ltr'><strong>suum</strong></span> 
     </span>
    </p>
   </div>
   <div class='ocr_carea' id='block_1_11' title="bbox 375 1105 2020 1180">
    <p class='ocr_par' dir='ltr' id='par_1_11' title="bbox 375 1105 2020 1180">
     <span class='ocr_line' id='line_1_11' title="bbox 375 1105 2020 1180; baseline -0.009 -10"><span class='ocrx_word' id='word_1_67' title='bbox 375 1119 602 1170; x_wconf 85' lang='lat' dir='ltr'><strong>tantum</strong></span> <span class='ocrx_word' id='word_1_68' title='bbox 625 1113 824 1177; x_wconf 85' lang='lat' dir='ltr'><strong>refert,</strong></span> <span class='ocrx_word' id='word_1_69' title='bbox 844 1127 904 1165; x_wconf 92' lang='lat' dir='ltr'><strong>se</strong></span> <span class='ocrx_word' id='word_1_70' title='bbox 936 1108 1348 1180; x_wconf 82' lang='lat' dir='ltr'><strong>presbyterum</strong></span> <span class='ocrx_word' id='word_1_71' title='bbox 1382 1105 1577 1160; x_wconf 81' lang='lat' dir='ltr'><strong>dicit?</strong></span> <span class='ocrx_word' id='word_1_72' title='bbox 1607 1106 1698 1158; x_wconf 89' lang='lat' dir='ltr'><strong>An</strong></span> <span class='ocrx_word' id='word_1_73' title='bbox 1749 1119 1881 1158; x_wconf 91' lang='lat' dir='ltr'><strong>cum</strong></span> <span class='ocrx_word' id='word_1_74' title='bbox 1915 1118 2020 1156; x_wconf 91' lang='lat' dir='ltr'><strong>ne-</strong></span> 
     </span>
    </p>
   </div>
   <div class='ocr_carea' id='block_1_12' title="bbox 374 1195 2017 1272">
    <p class='ocr_par' dir='ltr' id='par_1_12' title="bbox 374 1195 2017 1272">
     <span class='ocr_line' id='line_1_12' title="bbox 374 1195 2017 1272; baseline -0.009 -13"><span class='ocrx_word' id='word_1_75' title='bbox 374 1204 532 1259; x_wconf 88' lang='lat' dir='ltr'><strong>mine</strong></span> <span class='ocrx_word' id='word_1_76' title='bbox 564 1203 676 1258; x_wconf 88' lang='lat' dir='ltr'><strong>nisi</strong></span> <span class='ocrx_word' id='word_1_77' title='bbox 701 1218 835 1256; x_wconf 90' lang='lat' dir='ltr'><strong>cum</strong></span> <span class='ocrx_word' id='word_1_78' title='bbox 859 1199 1202 1272; x_wconf 88' lang='lat' dir='ltr'><strong>presbytero</strong></span> <span class='ocrx_word' id='word_1_79' title='bbox 1235 1195 1563 1269; x_wconf 84' lang='lat' dir='ltr'><strong>presbyteri</strong></span> <span class='ocrx_word' id='word_1_80' title='bbox 1625 1210 1753 1249; x_wconf 91' lang='lat' dir='ltr'><strong>esse</strong></span> <span class='ocrx_word' id='word_1_81' title='bbox 1813 1197 2017 1263; x_wconf 90' lang='lat' dir='ltr'><strong>potue-</strong></span> 
     </span>
    </p>
   </div>
   <div class='ocr_carea' id='block_1_13' title="bbox 373 1282 2019 1360">
    <p class='ocr_par' dir='ltr' id='par_1_13' title="bbox 373 1282 2019 1360">
     <span class='ocr_line' id='line_1_13' title="bbox 373 1282 2019 1360; baseline -0.009 -11"><span class='ocrx_word' id='word_1_82' title='bbox 373 1293 797 1349; x_wconf 87' lang='lat' dir='ltr'><strong>runt?Annon</strong></span> <span class='ocrx_word' id='word_1_83' title='bbox 829 1307 962 1344; x_wconf 90' lang='lat' dir='ltr'><strong>cum</strong></span> <span class='ocrx_word' id='word_1_84' title='bbox 987 1289 1261 1360; x_wconf 86' lang='lat' dir='ltr'><strong>episcopo</strong></span> <span class='ocrx_word' id='word_1_85' title='bbox 1303 1285 1634 1356; x_wconf 83' lang='lat' dir='ltr'><strong>presbyteri</strong></span> <span class='ocrx_word' id='word_1_86' title='bbox 1692 1300 1822 1338; x_wconf 90' lang='lat' dir='ltr'><strong>esse</strong></span> <span class='ocrx_word' id='word_1_87' title='bbox 1871 1282 2019 1336; x_wconf 90' lang='lat' dir='ltr'><strong>sole-</strong></span> 
     </span>
    </p>
   </div>
   <div class='ocr_carea' id='block_1_14' title="bbox 375 1373 2019 1450">
    <p class='ocr_par' dir='ltr' id='par_1_14' title="bbox 375 1373 2019 1450">
     <span class='ocr_line' id='line_1_14' title="bbox 375 1373 2019 1450; baseline -0.009 -11"><span class='ocrx_word' id='word_1_88' title='bbox 375 1384 565 1440; x_wconf 86' lang='lat' dir='ltr'><strong>bant?</strong></span> <span class='ocrx_word' id='word_1_89' title='bbox 594 1386 673 1437; x_wconf 85' lang='lat' dir='ltr'><strong>Ex</strong></span> <span class='ocrx_word' id='word_1_90' title='bbox 703 1383 795 1436; x_wconf 91' lang='lat' dir='ltr'><strong>his</strong></span> <span class='ocrx_word' id='word_1_91' title='bbox 828 1379 1087 1450; x_wconf 86' lang='lat' dir='ltr'><strong>exsculpi</strong></span> <span class='ocrx_word' id='word_1_92' title='bbox 1122 1377 1286 1432; x_wconf 91' lang='lat' dir='ltr'><strong>nullo</strong></span> <span class='ocrx_word' id='word_1_93' title='bbox 1309 1375 1482 1431; x_wconf 92' lang='lat' dir='ltr'><strong>modo</strong></span> <span class='ocrx_word' id='word_1_94' title='bbox 1514 1373 2019 1446; x_wconf 88' lang='lat' dir='ltr'><strong>potest,Polycar-</strong></span> 
     </span>
    </p>
   </div>
   <div class='ocr_carea' id='block_1_15' title="bbox 371 1458 2014 1542">
    <p class='ocr_par' dir='ltr' id='par_1_15' title="bbox 371 1458 2014 1542">
     <span class='ocr_line' id='line_1_15' title="bbox 371 1458 2014 1542; baseline -0.007 -17"><span class='ocrx_word' id='word_1_95' title='bbox 371 1487 514 1542; x_wconf 90' lang='lat' dir='ltr'><strong>pum</strong></span> <span class='ocrx_word' id='word_1_96' title='bbox 534 1470 796 1540; x_wconf 86' lang='lat' dir='ltr'><strong>seipsum</strong></span> <span class='ocrx_word' id='word_1_97' title='bbox 813 1466 1227 1538; x_wconf 86' lang='lat' dir='ltr'><strong>presbyterum</strong></span> <span class='ocrx_word' id='word_1_98' title='bbox 1249 1479 1480 1517; x_wconf 88' lang='lat' dir='ltr'><strong>vocasse</strong></span> <span class='ocrx_word' id='word_1_99' title='bbox 1507 1480 1518 1517; x_wconf 93' lang='lat'>:</span> <span class='ocrx_word' id='word_1_100' title='bbox 1542 1468 1607 1518; x_wconf 90' lang='lat' dir='ltr'><strong>ut</strong></span> <span class='ocrx_word' id='word_1_101' title='bbox 1629 1477 1821 1530; x_wconf 89' lang='lat' dir='ltr'><strong>neque</strong></span> <span class='ocrx_word' id='word_1_102' title='bbox 1846 1458 2014 1526; x_wconf 90' lang='lat' dir='ltr'><strong>illud,</strong></span> 
     </span>
    </p>
   </div>
   <div class='ocr_carea' id='block_1_16' title="bbox 371 1548 2016 1629">
    <p class='ocr_par' dir='ltr' id='par_1_16' title="bbox 371 1548 2016 1629">
     <span class='ocr_line' id='line_1_16' title="bbox 371 1548 2016 1629; baseline -0.009 -14"><span class='ocrx_word' id='word_1_103' title='bbox 371 1576 470 1616; x_wconf 88' lang='lat' dir='ltr'><strong>eos</strong></span> <span class='ocrx_word' id='word_1_104' title='bbox 503 1575 649 1629; x_wconf 90' lang='lat' dir='ltr'><strong>quos</strong></span> <span class='ocrx_word' id='word_1_105' title='bbox 679 1561 846 1611; x_wconf 87' lang='lat' dir='ltr'><strong>vocat</strong></span> <span class='ocrx_word' id='word_1_106' title='bbox 873 1555 1250 1626; x_wconf 86' lang='lat' dir='ltr'><strong>presbyteros</strong></span> <span class='ocrx_word' id='word_1_107' title='bbox 1283 1567 1548 1624; x_wconf 88' lang='lat' dir='ltr'><strong>quosque</strong></span> <span class='ocrx_word' id='word_1_108' title='bbox 1581 1549 1692 1604; x_wconf 88' lang='lat' dir='ltr'><strong>sibi</strong></span> <span class='ocrx_word' id='word_1_109' title='bbox 1723 1548 2016 1620; x_wconf 89' lang='lat' dir='ltr'><strong>adjungit,</strong></span> 
     </span>
    </p>
   </div>
   <div class='ocr_carea' id='block_1_17' title="bbox 367 1639 2019 1722">
    <p class='ocr_par' dir='ltr' id='par_1_17' title="bbox 367 1639 2019 1722">
     <span class='ocr_line' id='line_1_17' title="bbox 367 1639 2019 1722; baseline -0.008 -16"><span class='ocrx_word' id='word_1_110' title='bbox 367 1649 676 1722; x_wconf 87' lang='lat' dir='ltr'><strong>episcopos</strong></span> <span class='ocrx_word' id='word_1_111' title='bbox 706 1645 909 1701; x_wconf 88' lang='lat' dir='ltr'><strong>fuisse.</strong></span> <span class='ocrx_word' id='word_1_112' title='bbox 935 1644 1119 1700; x_wconf 90' lang='lat' dir='ltr'><strong>Nemo</strong></span> <span class='ocrx_word' id='word_1_113' title='bbox 1151 1643 1311 1698; x_wconf 90' lang='lat' dir='ltr'><strong>enim</strong></span> <span class='ocrx_word' id='word_1_114' title='bbox 1354 1640 1586 1696; x_wconf 89' lang='lat' dir='ltr'><strong>dubitat</strong></span> <span class='ocrx_word' id='word_1_115' title='bbox 1616 1639 1761 1710; x_wconf 91' lang='lat' dir='ltr'><strong>quin</strong></span> <span class='ocrx_word' id='word_1_116' title='bbox 1792 1639 1853 1693; x_wconf 92' lang='lat' dir='ltr'><strong>in</strong></span> <span class='ocrx_word' id='word_1_117' title='bbox 1911 1639 2019 1692; x_wconf 86' lang='lat' dir='ltr'><strong>Ec-</strong></span> 
     </span>
    </p>
   </div>
   <div class='ocr_carea' id='block_1_18' title="bbox 363 1727 2018 1807">
    <p class='ocr_par' dir='ltr' id='par_1_18' title="bbox 363 1727 2018 1807">
     <span class='ocr_line' id='line_1_18' title="bbox 363 1727 2018 1807; baseline -0.008 -13"><span class='ocrx_word' id='word_1_118' title='bbox 363 1738 542 1795; x_wconf 90' lang='lat' dir='ltr'><strong>clesia</strong></span> <span class='ocrx_word' id='word_1_119' title='bbox 573 1733 916 1807; x_wconf 89' lang='lat' dir='ltr'><strong>Smyrnensi</strong></span> <span class='ocrx_word' id='word_1_120' title='bbox 949 1733 1269 1803; x_wconf 87' lang='lat' dir='ltr'><strong>Polycarpo</strong></span> <span class='ocrx_word' id='word_1_121' title='bbox 1295 1730 1572 1802; x_wconf 91' lang='lat' dir='ltr'><strong>episcopo</strong></span> <span class='ocrx_word' id='word_1_122' title='bbox 1597 1727 1862 1798; x_wconf 89' lang='lat' dir='ltr'><strong>adjuncti</strong></span> <span class='ocrx_word' id='word_1_123' title='bbox 1886 1727 2018 1782; x_wconf 82' lang='lat' dir='ltr'><strong>fuc-</strong></span> 
     </span>
    </p>
   </div>
   <div class='ocr_carea' id='block_1_19' title="bbox 2131 559 3786 633">
    <p class='ocr_par' dir='ltr' id='par_1_19' title="bbox 2131 559 3786 633">
     <span class='ocr_line' id='line_1_19' title="bbox 2131 559 3786 633; baseline 0 -18"><span class='ocrx_word' id='word_1_124' title='bbox 2131 561 2310 633; x_wconf 88' lang='lat' dir='ltr'><strong>igitur</strong></span> <span class='ocrx_word' id='word_1_125' title='bbox 2335 561 2778 617; x_wconf 88' lang='lat' dir='ltr'><strong>distinctionem</strong></span> <span class='ocrx_word' id='word_1_126' title='bbox 2805 561 3080 616; x_wconf 89' lang='lat' dir='ltr'><strong>ordinum</strong></span> <span class='ocrx_word' id='word_1_127' title='bbox 3114 559 3547 631; x_wconf 89' lang='lat' dir='ltr'><strong>nominumque</strong></span> <span class='ocrx_word' id='word_1_128' title='bbox 3581 559 3786 616; x_wconf 90' lang='lat' dir='ltr'><strong>obser-</strong></span> 
     </span>
    </p>
   </div>
   <div class='ocr_carea' id='block_1_20' title="bbox 2130 650 3782 722">
    <p class='ocr_par' dir='ltr' id='par_1_20' title="bbox 2130 650 3782 722">
     <span class='ocr_line' id='line_1_20' title="bbox 2130 650 3782 722; baseline 0 -16"><span class='ocrx_word' id='word_1_129' title='bbox 2130 651 2282 707; x_wconf 81' lang='lat' dir='ltr'><strong>vavit</strong></span> <span class='ocrx_word' id='word_1_130' title='bbox 2304 652 2439 706; x_wconf 87' lang='lat' dir='ltr'><strong>Pius</strong></span> <span class='ocrx_word' id='word_1_131' title='bbox 2462 652 2724 719; x_wconf 91' lang='lat' dir='ltr'><strong>ille,cum</strong></span> <span class='ocrx_word' id='word_1_132' title='bbox 2744 651 2814 706; x_wconf 93' lang='lat' dir='ltr'><strong>de</strong></span> <span class='ocrx_word' id='word_1_133' title='bbox 2832 651 2988 707; x_wconf 92' lang='lat' dir='ltr'><strong>clero</strong></span> <span class='ocrx_word' id='word_1_134' title='bbox 3007 651 3098 706; x_wconf 90' lang='lat' dir='ltr'><strong>sui</strong></span> <span class='ocrx_word' id='word_1_135' title='bbox 3112 651 3396 722; x_wconf 91' lang='lat' dir='ltr'><strong>temporis</strong></span> <span class='ocrx_word' id='word_1_136' title='bbox 3413 650 3782 722; x_wconf 85' lang='lat' dir='ltr'><strong>loqueretur.</strong></span> 
     </span>
    </p>
   </div>
   <div class='ocr_carea' id='block_1_21' title="bbox 2130 742 3785 813">
    <p class='ocr_par' dir='ltr' id='par_1_21' title="bbox 2130 742 3785 813">
     <span class='ocr_line' id='line_1_21' title="bbox 2130 742 3785 813; baseline 0 -15"><span class='ocrx_word' id='word_1_137' title='bbox 2130 745 2245 798; x_wconf 87' lang='lat' dir='ltr'><strong>Nec</strong></span> <span class='ocrx_word' id='word_1_138' title='bbox 2269 743 2468 797; x_wconf 91' lang='lat' dir='ltr'><strong>minus</strong></span> <span class='ocrx_word' id='word_1_139' title='bbox 2493 743 2811 799; x_wconf 84' lang='lat' dir='ltr'><strong>infeliciter</strong></span> <span class='ocrx_word' id='word_1_140' title='bbox 2839 743 2997 798; x_wconf 92' lang='lat' dir='ltr'><strong>hunc</strong></span> <span class='ocrx_word' id='word_1_141' title='bbox 3017 759 3122 813; x_wconf 91' lang='lat' dir='ltr'><strong>pro</strong></span> <span class='ocrx_word' id='word_1_142' title='bbox 3145 742 3566 798; x_wconf 90' lang='lat' dir='ltr'><strong>communione</strong></span> <span class='ocrx_word' id='word_1_143' title='bbox 3584 743 3785 798; x_wconf 88' lang='lat' dir='ltr'><strong>nomi-</strong></span> 
     </span>
    </p>
   </div>
   <div class='ocr_carea' id='block_1_22' title="bbox 2129 833 3782 905">
    <p class='ocr_par' dir='ltr' id='par_1_22' title="bbox 2129 833 3782 905">
     <span class='ocr_line' id='line_1_22' title="bbox 2129 833 3782 905; baseline 0.001 -17"><span class='ocrx_word' id='word_1_144' title='bbox 2129 849 2276 888; x_wconf 91' lang='lat' dir='ltr'><strong>num</strong></span> <span class='ocrx_word' id='word_1_145' title='bbox 2305 833 2503 888; x_wconf 82' lang='lat' dir='ltr'><strong>attulit</strong></span> <span class='ocrx_word' id='word_1_146' title='bbox 2556 833 2826 900; x_wconf 82' lang='lat' dir='ltr'><strong>Dallaeus,</strong></span> <span class='ocrx_word' id='word_1_147' title='bbox 2867 850 3048 905; x_wconf 89' lang='lat' dir='ltr'><strong>quam</strong></span> <span class='ocrx_word' id='word_1_148' title='bbox 3079 851 3183 905; x_wconf 90' lang='lat' dir='ltr'><strong>pro</strong></span> <span class='ocrx_word' id='word_1_149' title='bbox 3217 833 3468 904; x_wconf 87' lang='lat' dir='ltr'><strong>paritate</strong></span> <span class='ocrx_word' id='word_1_150' title='bbox 3497 833 3782 890; x_wconf 87' lang='lat' dir='ltr'><strong>ordinum</strong></span> 
     </span>
    </p>
   </div>
   <div class='ocr_carea' id='block_1_23' title="bbox 2127 921 3772 995">
    <p class='ocr_par' dir='ltr' id='par_1_23' title="bbox 2127 921 3772 995">
     <span class='ocr_line' id='line_1_23' title="bbox 2127 921 3772 995; baseline 0.002 -19"><span class='ocrx_word' id='word_1_151' title='bbox 2127 921 2677 995; x_wconf 90' lang='lat' dir='ltr'><strong>Blondellus,quem</strong></span> <span class='ocrx_word' id='word_1_152' title='bbox 2700 923 2846 978; x_wconf 91' lang='lat' dir='ltr'><strong>adeo</strong></span> <span class='ocrx_word' id='word_1_153' title='bbox 2868 922 3025 978; x_wconf 90' lang='lat' dir='ltr'><strong>clare</strong></span> <span class='ocrx_word' id='word_1_154' title='bbox 3053 922 3329 978; x_wconf 89' lang='lat' dir='ltr'><strong>refutavit</strong></span> <span class='ocrx_word' id='word_1_155' title='bbox 3360 922 3772 979; x_wconf 85' lang='lat' dir='ltr'><strong>Hammundus</strong></span> 
     </span>
    </p>
   </div>
   <div class='ocr_carea' id='block_1_24' title="bbox 2127 1011 3781 1084">
    <p class='ocr_par' dir='ltr' id='par_1_24' title="bbox 2127 1011 3781 1084">
     <span class='ocr_line' id='line_1_24' title="bbox 2127 1011 3781 1084; baseline 0.001 -18"><span class='ocrx_word' id='word_1_156' title='bbox 2127 1017 2346 1066; x_wconf 90' lang='lat' dir='ltr'><strong>noster.</strong></span> <span class='ocrx_word' id='word_1_157' title='bbox 2384 1013 2448 1066; x_wconf 84' lang='lat' dir='ltr'><strong>Hi</strong></span> <span class='ocrx_word' id='word_1_158' title='bbox 2471 1018 2611 1067; x_wconf 91' lang='lat' dir='ltr'><strong>sunt</strong></span> <span class='ocrx_word' id='word_1_159' title='bbox 2632 1011 2900 1084; x_wconf 73' lang='lat' dir='ltr'><strong>praeclari</strong></span> <span class='ocrx_word' id='word_1_160' title='bbox 2924 1011 3038 1067; x_wconf 94' lang='lat' dir='ltr'><strong>duo</strong></span> <span class='ocrx_word' id='word_1_161' title='bbox 3070 1016 3252 1067; x_wconf 89' lang='lat' dir='ltr'><strong>testes</strong></span> <span class='ocrx_word' id='word_1_162' title='bbox 3276 1012 3518 1067; x_wconf 88' lang='lat' dir='ltr'><strong>secundi</strong></span> <span class='ocrx_word' id='word_1_163' title='bbox 3577 1014 3781 1070; x_wconf 68' lang='lat' dir='ltr'><strong>saeculi</strong></span> 
     </span>
    </p>
   </div>
   <div class='ocr_carea' id='block_1_25' title="bbox 2127 1100 3774 1172">
    <p class='ocr_par' dir='ltr' id='par_1_25' title="bbox 2127 1100 3774 1172">
     <span class='ocr_line' id='line_1_25' title="bbox 2127 1100 3774 1172; baseline 0.003 -18"><span class='ocrx_word' id='word_1_164' title='bbox 2127 1100 2406 1156; x_wconf 86' lang='lat' dir='ltr'><strong>adversus</strong></span> <span class='ocrx_word' id='word_1_165' title='bbox 2444 1102 2735 1171; x_wconf 88' lang='lat' dir='ltr'><strong>lgnatium</strong></span> <span class='ocrx_word' id='word_1_166' title='bbox 2792 1100 3065 1172; x_wconf 85' lang='lat' dir='ltr'><strong>producti</strong></span> <span class='ocrx_word' id='word_1_167' title='bbox 3100 1118 3114 1168; x_wconf 90' lang='lat'><strong>;</strong></span> <span class='ocrx_word' id='word_1_168' title='bbox 3154 1100 3370 1172; x_wconf 87' lang='lat' dir='ltr'><strong>quibus</strong></span> <span class='ocrx_word' id='word_1_169' title='bbox 3402 1102 3584 1156; x_wconf 91' lang='lat' dir='ltr'><strong>miror</strong></span> <span class='ocrx_word' id='word_1_170' title='bbox 3611 1119 3774 1171; x_wconf 90' lang='lat' dir='ltr'><strong>eum,</strong></span> 
     </span>
    </p>
   </div>
   <div class='ocr_carea' id='block_1_26' title="bbox 2133 1191 3775 1263">
    <p class='ocr_par' dir='ltr' id='par_1_26' title="bbox 2133 1191 3775 1263">
     <span class='ocr_line' id='line_1_26' title="bbox 2133 1191 3775 1263; baseline 0.001 -18"><span class='ocrx_word' id='word_1_171' title='bbox 2133 1207 2266 1245; x_wconf 91' lang='lat' dir='ltr'><strong>cum</strong></span> <span class='ocrx_word' id='word_1_172' title='bbox 2301 1195 2463 1246; x_wconf 88' lang='lat' dir='ltr'><strong>tanta</strong></span> <span class='ocrx_word' id='word_1_173' title='bbox 2490 1192 2688 1263; x_wconf 80' lang='lat' dir='ltr'><strong>inopia</strong></span> <span class='ocrx_word' id='word_1_174' title='bbox 2719 1197 3112 1263; x_wconf 88' lang='lat' dir='ltr'><strong>premeretur,</strong></span> <span class='ocrx_word' id='word_1_175' title='bbox 3145 1207 3266 1246; x_wconf 91' lang='lat' dir='ltr'><strong>non</strong></span> <span class='ocrx_word' id='word_1_176' title='bbox 3298 1191 3594 1246; x_wconf 83' lang='lat' dir='ltr'><strong>addidisse</strong></span> <span class='ocrx_word' id='word_1_177' title='bbox 3645 1193 3775 1248; x_wconf 84' lang='lat' dir='ltr'><strong>Vic-</strong></span> 
     </span>
    </p>
   </div>
   <div class='ocr_carea' id='block_1_27' title="bbox 2133 1280 3785 1354">
    <p class='ocr_par' dir='ltr' id='par_1_27' title="bbox 2133 1280 3785 1354">
     <span class='ocr_line' id='line_1_27' title="bbox 2133 1280 3785 1354; baseline 0.002 -20"><span class='ocrx_word' id='word_1_178' title='bbox 2133 1280 2455 1352; x_wconf 79' lang='lat' dir='ltr'><strong>torispapm</strong></span> <span class='ocrx_word' id='word_1_179' title='bbox 2475 1281 2883 1336; x_wconf 89' lang='lat' dir='ltr'><strong>testimonium</strong></span> <span class='ocrx_word' id='word_1_180' title='bbox 2898 1298 2931 1336; x_wconf 90' lang='lat' dir='ltr'><strong>a</strong></span> <span class='ocrx_word' id='word_1_181' title='bbox 2946 1280 3248 1336; x_wconf 89' lang='lat' dir='ltr'><strong>Blondello</strong></span> <span class='ocrx_word' id='word_1_182' title='bbox 3270 1286 3327 1336; x_wconf 88' lang='lat' dir='ltr'><strong>et</strong></span> <span class='ocrx_word' id='word_1_183' title='bbox 3344 1281 3630 1337; x_wconf 90' lang='lat' dir='ltr'><strong>Salmasio</strong></span> <span class='ocrx_word' id='word_1_184' title='bbox 3650 1300 3785 1354; x_wconf 89' lang='lat' dir='ltr'><strong>pro-</strong></span> 
     </span>
    </p>
   </div>
   <div class='ocr_carea' id='block_1_28' title="bbox 2130 1370 3780 1443">
    <p class='ocr_par' dir='ltr' id='par_1_28' title="bbox 2130 1370 3780 1443">
     <span class='ocr_line' id='line_1_28' title="bbox 2130 1370 3780 1443; baseline 0.001 -19"><span class='ocrx_word' id='word_1_185' title='bbox 2130 1370 2560 1441; x_wconf 89' lang='lat' dir='ltr'><strong>ductum,quod</strong></span> <span class='ocrx_word' id='word_1_186' title='bbox 2587 1370 2856 1442; x_wconf 88' lang='lat' dir='ltr'><strong>ejusdem</strong></span> <span class='ocrx_word' id='word_1_187' title='bbox 2880 1371 3050 1443; x_wconf 87' lang='lat' dir='ltr'><strong>plane</strong></span> <span class='ocrx_word' id='word_1_188' title='bbox 3074 1371 3326 1426; x_wconf 90' lang='lat' dir='ltr'><strong>cumillo</strong></span> <span class='ocrx_word' id='word_1_189' title='bbox 3343 1371 3647 1426; x_wconf 70' lang='lat' dir='ltr'><strong>Piifarina:</strong></span> <span class='ocrx_word' id='word_1_190' title='bbox 3665 1378 3780 1427; x_wconf 87' lang='lat' dir='ltr'><strong>est.</strong></span> 
     </span>
    </p>
   </div>
   <div class='ocr_carea' id='block_1_29' title="bbox 2125 1459 3785 1532">
    <p class='ocr_par' dir='ltr' id='par_1_29' title="bbox 2125 1459 3785 1532">
     <span class='ocr_line' id='line_1_29' title="bbox 2125 1459 3785 1532; baseline 0.002 -18"><span class='ocrx_word' id='word_1_191' title='bbox 2125 1461 2208 1514; x_wconf 85' lang='lat' dir='ltr'><strong>Ex</strong></span> <span class='ocrx_word' id='word_1_192' title='bbox 2238 1459 2340 1514; x_wconf 78' lang='lat' dir='ltr'><strong>illo</strong></span> <span class='ocrx_word' id='word_1_193' title='bbox 2363 1461 2524 1515; x_wconf 91' lang='lat' dir='ltr'><strong>enim</strong></span> <span class='ocrx_word' id='word_1_194' title='bbox 2550 1460 2774 1532; x_wconf 77' lang='lat' dir='ltr'><strong>colligit</strong></span> <span class='ocrx_word' id='word_1_195' title='bbox 2803 1460 3162 1529; x_wconf 90' lang='lat' dir='ltr'><strong>Blondellus,</strong></span> <span class='ocrx_word' id='word_1_196' title='bbox 3195 1461 3598 1532; x_wconf 82' lang='lat' dir='ltr'><strong>apostolorum</strong></span> <span class='ocrx_word' id='word_1_197' title='bbox 3643 1479 3785 1518; x_wconf 87' lang='lat' dir='ltr'><strong>suc-</strong></span> 
     </span>
    </p>
   </div>
   <div class='ocr_carea' id='block_1_30' title="bbox 2136 1549 3780 1606">
    <p class='ocr_par' dir='ltr' id='par_1_30' title="bbox 2136 1549 3780 1606">
     <span class='ocr_line' id='line_1_30' title="bbox 2136 1549 3780 1606; baseline 0.001 -2"><span class='ocrx_word' id='word_1_198' title='bbox 2136 1565 2402 1604; x_wconf 90' lang='lat' dir='ltr'><strong>cessores</strong></span> <span class='ocrx_word' id='word_1_199' title='bbox 2431 1554 2488 1604; x_wconf 90' lang='lat' dir='ltr'><strong>et</strong></span> <span class='ocrx_word' id='word_1_200' title='bbox 2529 1549 2889 1605; x_wconf 87' lang='lat' dir='ltr'><strong>convictores</strong></span> <span class='ocrx_word' id='word_1_201' title='bbox 2946 1549 3343 1606; x_wconf 86' lang='lat' dir='ltr'><strong>Ecclesiarum</strong></span> <span class='ocrx_word' id='word_1_202' title='bbox 3401 1551 3476 1606; x_wconf 89' lang='lat' dir='ltr'><strong>ad</strong></span> <span class='ocrx_word' id='word_1_203' title='bbox 3527 1551 3780 1606; x_wconf 84' lang='lat' dir='ltr'><strong>Victoris</strong></span> 
     </span>
    </p>
   </div>
   <div class='ocr_carea' id='block_1_31' title="bbox 2133 1638 3783 1712">
    <p class='ocr_par' dir='ltr' id='par_1_31' title="bbox 2133 1638 3783 1712">
     <span class='ocr_line' id='line_1_31' title="bbox 2133 1638 3783 1712; baseline 0.002 -20"><span class='ocrx_word' id='word_1_204' title='bbox 2133 1643 2388 1709; x_wconf 89' lang='lat' dir='ltr'><strong>tempora</strong></span> <span class='ocrx_word' id='word_1_205' title='bbox 2419 1643 2676 1694; x_wconf 90' lang='lat' dir='ltr'><strong>rectores</strong></span> <span class='ocrx_word' id='word_1_206' title='bbox 2698 1639 3073 1711; x_wconf 88' lang='lat' dir='ltr'><strong>presbyteros</strong></span> <span class='ocrx_word' id='word_1_207' title='bbox 3102 1638 3426 1695; x_wconf 88' lang='lat' dir='ltr'><strong>fuisse.Sed</strong></span> <span class='ocrx_word' id='word_1_208' title='bbox 3456 1639 3618 1708; x_wconf 87' lang='lat' dir='ltr'><strong>vidit,</strong></span> <span class='ocrx_word' id='word_1_209' title='bbox 3647 1641 3783 1712; x_wconf 83' lang='lat' dir='ltr'><strong>Opi—</strong></span> 
     </span>
    </p>
   </div>
   <div class='ocr_carea' id='block_1_32' title="bbox 2124 1727 3782 1801">
    <p class='ocr_par' dir='ltr' id='par_1_32' title="bbox 2124 1727 3782 1801">
     <span class='ocr_line' id='line_1_32' title="bbox 2124 1727 3782 1801; baseline 0 -18"><span class='ocrx_word' id='word_1_210' title='bbox 2124 1733 2529 1800; x_wconf 87' lang='lat' dir='ltr'><strong>nor,apertum</strong></span> <span class='ocrx_word' id='word_1_211' title='bbox 2553 1729 2664 1784; x_wconf 93' lang='lat' dir='ltr'><strong>hoc</strong></span> <span class='ocrx_word' id='word_1_212' title='bbox 2689 1745 2815 1784; x_wconf 88' lang='lat' dir='ltr'><strong>esse</strong></span> <span class='ocrx_word' id='word_1_213' title='bbox 2851 1727 3260 1798; x_wconf 86' lang='lat' dir='ltr'><strong>mendacium;</strong></span> <span class='ocrx_word' id='word_1_214' title='bbox 3294 1745 3469 1784; x_wconf 92' lang='lat' dir='ltr'><strong>nemo</strong></span> <span class='ocrx_word' id='word_1_215' title='bbox 3493 1729 3650 1783; x_wconf 89' lang='lat' dir='ltr'><strong>enim</strong></span> <span class='ocrx_word' id='word_1_216' title='bbox 3674 1729 3782 1801; x_wconf 92' lang='lat' dir='ltr'><strong>qui</strong></span> 
     </span>
    </p>
   </div>
   <div class='ocr_carea' id='block_1_33' title="bbox 363 1818 3786 1905">
    <p class='ocr_par' dir='ltr' id='par_1_33' title="bbox 363 1818 3786 1905">
     <span class='ocr_line' id='line_1_33' title="bbox 363 1818 3786 1905; baseline -0.003 -22"><span class='ocrx_word' id='word_1_217' title='bbox 363 1829 486 1883; x_wconf 90' lang='lat' dir='ltr'><strong>rint</strong></span> <span class='ocrx_word' id='word_1_218' title='bbox 515 1824 840 1898; x_wconf 90' lang='lat' dir='ltr'><strong>presbyteri</strong></span> <span class='ocrx_word' id='word_1_219' title='bbox 868 1841 881 1889; x_wconf 92' lang='lat'><strong>;</strong></span> <span class='ocrx_word' id='word_1_220' title='bbox 907 1839 1038 1878; x_wconf 90' lang='lat' dir='ltr'><strong>cum</strong></span> <span class='ocrx_word' id='word_1_221' title='bbox 1069 1821 1246 1893; x_wconf 81' lang='lat' dir='ltr'><strong>igitur</strong></span> <span class='ocrx_word' id='word_1_222' title='bbox 1274 1820 1348 1876; x_wconf 92' lang='lat' dir='ltr'><strong>ad</strong></span> <span class='ocrx_word' id='word_1_223' title='bbox 1366 1819 1561 1890; x_wconf 91' lang='lat' dir='ltr'><strong>ipsum</strong></span> <span class='ocrx_word' id='word_1_224' title='bbox 1592 1821 2011 1890; x_wconf 89' lang='lat' dir='ltr'><strong>provocassent</strong></span> <span class='ocrx_word' id='word_1_225' title='bbox 2049 1840 2094 1905; x_wconf 79' lang='grc' dir='ltr'><strong>Β</strong></span> <span class='ocrx_word' id='word_1_226' title='bbox 2127 1818 2528 1888; x_wconf 84' lang='lat' dir='ltr'><strong>apostolorum</strong></span> <span class='ocrx_word' id='word_1_227' title='bbox 2551 1818 3080 1888; x_wconf 86' lang='lat' dir='ltr'><strong>convictorfuerat,</strong></span> <span class='ocrx_word' id='word_1_228' title='bbox 3104 1819 3360 1874; x_wconf 86' lang='lat' dir='ltr'><strong>Victoris</strong></span> <span class='ocrx_word' id='word_1_229' title='bbox 3384 1823 3552 1874; x_wconf 75' lang='lat' dir='ltr'><strong>mtate</strong></span> <span class='ocrx_word' id='word_1_230' title='bbox 3576 1819 3786 1874; x_wconf 90' lang='lat' dir='ltr'><strong>Eccle-</strong></span> 
     </span>
    </p>
   </div>
   <div class='ocr_carea' id='block_1_34' title="bbox 363 1909 2006 1987">
    <p class='ocr_par' dir='ltr' id='par_1_34' title="bbox 363 1909 2006 1987">
     <span class='ocr_line' id='line_1_34' title="bbox 363 1909 2006 1987; baseline -0.008 -14"><span class='ocrx_word' id='word_1_231' title='bbox 363 1917 798 1987; x_wconf 90' lang='lat' dir='ltr'><strong>Philippenses,</strong></span> <span class='ocrx_word' id='word_1_232' title='bbox 833 1929 1013 1983; x_wconf 91' lang='lat' dir='ltr'><strong>quare</strong></span> <span class='ocrx_word' id='word_1_233' title='bbox 1046 1911 1192 1967; x_wconf 89' lang='lat' dir='ltr'><strong>alios</strong></span> <span class='ocrx_word' id='word_1_234' title='bbox 1224 1927 1295 1965; x_wconf 85' lang='lat' dir='ltr'><strong>ex</strong></span> <span class='ocrx_word' id='word_1_235' title='bbox 1325 1909 1463 1964; x_wconf 85' lang='lat' dir='ltr'><strong>Asia</strong></span> <span class='ocrx_word' id='word_1_236' title='bbox 1498 1909 1804 1980; x_wconf 85' lang='lat' dir='ltr'><strong>episcOpos</strong></span> <span class='ocrx_word' id='word_1_237' title='bbox 1861 1923 2006 1962; x_wconf 84' lang='lat' dir='ltr'><strong>con-</strong></span> 
     </span>
    </p>
   </div>
   <div class='ocr_carea' id='block_1_35' title="bbox 368 2000 2008 2075">
    <p class='ocr_par' dir='ltr' id='par_1_35' title="bbox 368 2000 2008 2075">
     <span class='ocr_line' id='line_1_35' title="bbox 368 2000 2008 2075; baseline -0.007 -12"><span class='ocrx_word' id='word_1_238' title='bbox 368 2011 626 2074; x_wconf 82' lang='lat' dir='ltr'><strong>vocaret,</strong></span> <span class='ocrx_word' id='word_1_239' title='bbox 660 2010 718 2060; x_wconf 92' lang='lat' dir='ltr'><strong>et</strong></span> <span class='ocrx_word' id='word_1_240' title='bbox 747 2021 853 2060; x_wconf 92' lang='lat' dir='ltr'><strong>suo</strong></span> <span class='ocrx_word' id='word_1_241' title='bbox 885 2001 1250 2075; x_wconf 86' lang='lat' dir='ltr'><strong>presbyterio</strong></span> <span class='ocrx_word' id='word_1_242' title='bbox 1282 2003 1596 2056; x_wconf 90' lang='lat' dir='ltr'><strong>contentus</strong></span> <span class='ocrx_word' id='word_1_243' title='bbox 1652 2015 1776 2054; x_wconf 87' lang='lat' dir='ltr'><strong>non</strong></span> <span class='ocrx_word' id='word_1_244' title='bbox 1833 2000 2008 2064; x_wconf 88' lang='lat' dir='ltr'><strong>esset,</strong></span> 
     </span>
    </p>
   </div>
   <div class='ocr_carea' id='block_1_36' title="bbox 370 2084 2008 2168">
    <p class='ocr_par' dir='ltr' id='par_1_36' title="bbox 370 2084 2008 2168">
     <span class='ocr_line' id='line_1_36' title="bbox 370 2084 2008 2168; baseline -0.007 -17"><span class='ocrx_word' id='word_1_245' title='bbox 370 2095 644 2168; x_wconf 87' lang='lat' dir='ltr'><strong>equidem</strong></span> <span class='ocrx_word' id='word_1_246' title='bbox 668 2109 787 2148; x_wconf 88' lang='lat' dir='ltr'><strong>non</strong></span> <span class='ocrx_word' id='word_1_247' title='bbox 813 2091 1000 2146; x_wconf 83' lang='lat' dir='ltr'><strong>video.</strong></span> <span class='ocrx_word' id='word_1_248' title='bbox 1035 2092 1104 2144; x_wconf 90' lang='lat' dir='ltr'><strong>Et</strong></span> <span class='ocrx_word' id='word_1_249' title='bbox 1133 2089 1192 2145; x_wconf 93' lang='lat' dir='ltr'><strong>hi</strong></span> <span class='ocrx_word' id='word_1_250' title='bbox 1218 2088 1458 2160; x_wconf 83' lang='lat' dir='ltr'><strong>quidem</strong></span> <span class='ocrx_word' id='word_1_251' title='bbox 1518 2090 1770 2158; x_wconf 90' lang='lat' dir='ltr'><strong>quatuor</strong></span> <span class='ocrx_word' id='word_1_252' title='bbox 1827 2084 2008 2141; x_wconf 70' lang='grc' dir='ltr'><strong>(ἓνωοί</strong></span> 
     </span>
    </p>
   </div>
   <div class='ocr_carea' id='block_1_37' title="bbox 373 2175 2014 2252">
    <p class='ocr_par' dir='ltr' id='par_1_37' title="bbox 373 2175 2014 2252">
     <span class='ocr_line' id='line_1_37' title="bbox 373 2175 2014 2252; baseline -0.007 -10"><span class='ocrx_word' id='word_1_253' title='bbox 373 2191 512 2242; x_wconf 91' lang='lat' dir='ltr'><strong>sunt</strong></span> <span class='ocrx_word' id='word_1_254' title='bbox 537 2183 781 2240; x_wconf 88' lang='lat' dir='ltr'><strong>secundi</strong></span> <span class='ocrx_word' id='word_1_255' title='bbox 812 2181 1013 2237; x_wconf 67' lang='lat' dir='ltr'><strong>saeculi</strong></span> <span class='ocrx_word' id='word_1_256' title='bbox 1047 2180 1388 2252; x_wconf 88' lang='lat' dir='ltr'><strong>scriptores,</strong></span> <span class='ocrx_word' id='word_1_257' title='bbox 1421 2193 1571 2248; x_wconf 90' lang='lat' dir='ltr'><strong>quos</strong></span> <span class='ocrx_word' id='word_1_258' title='bbox 1627 2175 1872 2231; x_wconf 84' lang='lat' dir='ltr'><strong>advocat</strong></span> <span class='ocrx_word' id='word_1_259' title='bbox 1926 2175 2014 2230; x_wconf 86' lang='lat' dir='ltr'><strong>vir</strong></span> 
     </span>
    </p>
   </div>
   <div class='ocr_carea' id='block_1_38' title="bbox 377 2266 2010 2343">
    <p class='ocr_par' dir='ltr' id='par_1_38' title="bbox 377 2266 2010 2343">
     <span class='ocr_line' id='line_1_38' title="bbox 377 2266 2010 2343; baseline -0.006 -13"><span class='ocrx_word' id='word_1_260' title='bbox 377 2274 755 2330; x_wconf 89' lang='lat' dir='ltr'><strong>doctissimus</strong></span> <span class='ocrx_word' id='word_1_261' title='bbox 788 2289 802 2340; x_wconf 88' lang='lat'>;</span> <span class='ocrx_word' id='word_1_262' title='bbox 837 2271 1112 2343; x_wconf 91' lang='lat' dir='ltr'><strong>quintum</strong></span> <span class='ocrx_word' id='word_1_263' title='bbox 1143 2269 1303 2326; x_wconf 89' lang='lat' dir='ltr'><strong>enim</strong></span> <span class='ocrx_word' id='word_1_264' title='bbox 1334 2283 1696 2338; x_wconf 88' lang='lat' dir='ltr'><strong>anonymum</strong></span> <span class='ocrx_word' id='word_1_265' title='bbox 1716 2266 1843 2338; x_wconf 92' lang='lat' dir='ltr'><strong>jam</strong></span> <span class='ocrx_word' id='word_1_266' title='bbox 1874 2270 2010 2320; x_wconf 83' lang='lat' dir='ltr'><strong>ante</strong></span> 
     </span>
    </p>
   </div>
   <div class='ocr_carea' id='block_1_39' title="bbox 370 2363 785 2437">
    <p class='ocr_par' dir='ltr' id='par_1_39' title="bbox 370 2363 785 2437">
     <span class='ocr_line' id='line_1_39' title="bbox 370 2363 785 2437; baseline -0.012 -16"><span class='ocrx_word' id='word_1_267' title='bbox 370 2363 785 2437; x_wconf 85' lang='lat' dir='ltr'><strong>expunximus.</strong></span> 
     </span>
    </p>
   </div>
   <div class='ocr_carea' id='block_1_40' title="bbox 436 2446 2008 2512">
    <p class='ocr_par' dir='ltr' id='par_1_40' title="bbox 436 2446 2008 2512">
     <span class='ocr_line' id='line_1_40' title="bbox 436 2446 2008 2512; baseline -0.006 0"><span class='ocrx_word' id='word_1_268' title='bbox 436 2455 774 2512; x_wconf 89' lang='lat' dir='ltr'><strong>Latinorum</strong></span> <span class='ocrx_word' id='word_1_269' title='bbox 790 2456 987 2508; x_wconf 88' lang='lat' dir='ltr'><strong>autem</strong></span> <span class='ocrx_word' id='word_1_270' title='bbox 1013 2451 1171 2506; x_wconf 91' lang='lat' dir='ltr'><strong>illius</strong></span> <span class='ocrx_word' id='word_1_271' title='bbox 1184 2449 1487 2506; x_wconf 81' lang='lat' dir='ltr'><strong>memoriae</strong></span> <span class='ocrx_word' id='word_1_272' title='bbox 1509 2447 1726 2504; x_wconf 89' lang='lat' dir='ltr'><strong>mirum</strong></span> <span class='ocrx_word' id='word_1_273' title='bbox 1749 2446 1892 2502; x_wconf 82' lang='lat' dir='ltr'><strong>texit</strong></span> <span class='ocrx_word' id='word_1_274' title='bbox 1915 2462 2008 2502; x_wconf 82' lang='lat' dir='ltr'><strong>ca-</strong></span> 
     </span>
    </p>
   </div>
   <div class='ocr_carea' id='block_1_41' title="bbox 373 2539 2012 2618">
    <p class='ocr_par' dir='ltr' id='par_1_41' title="bbox 373 2539 2012 2618">
     <span class='ocr_line' id='line_1_41' title="bbox 373 2539 2012 2618; baseline -0.004 -18"><span class='ocrx_word' id='word_1_275' title='bbox 373 2546 656 2618; x_wconf 87' lang='lat' dir='ltr'><strong>talogum.</strong></span> <span class='ocrx_word' id='word_1_276' title='bbox 689 2544 954 2598; x_wconf 90' lang='lat' dir='ltr'><strong>Primum</strong></span> <span class='ocrx_word' id='word_1_277' title='bbox 978 2541 1585 2611; x_wconf 67' lang='lat' dir='ltr'><strong>lrenaeiinterpretem</strong></span> <span class='ocrx_word' id='word_1_278' title='bbox 1601 2539 1802 2608; x_wconf 88' lang='lat' dir='ltr'><strong>refert,</strong></span> <span class='ocrx_word' id='word_1_279' title='bbox 1835 2554 2012 2610; x_wconf 90' lang='lat' dir='ltr'><strong>quem</strong></span> 
     </span>
    </p>
   </div>
   <div class='ocr_carea' id='block_1_42' title="bbox 357 2629 2009 2700">
    <p class='ocr_par' dir='ltr' id='par_1_42' title="bbox 357 2629 2009 2700">
     <span class='ocr_line' id='line_1_42' title="bbox 357 2629 2009 2700; baseline -0.006 -9"><span class='ocrx_word' id='word_1_280' title='bbox 357 2637 467 2692; x_wconf 73' lang='lat' dir='ltr'><strong>ita:</strong></span> <span class='ocrx_word' id='word_1_281' title='bbox 497 2635 760 2690; x_wconf 89' lang='lat' dir='ltr'><strong>locutum</strong></span> <span class='ocrx_word' id='word_1_282' title='bbox 780 2649 906 2689; x_wconf 90' lang='lat' dir='ltr'><strong>esse</strong></span> <span class='ocrx_word' id='word_1_283' title='bbox 925 2631 1231 2700; x_wconf 81' lang='lat' dir='ltr'><strong>»dicit,«et</strong></span> <span class='ocrx_word' id='word_1_284' title='bbox 1253 2647 1322 2685; x_wconf 89' lang='lat' dir='ltr'><strong>ex</strong></span> <span class='ocrx_word' id='word_1_285' title='bbox 1336 2646 1452 2700; x_wconf 90' lang='lat' dir='ltr'><strong>quo</strong></span> <span class='ocrx_word' id='word_1_286' title='bbox 1467 2645 1597 2699; x_wconf 65' lang='lat' dir='ltr'><strong>quas</strong></span> <span class='ocrx_word' id='word_1_287' title='bbox 1620 2629 1860 2685; x_wconf 84' lang='lat' dir='ltr'><strong>fuerunt</strong></span> <span class='ocrx_word' id='word_1_288' title='bbox 1889 2630 2009 2682; x_wconf 85' lang='lat' dir='ltr'><strong>Ire-</strong></span> 
     </span>
    </p>
   </div>
   <div class='ocr_carea' id='block_1_43' title="bbox 363 2717 2016 2796">
    <p class='ocr_par' dir='ltr' id='par_1_43' title="bbox 363 2717 2016 2796">
     <span class='ocr_line' id='line_1_43' title="bbox 363 2717 2016 2796; baseline -0.005 -16"><span class='ocrx_word' id='word_1_289' title='bbox 363 2741 576 2780; x_wconf 72' lang='lat' dir='ltr'><strong>nmana</strong></span> <span class='ocrx_word' id='word_1_290' title='bbox 593 2723 876 2796; x_wconf 86' lang='lat' dir='ltr'><strong>pleraque</strong></span> <span class='ocrx_word' id='word_1_291' title='bbox 896 2738 958 2777; x_wconf 92' lang='lat' dir='ltr'><strong>se</strong></span> <span class='ocrx_word' id='word_1_292' title='bbox 973 2720 1356 2792; x_wconf 88' lang='lat' dir='ltr'><strong>descripsisse</strong></span> <span class='ocrx_word' id='word_1_293' title='bbox 1373 2719 1836 2783; x_wconf 86' lang='lat' dir='ltr'><strong>»fatetur.Quare</strong></span> <span class='ocrx_word' id='word_1_294' title='bbox 1855 2717 2016 2773; x_wconf 90' lang='lat' dir='ltr'><strong>enim</strong></span> 
     </span>
    </p>
   </div>
   <div class='ocr_carea' id='block_1_44' title="bbox 363 2808 2013 2886">
    <p class='ocr_par' dir='ltr' id='par_1_44' title="bbox 363 2808 2013 2886">
     <span class='ocr_line' id='line_1_44' title="bbox 363 2808 2013 2886; baseline -0.005 -15"><span class='ocrx_word' id='word_1_295' title='bbox 363 2816 538 2871; x_wconf 85' lang='lat' dir='ltr'><strong>aliter</strong></span> <span class='ocrx_word' id='word_1_296' title='bbox 556 2815 901 2886; x_wconf 90' lang='lat' dir='ltr'><strong>loqueretur</strong></span> <span class='ocrx_word' id='word_1_297' title='bbox 929 2811 1137 2867; x_wconf 73' lang='lat' dir='ltr'><strong>Irenmi</strong></span> <span class='ocrx_word' id='word_1_298' title='bbox 1161 2811 1456 2880; x_wconf 90' lang='lat' dir='ltr'><strong>interpres</strong></span> <span class='ocrx_word' id='word_1_299' title='bbox 1474 2825 1652 2880; x_wconf 90' lang='lat' dir='ltr'><strong>quam</strong></span> <span class='ocrx_word' id='word_1_300' title='bbox 1670 2808 1903 2863; x_wconf 90' lang='lat' dir='ltr'><strong>locutus</strong></span> <span class='ocrx_word' id='word_1_301' title='bbox 1923 2812 2013 2862; x_wconf 91' lang='lat' dir='ltr'><strong>est</strong></span> 
     </span>
    </p>
   </div>
   <div class='ocr_carea' id='block_1_45' title="bbox 362 2897 2011 2973">
    <p class='ocr_par' dir='ltr' id='par_1_45' title="bbox 362 2897 2011 2973">
     <span class='ocr_line' id='line_1_45' title="bbox 362 2897 2011 2973; baseline -0.005 -12"><span class='ocrx_word' id='word_1_302' title='bbox 362 2907 624 2960; x_wconf 80' lang='lat' dir='ltr'><strong>Irenaeus</strong></span> <span class='ocrx_word' id='word_1_303' title='bbox 647 2905 674 2959; x_wconf 81' lang='lat'><strong>?</strong></span> <span class='ocrx_word' id='word_1_304' title='bbox 697 2907 813 2959; x_wconf 86' lang='lat' dir='ltr'><strong>Aut</strong></span> <span class='ocrx_word' id='word_1_305' title='bbox 841 2902 983 2973; x_wconf 92' lang='lat' dir='ltr'><strong>quid</strong></span> <span class='ocrx_word' id='word_1_306' title='bbox 1011 2901 1329 2956; x_wconf 90' lang='lat' dir='ltr'><strong>auctoritas</strong></span> <span class='ocrx_word' id='word_1_307' title='bbox 1380 2899 1725 2970; x_wconf 87' lang='lat' dir='ltr'><strong>interpretis</strong></span> <span class='ocrx_word' id='word_1_308' title='bbox 1754 2897 1893 2953; x_wconf 88' lang='lat' dir='ltr'><strong>huic</strong></span> <span class='ocrx_word' id='word_1_309' title='bbox 1924 2897 2011 2952; x_wconf 89' lang='lat' dir='ltr'><strong>rei</strong></span> 
     </span>
    </p>
   </div>
   <div class='ocr_carea' id='block_1_46' title="bbox 359 2988 2019 3064">
    <p class='ocr_par' dir='ltr' id='par_1_46' title="bbox 359 2988 2019 3064">
     <span class='ocr_line' id='line_1_46' title="bbox 359 2988 2019 3064; baseline -0.007 -12"><span class='ocrx_word' id='word_1_310' title='bbox 359 2996 612 3064; x_wconf 86' lang='lat' dir='ltr'><strong>confert,</strong></span> <span class='ocrx_word' id='word_1_311' title='bbox 645 2995 759 3049; x_wconf 90' lang='lat' dir='ltr'><strong>nisi</strong></span> <span class='ocrx_word' id='word_1_312' title='bbox 794 2992 1264 3064; x_wconf 68' lang='lat' dir='ltr'><strong>quodlrenzeum</strong></span> <span class='ocrx_word' id='word_1_313' title='bbox 1297 2991 1379 3045; x_wconf 89' lang='lat' dir='ltr'><strong>ita</strong></span> <span class='ocrx_word' id='word_1_314' title='bbox 1414 2988 1722 3060; x_wconf 88' lang='lat' dir='ltr'><strong>scripsisse</strong></span> <span class='ocrx_word' id='word_1_315' title='bbox 1772 3003 2019 3058; x_wconf 90' lang='lat' dir='ltr'><strong>persua-</strong></span> 
     </span>
    </p>
   </div>
   <div class='ocr_carea' id='block_1_47' title="bbox 355 3076 2003 3153">
    <p class='ocr_par' dir='ltr' id='par_1_47' title="bbox 355 3076 2003 3153">
     <span class='ocr_line' id='line_1_47' title="bbox 355 3076 2003 3153; baseline -0.007 -12"><span class='ocrx_word' id='word_1_316' title='bbox 355 3102 485 3141; x_wconf 89' lang='lat' dir='ltr'><strong>sum</strong></span> <span class='ocrx_word' id='word_1_317' title='bbox 517 3083 864 3148; x_wconf 89' lang='lat' dir='ltr'><strong>habeamus,</strong></span> <span class='ocrx_word' id='word_1_318' title='bbox 889 3081 1046 3153; x_wconf 90' lang='lat' dir='ltr'><strong>quod</strong></span> <span class='ocrx_word' id='word_1_319' title='bbox 1077 3097 1254 3136; x_wconf 89' lang='lat' dir='ltr'><strong>nemo</strong></span> <span class='ocrx_word' id='word_1_320' title='bbox 1302 3079 1523 3149; x_wconf 81' lang='lat' dir='ltr'><strong>negat?</strong></span> <span class='ocrx_word' id='word_1_321' title='bbox 1581 3078 1713 3132; x_wconf 91' lang='lat' dir='ltr'><strong>Sive</strong></span> <span class='ocrx_word' id='word_1_322' title='bbox 1755 3076 2003 3132; x_wconf 92' lang='lat' dir='ltr'><strong>secundi</strong></span> 
     </span>
    </p>
   </div>
   <div class='ocr_carea' id='block_1_48' title="bbox 356 3167 2000 3242">
    <p class='ocr_par' dir='ltr' id='par_1_48' title="bbox 356 3167 2000 3242">
     <span class='ocr_line' id='line_1_48' title="bbox 356 3167 2000 3242; baseline -0.009 -9"><span class='ocrx_word' id='word_1_323' title='bbox 356 3175 556 3233; x_wconf 62' lang='lat' dir='ltr'><strong>saeculi</strong></span> <span class='ocrx_word' id='word_1_324' title='bbox 591 3175 770 3230; x_wconf 91' lang='lat' dir='ltr'><strong>fuerit</strong></span> <span class='ocrx_word' id='word_1_325' title='bbox 819 3174 1113 3242; x_wconf 90' lang='lat' dir='ltr'><strong>interpres</strong></span> <span class='ocrx_word' id='word_1_326' title='bbox 1166 3171 1287 3239; x_wconf 91' lang='lat' dir='ltr'><strong>ille,</strong></span> <span class='ocrx_word' id='word_1_327' title='bbox 1348 3170 1467 3223; x_wconf 83' lang='lat' dir='ltr'><strong>sive</strong></span> <span class='ocrx_word' id='word_1_328' title='bbox 1536 3167 1833 3238; x_wconf 88' lang='lat' dir='ltr'><strong>sequioris</strong></span> <span class='ocrx_word' id='word_1_329' title='bbox 1891 3167 2000 3220; x_wconf 91' lang='lat' dir='ltr'><strong>ali-</strong></span> 
     </span>
    </p>
   </div>
   <div class='ocr_carea' id='block_1_49' title="bbox 2129 1907 3783 1980">
    <p class='ocr_par' dir='ltr' id='par_1_49' title="bbox 2129 1907 3783 1980">
     <span class='ocr_line' id='line_1_49' title="bbox 2129 1907 3783 1980; baseline -0.001 -17"><span class='ocrx_word' id='word_1_330' title='bbox 2129 1907 2279 1963; x_wconf 89' lang='lat' dir='ltr'><strong>siam</strong></span> <span class='ocrx_word' id='word_1_331' title='bbox 2310 1907 2569 1980; x_wconf 88' lang='lat' dir='ltr'><strong>regebat.</strong></span> <span class='ocrx_word' id='word_1_332' title='bbox 2597 1907 2814 1963; x_wconf 88' lang='lat' dir='ltr'><strong>Planus</strong></span> <span class='ocrx_word' id='word_1_333' title='bbox 2849 1907 2947 1963; x_wconf 91' lang='lat' dir='ltr'><strong>ille</strong></span> <span class='ocrx_word' id='word_1_334' title='bbox 2970 1908 3143 1964; x_wconf 85' lang='lat' dir='ltr'><strong>aliter</strong></span> <span class='ocrx_word' id='word_1_335' title='bbox 3198 1907 3368 1964; x_wconf 91' lang='lat' dir='ltr'><strong>Pium</strong></span> <span class='ocrx_word' id='word_1_336' title='bbox 3427 1924 3644 1980; x_wconf 88' lang='lat' dir='ltr'><strong>papam</strong></span> <span class='ocrx_word' id='word_1_337' title='bbox 3688 1907 3783 1963; x_wconf 89' lang='lat' dir='ltr'><strong>lo-</strong></span> 
     </span>
    </p>
   </div>
   <div class='ocr_carea' id='block_1_50' title="bbox 2130 1997 3788 2069">
    <p class='ocr_par' dir='ltr' id='par_1_50' title="bbox 2130 1997 3788 2069">
     <span class='ocr_line' id='line_1_50' title="bbox 2130 1997 3788 2069; baseline 0.001 -17"><span class='ocrx_word' id='word_1_338' title='bbox 2130 2001 2413 2069; x_wconf 90' lang='lat' dir='ltr'><strong>quentem</strong></span> <span class='ocrx_word' id='word_1_339' title='bbox 2445 2001 2869 2068; x_wconf 81' lang='lat' dir='ltr'><strong>repraesentat:</strong></span> <span class='ocrx_word' id='word_1_340' title='bbox 2905 1997 3287 2067; x_wconf 87' lang='lat' dir='ltr'><strong>«Presbyteri</strong></span> <span class='ocrx_word' id='word_1_341' title='bbox 3313 1997 3527 2069; x_wconf 89' lang='lat' dir='ltr'><strong>illi,qui</strong></span> <span class='ocrx_word' id='word_1_342' title='bbox 3548 1998 3620 2053; x_wconf 88' lang='lat' dir='ltr'><strong>ab</strong></span> <span class='ocrx_word' id='word_1_343' title='bbox 3643 2014 3788 2069; x_wconf 77' lang='lat' dir='ltr'><strong>apo-</strong></span> 
     </span>
    </p>
   </div>
   <div class='ocr_carea' id='block_1_51' title="bbox 2129 2085 3784 2159">
    <p class='ocr_par' dir='ltr' id='par_1_51' title="bbox 2129 2085 3784 2159">
     <span class='ocr_line' id='line_1_51' title="bbox 2129 2085 3784 2159; baseline 0 -18"><span class='ocrx_word' id='word_1_344' title='bbox 2129 2085 2296 2142; x_wconf 89' lang='lat' dir='ltr'><strong>stolis</strong></span> <span class='ocrx_word' id='word_1_345' title='bbox 2329 2085 2560 2141; x_wconf 89' lang='lat' dir='ltr'><strong>educati</strong></span> <span class='ocrx_word' id='word_1_346' title='bbox 2594 2102 2787 2158; x_wconf 90' lang='lat' dir='ltr'><strong>neque</strong></span> <span class='ocrx_word' id='word_1_347' title='bbox 2817 2085 2890 2142; x_wconf 88' lang='lat' dir='ltr'><strong>ad</strong></span> <span class='ocrx_word' id='word_1_348' title='bbox 2921 2103 3030 2142; x_wconf 91' lang='lat' dir='ltr'><strong>nos</strong></span> <span class='ocrx_word' id='word_1_349' title='bbox 3055 2091 3624 2159; x_wconf 87' lang='lat' dir='ltr'><strong>pervenerunt,cum</strong></span> <span class='ocrx_word' id='word_1_350' title='bbox 3652 2088 3784 2159; x_wconf 88' lang='lat' dir='ltr'><strong>qui-</strong></span> 
     </span>
    </p>
   </div>
   <div class='ocr_carea' id='block_1_52' title="bbox 2125 2175 3783 2248">
    <p class='ocr_par' dir='ltr' id='par_1_52' title="bbox 2125 2175 3783 2248">
     <span class='ocr_line' id='line_1_52' title="bbox 2125 2175 3783 2248; baseline 0.001 -18"><span class='ocrx_word' id='word_1_351' title='bbox 2125 2175 2235 2230; x_wconf 92' lang='lat' dir='ltr'><strong>bus</strong></span> <span class='ocrx_word' id='word_1_352' title='bbox 2266 2175 2442 2231; x_wconf 87' lang='lat' dir='ltr'><strong>simul</strong></span> <span class='ocrx_word' id='word_1_353' title='bbox 2469 2175 2712 2231; x_wconf 84' lang='lat' dir='ltr'><strong>verbum</strong></span> <span class='ocrx_word' id='word_1_354' title='bbox 2746 2175 2882 2232; x_wconf 84' lang='lat' dir='ltr'><strong>tidei</strong></span> <span class='ocrx_word' id='word_1_355' title='bbox 2915 2177 3113 2248; x_wconf 89' lang='lat' dir='ltr'><strong>partiti</strong></span> <span class='ocrx_word' id='word_1_356' title='bbox 3173 2193 3401 2246; x_wconf 92' lang='lat' dir='ltr'><strong>sumus,</strong></span> <span class='ocrx_word' id='word_1_357' title='bbox 3445 2194 3478 2232; x_wconf 90' lang='lat' dir='ltr'><strong>a</strong></span> <span class='ocrx_word' id='word_1_358' title='bbox 3528 2177 3783 2232; x_wconf 90' lang='lat' dir='ltr'><strong>Domino</strong></span> 
     </span>
    </p>
   </div>
   <div class='ocr_carea' id='block_1_53' title="bbox 2121 2265 3783 2322">
    <p class='ocr_par' dir='ltr' id='par_1_53' title="bbox 2121 2265 3783 2322">
     <span class='ocr_line' id='line_1_53' title="bbox 2121 2265 3783 2322; baseline 0.002 -4"><span class='ocrx_word' id='word_1_359' title='bbox 2121 2266 2310 2322; x_wconf 89' lang='lat' dir='ltr'><strong>vocati</strong></span> <span class='ocrx_word' id='word_1_360' title='bbox 2333 2267 2394 2321; x_wconf 90' lang='lat' dir='ltr'><strong>in</strong></span> <span class='ocrx_word' id='word_1_361' title='bbox 2439 2265 2732 2321; x_wconf 88' lang='lat' dir='ltr'><strong>cubilibus</strong></span> <span class='ocrx_word' id='word_1_362' title='bbox 2777 2266 3016 2321; x_wconf 64' lang='lat' dir='ltr'><strong>aeternis</strong></span> <span class='ocrx_word' id='word_1_363' title='bbox 3047 2266 3232 2322; x_wconf 86' lang='lat' dir='ltr'><strong>clausi</strong></span> <span class='ocrx_word' id='word_1_364' title='bbox 3263 2270 3563 2322; x_wconf 90' lang='lat' dir='ltr'><strong>tenentur.</strong></span> <span class='ocrx_word' id='word_1_365' title='bbox 3597 2288 3625 2317; x_wconf 69' lang='grc' dir='ltr'><strong>ι»</strong></span> <span class='ocrx_word' id='word_1_366' title='bbox 3661 2265 3783 2321; x_wconf 90' lang='lat' dir='ltr'><strong>Sub</strong></span> 
     </span>
    </p>
   </div>
   <div class='ocr_carea' id='block_1_54' title="bbox 2130 2355 3785 2428">
    <p class='ocr_par' dir='ltr' id='par_1_54' title="bbox 2130 2355 3785 2428">
     <span class='ocr_line' id='line_1_54' title="bbox 2130 2355 3785 2428; baseline -0.001 -17"><span class='ocrx_word' id='word_1_367' title='bbox 2130 2355 2232 2411; x_wconf 90' lang='lat' dir='ltr'><strong>Pio</strong></span> <span class='ocrx_word' id='word_1_368' title='bbox 2256 2356 2433 2428; x_wconf 86' lang='lat' dir='ltr'><strong>igitur</strong></span> <span class='ocrx_word' id='word_1_369' title='bbox 2461 2355 2872 2426; x_wconf 88' lang='lat' dir='ltr'><strong>episcopatum</strong></span> <span class='ocrx_word' id='word_1_370' title='bbox 2905 2361 3142 2411; x_wconf 89' lang='lat' dir='ltr'><strong>tenente</strong></span> <span class='ocrx_word' id='word_1_371' title='bbox 3187 2373 3393 2412; x_wconf 92' lang='lat' dir='ltr'><strong>omnes</strong></span> <span class='ocrx_word' id='word_1_372' title='bbox 3448 2355 3785 2427; x_wconf 86' lang='lat' dir='ltr'><strong>presbyteri</strong></span> 
     </span>
    </p>
   </div>
   <div class='ocr_carea' id='block_1_55' title="bbox 2119 2445 3788 2517">
    <p class='ocr_par' dir='ltr' id='par_1_55' title="bbox 2119 2445 3788 2517">
     <span class='ocr_line' id='line_1_55' title="bbox 2119 2445 3788 2517; baseline 0.001 -17"><span class='ocrx_word' id='word_1_373' title='bbox 2119 2445 2521 2517; x_wconf 90' lang='lat' dir='ltr'><strong>apostolorum</strong></span> <span class='ocrx_word' id='word_1_374' title='bbox 2562 2445 2936 2500; x_wconf 81' lang='lat' dir='ltr'><strong>convictores</strong></span> <span class='ocrx_word' id='word_1_375' title='bbox 2967 2445 3262 2501; x_wconf 91' lang='lat' dir='ltr'><strong>demortui</strong></span> <span class='ocrx_word' id='word_1_376' title='bbox 3311 2445 3572 2513; x_wconf 84' lang='lat' dir='ltr'><strong>fuerunt,</strong></span> <span class='ocrx_word' id='word_1_377' title='bbox 3605 2450 3686 2511; x_wconf 93' lang='lat' dir='ltr'><strong>et,</strong></span> <span class='ocrx_word' id='word_1_378' title='bbox 3719 2452 3788 2502; x_wconf 90' lang='lat' dir='ltr'><strong>ut</strong></span> 
     </span>
    </p>
   </div>
   <div class='ocr_carea' id='block_1_56' title="bbox 2119 2533 3784 2599">
    <p class='ocr_par' dir='ltr' id='par_1_56' title="bbox 2119 2533 3784 2599">
     <span class='ocr_line' id='line_1_56' title="bbox 2119 2533 3784 2599; baseline 0 -9"><span class='ocrx_word' id='word_1_379' title='bbox 2119 2535 2219 2590; x_wconf 91' lang='lat' dir='ltr'><strong>ille</strong></span> <span class='ocrx_word' id='word_1_380' title='bbox 2250 2535 2451 2599; x_wconf 89' lang='lat' dir='ltr'><strong>valuit,</strong></span> <span class='ocrx_word' id='word_1_381' title='bbox 2477 2557 2504 2583; x_wconf 86' lang='lat'><strong>«</strong></span> <span class='ocrx_word' id='word_1_382' title='bbox 2534 2533 2770 2589; x_wconf 86' lang='lat' dir='ltr'><strong>aeternis</strong></span> <span class='ocrx_word' id='word_1_383' title='bbox 2808 2533 3104 2590; x_wconf 89' lang='lat' dir='ltr'><strong>cubilibus</strong></span> <span class='ocrx_word' id='word_1_384' title='bbox 3135 2535 3341 2590; x_wconf 89' lang='lat' dir='ltr'><strong>clausi.</strong></span> <span class='ocrx_word' id='word_1_385' title='bbox 3379 2557 3408 2585; x_wconf 85' lang='lat'><strong>»</strong></span> <span class='ocrx_word' id='word_1_386' title='bbox 3438 2537 3577 2590; x_wconf 91' lang='lat' dir='ltr'><strong>Post</strong></span> <span class='ocrx_word' id='word_1_387' title='bbox 3607 2535 3784 2590; x_wconf 90' lang='lat' dir='ltr'><strong>Pium</strong></span> 
     </span>
    </p>
   </div>
   <div class='ocr_carea' id='block_1_57' title="bbox 2119 2623 3782 2696">
    <p class='ocr_par' dir='ltr' id='par_1_57' title="bbox 2119 2623 3782 2696">
     <span class='ocr_line' id='line_1_57' title="bbox 2119 2623 3782 2696; baseline 0 -16"><span class='ocrx_word' id='word_1_388' title='bbox 2119 2625 2272 2681; x_wconf 91' lang='lat' dir='ltr'><strong>sedit</strong></span> <span class='ocrx_word' id='word_1_389' title='bbox 2300 2624 2605 2691; x_wconf 85' lang='lat' dir='ltr'><strong>Anicetus,</strong></span> <span class='ocrx_word' id='word_1_390' title='bbox 2627 2628 2761 2695; x_wconf 90' lang='lat' dir='ltr'><strong>post</strong></span> <span class='ocrx_word' id='word_1_391' title='bbox 2801 2623 3109 2680; x_wconf 87' lang='lat' dir='ltr'><strong>Anicetum</strong></span> <span class='ocrx_word' id='word_1_392' title='bbox 3134 2625 3319 2692; x_wconf 89' lang='lat' dir='ltr'><strong>Soter,</strong></span> <span class='ocrx_word' id='word_1_393' title='bbox 3348 2630 3483 2696; x_wconf 90' lang='lat' dir='ltr'><strong>post</strong></span> <span class='ocrx_word' id='word_1_394' title='bbox 3510 2626 3782 2680; x_wconf 88' lang='lat' dir='ltr'><strong>Soterem</strong></span> 
     </span>
    </p>
   </div>
   <div class='ocr_carea' id='block_1_58' title="bbox 2125 2713 3783 2787">
    <p class='ocr_par' dir='ltr' id='par_1_58' title="bbox 2125 2713 3783 2787">
     <span class='ocr_line' id='line_1_58' title="bbox 2125 2713 3783 2787; baseline -0.001 -17"><span class='ocrx_word' id='word_1_395' title='bbox 2125 2715 2643 2784; x_wconf 88' lang='lat' dir='ltr'><strong>Eleutherus,post</strong></span> <span class='ocrx_word' id='word_1_396' title='bbox 2663 2713 3047 2770; x_wconf 89' lang='lat' dir='ltr'><strong>Eleutherum</strong></span> <span class='ocrx_word' id='word_1_397' title='bbox 3071 2715 3286 2770; x_wconf 90' lang='lat' dir='ltr'><strong>Victor.</strong></span> <span class='ocrx_word' id='word_1_398' title='bbox 3314 2720 3402 2770; x_wconf 83' lang='lat' dir='ltr'><strong>An</strong></span> <span class='ocrx_word' id='word_1_399' title='bbox 3436 2716 3614 2787; x_wconf 79' lang='lat' dir='ltr'><strong>igitur</strong></span> <span class='ocrx_word' id='word_1_400' title='bbox 3643 2731 3783 2787; x_wconf 82' lang='lat' dir='ltr'><strong>pre-</strong></span> 
     </span>
    </p>
   </div>
   <div class='ocr_carea' id='block_1_59' title="bbox 2123 2801 3782 2876">
    <p class='ocr_par' dir='ltr' id='par_1_59' title="bbox 2123 2801 3782 2876">
     <span class='ocr_line' id='line_1_59' title="bbox 2123 2801 3782 2876; baseline -0.001 -16"><span class='ocrx_word' id='word_1_401' title='bbox 2123 2803 2460 2876; x_wconf 89' lang='lat' dir='ltr'><strong>sbyteriilli</strong></span> <span class='ocrx_word' id='word_1_402' title='bbox 2511 2801 3059 2858; x_wconf 68' lang='lat' dir='ltr'><strong>azterniscubilibus</strong></span> <span class='ocrx_word' id='word_1_403' title='bbox 3110 2804 3407 2875; x_wconf 88' lang='lat' dir='ltr'><strong>perruptis</strong></span> <span class='ocrx_word' id='word_1_404' title='bbox 3440 2820 3782 2859; x_wconf 83' lang='lat' dir='ltr'><strong>resurrexe-</strong></span> 
     </span>
    </p>
   </div>
   <div class='ocr_carea' id='block_1_60' title="bbox 2120 2901 3774 2974">
    <p class='ocr_par' dir='ltr' id='par_1_60' title="bbox 2120 2901 3774 2974">
     <span class='ocr_line' id='line_1_60' title="bbox 2120 2901 3774 2974; baseline 0 -17"><span class='ocrx_word' id='word_1_405' title='bbox 2120 2907 2353 2969; x_wconf 90' lang='lat' dir='ltr'><strong>runt,ut</strong></span> <span class='ocrx_word' id='word_1_406' title='bbox 2373 2901 2447 2956; x_wconf 90' lang='lat' dir='ltr'><strong>ad</strong></span> <span class='ocrx_word' id='word_1_407' title='bbox 2472 2906 2730 2973; x_wconf 90' lang='lat' dir='ltr'><strong>tempora</strong></span> <span class='ocrx_word' id='word_1_408' title='bbox 2750 2901 2997 2956; x_wconf 91' lang='lat' dir='ltr'><strong>Victoris</strong></span> <span class='ocrx_word' id='word_1_409' title='bbox 3010 2903 3277 2957; x_wconf 89' lang='lat' dir='ltr'><strong>etnescio</strong></span> <span class='ocrx_word' id='word_1_410' title='bbox 3292 2902 3462 2974; x_wconf 92' lang='lat' dir='ltr'><strong>cujus</strong></span> <span class='ocrx_word' id='word_1_411' title='bbox 3477 2902 3774 2958; x_wconf 87' lang='lat' dir='ltr'><strong>Desiderii</strong></span> 
     </span>
    </p>
   </div>
   <div class='ocr_carea' id='block_1_61' title="bbox 2131 2989 3777 3063">
    <p class='ocr_par' dir='ltr' id='par_1_61' title="bbox 2131 2989 3777 3063">
     <span class='ocr_line' id='line_1_61' title="bbox 2131 2989 3777 3063; baseline 0 -17"><span class='ocrx_word' id='word_1_412' title='bbox 2131 2991 2484 3047; x_wconf 82' lang='lat' dir='ltr'><strong>Viennensis</strong></span> <span class='ocrx_word' id='word_1_413' title='bbox 2507 2989 2788 3062; x_wconf 89' lang='lat' dir='ltr'><strong>episcopi,</strong></span> <span class='ocrx_word' id='word_1_414' title='bbox 2821 2989 3102 3046; x_wconf 89' lang='lat' dir='ltr'><strong>ecclesias</strong></span> <span class='ocrx_word' id='word_1_415' title='bbox 3128 2990 3528 3063; x_wconf 80' lang='lat' dir='ltr'><strong>gubernarent</strong></span> <span class='ocrx_word' id='word_1_416' title='bbox 3548 2992 3777 3062; x_wconf 82' lang='lat' dir='ltr'><strong>?Ipsius</strong></span> 
     </span>
    </p>
   </div>
   <div class='ocr_carea' id='block_1_62' title="bbox 2121 3079 3776 3153">
    <p class='ocr_par' dir='ltr' id='par_1_62' title="bbox 2121 3079 3776 3153">
     <span class='ocr_line' id='line_1_62' title="bbox 2121 3079 3776 3153; baseline 0.002 -19"><span class='ocrx_word' id='word_1_417' title='bbox 2121 3080 2407 3136; x_wconf 88' lang='lat' dir='ltr'><strong>Blondelli</strong></span> <span class='ocrx_word' id='word_1_418' title='bbox 2441 3079 2618 3136; x_wconf 89' lang='lat' dir='ltr'><strong>verba</strong></span> <span class='ocrx_word' id='word_1_419' title='bbox 2650 3085 2807 3148; x_wconf 89' lang='lat' dir='ltr'><strong>sunt,</strong></span> <span class='ocrx_word' id='word_1_420' title='bbox 2841 3079 3129 3150; x_wconf 53' lang='lat' dir='ltr'><strong>Apologia</strong></span> <span class='ocrx_word' id='word_1_421' title='bbox 3189 3081 3449 3137; x_wconf 88' lang='lat' dir='ltr'><strong>sectione</strong></span> <span class='ocrx_word' id='word_1_422' title='bbox 3509 3081 3723 3153; x_wconf 84' lang='lat' dir='ltr'><strong>quinta</strong></span> <span class='ocrx_word' id='word_1_423' title='bbox 3752 3097 3776 3138; x_wconf 90' lang='lat'><strong><em>:</em></strong></span> 
     </span>
    </p>
   </div>
   <div class='ocr_carea' id='block_1_63' title="bbox 2126 3169 3775 3241">
    <p class='ocr_par' dir='ltr' id='par_1_63' title="bbox 2126 3169 3775 3241">
     <span class='ocr_line' id='line_1_63' title="bbox 2126 3169 3775 3241; baseline 0.005 -21"><span class='ocrx_word' id='word_1_424' title='bbox 2126 3192 2154 3221; x_wconf 85' lang='lat'>»</span> <span class='ocrx_word' id='word_1_425' title='bbox 2189 3171 2595 3226; x_wconf 89' lang='lat' dir='ltr'><strong>Observaverit</strong></span> <span class='ocrx_word' id='word_1_426' title='bbox 2623 3169 2800 3241; x_wconf 89' lang='lat' dir='ltr'><strong>igitur</strong></span> <span class='ocrx_word' id='word_1_427' title='bbox 2815 3169 3019 3240; x_wconf 89' lang='lat' dir='ltr'><strong>lector,</strong></span> <span class='ocrx_word' id='word_1_428' title='bbox 3061 3170 3162 3225; x_wconf 92' lang='lat' dir='ltr'><strong>Pio</strong></span> <span class='ocrx_word' id='word_1_429' title='bbox 3195 3170 3436 3226; x_wconf 88' lang='lat' dir='ltr'><strong>sedente</strong></span> <span class='ocrx_word' id='word_1_430' title='bbox 3459 3171 3635 3241; x_wconf 89' lang='lat' dir='ltr'><strong>(inter</strong></span> <span class='ocrx_word' id='word_1_431' title='bbox 3667 3189 3775 3228; x_wconf 87' lang='lat' dir='ltr'><strong>an—</strong></span> 
     </span>
    </p>
   </div>
   <div class='ocr_carea' id='block_1_64' title="bbox 361 3217 3777 3339">
    <p class='ocr_par' dir='ltr' id='par_1_64' title="bbox 361 3217 3777 3339">
     <span class='ocr_line' id='line_1_64' title="bbox 361 3217 3777 3339; baseline -0.002 -17"><span class='ocrx_word' id='word_1_432' title='bbox 361 3267 553 3339; x_wconf 90' lang='lat' dir='ltr'><strong>cujus,</strong></span> <span class='ocrx_word' id='word_1_433' title='bbox 587 3263 834 3336; x_wconf 89' lang='lat' dir='ltr'><strong>perinde</strong></span> <span class='ocrx_word' id='word_1_434' title='bbox 868 3217 1009 3325; x_wconf 55' lang='lat' dir='ltr'><strong>est:</strong></span> <span class='ocrx_word' id='word_1_435' title='bbox 1036 3217 1287 3315; x_wconf 49' lang='lat' dir='ltr'><strong>nullam,</strong></span> <span class='ocrx_word' id='word_1_436' title='bbox 1327 3258 1428 3312; x_wconf 92' lang='lat' dir='ltr'><strong>ille</strong></span> <span class='ocrx_word' id='word_1_437' title='bbox 1481 3217 2006 3328; x_wconf 43' lang='lat' dir='ltr'><strong>vimjargumento</strong></span> <span class='ocrx_word' id='word_1_438' title='bbox 2046 3217 2088 3286; x_wconf 65' lang='grc' dir='ltr'>Ο</span> <span class='ocrx_word' id='word_1_439' title='bbox 2118 3278 2263 3316; x_wconf 88' lang='lat' dir='ltr'><strong>num</strong></span> <span class='ocrx_word' id='word_1_440' title='bbox 2296 3262 2395 3314; x_wconf 81' lang='grc'><strong>146</strong></span> <span class='ocrx_word' id='word_1_441' title='bbox 2419 3264 2477 3315; x_wconf 92' lang='lat' dir='ltr'><strong>et</strong></span> <span class='ocrx_word' id='word_1_442' title='bbox 2510 3217 3089 3331; x_wconf 61' lang='lat' dir='ltr'><strong>150)Omortalitatem</strong></span> <span class='ocrx_word' id='word_1_443' title='bbox 3123 3217 3777 3331; x_wconf 59' lang='lat' dir='ltr'><strong>explevisse\quotquot</strong></span> 
     </span>
    </p>
   </div>
   <div class='ocr_carea' id='block_1_65' title="bbox 361 3344 2005 3422">
    <p class='ocr_par' dir='ltr' id='par_1_65' title="bbox 361 3344 2005 3422">
     <span class='ocr_line' id='line_1_65' title="bbox 361 3344 2005 3422; baseline -0.007 -11"><span class='ocrx_word' id='word_1_444' title='bbox 361 3355 546 3412; x_wconf 89' lang='lat' dir='ltr'><strong>addit.</strong></span> <span class='ocrx_word' id='word_1_445' title='bbox 579 3354 687 3418; x_wconf 89' lang='lat' dir='ltr'><strong>Qui</strong></span> <span class='ocrx_word' id='word_1_446' title='bbox 715 3355 926 3422; x_wconf 90' lang='lat' dir='ltr'><strong>putant</strong></span> <span class='ocrx_word' id='word_1_447' title='bbox 957 3366 1089 3404; x_wconf 91' lang='lat' dir='ltr'><strong>eum</strong></span> <span class='ocrx_word' id='word_1_448' title='bbox 1122 3347 1386 3420; x_wconf 88' lang='lat' dir='ltr'><strong>ejusdem</strong></span> <span class='ocrx_word' id='word_1_449' title='bbox 1431 3362 1564 3402; x_wconf 91' lang='lat' dir='ltr'><strong>cum</strong></span> <span class='ocrx_word' id='word_1_450' title='bbox 1617 3347 1842 3400; x_wconf 70' lang='lat' dir='ltr'><strong>Irenteo</strong></span> <span class='ocrx_word' id='word_1_451' title='bbox 1902 3344 2005 3400; x_wconf 79' lang='lat' dir='ltr'><strong>mvi</strong></span> 
     </span>
    </p>
   </div>
   <div class='ocr_carea' id='block_1_66' title="bbox 353 3435 2003 3512">
    <p class='ocr_par' dir='ltr' id='par_1_66' title="bbox 353 3435 2003 3512">
     <span class='ocr_line' id='line_1_66' title="bbox 353 3435 2003 3512; baseline -0.005 -13"><span class='ocrx_word' id='word_1_452' title='bbox 353 3443 760 3512; x_wconf 86' lang='lat' dir='ltr'><strong>fuisse,ipsum</strong></span> <span class='ocrx_word' id='word_1_453' title='bbox 786 3439 1074 3494; x_wconf 82' lang='lat' dir='ltr'><strong>Irenaeum</strong></span> <span class='ocrx_word' id='word_1_454' title='bbox 1097 3437 1279 3493; x_wconf 83' lang='lat' dir='ltr'><strong>fuisse</strong></span> <span class='ocrx_word' id='word_1_455' title='bbox 1307 3435 1676 3491; x_wconf 89' lang='lat' dir='ltr'><strong>hariolantur</strong></span> <span class='ocrx_word' id='word_1_456' title='bbox 1699 3453 1712 3503; x_wconf 91' lang='lat'><strong>;</strong></span> <span class='ocrx_word' id='word_1_457' title='bbox 1738 3436 1819 3490; x_wconf 89' lang='lat' dir='ltr'><strong>ita</strong></span> <span class='ocrx_word' id='word_1_458' title='bbox 1847 3451 2003 3491; x_wconf 90' lang='lat' dir='ltr'><strong>unus</strong></span> 
     </span>
    </p>
   </div>
   <div class='ocr_carea' id='block_1_67' title="bbox 369 3526 2003 3598">
    <p class='ocr_par' dir='ltr' id='par_1_67' title="bbox 369 3526 2003 3598">
     <span class='ocr_line' id='line_1_67' title="bbox 369 3526 2003 3598; baseline -0.004 -9"><span class='ocrx_word' id='word_1_459' title='bbox 369 3539 599 3589; x_wconf 89' lang='lat' dir='ltr'><strong>tantum</strong></span> <span class='ocrx_word' id='word_1_460' title='bbox 635 3548 704 3586; x_wconf 92' lang='lat' dir='ltr'><strong>ex</strong></span> <span class='ocrx_word' id='word_1_461' title='bbox 735 3534 972 3585; x_wconf 90' lang='lat' dir='ltr'><strong>auctore</strong></span> <span class='ocrx_word' id='word_1_462' title='bbox 1004 3533 1062 3583; x_wconf 91' lang='lat' dir='ltr'><strong>et</strong></span> <span class='ocrx_word' id='word_1_463' title='bbox 1091 3529 1414 3598; x_wconf 87' lang='lat' dir='ltr'><strong>interprete</strong></span> <span class='ocrx_word' id='word_1_464' title='bbox 1449 3527 1615 3582; x_wconf 91' lang='lat' dir='ltr'><strong>testis</strong></span> <span class='ocrx_word' id='word_1_465' title='bbox 1667 3526 2003 3582; x_wconf 81' lang='lat' dir='ltr'><strong>conficitur.</strong></span> 
     </span>
    </p>
   </div>
   <div class='ocr_carea' id='block_1_68' title="bbox 369 3615 2004 3689">
    <p class='ocr_par' dir='ltr' id='par_1_68' title="bbox 369 3615 2004 3689">
     <span class='ocr_line' id='line_1_68' title="bbox 369 3615 2004 3689; baseline -0.006 -11"><span class='ocrx_word' id='word_1_466' title='bbox 369 3623 478 3688; x_wconf 89' lang='lat' dir='ltr'><strong>Qui</strong></span> <span class='ocrx_word' id='word_1_467' title='bbox 510 3621 852 3678; x_wconf 85' lang='lat' dir='ltr'><strong>existimant</strong></span> <span class='ocrx_word' id='word_1_468' title='bbox 881 3618 1149 3689; x_wconf 88' lang='lat' dir='ltr'><strong>ejusdem</strong></span> <span class='ocrx_word' id='word_1_469' title='bbox 1207 3633 1340 3672; x_wconf 91' lang='lat' dir='ltr'><strong>cum</strong></span> <span class='ocrx_word' id='word_1_470' title='bbox 1394 3615 1757 3672; x_wconf 90' lang='lat' dir='ltr'><strong>Tertulliano</strong></span> <span class='ocrx_word' id='word_1_471' title='bbox 1814 3615 2004 3671; x_wconf 79' lang='lat' dir='ltr'><strong>mtatis</strong></span> 
     </span>
    </p>
   </div>
   <div class='ocr_carea' id='block_1_69' title="bbox 363 3705 2004 3779">
    <p class='ocr_par' dir='ltr' id='par_1_69' title="bbox 363 3705 2004 3779">
     <span class='ocr_line' id='line_1_69' title="bbox 363 3705 2004 3779; baseline -0.005 -11"><span class='ocrx_word' id='word_1_472' title='bbox 363 3729 514 3779; x_wconf 89' lang='lat' dir='ltr'><strong>esse,</strong></span> <span class='ocrx_word' id='word_1_473' title='bbox 547 3709 694 3766; x_wconf 92' lang='lat' dir='ltr'><strong>nihil</strong></span> <span class='ocrx_word' id='word_1_474' title='bbox 719 3707 882 3764; x_wconf 91' lang='lat' dir='ltr'><strong>aliud</strong></span> <span class='ocrx_word' id='word_1_475' title='bbox 911 3708 1185 3776; x_wconf 79' lang='lat' dir='ltr'><strong>afferunt,</strong></span> <span class='ocrx_word' id='word_1_476' title='bbox 1219 3707 1334 3761; x_wconf 92' lang='lat' dir='ltr'><strong>nisi</strong></span> <span class='ocrx_word' id='word_1_477' title='bbox 1380 3705 1537 3776; x_wconf 93' lang='lat' dir='ltr'><strong>quod</strong></span> <span class='ocrx_word' id='word_1_478' title='bbox 1558 3710 1695 3761; x_wconf 89' lang='lat' dir='ltr'><strong>ante</strong></span> <span class='ocrx_word' id='word_1_479' title='bbox 1719 3705 1771 3760; x_wconf 94' lang='lat' dir='ltr'><strong>S.</strong></span> <span class='ocrx_word' id='word_1_480' title='bbox 1805 3707 2004 3776; x_wconf 86' lang='lat' dir='ltr'><strong>Augu-</strong></span> 
     </span>
    </p>
   </div>
   <div class='ocr_carea' id='block_1_70' title="bbox 355 3795 1992 3871">
    <p class='ocr_par' dir='ltr' id='par_1_70' title="bbox 355 3795 1992 3871">
     <span class='ocr_line' id='line_1_70' title="bbox 355 3795 1992 3871; baseline -0.005 -13"><span class='ocrx_word' id='word_1_481' title='bbox 355 3804 576 3859; x_wconf 91' lang='lat' dir='ltr'><strong>stinum</strong></span> <span class='ocrx_word' id='word_1_482' title='bbox 599 3799 902 3871; x_wconf 89' lang='lat' dir='ltr'><strong>scripsisse</strong></span> <span class='ocrx_word' id='word_1_483' title='bbox 933 3797 1237 3863; x_wconf 86' lang='lat' dir='ltr'><strong>videatur;</strong></span> <span class='ocrx_word' id='word_1_484' title='bbox 1262 3801 1468 3852; x_wconf 89' lang='lat' dir='ltr'><strong>contra</strong></span> <span class='ocrx_word' id='word_1_485' title='bbox 1498 3813 1626 3867; x_wconf 86' lang='lat' dir='ltr'><strong>quae</strong></span> <span class='ocrx_word' id='word_1_486' title='bbox 1675 3795 1860 3850; x_wconf 89' lang='lat' dir='ltr'><strong>multa</strong></span> <span class='ocrx_word' id='word_1_487' title='bbox 1890 3796 1992 3850; x_wconf 87' lang='lat' dir='ltr'><strong>ob-</strong></span> 
     </span>
    </p>
   </div>
   <div class='ocr_carea' id='block_1_71' title="bbox 348 3884 2002 3965">
    <p class='ocr_par' dir='ltr' id='par_1_71' title="bbox 348 3884 2002 3965">
     <span class='ocr_line' id='line_1_71' title="bbox 348 3884 2002 3965; baseline -0.004 -18"><span class='ocrx_word' id='word_1_488' title='bbox 348 3894 455 3965; x_wconf 91' lang='lat' dir='ltr'><strong>jici</strong></span> <span class='ocrx_word' id='word_1_489' title='bbox 476 3890 791 3963; x_wconf 90' lang='lat' dir='ltr'><strong>possent,si</strong></span> <span class='ocrx_word' id='word_1_490' title='bbox 815 3905 911 3944; x_wconf 88' lang='lat' dir='ltr'><strong>res</strong></span> <span class='ocrx_word' id='word_1_491' title='bbox 932 3889 1061 3961; x_wconf 90' lang='lat' dir='ltr'><strong>ipsa</strong></span> <span class='ocrx_word' id='word_1_492' title='bbox 1079 3887 1181 3942; x_wconf 90' lang='lat' dir='ltr'><strong>tali</strong></span> <span class='ocrx_word' id='word_1_493' title='bbox 1205 3885 1549 3941; x_wconf 86' lang='lat' dir='ltr'><strong>defensione</strong></span> <span class='ocrx_word' id='word_1_494' title='bbox 1575 3885 1866 3957; x_wconf 79' lang='lat' dir='ltr'><strong>indigeret</strong></span> <span class='ocrx_word' id='word_1_495' title='bbox 1891 3884 2002 3942; x_wconf 90' lang='lat' dir='ltr'><strong>.lre</strong></span> 
     </span>
    </p>
   </div>
   <div class='ocr_carea' id='block_1_72' title="bbox 349 3974 1990 4052">
    <p class='ocr_par' dir='ltr' id='par_1_72' title="bbox 349 3974 1990 4052">
     <span class='ocr_line' id='line_1_72' title="bbox 349 3974 1990 4052; baseline -0.006 -14"><span class='ocrx_word' id='word_1_496' title='bbox 349 3983 464 4038; x_wconf 70' lang='lat' dir='ltr'><strong>nzei</strong></span> <span class='ocrx_word' id='word_1_497' title='bbox 495 3979 802 4052; x_wconf 91' lang='lat' dir='ltr'><strong>interpreti</strong></span> <span class='ocrx_word' id='word_1_498' title='bbox 862 3977 1170 4049; x_wconf 86' lang='lat' dir='ltr'><strong>subjungit</strong></span> <span class='ocrx_word' id='word_1_499' title='bbox 1217 3975 1386 4031; x_wconf 90' lang='lat' dir='ltr'><strong>Pium</strong></span> <span class='ocrx_word' id='word_1_500' title='bbox 1413 3977 1612 4032; x_wconf 65' lang='lat' dir='ltr'><strong>Roma:</strong></span> <span class='ocrx_word' id='word_1_501' title='bbox 1645 3974 1990 4046; x_wconf 90' lang='lat' dir='ltr'><strong>episcopum</strong></span> 
     </span>
    </p>
   </div>
   <div class='ocr_carea' id='block_1_73' title="bbox 347 4063 2002 4144">
    <p class='ocr_par' dir='ltr' id='par_1_73' title="bbox 347 4063 2002 4144">
     <span class='ocr_line' id='line_1_73' title="bbox 347 4063 2002 4144; baseline -0.007 -15"><span class='ocrx_word' id='word_1_502' title='bbox 347 4073 518 4144; x_wconf 83' lang='lat' dir='ltr'><strong>cujus</strong></span> <span class='ocrx_word' id='word_1_503' title='bbox 540 4069 852 4142; x_wconf 89' lang='lat' dir='ltr'><strong>epistolam</strong></span> <span class='ocrx_word' id='word_1_504' title='bbox 874 4069 1036 4122; x_wconf 88' lang='lat' dir='ltr'><strong>Justo</strong></span> <span class='ocrx_word' id='word_1_505' title='bbox 1062 4065 1338 4136; x_wconf 89' lang='lat' dir='ltr'><strong>episcopo</strong></span> <span class='ocrx_word' id='word_1_506' title='bbox 1357 4063 1682 4119; x_wconf 88' lang='lat' dir='ltr'><strong>Viennensi</strong></span> <span class='ocrx_word' id='word_1_507' title='bbox 1713 4063 2002 4119; x_wconf 91' lang='lat' dir='ltr'><strong>directam</strong></span> 
     </span>
    </p>
   </div>
   <div class='ocr_carea' id='block_1_74' title="bbox 347 4151 1996 4230">
    <p class='ocr_par' dir='ltr' id='par_1_74' title="bbox 347 4151 1996 4230">
     <span class='ocr_line' id='line_1_74' title="bbox 347 4151 1996 4230; baseline -0.006 -12"><span class='ocrx_word' id='word_1_508' title='bbox 347 4162 522 4218; x_wconf 92' lang='lat' dir='ltr'><strong>nobis</strong></span> <span class='ocrx_word' id='word_1_509' title='bbox 545 4159 754 4230; x_wconf 87' lang='lat' dir='ltr'><strong>objicit</strong></span> <span class='ocrx_word' id='word_1_510' title='bbox 786 4175 799 4221; x_wconf 93' lang='lat'><strong>;</strong></span> <span class='ocrx_word' id='word_1_511' title='bbox 834 4172 1012 4226; x_wconf 89' lang='lat' dir='ltr'><strong>quam</strong></span> <span class='ocrx_word' id='word_1_512' title='bbox 1045 4161 1243 4209; x_wconf 88' lang='lat' dir='ltr'><strong>tamen</strong></span> <span class='ocrx_word' id='word_1_513' title='bbox 1272 4173 1299 4202; x_wconf 85' lang='lat'>«</span> <span class='ocrx_word' id='word_1_514' title='bbox 1331 4168 1452 4208; x_wconf 90' lang='lat' dir='ltr'><strong>non</strong></span> <span class='ocrx_word' id='word_1_515' title='bbox 1484 4151 1556 4207; x_wconf 89' lang='lat' dir='ltr'><strong>ab</strong></span> <span class='ocrx_word' id='word_1_516' title='bbox 1603 4153 1765 4208; x_wconf 92' lang='lat' dir='ltr'><strong>omni</strong></span> <span class='ocrx_word' id='word_1_517' title='bbox 1799 4152 1996 4224; x_wconf 90' lang='lat' dir='ltr'><strong>impo-</strong></span> 
     </span>
    </p>
   </div>
   <div class='ocr_carea' id='block_1_75' title="bbox 342 4241 1996 4318">
    <p class='ocr_par' dir='ltr' id='par_1_75' title="bbox 342 4241 1996 4318">
     <span class='ocr_line' id='line_1_75' title="bbox 342 4241 1996 4318; baseline -0.006 -11"><span class='ocrx_word' id='word_1_518' title='bbox 342 4259 526 4308; x_wconf 84' lang='lat' dir='ltr'><strong>sturae</strong></span> <span class='ocrx_word' id='word_1_519' title='bbox 553 4247 901 4318; x_wconf 89' lang='lat' dir='ltr'><strong>suspicione</strong></span> <span class='ocrx_word' id='word_1_520' title='bbox 921 4244 1171 4298; x_wconf 89' lang='lat' dir='ltr'><strong>liberam</strong></span> <span class='ocrx_word' id='word_1_521' title='bbox 1202 4261 1227 4293; x_wconf 75' lang='grc' dir='ltr'>ι</span> <span class='ocrx_word' id='word_1_522' title='bbox 1259 4241 1401 4297; x_wconf 90' lang='lat' dir='ltr'><strong>olim</strong></span> <span class='ocrx_word' id='word_1_523' title='bbox 1427 4241 1996 4314; x_wconf 88' lang='lat' dir='ltr'><strong>Blondellusjudica</strong></span> 
     </span>
    </p>
   </div>
   <div class='ocr_carea' id='block_1_76' title="bbox 341 4331 1986 4406">
    <p class='ocr_par' dir='ltr' id='par_1_76' title="bbox 341 4331 1986 4406">
     <span class='ocr_line' id='line_1_76' title="bbox 341 4331 1986 4406; baseline -0.005 -13"><span class='ocrx_word' id='word_1_524' title='bbox 341 4338 552 4394; x_wconf 90' lang='lat' dir='ltr'><strong>vit.llle</strong></span> <span class='ocrx_word' id='word_1_525' title='bbox 612 4335 876 4406; x_wconf 88' lang='lat' dir='ltr'><strong>quidem,</strong></span> <span class='ocrx_word' id='word_1_526' title='bbox 931 4332 1200 4403; x_wconf 87' lang='lat' dir='ltr'><strong>quisquis</strong></span> <span class='ocrx_word' id='word_1_527' title='bbox 1233 4337 1340 4399; x_wconf 90' lang='lat' dir='ltr'><strong>est,</strong></span> <span class='ocrx_word' id='word_1_528' title='bbox 1389 4331 1459 4386; x_wconf 92' lang='lat' dir='ltr'><strong>de</strong></span> <span class='ocrx_word' id='word_1_529' title='bbox 1493 4331 1853 4403; x_wconf 89' lang='lat' dir='ltr'><strong>presbyteris</strong></span> <span class='ocrx_word' id='word_1_530' title='bbox 1886 4331 1986 4401; x_wconf 93' lang='lat' dir='ltr'><strong>qui</strong></span> 
     </span>
    </p>
   </div>
   <div class='ocr_carea' id='block_1_77' title="bbox 345 4420 1998 4498">
    <p class='ocr_par' dir='ltr' id='par_1_77' title="bbox 345 4420 1998 4498">
     <span class='ocr_line' id='line_1_77' title="bbox 345 4420 1998 4498; baseline -0.006 -14"><span class='ocrx_word' id='word_1_531' title='bbox 345 4429 418 4485; x_wconf 88' lang='lat' dir='ltr'><strong>ab</strong></span> <span class='ocrx_word' id='word_1_532' title='bbox 451 4424 736 4498; x_wconf 90' lang='lat' dir='ltr'><strong>apostolis</strong></span> <span class='ocrx_word' id='word_1_533' title='bbox 766 4421 996 4478; x_wconf 89' lang='lat' dir='ltr'><strong>educati</strong></span> <span class='ocrx_word' id='word_1_534' title='bbox 1021 4420 1678 4492; x_wconf 82' lang='lat' dir='ltr'><strong>fuerunt,loquitur,sed</strong></span> <span class='ocrx_word' id='word_1_535' title='bbox 1696 4420 1845 4491; x_wconf 89' lang='lat' dir='ltr'><strong>jam,</strong></span> <span class='ocrx_word' id='word_1_536' title='bbox 1862 4437 1998 4475; x_wconf 91' lang='lat' dir='ltr'><strong>cum</strong></span> 
     </span>
    </p>
   </div>
   <div class='ocr_carea' id='block_1_78' title="bbox 344 4509 1994 4582">
    <p class='ocr_par' dir='ltr' id='par_1_78' title="bbox 344 4509 1994 4582">
     <span class='ocr_line' id='line_1_78' title="bbox 344 4509 1994 4582; baseline -0.005 -9"><span class='ocrx_word' id='word_1_537' title='bbox 344 4517 652 4581; x_wconf 88' lang='lat' dir='ltr'><strong>scriberet,</strong></span> <span class='ocrx_word' id='word_1_538' title='bbox 689 4511 940 4568; x_wconf 89' lang='lat' dir='ltr'><strong>mortuis</strong></span> <span class='ocrx_word' id='word_1_539' title='bbox 973 4526 986 4567; x_wconf 91' lang='lat'><strong>:</strong></span> <span class='ocrx_word' id='word_1_540' title='bbox 1025 4511 1180 4582; x_wconf 90' lang='lat' dir='ltr'><strong>quod</strong></span> <span class='ocrx_word' id='word_1_541' title='bbox 1213 4511 1287 4566; x_wconf 90' lang='lat' dir='ltr'><strong>ad</strong></span> <span class='ocrx_word' id='word_1_542' title='bbox 1316 4527 1440 4566; x_wconf 90' lang='lat' dir='ltr'><strong>rem</strong></span> <span class='ocrx_word' id='word_1_543' title='bbox 1474 4511 1644 4566; x_wconf 91' lang='lat' dir='ltr'><strong>nihil.</strong></span> <span class='ocrx_word' id='word_1_544' title='bbox 1677 4511 1743 4564; x_wconf 91' lang='lat' dir='ltr'><strong>In</strong></span> <span class='ocrx_word' id='word_1_545' title='bbox 1787 4509 1994 4565; x_wconf 89' lang='lat' dir='ltr'><strong>eadem</strong></span> 
     </span>
    </p>
   </div>
   <div class='ocr_carea' id='block_1_79' title="bbox 343 4598 1987 4674">
    <p class='ocr_par' dir='ltr' id='par_1_79' title="bbox 343 4598 1987 4674">
     <span class='ocr_line' id='line_1_79' title="bbox 343 4598 1987 4674; baseline -0.006 -12"><span class='ocrx_word' id='word_1_546' title='bbox 343 4610 545 4664; x_wconf 89' lang='lat' dir='ltr'><strong>autem</strong></span> <span class='ocrx_word' id='word_1_547' title='bbox 577 4601 828 4674; x_wconf 90' lang='lat' dir='ltr'><strong>epistola</strong></span> <span class='ocrx_word' id='word_1_548' title='bbox 859 4601 929 4656; x_wconf 91' lang='lat' dir='ltr'><strong>de</strong></span> <span class='ocrx_word' id='word_1_549' title='bbox 963 4601 1052 4656; x_wconf 91' lang='lat' dir='ltr'><strong>sui</strong></span> <span class='ocrx_word' id='word_1_550' title='bbox 1087 4601 1369 4672; x_wconf 89' lang='lat' dir='ltr'><strong>temporis</strong></span> <span class='ocrx_word' id='word_1_551' title='bbox 1401 4599 1630 4655; x_wconf 89' lang='lat' dir='ltr'><strong>clericis</strong></span> <span class='ocrx_word' id='word_1_552' title='bbox 1687 4598 1987 4670; x_wconf 88' lang='lat' dir='ltr'><strong>lgnatiano</strong></span> 
     </span>
    </p>
   </div>
   <div class='ocr_carea' id='block_1_80' title="bbox 339 4687 1989 4765">
    <p class='ocr_par' dir='ltr' id='par_1_80' title="bbox 339 4687 1989 4765">
     <span class='ocr_line' id='line_1_80' title="bbox 339 4687 1989 4765; baseline -0.006 -13"><span class='ocrx_word' id='word_1_553' title='bbox 339 4711 506 4753; x_wconf 89' lang='lat' dir='ltr'><strong>more</strong></span> <span class='ocrx_word' id='word_1_554' title='bbox 537 4691 1072 4765; x_wconf 87' lang='lat' dir='ltr'><strong>loquitur,secundi</strong></span> <span class='ocrx_word' id='word_1_555' title='bbox 1101 4690 1328 4748; x_wconf 91' lang='lat' dir='ltr'><strong>ordinis</strong></span> <span class='ocrx_word' id='word_1_556' title='bbox 1351 4687 1598 4744; x_wconf 89' lang='lat' dir='ltr'><strong>clericos</strong></span> <span class='ocrx_word' id='word_1_557' title='bbox 1624 4687 1843 4742; x_wconf 88' lang='lat' dir='ltr'><strong>diserte</strong></span> <span class='ocrx_word' id='word_1_558' title='bbox 1864 4704 1989 4758; x_wconf 90' lang='lat' dir='ltr'><strong>pre-</strong></span> 
     </span>
    </p>
   </div>
   <div class='ocr_carea' id='block_1_81' title="bbox 342 4776 1985 4856">
    <p class='ocr_par' dir='ltr' id='par_1_81' title="bbox 342 4776 1985 4856">
     <span class='ocr_line' id='line_1_81' title="bbox 342 4776 1985 4856; baseline -0.005 -16"><span class='ocrx_word' id='word_1_559' title='bbox 342 4785 609 4856; x_wconf 90' lang='lat' dir='ltr'><strong>sbyteros</strong></span> <span class='ocrx_word' id='word_1_560' title='bbox 639 4781 933 4854; x_wconf 88' lang='lat' dir='ltr'><strong>appellat:</strong></span> <span class='ocrx_word' id='word_1_561' title='bbox 969 4802 996 4831; x_wconf 85' lang='lat'>«</span> <span class='ocrx_word' id='word_1_562' title='bbox 1029 4779 1299 4836; x_wconf 89' lang='lat' dir='ltr'><strong>Salutant</strong></span> <span class='ocrx_word' id='word_1_563' title='bbox 1330 4783 1384 4833; x_wconf 92' lang='lat' dir='ltr'><strong>te</strong></span> <span class='ocrx_word' id='word_1_564' title='bbox 1430 4777 1598 4833; x_wconf 91' lang='lat' dir='ltr'><strong>Soter</strong></span> <span class='ocrx_word' id='word_1_565' title='bbox 1627 4781 1684 4832; x_wconf 91' lang='lat' dir='ltr'><strong>et</strong></span> <span class='ocrx_word' id='word_1_566' title='bbox 1713 4776 1985 4831; x_wconf 89' lang='lat' dir='ltr'><strong>Eleuthe-</strong></span> 
     </span>
    </p>
   </div>
   <div class='ocr_carea' id='block_1_82' title="bbox 335 4867 1987 4946">
    <p class='ocr_par' dir='ltr' id='par_1_82' title="bbox 335 4867 1987 4946">
     <span class='ocr_line' id='line_1_82' title="bbox 335 4867 1987 4946; baseline -0.006 -15"><span class='ocrx_word' id='word_1_567' title='bbox 335 4876 460 4931; x_wconf 92' lang='lat' dir='ltr'><strong>rius</strong></span> <span class='ocrx_word' id='word_1_568' title='bbox 475 4873 634 4946; x_wconf 82' lang='lat' dir='ltr'><strong>digni</strong></span> <span class='ocrx_word' id='word_1_569' title='bbox 653 4871 1207 4944; x_wconf 80' lang='lat' dir='ltr'><strong>presbyteri.»Tunc</strong></span> <span class='ocrx_word' id='word_1_570' title='bbox 1231 4867 1389 4923; x_wconf 91' lang='lat' dir='ltr'><strong>enim</strong></span> <span class='ocrx_word' id='word_1_571' title='bbox 1414 4867 1538 4938; x_wconf 89' lang='lat' dir='ltr'><strong>ipse</strong></span> <span class='ocrx_word' id='word_1_572' title='bbox 1554 4869 1752 4922; x_wconf 66' lang='lat' dir='ltr'><strong>Romae</strong></span> <span class='ocrx_word' id='word_1_573' title='bbox 1766 4867 1987 4938; x_wconf 92' lang='lat' dir='ltr'><strong>episco-</strong></span> 
     </span>
    </p>
   </div>
   <div class='ocr_carea' id='block_1_83' title="bbox 337 4955 1976 5038">
    <p class='ocr_par' dir='ltr' id='par_1_83' title="bbox 337 4955 1976 5038">
     <span class='ocr_line' id='line_1_83' title="bbox 337 4955 1976 5038; baseline -0.007 -17"><span class='ocrx_word' id='word_1_574' title='bbox 337 4981 448 5038; x_wconf 90' lang='lat' dir='ltr'><strong>pus</strong></span> <span class='ocrx_word' id='word_1_575' title='bbox 464 4963 579 5020; x_wconf 91' lang='lat' dir='ltr'><strong>fuit</strong></span> <span class='ocrx_word' id='word_1_576' title='bbox 605 4979 619 5028; x_wconf 91' lang='lat'><strong>;</strong></span> <span class='ocrx_word' id='word_1_577' title='bbox 647 4964 814 5019; x_wconf 91' lang='lat' dir='ltr'><strong>Soter</strong></span> <span class='ocrx_word' id='word_1_578' title='bbox 834 4965 1034 5016; x_wconf 90' lang='lat' dir='ltr'><strong>autem</strong></span> <span class='ocrx_word' id='word_1_579' title='bbox 1065 4962 1123 5012; x_wconf 88' lang='lat' dir='ltr'><strong>et</strong></span> <span class='ocrx_word' id='word_1_580' title='bbox 1152 4957 1525 5012; x_wconf 86' lang='lat' dir='ltr'><strong>Eleutherius</strong></span> <span class='ocrx_word' id='word_1_581' title='bbox 1556 4955 1779 5012; x_wconf 89' lang='lat' dir='ltr'><strong>ibidem</strong></span> <span class='ocrx_word' id='word_1_582' title='bbox 1836 4974 1976 5027; x_wconf 88' lang='lat' dir='ltr'><strong>pro-</strong></span> 
     </span>
    </p>
   </div>
   <div class='ocr_carea' id='block_1_84' title="bbox 335 5045 1980 5127">
    <p class='ocr_par' dir='ltr' id='par_1_84' title="bbox 335 5045 1980 5127">
     <span class='ocr_line' id='line_1_84' title="bbox 335 5045 1980 5127; baseline -0.005 -19"><span class='ocrx_word' id='word_1_583' title='bbox 335 5053 462 5127; x_wconf 88' lang='lat' dir='ltr'><strong>prie</strong></span> <span class='ocrx_word' id='word_1_584' title='bbox 495 5051 658 5118; x_wconf 89' lang='lat' dir='ltr'><strong>dicti,</strong></span> <span class='ocrx_word' id='word_1_585' title='bbox 691 5051 740 5106; x_wconf 89' lang='lat' dir='ltr'><strong>si</strong></span> <span class='ocrx_word' id='word_1_586' title='bbox 767 5050 939 5114; x_wconf 85' lang='lat' dir='ltr'><strong>forte,</strong></span> <span class='ocrx_word' id='word_1_587' title='bbox 973 5046 1320 5119; x_wconf 90' lang='lat' dir='ltr'><strong>presbyteri.</strong></span> <span class='ocrx_word' id='word_1_588' title='bbox 1353 5047 1410 5100; x_wconf 86' lang='lat' dir='ltr'><strong>Si</strong></span> <span class='ocrx_word' id='word_1_589' title='bbox 1461 5045 1634 5112; x_wconf 85' lang='lat' dir='ltr'><strong>forte,</strong></span> <span class='ocrx_word' id='word_1_590' title='bbox 1695 5046 1980 5116; x_wconf 89' lang='lat' dir='ltr'><strong>inquam;</strong></span> 
     </span>
    </p>
   </div>
   <div class='ocr_carea' id='block_1_85' title="bbox 335 5134 1980 5214">
    <p class='ocr_par' dir='ltr' id='par_1_85' title="bbox 335 5134 1980 5214">
     <span class='ocr_line' id='line_1_85' title="bbox 335 5134 1980 5214; baseline -0.005 -14"><span class='ocrx_word' id='word_1_591' title='bbox 335 5159 475 5200; x_wconf 88' lang='lat' dir='ltr'><strong>nam</strong></span> <span class='ocrx_word' id='word_1_592' title='bbox 505 5147 638 5214; x_wconf 90' lang='lat' dir='ltr'><strong>post</strong></span> <span class='ocrx_word' id='word_1_593' title='bbox 658 5141 745 5196; x_wconf 92' lang='lat' dir='ltr'><strong>Pii</strong></span> <span class='ocrx_word' id='word_1_594' title='bbox 767 5141 1077 5195; x_wconf 88' lang='lat' dir='ltr'><strong>decessum</strong></span> <span class='ocrx_word' id='word_1_595' title='bbox 1099 5135 1505 5192; x_wconf 90' lang='lat' dir='ltr'><strong>Eleutherium</strong></span> <span class='ocrx_word' id='word_1_596' title='bbox 1527 5134 1755 5192; x_wconf 88' lang='lat' dir='ltr'><strong>Aniceti</strong></span> <span class='ocrx_word' id='word_1_597' title='bbox 1784 5136 1980 5192; x_wconf 85' lang='lat' dir='ltr'><strong>diaco-</strong></span> 
     </span>
    </p>
   </div>
   <div class='ocr_carea' id='block_1_86' title="bbox 337 5224 1981 5297">
    <p class='ocr_par' dir='ltr' id='par_1_86' title="bbox 337 5224 1981 5297">
     <span class='ocr_line' id='line_1_86' title="bbox 337 5224 1981 5297; baseline -0.006 -7"><span class='ocrx_word' id='word_1_598' title='bbox 337 5249 482 5289; x_wconf 90' lang='lat' dir='ltr'><strong>num</strong></span> <span class='ocrx_word' id='word_1_599' title='bbox 511 5231 692 5287; x_wconf 87' lang='lat' dir='ltr'><strong>fuisse</strong></span> <span class='ocrx_word' id='word_1_600' title='bbox 716 5233 967 5285; x_wconf 89' lang='lat' dir='ltr'><strong>testatur</strong></span> <span class='ocrx_word' id='word_1_601' title='bbox 989 5224 1545 5297; x_wconf 86' lang='lat' dir='ltr'><strong>Hegesippus.ldem</strong></span> <span class='ocrx_word' id='word_1_602' title='bbox 1565 5224 1626 5280; x_wconf 91' lang='lat' dir='ltr'><strong>in</strong></span> <span class='ocrx_word' id='word_1_603' title='bbox 1656 5224 1842 5281; x_wconf 87' lang='lat' dir='ltr'><strong>altera</strong></span> <span class='ocrx_word' id='word_1_604' title='bbox 1863 5227 1981 5296; x_wconf 85' lang='lat' dir='ltr'><strong>epi-</strong></span> 
     </span>
    </p>
   </div>
   <div class='ocr_carea' id='block_1_87' title="bbox 336 5315 1982 5393">
    <p class='ocr_par' dir='ltr' id='par_1_87' title="bbox 336 5315 1982 5393">
     <span class='ocr_line' id='line_1_87' title="bbox 336 5315 1982 5393; baseline -0.005 -14"><span class='ocrx_word' id='word_1_605' title='bbox 336 5322 488 5379; x_wconf 85' lang='lat' dir='ltr'><strong>stolo</strong></span> <span class='ocrx_word' id='word_1_606' title='bbox 513 5319 789 5393; x_wconf 88' lang='lat' dir='ltr'><strong>ejusdem</strong></span> <span class='ocrx_word' id='word_1_607' title='bbox 811 5316 1263 5384; x_wconf 73' lang='lat' dir='ltr'><strong>farinm,Verum</strong></span> <span class='ocrx_word' id='word_1_608' title='bbox 1287 5315 1570 5388; x_wconf 82' lang='lat' dir='ltr'><strong>collegam</strong></span> <span class='ocrx_word' id='word_1_609' title='bbox 1599 5330 1774 5371; x_wconf 91' lang='lat' dir='ltr'><strong>suum</strong></span> <span class='ocrx_word' id='word_1_610' title='bbox 1796 5317 1982 5372; x_wconf 90' lang='lat' dir='ltr'><strong>nomi-</strong></span> 
     </span>
    </p>
   </div>
   <div class='ocr_carea' id='block_1_88' title="bbox 336 5405 1978 5480">
    <p class='ocr_par' dir='ltr' id='par_1_88' title="bbox 336 5405 1978 5480">
     <span class='ocr_line' id='line_1_88' title="bbox 336 5405 1978 5480; baseline -0.004 -10"><span class='ocrx_word' id='word_1_611' title='bbox 336 5420 459 5480; x_wconf 89' lang='lat' dir='ltr'><strong>nat,</strong></span> <span class='ocrx_word' id='word_1_612' title='bbox 491 5415 724 5469; x_wconf 82' lang='lat' dir='ltr'><strong>Justum</strong></span> <span class='ocrx_word' id='word_1_613' title='bbox 749 5410 1146 5465; x_wconf 90' lang='lat' dir='ltr'><strong>Viennensem</strong></span> <span class='ocrx_word' id='word_1_614' title='bbox 1177 5405 1306 5478; x_wconf 88' lang='lat' dir='ltr'><strong>ejus</strong></span> <span class='ocrx_word' id='word_1_615' title='bbox 1333 5406 1462 5462; x_wconf 94' lang='lat' dir='ltr'><strong>loco</strong></span> <span class='ocrx_word' id='word_1_616' title='bbox 1498 5407 1886 5462; x_wconf 89' lang='lat' dir='ltr'><strong>constitutum</strong></span> <span class='ocrx_word' id='word_1_617' title='bbox 1920 5412 1978 5463; x_wconf 90' lang='lat' dir='ltr'><strong>et</strong></span> 
     </span>
    </p>
   </div>
   <div class='ocr_carea' id='block_1_89' title="bbox 337 5495 1976 5572">
    <p class='ocr_par' dir='ltr' id='par_1_89' title="bbox 337 5495 1976 5572">
     <span class='ocr_line' id='line_1_89' title="bbox 337 5495 1976 5572; baseline -0.004 -14"><span class='ocrx_word' id='word_1_618' title='bbox 337 5502 568 5558; x_wconf 90' lang='lat' dir='ltr'><strong>colobio</strong></span> <span class='ocrx_word' id='word_1_619' title='bbox 601 5502 1018 5572; x_wconf 89' lang='lat' dir='ltr'><strong>episcoporum</strong></span> <span class='ocrx_word' id='word_1_620' title='bbox 1047 5495 1323 5551; x_wconf 90' lang='lat' dir='ltr'><strong>vestitum</strong></span> <span class='ocrx_word' id='word_1_621' title='bbox 1355 5497 1620 5570; x_wconf 88' lang='lat' dir='ltr'><strong>agnoscit</strong></span> <span class='ocrx_word' id='word_1_622' title='bbox 1655 5495 1766 5552; x_wconf 85' lang='lat' dir='ltr'><strong>:ad</strong></span> <span class='ocrx_word' id='word_1_623' title='bbox 1799 5513 1976 5566; x_wconf 88' lang='lat' dir='ltr'><strong>quem</strong></span> 
     </span>
    </p>
   </div>
   <div class='ocr_carea' id='block_1_90' title="bbox 337 5584 1977 5657">
    <p class='ocr_par' dir='ltr' id='par_1_90' title="bbox 337 5584 1977 5657">
     <span class='ocr_line' id='line_1_90' title="bbox 337 5584 1977 5657; baseline -0.001 -13"><span class='ocrx_word' id='word_1_624' title='bbox 337 5590 421 5644; x_wconf 90' lang='lat' dir='ltr'><strong>sic</strong></span> <span class='ocrx_word' id='word_1_625' title='bbox 452 5590 658 5644; x_wconf 85' lang='lat' dir='ltr'><strong>scribit</strong></span> <span class='ocrx_word' id='word_1_626' title='bbox 681 5607 693 5644; x_wconf 91' lang='lat'>:</span> <span class='ocrx_word' id='word_1_627' title='bbox 719 5611 746 5640; x_wconf 84' lang='grc'>‹‹</span> <span class='ocrx_word' id='word_1_628' title='bbox 769 5584 1105 5656; x_wconf 89' lang='lat' dir='ltr'><strong>Presbyteri</strong></span> <span class='ocrx_word' id='word_1_629' title='bbox 1125 5589 1180 5640; x_wconf 92' lang='lat' dir='ltr'><strong>et</strong></span> <span class='ocrx_word' id='word_1_630' title='bbox 1209 5585 1442 5643; x_wconf 89' lang='lat' dir='ltr'><strong>diaconi</strong></span> <span class='ocrx_word' id='word_1_631' title='bbox 1459 5602 1580 5644; x_wconf 92' lang='lat' dir='ltr'><strong>non</strong></span> <span class='ocrx_word' id='word_1_632' title='bbox 1599 5589 1665 5642; x_wconf 89' lang='lat' dir='ltr'><strong>ut</strong></span> <span class='ocrx_word' id='word_1_633' title='bbox 1687 5585 1977 5657; x_wconf 88' lang='lat' dir='ltr'><strong>majorem</strong></span> 
     </span>
    </p>
   </div>
   <div class='ocr_carea' id='block_1_91' title="bbox 333 5673 1973 5738">
    <p class='ocr_par' dir='ltr' id='par_1_91' title="bbox 333 5673 1973 5738">
     <span class='ocr_line' id='line_1_91' title="bbox 333 5673 1973 5738; baseline -0.004 -2"><span class='ocrx_word' id='word_1_634' title='bbox 333 5678 437 5736; x_wconf 86' lang='lat' dir='ltr'><strong>sed</strong></span> <span class='ocrx_word' id='word_1_635' title='bbox 467 5682 530 5735; x_wconf 90' lang='lat' dir='ltr'><strong>ut</strong></span> <span class='ocrx_word' id='word_1_636' title='bbox 562 5678 902 5735; x_wconf 88' lang='lat' dir='ltr'><strong>ministrum</strong></span> <span class='ocrx_word' id='word_1_637' title='bbox 933 5673 1145 5733; x_wconf 86' lang='lat' dir='ltr'><strong>Christi</strong></span> <span class='ocrx_word' id='word_1_638' title='bbox 1177 5681 1232 5732; x_wconf 91' lang='lat' dir='ltr'><strong>te</strong></span> <span class='ocrx_word' id='word_1_639' title='bbox 1264 5675 1602 5738; x_wconf 72' lang='lat' dir='ltr'><strong>obserent.»</strong></span> <span class='ocrx_word' id='word_1_640' title='bbox 1621 5676 1702 5732; x_wconf 88' lang='lat' dir='ltr'><strong>Ac</strong></span> <span class='ocrx_word' id='word_1_641' title='bbox 1724 5689 1929 5732; x_wconf 84' lang='lat' dir='ltr'><strong>rursus</strong></span> <span class='ocrx_word' id='word_1_642' title='bbox 1959 5690 1973 5730; x_wconf 90' lang='lat'><strong>:</strong></span> 
     </span>
    </p>
   </div>
   <div class='ocr_carea' id='block_1_92' title="bbox 2120 3348 3772 3421">
    <p class='ocr_par' dir='ltr' id='par_1_92' title="bbox 2120 3348 3772 3421">
     <span class='ocr_line' id='line_1_92' title="bbox 2120 3348 3772 3421; baseline -0.001 -14"><span class='ocrx_word' id='word_1_643' title='bbox 2120 3353 2318 3408; x_wconf 62' lang='lat' dir='ltr'><strong>Roma:</strong></span> <span class='ocrx_word' id='word_1_644' title='bbox 2342 3349 2757 3421; x_wconf 80' lang='lat' dir='ltr'><strong>superfuerant</strong></span> <span class='ocrx_word' id='word_1_645' title='bbox 2798 3348 3198 3420; x_wconf 86' lang='lat' dir='ltr'><strong>apostolorum</strong></span> <span class='ocrx_word' id='word_1_646' title='bbox 3251 3349 3548 3421; x_wconf 87' lang='lat' dir='ltr'><strong>discipuli.</strong></span> <span class='ocrx_word' id='word_1_647' title='bbox 3585 3372 3612 3398; x_wconf 83' lang='lat'>»</span> <span class='ocrx_word' id='word_1_648' title='bbox 3660 3351 3772 3406; x_wconf 88' lang='lat' dir='ltr'><strong>Pio</strong></span> 
     </span>
    </p>
   </div>
   <div class='ocr_carea' id='block_1_93' title="bbox 2119 3439 3772 3511">
    <p class='ocr_par' dir='ltr' id='par_1_93' title="bbox 2119 3439 3772 3511">
     <span class='ocr_line' id='line_1_93' title="bbox 2119 3439 3772 3511; baseline -0.001 -16"><span class='ocrx_word' id='word_1_649' title='bbox 2119 3445 2316 3496; x_wconf 90' lang='lat' dir='ltr'><strong>autem</strong></span> <span class='ocrx_word' id='word_1_650' title='bbox 2349 3444 2630 3510; x_wconf 87' lang='lat' dir='ltr'><strong>tanquam</strong></span> <span class='ocrx_word' id='word_1_651' title='bbox 2653 3439 2894 3493; x_wconf 78' lang='lat' dir='ltr'><strong>fratrem</strong></span> <span class='ocrx_word' id='word_1_652' title='bbox 2919 3439 3267 3509; x_wconf 89' lang='lat' dir='ltr'><strong>scriptorem</strong></span> <span class='ocrx_word' id='word_1_653' title='bbox 3299 3439 3566 3511; x_wconf 90' lang='lat' dir='ltr'><strong>adjungit</strong></span> <span class='ocrx_word' id='word_1_654' title='bbox 3607 3440 3772 3495; x_wconf 71' lang='lat' dir='ltr'><strong>Grai-</strong></span> 
     </span>
    </p>
   </div>
   <div class='ocr_carea' id='block_1_94' title="bbox 2120 3527 3774 3585">
    <p class='ocr_par' dir='ltr' id='par_1_94' title="bbox 2120 3527 3774 3585">
     <span class='ocr_line' id='line_1_94' title="bbox 2120 3527 3774 3585; baseline 0 0"><span class='ocrx_word' id='word_1_655' title='bbox 2120 3546 2256 3585; x_wconf 93' lang='lat' dir='ltr'><strong>cum</strong></span> <span class='ocrx_word' id='word_1_656' title='bbox 2279 3530 2553 3584; x_wconf 86' lang='lat' dir='ltr'><strong>Hermam</strong></span> <span class='ocrx_word' id='word_1_657' title='bbox 2580 3528 2995 3583; x_wconf 74' lang='lat' dir='ltr'><strong>PastoremSed</strong></span> <span class='ocrx_word' id='word_1_658' title='bbox 3016 3527 3187 3582; x_wconf 93' lang='lat' dir='ltr'><strong>illum</strong></span> <span class='ocrx_word' id='word_1_659' title='bbox 3205 3529 3293 3582; x_wconf 93' lang='lat' dir='ltr'><strong>Pii</strong></span> <span class='ocrx_word' id='word_1_660' title='bbox 3315 3529 3558 3584; x_wconf 88' lang='lat' dir='ltr'><strong>fratrem</strong></span> <span class='ocrx_word' id='word_1_661' title='bbox 3582 3529 3774 3585; x_wconf 88' lang='lat' dir='ltr'><strong>fuisse</strong></span> 
     </span>
    </p>
   </div>
   <div class='ocr_carea' id='block_1_95' title="bbox 2113 3615 3771 3689">
    <p class='ocr_par' dir='ltr' id='par_1_95' title="bbox 2113 3615 3771 3689">
     <span class='ocr_line' id='line_1_95' title="bbox 2113 3615 3771 3689; baseline 0 -16"><span class='ocrx_word' id='word_1_662' title='bbox 2113 3619 2212 3689; x_wconf 89' lang='lat' dir='ltr'><strong>qui</strong></span> <span class='ocrx_word' id='word_1_663' title='bbox 2273 3617 2532 3674; x_wconf 87' lang='lat' dir='ltr'><strong>credet?</strong></span> <span class='ocrx_word' id='word_1_664' title='bbox 2581 3617 2954 3688; x_wconf 91' lang='lat' dir='ltr'><strong>Supposititii</strong></span> <span class='ocrx_word' id='word_1_665' title='bbox 3003 3615 3376 3683; x_wconf 90' lang='lat' dir='ltr'><strong>Tertulliani,</strong></span> <span class='ocrx_word' id='word_1_666' title='bbox 3435 3624 3551 3676; x_wconf 34' lang='lat' dir='ltr'><strong>aut.</strong></span> <span class='ocrx_word' id='word_1_667' title='bbox 3609 3620 3771 3674; x_wconf 79' lang='lat' dir='ltr'><strong>Libri</strong></span> 
     </span>
    </p>
   </div>
   <div class='ocr_carea' id='block_1_96' title="bbox 2111 3706 3772 3777">
    <p class='ocr_par' dir='ltr' id='par_1_96' title="bbox 2111 3706 3772 3777">
     <span class='ocr_line' id='line_1_96' title="bbox 2111 3706 3772 3777; baseline 0.001 -15"><span class='ocrx_word' id='word_1_668' title='bbox 2111 3707 2445 3777; x_wconf 85' lang='lat' dir='ltr'><strong>pontiﬁcalis</strong></span> <span class='ocrx_word' id='word_1_669' title='bbox 2475 3706 2794 3760; x_wconf 90' lang='lat' dir='ltr'><strong>auctoritas</strong></span> <span class='ocrx_word' id='word_1_670' title='bbox 2827 3710 2991 3761; x_wconf 90' lang='lat' dir='ltr'><strong>tanta</strong></span> <span class='ocrx_word' id='word_1_671' title='bbox 3019 3723 3139 3761; x_wconf 93' lang='lat' dir='ltr'><strong>non</strong></span> <span class='ocrx_word' id='word_1_672' title='bbox 3172 3711 3354 3771; x_wconf 90' lang='lat' dir='ltr'><strong>est,ut</strong></span> <span class='ocrx_word' id='word_1_673' title='bbox 3383 3723 3590 3762; x_wconf 87' lang='lat' dir='ltr'><strong>verum</strong></span> <span class='ocrx_word' id='word_1_674' title='bbox 3619 3708 3772 3763; x_wconf 88' lang='lat' dir='ltr'><strong>illud</strong></span> 
     </span>
    </p>
   </div>
   <div class='ocr_carea' id='block_1_97' title="bbox 2108 3795 3768 3866">
    <p class='ocr_par' dir='ltr' id='par_1_97' title="bbox 2108 3795 3768 3866">
     <span class='ocr_line' id='line_1_97' title="bbox 2108 3795 3768 3866; baseline -0.001 -14"><span class='ocrx_word' id='word_1_675' title='bbox 2108 3813 2236 3852; x_wconf 88' lang='lat' dir='ltr'><strong>esse</strong></span> <span class='ocrx_word' id='word_1_676' title='bbox 2267 3796 2596 3863; x_wconf 89' lang='lat' dir='ltr'><strong>credamus,</strong></span> <span class='ocrx_word' id='word_1_677' title='bbox 2630 3795 2788 3866; x_wconf 89' lang='lat' dir='ltr'><strong>quod</strong></span> <span class='ocrx_word' id='word_1_678' title='bbox 2819 3797 3077 3851; x_wconf 69' lang='lat' dir='ltr'><strong>lrenaaus</strong></span> <span class='ocrx_word' id='word_1_679' title='bbox 3141 3797 3240 3866; x_wconf 90' lang='lat' dir='ltr'><strong>qui</strong></span> <span class='ocrx_word' id='word_1_680' title='bbox 3294 3796 3401 3851; x_wconf 91' lang='lat' dir='ltr'><strong>sub</strong></span> <span class='ocrx_word' id='word_1_681' title='bbox 3448 3797 3551 3852; x_wconf 90' lang='lat' dir='ltr'><strong>Pio</strong></span> <span class='ocrx_word' id='word_1_682' title='bbox 3597 3797 3768 3866; x_wconf 82' lang='lat' dir='ltr'><strong>vixit,</strong></span> 
     </span>
    </p>
   </div>
   <div class='ocr_carea' id='block_1_98' title="bbox 2108 3884 3768 3958">
    <p class='ocr_par' dir='ltr' id='par_1_98' title="bbox 2108 3884 3768 3958">
     <span class='ocr_line' id='line_1_98' title="bbox 2108 3884 3768 3958; baseline 0.001 -17"><span class='ocrx_word' id='word_1_683' title='bbox 2108 3887 2267 3957; x_wconf 89' lang='lat' dir='ltr'><strong>quod</strong></span> <span class='ocrx_word' id='word_1_684' title='bbox 2306 3885 2704 3940; x_wconf 87' lang='lat' dir='ltr'><strong>Tertullianus</strong></span> <span class='ocrx_word' id='word_1_685' title='bbox 2728 3885 2876 3957; x_wconf 89' lang='lat' dir='ltr'><strong>ipse,</strong></span> <span class='ocrx_word' id='word_1_686' title='bbox 2909 3885 3066 3956; x_wconf 90' lang='lat' dir='ltr'><strong>quod</strong></span> <span class='ocrx_word' id='word_1_687' title='bbox 3091 3884 3484 3958; x_wconf 84' lang='lat' dir='ltr'><strong>Hieronymus</strong></span> <span class='ocrx_word' id='word_1_688' title='bbox 3512 3903 3768 3958; x_wconf 89' lang='lat' dir='ltr'><strong>prorsus</strong></span> 
     </span>
    </p>
   </div>
   <div class='ocr_carea' id='block_1_99' title="bbox 2110 3973 3768 4046">
    <p class='ocr_par' dir='ltr' id='par_1_99' title="bbox 2110 3973 3768 4046">
     <span class='ocr_line' id='line_1_99' title="bbox 2110 3973 3768 4046; baseline 0.001 -18"><span class='ocrx_word' id='word_1_689' title='bbox 2110 3974 2414 4046; x_wconf 89' lang='lat' dir='ltr'><strong>ignorasse</strong></span> <span class='ocrx_word' id='word_1_690' title='bbox 2444 3978 2935 4045; x_wconf 85' lang='lat' dir='ltr'><strong>coguoscuntur.«</strong></span> <span class='ocrx_word' id='word_1_691' title='bbox 2967 3975 3046 4027; x_wconf 89' lang='lat' dir='ltr'><strong>Eo</strong></span> <span class='ocrx_word' id='word_1_692' title='bbox 3073 3973 3254 4043; x_wconf 83' lang='lat' dir='ltr'><strong>igitur</strong></span> <span class='ocrx_word' id='word_1_693' title='bbox 3283 3975 3502 4030; x_wconf 88' lang='lat' dir='ltr'><strong>factum</strong></span> <span class='ocrx_word' id='word_1_694' title='bbox 3534 3991 3658 4029; x_wconf 91' lang='lat' dir='ltr'><strong>non</strong></span> <span class='ocrx_word' id='word_1_695' title='bbox 3685 3975 3768 4030; x_wconf 86' lang='lat' dir='ltr'><strong>vi-</strong></span> 
     </span>
    </p>
   </div>
   <div class='ocr_carea' id='block_1_100' title="bbox 2106 4061 3764 4131">
    <p class='ocr_par' dir='ltr' id='par_1_100' title="bbox 2106 4061 3764 4131">
     <span class='ocr_line' id='line_1_100' title="bbox 2106 4061 3764 4131; baseline 0 -13"><span class='ocrx_word' id='word_1_696' title='bbox 2106 4062 2298 4131; x_wconf 90' lang='lat' dir='ltr'><strong>detur,</strong></span> <span class='ocrx_word' id='word_1_697' title='bbox 2336 4067 2402 4117; x_wconf 92' lang='lat' dir='ltr'><strong>ut</strong></span> <span class='ocrx_word' id='word_1_698' title='bbox 2434 4062 2678 4116; x_wconf 85' lang='lat' dir='ltr'><strong>Hermas</strong></span> <span class='ocrx_word' id='word_1_699' title='bbox 2708 4061 3043 4117; x_wconf 89' lang='lat' dir='ltr'><strong>ministeria</strong></span> <span class='ocrx_word' id='word_1_700' title='bbox 3098 4062 3373 4117; x_wconf 73' lang='lat' dir='ltr'><strong>Ecclesim</strong></span> <span class='ocrx_word' id='word_1_701' title='bbox 3431 4079 3466 4118; x_wconf 90' lang='lat' dir='ltr'><strong>a</strong></span> <span class='ocrx_word' id='word_1_702' title='bbox 3523 4061 3764 4118; x_wconf 86' lang='lat' dir='ltr'><strong>Christo</strong></span> 
     </span>
    </p>
   </div>
   <div class='ocr_carea' id='block_1_101' title="bbox 2105 4149 3770 4208">
    <p class='ocr_par' dir='ltr' id='par_1_101' title="bbox 2105 4149 3770 4208">
     <span class='ocr_line' id='line_1_101' title="bbox 2105 4149 3770 4208; baseline 0.001 -2"><span class='ocrx_word' id='word_1_703' title='bbox 2105 4151 2242 4208; x_wconf 88' lang='lat' dir='ltr'><strong>data</strong></span> <span class='ocrx_word' id='word_1_704' title='bbox 2263 4150 2455 4206; x_wconf 90' lang='lat' dir='ltr'><strong>obiter</strong></span> <span class='ocrx_word' id='word_1_705' title='bbox 2475 4149 2690 4206; x_wconf 89' lang='lat' dir='ltr'><strong>alicubi</strong></span> <span class='ocrx_word' id='word_1_706' title='bbox 2719 4166 3194 4206; x_wconf 88' lang='lat' dir='ltr'><strong>commemorans</strong></span> <span class='ocrx_word' id='word_1_707' title='bbox 3223 4168 3345 4207; x_wconf 91' lang='lat' dir='ltr'><strong>non</strong></span> <span class='ocrx_word' id='word_1_708' title='bbox 3376 4150 3525 4206; x_wconf 89' lang='lat' dir='ltr'><strong>alios</strong></span> <span class='ocrx_word' id='word_1_709' title='bbox 3557 4168 3770 4207; x_wconf 87' lang='lat' dir='ltr'><strong>recen-</strong></span> 
     </span>
    </p>
   </div>
   <div class='ocr_carea' id='block_1_102' title="bbox 2105 4239 3759 4312">
    <p class='ocr_par' dir='ltr' id='par_1_102' title="bbox 2105 4239 3759 4312">
     <span class='ocr_line' id='line_1_102' title="bbox 2105 4239 3759 4312; baseline 0.001 -17"><span class='ocrx_word' id='word_1_710' title='bbox 2105 4246 2437 4311; x_wconf 87' lang='lat' dir='ltr'><strong>seat,quam</strong></span> <span class='ocrx_word' id='word_1_711' title='bbox 2467 4239 2766 4311; x_wconf 90' lang='lat' dir='ltr'><strong>apostolos</strong></span> <span class='ocrx_word' id='word_1_712' title='bbox 2789 4244 2847 4295; x_wconf 93' lang='lat' dir='ltr'><strong>et</strong></span> <span class='ocrx_word' id='word_1_713' title='bbox 2876 4241 3185 4312; x_wconf 89' lang='lat' dir='ltr'><strong>episcopos</strong></span> <span class='ocrx_word' id='word_1_714' title='bbox 3244 4246 3302 4296; x_wconf 91' lang='lat' dir='ltr'><strong>et</strong></span> <span class='ocrx_word' id='word_1_715' title='bbox 3359 4241 3637 4298; x_wconf 89' lang='lat' dir='ltr'><strong>doctores</strong></span> <span class='ocrx_word' id='word_1_716' title='bbox 3698 4246 3759 4297; x_wconf 90' lang='lat' dir='ltr'><strong>et</strong></span> 
     </span>
    </p>
   </div>
   <div class='ocr_carea' id='block_1_103' title="bbox 2104 4329 3761 4402">
    <p class='ocr_par' dir='ltr' id='par_1_103' title="bbox 2104 4329 3761 4402">
     <span class='ocr_line' id='line_1_103' title="bbox 2104 4329 3761 4402; baseline 0.002 -18"><span class='ocrx_word' id='word_1_717' title='bbox 2104 4329 2496 4397; x_wconf 90' lang='lat' dir='ltr'><strong>ministros,id</strong></span> <span class='ocrx_word' id='word_1_718' title='bbox 2528 4334 2618 4385; x_wconf 90' lang='lat' dir='ltr'><strong>est</strong></span> <span class='ocrx_word' id='word_1_719' title='bbox 2647 4329 2948 4385; x_wconf 87' lang='lat' dir='ltr'><strong>diaconos.</strong></span> <span class='ocrx_word' id='word_1_720' title='bbox 2972 4349 2998 4382; x_wconf 70' lang='grc' dir='ltr'>ι</span> <span class='ocrx_word' id='word_1_721' title='bbox 3037 4332 3126 4386; x_wconf 83' lang='lat' dir='ltr'><strong>An</strong></span> <span class='ocrx_word' id='word_1_722' title='bbox 3159 4331 3298 4402; x_wconf 89' lang='lat' dir='ltr'><strong>quia</strong></span> <span class='ocrx_word' id='word_1_723' title='bbox 3337 4331 3475 4385; x_wconf 92' lang='lat' dir='ltr'><strong>Pius</strong></span> <span class='ocrx_word' id='word_1_724' title='bbox 3523 4331 3761 4401; x_wconf 86' lang='lat' dir='ltr'><strong>episco-</strong></span> 
     </span>
    </p>
   </div>
   <div class='ocr_carea' id='block_1_104' title="bbox 2100 4417 3766 4492">
    <p class='ocr_par' dir='ltr' id='par_1_104' title="bbox 2100 4417 3766 4492">
     <span class='ocr_line' id='line_1_104' title="bbox 2100 4417 3766 4492; baseline 0.001 -17"><span class='ocrx_word' id='word_1_725' title='bbox 2100 4436 2207 4490; x_wconf 92' lang='lat' dir='ltr'><strong>pos</strong></span> <span class='ocrx_word' id='word_1_726' title='bbox 2237 4418 2308 4474; x_wconf 90' lang='lat' dir='ltr'><strong>ab</strong></span> <span class='ocrx_word' id='word_1_727' title='bbox 2331 4417 2628 4490; x_wconf 90' lang='lat' dir='ltr'><strong>apostolos</strong></span> <span class='ocrx_word' id='word_1_728' title='bbox 2642 4417 2920 4474; x_wconf 88' lang='lat' dir='ltr'><strong>educatos</strong></span> <span class='ocrx_word' id='word_1_729' title='bbox 2947 4419 3328 4492; x_wconf 88' lang='lat' dir='ltr'><strong>presbyteros</strong></span> <span class='ocrx_word' id='word_1_730' title='bbox 3345 4419 3766 4486; x_wconf 89' lang='lat' dir='ltr'><strong>vocabat,ideo</strong></span> 
     </span>
    </p>
   </div>
   <div class='ocr_carea' id='block_1_105' title="bbox 2105 4507 3768 4581">
    <p class='ocr_par' dir='ltr' id='par_1_105' title="bbox 2105 4507 3768 4581">
     <span class='ocr_line' id='line_1_105' title="bbox 2105 4507 3768 4581; baseline 0.002 -19"><span class='ocrx_word' id='word_1_731' title='bbox 2105 4510 2353 4564; x_wconf 87' lang='lat' dir='ltr'><strong>Hermas</strong></span> <span class='ocrx_word' id='word_1_732' title='bbox 2383 4507 2715 4579; x_wconf 87' lang='lat' dir='ltr'><strong>presbyteri</strong></span> <span class='ocrx_word' id='word_1_733' title='bbox 2756 4525 2970 4564; x_wconf 91' lang='lat' dir='ltr'><strong>nomen</strong></span> <span class='ocrx_word' id='word_1_734' title='bbox 3001 4509 3219 4578; x_wconf 90' lang='lat' dir='ltr'><strong>omisit,</strong></span> <span class='ocrx_word' id='word_1_735' title='bbox 3252 4508 3633 4581; x_wconf 89' lang='lat' dir='ltr'><strong>presbyteros</strong></span> <span class='ocrx_word' id='word_1_736' title='bbox 3662 4527 3768 4566; x_wconf 90' lang='lat' dir='ltr'><strong>au-</strong></span> 
     </span>
    </p>
   </div>
   <div class='ocr_carea' id='block_1_106' title="bbox 2109 4596 3764 4669">
    <p class='ocr_par' dir='ltr' id='par_1_106' title="bbox 2109 4596 3764 4669">
     <span class='ocr_line' id='line_1_106' title="bbox 2109 4596 3764 4669; baseline 0.001 -17"><span class='ocrx_word' id='word_1_737' title='bbox 2109 4602 2228 4653; x_wconf 90' lang='lat' dir='ltr'><strong>tem</strong></span> <span class='ocrx_word' id='word_1_738' title='bbox 2257 4598 2418 4668; x_wconf 90' lang='lat' dir='ltr'><strong>ipsos</strong></span> <span class='ocrx_word' id='word_1_739' title='bbox 2449 4596 2556 4652; x_wconf 92' lang='lat' dir='ltr'><strong>sub</strong></span> <span class='ocrx_word' id='word_1_740' title='bbox 2589 4596 2878 4669; x_wconf 88' lang='lat' dir='ltr'><strong>episcopis</strong></span> <span class='ocrx_word' id='word_1_741' title='bbox 2910 4597 3248 4669; x_wconf 83' lang='lat' dir='ltr'><strong>complexus</strong></span> <span class='ocrx_word' id='word_1_742' title='bbox 3281 4597 3411 4654; x_wconf 82' lang='lat' dir='ltr'><strong>est?</strong></span> <span class='ocrx_word' id='word_1_743' title='bbox 3470 4599 3764 4664; x_wconf 82' lang='lat' dir='ltr'><strong>Quaenam</strong></span> 
     </span>
    </p>
   </div>
   <div class='ocr_carea' id='block_1_107' title="bbox 2097 4687 3765 4759">
    <p class='ocr_par' dir='ltr' id='par_1_107' title="bbox 2097 4687 3765 4759">
     <span class='ocr_line' id='line_1_107' title="bbox 2097 4687 3765 4759; baseline 0.002 -17"><span class='ocrx_word' id='word_1_744' title='bbox 2097 4687 2224 4743; x_wconf 67' lang='lat' dir='ltr'><strong>huic</strong></span> <span class='ocrx_word' id='word_1_745' title='bbox 2263 4687 2412 4742; x_wconf 89' lang='lat' dir='ltr'><strong>ratio</strong></span> <span class='ocrx_word' id='word_1_746' title='bbox 2446 4689 2580 4741; x_wconf 86' lang='lat' dir='ltr'><strong>est?</strong></span> <span class='ocrx_word' id='word_1_747' title='bbox 2613 4687 2723 4742; x_wconf 91' lang='lat' dir='ltr'><strong>Sed</strong></span> <span class='ocrx_word' id='word_1_748' title='bbox 2763 4703 2958 4759; x_wconf 92' lang='lat' dir='ltr'><strong>neque</strong></span> <span class='ocrx_word' id='word_1_749' title='bbox 2991 4704 3196 4744; x_wconf 86' lang='lat' dir='ltr'><strong>verum</strong></span> <span class='ocrx_word' id='word_1_750' title='bbox 3228 4688 3528 4758; x_wconf 89' lang='lat' dir='ltr'><strong>est,multo</strong></span> <span class='ocrx_word' id='word_1_751' title='bbox 3553 4689 3765 4745; x_wconf 89' lang='lat' dir='ltr'><strong>minus</strong></span> 
     </span>
    </p>
   </div>
   <div class='ocr_carea' id='block_1_108' title="bbox 2097 4777 3757 4850">
    <p class='ocr_par' dir='ltr' id='par_1_108' title="bbox 2097 4777 3757 4850">
     <span class='ocr_line' id='line_1_108' title="bbox 2097 4777 3757 4850; baseline 0.001 -18"><span class='ocrx_word' id='word_1_752' title='bbox 2097 4782 2346 4844; x_wconf 88' lang='lat' dir='ltr'><strong>certum,</strong></span> <span class='ocrx_word' id='word_1_753' title='bbox 2371 4777 2646 4831; x_wconf 84' lang='lat' dir='ltr'><strong>Hermam</strong></span> <span class='ocrx_word' id='word_1_754' title='bbox 2670 4777 3048 4848; x_wconf 90' lang='lat' dir='ltr'><strong>presbyteros</strong></span> <span class='ocrx_word' id='word_1_755' title='bbox 3077 4779 3184 4833; x_wconf 92' lang='lat' dir='ltr'><strong>sub</strong></span> <span class='ocrx_word' id='word_1_756' title='bbox 3235 4778 3526 4850; x_wconf 90' lang='lat' dir='ltr'><strong>episcopis</strong></span> <span class='ocrx_word' id='word_1_757' title='bbox 3577 4796 3757 4834; x_wconf 91' lang='lat' dir='ltr'><strong>com-</strong></span> 
     </span>
    </p>
   </div>
   <div class='ocr_carea' id='block_1_109' title="bbox 2095 4865 3757 4941">
    <p class='ocr_par' dir='ltr' id='par_1_109' title="bbox 2095 4865 3757 4941">
     <span class='ocr_line' id='line_1_109' title="bbox 2095 4865 3757 4941; baseline 0.002 -20"><span class='ocrx_word' id='word_1_758' title='bbox 2095 4865 2336 4937; x_wconf 89' lang='lat' dir='ltr'><strong>plexum</strong></span> <span class='ocrx_word' id='word_1_759' title='bbox 2367 4882 2495 4920; x_wconf 90' lang='lat' dir='ltr'><strong>esse</strong></span> <span class='ocrx_word' id='word_1_760' title='bbox 2521 4882 2534 4933; x_wconf 90' lang='lat'><strong>;</strong></span> <span class='ocrx_word' id='word_1_761' title='bbox 2569 4882 2718 4937; x_wconf 90' lang='lat' dir='ltr'><strong>quos</strong></span> <span class='ocrx_word' id='word_1_762' title='bbox 2743 4865 2850 4922; x_wconf 91' lang='lat' dir='ltr'><strong>sub</strong></span> <span class='ocrx_word' id='word_1_763' title='bbox 2883 4865 3223 4924; x_wconf 91' lang='lat' dir='ltr'><strong>doctoribus</strong></span> <span class='ocrx_word' id='word_1_764' title='bbox 3253 4866 3450 4939; x_wconf 91' lang='lat' dir='ltr'><strong>potius</strong></span> <span class='ocrx_word' id='word_1_765' title='bbox 3480 4868 3757 4941; x_wconf 83' lang='lat' dir='ltr'><strong>comple-</strong></span> 
     </span>
    </p>
   </div>
   <div class='ocr_carea' id='block_1_110' title="bbox 2095 4954 3761 5028">
    <p class='ocr_par' dir='ltr' id='par_1_110' title="bbox 2095 4954 3761 5028">
     <span class='ocr_line' id='line_1_110' title="bbox 2095 4954 3761 5028; baseline 0.002 -16"><span class='ocrx_word' id='word_1_766' title='bbox 2095 4973 2206 5012; x_wconf 88' lang='lat' dir='ltr'><strong>xus</strong></span> <span class='ocrx_word' id='word_1_767' title='bbox 2237 4960 2346 5011; x_wconf 91' lang='lat' dir='ltr'><strong>est.</strong></span> <span class='ocrx_word' id='word_1_768' title='bbox 2377 4956 2449 5010; x_wconf 90' lang='lat' dir='ltr'><strong>Ut</strong></span> <span class='ocrx_word' id='word_1_769' title='bbox 2478 4954 2540 5010; x_wconf 90' lang='lat' dir='ltr'><strong>in</strong></span> <span class='ocrx_word' id='word_1_770' title='bbox 2571 4955 2846 5026; x_wconf 88' lang='lat' dir='ltr'><strong>passione</strong></span> <span class='ocrx_word' id='word_1_771' title='bbox 2880 4956 2939 5012; x_wconf 92' lang='lat' dir='ltr'><strong>S.</strong></span> <span class='ocrx_word' id='word_1_772' title='bbox 2973 4957 3276 5028; x_wconf 83' lang='lat' dir='ltr'><strong>Perpetuae</strong></span> <span class='ocrx_word' id='word_1_773' title='bbox 3302 4956 3584 5028; x_wconf 88' lang='lat' dir='ltr'><strong>legimus:</strong></span> <span class='ocrx_word' id='word_1_774' title='bbox 3622 4979 3652 5008; x_wconf 76' lang='grc' dir='ltr'><strong>(ι</strong></span> <span class='ocrx_word' id='word_1_775' title='bbox 3684 4959 3761 5014; x_wconf 86' lang='lat' dir='ltr'><strong>Et</strong></span> 
     </span>
    </p>
   </div>
   <div class='ocr_carea' id='block_1_111' title="bbox 2097 5043 3759 5119">
    <p class='ocr_par' dir='ltr' id='par_1_111' title="bbox 2097 5043 3759 5119">
     <span class='ocr_line' id='line_1_111' title="bbox 2097 5043 3759 5119; baseline 0.002 -19"><span class='ocrx_word' id='word_1_776' title='bbox 2097 5045 2381 5101; x_wconf 82' lang='lat' dir='ltr'><strong>exivimus</strong></span> <span class='ocrx_word' id='word_1_777' title='bbox 2413 5049 2473 5099; x_wconf 92' lang='lat' dir='ltr'><strong>et</strong></span> <span class='ocrx_word' id='word_1_778' title='bbox 2494 5043 2750 5101; x_wconf 87' lang='lat' dir='ltr'><strong>vidimus</strong></span> <span class='ocrx_word' id='word_1_779' title='bbox 2772 5050 2908 5100; x_wconf 90' lang='lat' dir='ltr'><strong>ante</strong></span> <span class='ocrx_word' id='word_1_780' title='bbox 2929 5043 3086 5100; x_wconf 84' lang='lat' dir='ltr'><strong>fores</strong></span> <span class='ocrx_word' id='word_1_781' title='bbox 3109 5047 3386 5116; x_wconf 88' lang='lat' dir='ltr'><strong>Optatum</strong></span> <span class='ocrx_word' id='word_1_782' title='bbox 3404 5045 3759 5119; x_wconf 87' lang='lat' dir='ltr'><strong>episcopum</strong></span> 
     </span>
    </p>
   </div>
   <div class='ocr_carea' id='block_1_112' title="bbox 2096 5133 3758 5207">
    <p class='ocr_par' dir='ltr' id='par_1_112' title="bbox 2096 5133 3758 5207">
     <span class='ocr_line' id='line_1_112' title="bbox 2096 5133 3758 5207; baseline 0.002 -16"><span class='ocrx_word' id='word_1_783' title='bbox 2096 5135 2169 5191; x_wconf 92' lang='lat' dir='ltr'><strong>ad</strong></span> <span class='ocrx_word' id='word_1_784' title='bbox 2197 5135 2486 5200; x_wconf 85' lang='lat' dir='ltr'><strong>dextram,</strong></span> <span class='ocrx_word' id='word_1_785' title='bbox 2529 5138 2588 5189; x_wconf 92' lang='lat' dir='ltr'><strong>et</strong></span> <span class='ocrx_word' id='word_1_786' title='bbox 2615 5133 2930 5206; x_wconf 88' lang='lat' dir='ltr'><strong>Aspasium</strong></span> <span class='ocrx_word' id='word_1_787' title='bbox 2981 5134 3391 5207; x_wconf 91' lang='lat' dir='ltr'><strong>presbyterum</strong></span> <span class='ocrx_word' id='word_1_788' title='bbox 3441 5134 3758 5195; x_wconf 86' lang='lat' dir='ltr'><strong>doctorem</strong></span> 
     </span>
    </p>
   </div>
   <div class='ocr_carea' id='block_1_113' title="bbox 2095 5223 3756 5298">
    <p class='ocr_par' dir='ltr' id='par_1_113' title="bbox 2095 5223 3756 5298">
     <span class='ocr_line' id='line_1_113' title="bbox 2095 5223 3756 5298; baseline 0.001 -17"><span class='ocrx_word' id='word_1_789' title='bbox 2095 5225 2169 5281; x_wconf 87' lang='lat' dir='ltr'><strong>ad</strong></span> <span class='ocrx_word' id='word_1_790' title='bbox 2200 5223 2524 5281; x_wconf 89' lang='lat' dir='ltr'><strong>sinistram.</strong></span> <span class='ocrx_word' id='word_1_791' title='bbox 2561 5244 2590 5272; x_wconf 85' lang='lat'><strong><em>»</em></strong></span> <span class='ocrx_word' id='word_1_792' title='bbox 2623 5223 2694 5279; x_wconf 91' lang='lat' dir='ltr'><strong>Ut</strong></span> <span class='ocrx_word' id='word_1_793' title='bbox 2735 5223 3166 5281; x_wconf 88' lang='lat' dir='ltr'><strong>Tertullianus:</strong></span> <span class='ocrx_word' id='word_1_794' title='bbox 3217 5247 3244 5275; x_wconf 84' lang='lat'><strong>«</strong></span> <span class='ocrx_word' id='word_1_795' title='bbox 3295 5223 3445 5290; x_wconf 91' lang='lat' dir='ltr'><strong>Quid</strong></span> <span class='ocrx_word' id='word_1_796' title='bbox 3500 5241 3641 5298; x_wconf 85' lang='lat' dir='ltr'><strong>ergo</strong></span> <span class='ocrx_word' id='word_1_797' title='bbox 3702 5227 3756 5283; x_wconf 88' lang='lat' dir='ltr'><strong>si</strong></span> 
     </span>
    </p>
   </div>
   <div class='ocr_carea' id='block_1_114' title="bbox 2093 5311 3762 5392">
    <p class='ocr_par' dir='ltr' id='par_1_114' title="bbox 2093 5311 3762 5392">
     <span class='ocr_line' id='line_1_114' title="bbox 2093 5311 3762 5392; baseline 0.002 -23"><span class='ocrx_word' id='word_1_798' title='bbox 2093 5313 2426 5387; x_wconf 92' lang='lat' dir='ltr'><strong>episcopus,</strong></span> <span class='ocrx_word' id='word_1_799' title='bbox 2460 5311 2509 5366; x_wconf 90' lang='lat' dir='ltr'><strong>si</strong></span> <span class='ocrx_word' id='word_1_800' title='bbox 2533 5311 2838 5380; x_wconf 89' lang='lat' dir='ltr'><strong>diaconus,</strong></span> <span class='ocrx_word' id='word_1_801' title='bbox 2863 5313 2911 5368; x_wconf 91' lang='lat' dir='ltr'><strong>si</strong></span> <span class='ocrx_word' id='word_1_802' title='bbox 2942 5313 3191 5380; x_wconf 88' lang='lat' dir='ltr'><strong>vidua,si</strong></span> <span class='ocrx_word' id='word_1_803' title='bbox 3213 5314 3396 5387; x_wconf 87' lang='lat' dir='ltr'><strong>virgo,</strong></span> <span class='ocrx_word' id='word_1_804' title='bbox 3432 5315 3482 5369; x_wconf 90' lang='lat' dir='ltr'><strong>si</strong></span> <span class='ocrx_word' id='word_1_805' title='bbox 3515 5313 3762 5392; x_wconf 76' lang='lat' dir='ltr'><strong>doctor,</strong></span> 
     </span>
    </p>
   </div>
   <div class='ocr_carea' id='block_1_115' title="bbox 2089 5401 3754 5476">
    <p class='ocr_par' dir='ltr' id='par_1_115' title="bbox 2089 5401 3754 5476">
     <span class='ocr_line' id='line_1_115' title="bbox 2089 5401 3754 5476; baseline 0 -16"><span class='ocrx_word' id='word_1_806' title='bbox 2089 5405 2136 5461; x_wconf 89' lang='lat' dir='ltr'><strong>si</strong></span> <span class='ocrx_word' id='word_1_807' title='bbox 2171 5403 2350 5460; x_wconf 89' lang='lat' dir='ltr'><strong>etiam</strong></span> <span class='ocrx_word' id='word_1_808' title='bbox 2382 5406 2607 5474; x_wconf 90' lang='lat' dir='ltr'><strong>martyr</strong></span> <span class='ocrx_word' id='word_1_809' title='bbox 2636 5401 2838 5474; x_wconf 85' lang='lat' dir='ltr'><strong>lapsus</strong></span> <span class='ocrx_word' id='word_1_810' title='bbox 2870 5420 2905 5459; x_wconf 90' lang='lat' dir='ltr'><strong>a</strong></span> <span class='ocrx_word' id='word_1_811' title='bbox 2934 5403 3135 5476; x_wconf 85' lang='lat' dir='ltr'><strong>regula</strong></span> <span class='ocrx_word' id='word_1_812' title='bbox 3172 5403 3374 5460; x_wconf 85' lang='lat' dir='ltr'><strong>fuerit.</strong></span> <span class='ocrx_word' id='word_1_813' title='bbox 3409 5425 3437 5452; x_wconf 85' lang='grc'><strong>››</strong></span> <span class='ocrx_word' id='word_1_814' title='bbox 3472 5403 3582 5461; x_wconf 85' lang='lat' dir='ltr'><strong>Ubi</strong></span> <span class='ocrx_word' id='word_1_815' title='bbox 3645 5405 3754 5460; x_wconf 80' lang='lat' dir='ltr'><strong>do-</strong></span> 
     </span>
    </p>
   </div>
   <div class='ocr_carea' id='block_1_116' title="bbox 2085 5490 3754 5565">
    <p class='ocr_par' dir='ltr' id='par_1_116' title="bbox 2085 5490 3754 5565">
     <span class='ocr_line' id='line_1_116' title="bbox 2085 5490 3754 5565; baseline 0 -16"><span class='ocrx_word' id='word_1_816' title='bbox 2085 5499 2309 5550; x_wconf 89' lang='lat' dir='ltr'><strong>ctorem</strong></span> <span class='ocrx_word' id='word_1_817' title='bbox 2340 5491 2468 5546; x_wconf 90' lang='lat' dir='ltr'><strong>sine</strong></span> <span class='ocrx_word' id='word_1_818' title='bbox 2500 5490 2681 5546; x_wconf 91' lang='lat' dir='ltr'><strong>dubio</strong></span> <span class='ocrx_word' id='word_1_819' title='bbox 2728 5509 2833 5564; x_wconf 90' lang='lat' dir='ltr'><strong>pro</strong></span> <span class='ocrx_word' id='word_1_820' title='bbox 2888 5491 3236 5565; x_wconf 86' lang='lat' dir='ltr'><strong>presbytero</strong></span> <span class='ocrx_word' id='word_1_821' title='bbox 3281 5493 3498 5564; x_wconf 90' lang='lat' dir='ltr'><strong>posuit.</strong></span> <span class='ocrx_word' id='word_1_822' title='bbox 3535 5494 3592 5549; x_wconf 92' lang='lat' dir='ltr'><strong>S.</strong></span> <span class='ocrx_word' id='word_1_823' title='bbox 3631 5494 3754 5565; x_wconf 83' lang='lat' dir='ltr'><strong>Cy-</strong></span> 
     </span>
    </p>
   </div>
   <div class='ocr_carea' id='block_1_117' title="bbox 2089 5581 3761 5657">
    <p class='ocr_par' dir='ltr' id='par_1_117' title="bbox 2089 5581 3761 5657">
     <span class='ocr_line' id='line_1_117' title="bbox 2089 5581 3761 5657; baseline 0 -17"><span class='ocrx_word' id='word_1_824' title='bbox 2089 5583 2358 5657; x_wconf 88' lang='lat' dir='ltr'><strong>prianus,</strong></span> <span class='ocrx_word' id='word_1_825' title='bbox 2391 5581 2637 5653; x_wconf 90' lang='lat' dir='ltr'><strong>epistola</strong></span> <span class='ocrx_word' id='word_1_826' title='bbox 2669 5584 2735 5636; x_wconf 80' lang='grc'><strong>24</strong></span> <span class='ocrx_word' id='word_1_827' title='bbox 2769 5599 2783 5637; x_wconf 89' lang='lat'>:</span> <span class='ocrx_word' id='word_1_828' title='bbox 2821 5605 2848 5633; x_wconf 84' lang='lat'>»</span> <span class='ocrx_word' id='word_1_829' title='bbox 2904 5583 3147 5649; x_wconf 86' lang='lat' dir='ltr'><strong>Quando</strong></span> <span class='ocrx_word' id='word_1_830' title='bbox 3198 5598 3333 5638; x_wconf 91' lang='lat' dir='ltr'><strong>cum</strong></span> <span class='ocrx_word' id='word_1_831' title='bbox 3381 5582 3761 5656; x_wconf 88' lang='lat' dir='ltr'><strong>presbyteris</strong></span> 
     </span>
    </p>
   </div>
   <div class='ocr_carea' id='block_1_118' title="bbox 2089 5669 3760 5744">
    <p class='ocr_par' dir='ltr' id='par_1_118' title="bbox 2089 5669 3760 5744">
     <span class='ocr_line' id='line_1_118' title="bbox 2089 5669 3760 5744; baseline -0.001 -12"><span class='ocrx_word' id='word_1_832' title='bbox 2089 5671 2433 5732; x_wconf 88' lang='lat' dir='ltr'><strong>doctoribus</strong></span> <span class='ocrx_word' id='word_1_833' title='bbox 2462 5669 2720 5730; x_wconf 79' lang='lat' dir='ltr'><strong>lectores</strong></span> <span class='ocrx_word' id='word_1_834' title='bbox 2750 5671 3067 5744; x_wconf 77' lang='lat' dir='ltr'><strong>diligenter</strong></span> <span class='ocrx_word' id='word_1_835' title='bbox 3094 5670 3544 5744; x_wconf 61' lang='lat' dir='ltr'><strong>probaaemus.»</strong></span> <span class='ocrx_word' id='word_1_836' title='bbox 3586 5673 3760 5730; x_wconf 81' lang='lat' dir='ltr'><strong>Blon-</strong></span> 
     </span>
    </p>
   </div>
  </div>
