  <div class='ocr_page' id='page_1' title='image "/cluster/home/n/w/nwhite01/storage/ocr_20150623/5/pst.000005711819/220.png"; bbox 0 0 3942 6302; ppageno 0'>
   <div class='ocr_carea' id='block_1_1' title="bbox 156 403 281 464">
    <p class='ocr_par' dir='ltr' id='par_1_1' title="bbox 156 403 281 464">
     <span class='ocr_line' id='line_1_1' title="bbox 156 403 281 464; baseline -0.016 -1"><span class='ocrx_word' id='word_1_1' title='bbox 156 403 281 464; x_wconf 67' lang='lat'>425</span> 
     </span>
    </p>
   </div>
   <div class='ocr_carea' id='block_1_2' title="bbox 890 399 1834 470">
    <p class='ocr_par' dir='ltr' id='par_1_2' title="bbox 890 399 1834 463">
     <span class='ocr_line' id='line_1_2' title="bbox 890 399 1834 463; baseline 0.001 -3"><span class='ocrx_word' id='word_1_2' title='bbox 890 399 948 460; x_wconf 88' lang='lat' dir='ltr'>J.</span> <span class='ocrx_word' id='word_1_3' title='bbox 998 399 1423 462; x_wconf 82' lang='lat' dir='ltr'>PEARSONII</span> <span class='ocrx_word' id='word_1_4' title='bbox 1466 401 1598 463; x_wconf 82' lang='lat' dir='ltr'>VIN</span> <span class='ocrx_word' id='word_1_5' title='bbox 1607 400 1834 463; x_wconf 68' lang='lat' dir='ltr'>DICUE</span> 
     </span>
    </p>
   </div>
   <div class='ocr_carea' id='block_1_3' title="bbox 1943 399 2852 470">
    <p class='ocr_par' dir='ltr' id='par_1_3' title="bbox 1943 403 2852 470">
     <span class='ocr_line' id='line_1_3' title="bbox 1943 403 2852 470; baseline 0.006 -8"><span class='ocrx_word' id='word_1_6' title='bbox 1943 403 2358 467; x_wconf 65' lang='lat' dir='ltr'>&#39;rNA&#39;I‘IANjE.</span> <span class='ocrx_word' id='word_1_7' title='bbox 2407 441 2470 452; x_wconf 92' lang='lat'>—</span> <span class='ocrx_word' id='word_1_8' title='bbox 2527 407 2728 470; x_wconf 77' lang='lat' dir='ltr'>PARS</span> <span class='ocrx_word' id='word_1_9' title='bbox 2775 406 2852 469; x_wconf 86' lang='grc' dir='ltr'>ΙΙ.</span> 
     </span>
    </p>
   </div>
   <div class='ocr_carea' id='block_1_4' title="bbox 3464 411 3583 473">
    <p class='ocr_par' dir='ltr' id='par_1_4' title="bbox 3464 411 3583 473">
     <span class='ocr_line' id='line_1_4' title="bbox 3464 411 3583 473; baseline 0 -1"><span class='ocrx_word' id='word_1_10' title='bbox 3464 411 3583 473; x_wconf 75' lang='grc'>426</span> 
     </span>
    </p>
   </div>
   <div class='ocr_carea' id='block_1_5' title="bbox 164 534 3582 618">
    <p class='ocr_par' dir='ltr' id='par_1_5' title="bbox 164 534 3582 618">
     <span class='ocr_line' id='line_1_5' title="bbox 164 534 3582 618; baseline 0.003 -25"><span class='ocrx_word' id='word_1_11' title='bbox 164 535 352 594; x_wconf 90' lang='lat' dir='ltr'>dellus</span> <span class='ocrx_word' id='word_1_12' title='bbox 381 534 630 607; x_wconf 84' lang='lat' dir='ltr'>quidem</span> <span class='ocrx_word' id='word_1_13' title='bbox 687 535 943 592; x_wconf 83' lang='lat' dir='ltr'>afﬁrmat</span> <span class='ocrx_word' id='word_1_14' title='bbox 995 542 1264 593; x_wconf 82' lang='lat' dir='ltr'>constare</span> <span class='ocrx_word' id='word_1_15' title='bbox 1322 537 1477 609; x_wconf 89' lang='lat' dir='ltr'>apud</span> <span class='ocrx_word' id='word_1_16' title='bbox 1523 536 1822 605; x_wconf 86' lang='lat' dir='ltr'>Hermam,</span> <span class='ocrx_word' id='word_1_17' title='bbox 1854 545 1912 610; x_wconf 83' lang='grc' dir='ltr'>Α</span> <span class='ocrx_word' id='word_1_18' title='bbox 1940 543 2167 596; x_wconf 80' lang='lat' dir='ltr'>veteres</span> <span class='ocrx_word' id='word_1_19' title='bbox 2185 541 2522 613; x_wconf 90' lang='lat' dir='ltr'>scriptores,</span> <span class='ocrx_word' id='word_1_20' title='bbox 2542 544 2614 599; x_wconf 91' lang='lat' dir='ltr'>ab</span> <span class='ocrx_word' id='word_1_21' title='bbox 2631 545 3034 616; x_wconf 86' lang='lat' dir='ltr'>apostolorum</span> <span class='ocrx_word' id='word_1_22' title='bbox 3054 549 3322 618; x_wconf 90' lang='lat' dir='ltr'>tempore</span> <span class='ocrx_word' id='word_1_23' title='bbox 3335 547 3442 603; x_wconf 92' lang='lat' dir='ltr'>hos</span> <span class='ocrx_word' id='word_1_24' title='bbox 3464 552 3582 604; x_wconf 89' lang='lat' dir='ltr'>tres</span> 
     </span>
    </p>
   </div>
   <div class='ocr_carea' id='block_1_6' title="bbox 166 626 1827 699">
    <p class='ocr_par' dir='ltr' id='par_1_6' title="bbox 166 626 1827 699">
     <span class='ocr_line' id='line_1_6' title="bbox 166 626 1827 699; baseline -0.001 -17"><span class='ocrx_word' id='word_1_25' title='bbox 166 627 438 682; x_wconf 89' lang='lat' dir='ltr'>doctores</span> <span class='ocrx_word' id='word_1_26' title='bbox 470 626 545 681; x_wconf 90' lang='lat' dir='ltr'>ad</span> <span class='ocrx_word' id='word_1_27' title='bbox 578 627 890 698; x_wconf 88' lang='lat' dir='ltr'>episcopos</span> <span class='ocrx_word' id='word_1_28' title='bbox 920 629 1216 699; x_wconf 72' lang='lat' dir='ltr'>praecipue</span> <span class='ocrx_word' id='word_1_29' title='bbox 1248 627 1478 691; x_wconf 85' lang='lat' dir='ltr'>referri,</span> <span class='ocrx_word' id='word_1_30' title='bbox 1514 644 1648 682; x_wconf 91' lang='lat' dir='ltr'>cum</span> <span class='ocrx_word' id='word_1_31' title='bbox 1695 628 1827 698; x_wconf 88' lang='lat' dir='ltr'>epi-</span> 
     </span>
    </p>
   </div>
   <div class='ocr_carea' id='block_1_7' title="bbox 162 715 1834 788">
    <p class='ocr_par' dir='ltr' id='par_1_7' title="bbox 162 715 1834 788">
     <span class='ocr_line' id='line_1_7' title="bbox 162 715 1834 788; baseline 0 -16"><span class='ocrx_word' id='word_1_32' title='bbox 162 721 471 788; x_wconf 88' lang='lat' dir='ltr'>scopatum</span> <span class='ocrx_word' id='word_1_33' title='bbox 507 715 1086 788; x_wconf 85' lang='lat' dir='ltr'>gessissedicantur;</span> <span class='ocrx_word' id='word_1_34' title='bbox 1111 716 1334 783; x_wconf 89' lang='lat' dir='ltr'>dolose,</span> <span class='ocrx_word' id='word_1_35' title='bbox 1357 722 1421 770; x_wconf 90' lang='lat' dir='ltr'>ut</span> <span class='ocrx_word' id='word_1_36' title='bbox 1443 717 1612 772; x_wconf 83' lang='lat' dir='ltr'>solet.</span> <span class='ocrx_word' id='word_1_37' title='bbox 1645 715 1834 772; x_wconf 77' lang='lat' dir='ltr'>Verba</span> 
     </span>
    </p>
   </div>
   <div class='ocr_carea' id='block_1_8' title="bbox 167 801 1828 878">
    <p class='ocr_par' dir='ltr' id='par_1_8' title="bbox 167 801 1828 878">
     <span class='ocr_line' id='line_1_8' title="bbox 167 801 1828 878; baseline -0.002 -16"><span class='ocrx_word' id='word_1_38' title='bbox 167 810 401 862; x_wconf 75' lang='lat' dir='ltr'>Hermm</span> <span class='ocrx_word' id='word_1_39' title='bbox 425 801 565 860; x_wconf 88' lang='lat' dir='ltr'>sunt</span> <span class='ocrx_word' id='word_1_40' title='bbox 585 806 812 860; x_wconf 79' lang='lat' dir='ltr'>visione</span> <span class='ocrx_word' id='word_1_41' title='bbox 831 808 890 859; x_wconf 90' lang='lat'>3:</span> <span class='ocrx_word' id='word_1_42' title='bbox 918 830 936 853; x_wconf 79' lang='grc' dir='ltr'>ι</span> <span class='ocrx_word' id='word_1_43' title='bbox 958 806 1001 860; x_wconf 90' lang='lat' dir='ltr'>Ii</span> <span class='ocrx_word' id='word_1_44' title='bbox 1027 811 1165 860; x_wconf 92' lang='lat' dir='ltr'>sunt</span> <span class='ocrx_word' id='word_1_45' title='bbox 1193 807 1446 878; x_wconf 79' lang='lat' dir='ltr'>apostoli</span> <span class='ocrx_word' id='word_1_46' title='bbox 1471 812 1528 861; x_wconf 94' lang='lat' dir='ltr'>et</span> <span class='ocrx_word' id='word_1_47' title='bbox 1549 807 1828 878; x_wconf 89' lang='lat' dir='ltr'>episc0pi,</span> 
     </span>
    </p>
   </div>
   <div class='ocr_carea' id='block_1_9' title="bbox 167 895 1835 968">
    <p class='ocr_par' dir='ltr' id='par_1_9' title="bbox 167 895 1835 968">
     <span class='ocr_line' id='line_1_9' title="bbox 167 895 1835 968; baseline -0.001 -17"><span class='ocrx_word' id='word_1_48' title='bbox 167 902 225 952; x_wconf 92' lang='lat' dir='ltr'>et</span> <span class='ocrx_word' id='word_1_49' title='bbox 243 895 1011 966; x_wconf 89' lang='lat' dir='ltr'>doctores,etministri,qui</span> <span class='ocrx_word' id='word_1_50' title='bbox 1031 895 1276 968; x_wconf 80' lang='lat' dir='ltr'>ingressi</span> <span class='ocrx_word' id='word_1_51' title='bbox 1297 896 1510 950; x_wconf 89' lang='lat' dir='ltr'>suntin</span> <span class='ocrx_word' id='word_1_52' title='bbox 1524 895 1662 950; x_wconf 89' lang='lat' dir='ltr'>clem</span> <span class='ocrx_word' id='word_1_53' title='bbox 1674 896 1835 950; x_wconf 85' lang='lat' dir='ltr'>entia</span> 
     </span>
    </p>
   </div>
   <div class='ocr_carea' id='block_1_10' title="bbox 166 985 1835 1056">
    <p class='ocr_par' dir='ltr' id='par_1_10' title="bbox 166 985 1835 1056">
     <span class='ocr_line' id='line_1_10' title="bbox 166 985 1835 1056; baseline -0.002 -15"><span class='ocrx_word' id='word_1_54' title='bbox 166 987 272 1041; x_wconf 94' lang='lat' dir='ltr'>Dei</span> <span class='ocrx_word' id='word_1_55' title='bbox 323 990 383 1040; x_wconf 92' lang='lat' dir='ltr'>et</span> <span class='ocrx_word' id='word_1_56' title='bbox 427 985 838 1056; x_wconf 85' lang='lat' dir='ltr'>episcopatum</span> <span class='ocrx_word' id='word_1_57' title='bbox 892 991 1223 1056; x_wconf 78' lang='lat' dir='ltr'>gesserunt,</span> <span class='ocrx_word' id='word_1_58' title='bbox 1267 991 1324 1040; x_wconf 87' lang='lat' dir='ltr'>et</span> <span class='ocrx_word' id='word_1_59' title='bbox 1375 986 1721 1050; x_wconf 91' lang='lat' dir='ltr'>docuerunt,</span> <span class='ocrx_word' id='word_1_60' title='bbox 1777 989 1835 1039; x_wconf 92' lang='lat' dir='ltr'>et</span> 
     </span>
    </p>
   </div>
   <div class='ocr_carea' id='block_1_11' title="bbox 165 1073 1834 1132">
    <p class='ocr_par' dir='ltr' id='par_1_11' title="bbox 165 1073 1834 1132">
     <span class='ocr_line' id='line_1_11' title="bbox 165 1073 1834 1132; baseline -0.003 -1"><span class='ocrx_word' id='word_1_61' title='bbox 165 1076 666 1132; x_wconf 88' lang='lat' dir='ltr'>ministraverunt</span> <span class='ocrx_word' id='word_1_62' title='bbox 697 1080 898 1129; x_wconf 86' lang='lat' dir='ltr'>sancte</span> <span class='ocrx_word' id='word_1_63' title='bbox 931 1080 988 1128; x_wconf 90' lang='lat' dir='ltr'>et</span> <span class='ocrx_word' id='word_1_64' title='bbox 1008 1074 1275 1129; x_wconf 88' lang='lat' dir='ltr'>modeste</span> <span class='ocrx_word' id='word_1_65' title='bbox 1302 1074 1505 1128; x_wconf 91' lang='lat' dir='ltr'>electis</span> <span class='ocrx_word' id='word_1_66' title='bbox 1529 1075 1650 1127; x_wconf 87' lang='lat' dir='ltr'>Dei.</span> <span class='ocrx_word' id='word_1_67' title='bbox 1681 1096 1708 1123; x_wconf 85' lang='lat'>»</span> <span class='ocrx_word' id='word_1_68' title='bbox 1735 1073 1834 1127; x_wconf 84' lang='lat' dir='ltr'>His</span> 
     </span>
    </p>
   </div>
   <div class='ocr_carea' id='block_1_12' title="bbox 165 1163 1830 1239">
    <p class='ocr_par' dir='ltr' id='par_1_12' title="bbox 165 1163 1830 1239">
     <span class='ocr_line' id='line_1_12' title="bbox 165 1163 1830 1239; baseline -0.003 -19"><span class='ocrx_word' id='word_1_69' title='bbox 165 1170 370 1221; x_wconf 90' lang='lat' dir='ltr'>autem</span> <span class='ocrx_word' id='word_1_70' title='bbox 395 1164 640 1219; x_wconf 87' lang='lat' dir='ltr'>minime</span> <span class='ocrx_word' id='word_1_71' title='bbox 655 1163 926 1219; x_wconf 85' lang='lat' dir='ltr'>doctores</span> <span class='ocrx_word' id='word_1_72' title='bbox 942 1163 1114 1218; x_wconf 90' lang='lat' dir='ltr'>docet</span> <span class='ocrx_word' id='word_1_73' title='bbox 1135 1164 1539 1235; x_wconf 75' lang='lat' dir='ltr'>episcopatum</span> <span class='ocrx_word' id='word_1_74' title='bbox 1557 1163 1830 1239; x_wconf 53' lang='lat' dir='ltr'>gessisse.</span> 
     </span>
    </p>
   </div>
   <div class='ocr_carea' id='block_1_13' title="bbox 169 1249 1830 1325">
    <p class='ocr_par' dir='ltr' id='par_1_13' title="bbox 169 1249 1830 1325">
     <span class='ocr_line' id='line_1_13' title="bbox 169 1249 1830 1325; baseline -0.004 -16"><span class='ocrx_word' id='word_1_75' title='bbox 169 1261 348 1325; x_wconf 88' lang='lat' dir='ltr'>atque</span> <span class='ocrx_word' id='word_1_76' title='bbox 368 1269 437 1308; x_wconf 89' lang='lat' dir='ltr'>ea</span> <span class='ocrx_word' id='word_1_77' title='bbox 451 1254 684 1308; x_wconf 84' lang='lat' dir='ltr'>ratione</span> <span class='ocrx_word' id='word_1_78' title='bbox 703 1253 778 1308; x_wconf 90' lang='lat' dir='ltr'>ad</span> <span class='ocrx_word' id='word_1_79' title='bbox 795 1253 1103 1323; x_wconf 87' lang='lat' dir='ltr'>episcopos</span> <span class='ocrx_word' id='word_1_80' title='bbox 1122 1252 1329 1307; x_wconf 85' lang='lat' dir='ltr'>referri</span> <span class='ocrx_word' id='word_1_81' title='bbox 1354 1250 1706 1319; x_wconf 90' lang='lat' dir='ltr'>debere,sed</span> <span class='ocrx_word' id='word_1_82' title='bbox 1723 1249 1830 1304; x_wconf 86' lang='lat' dir='ltr'>tri-</span> 
     </span>
    </p>
   </div>
   <div class='ocr_carea' id='block_1_14' title="bbox 164 1337 1835 1413">
    <p class='ocr_par' dir='ltr' id='par_1_14' title="bbox 164 1337 1835 1413">
     <span class='ocr_line' id='line_1_14' title="bbox 164 1337 1835 1413; baseline -0.002 -16"><span class='ocrx_word' id='word_1_83' title='bbox 164 1343 278 1398; x_wconf 91' lang='lat' dir='ltr'>bus</span> <span class='ocrx_word' id='word_1_84' title='bbox 301 1343 602 1398; x_wconf 89' lang='lat' dir='ltr'>distinctis</span> <span class='ocrx_word' id='word_1_85' title='bbox 615 1341 895 1413; x_wconf 85' lang='lat' dir='ltr'>gradibus</span> <span class='ocrx_word' id='word_1_86' title='bbox 919 1358 1161 1396; x_wconf 88' lang='lat' dir='ltr'>suorum</span> <span class='ocrx_word' id='word_1_87' title='bbox 1189 1341 1518 1396; x_wconf 84' lang='lat' dir='ltr'>officiorum</span> <span class='ocrx_word' id='word_1_88' title='bbox 1537 1345 1700 1395; x_wconf 91' lang='lat' dir='ltr'>actus</span> <span class='ocrx_word' id='word_1_89' title='bbox 1719 1337 1835 1393; x_wconf 91' lang='lat' dir='ltr'>dis-</span> 
     </span>
    </p>
   </div>
   <div class='ocr_carea' id='block_1_15' title="bbox 167 1431 1833 1501">
    <p class='ocr_par' dir='ltr' id='par_1_15' title="bbox 167 1431 1833 1501">
     <span class='ocr_line' id='line_1_15' title="bbox 167 1431 1833 1501; baseline -0.003 -15"><span class='ocrx_word' id='word_1_90' title='bbox 167 1434 351 1488; x_wconf 87' lang='lat' dir='ltr'>tincte</span> <span class='ocrx_word' id='word_1_91' title='bbox 371 1432 746 1486; x_wconf 89' lang='lat' dir='ltr'>tribuuntur:</span> <span class='ocrx_word' id='word_1_92' title='bbox 772 1447 910 1485; x_wconf 90' lang='lat' dir='ltr'>nam</span> <span class='ocrx_word' id='word_1_93' title='bbox 930 1431 1191 1501; x_wconf 90' lang='lat' dir='ltr'>episcopi</span> <span class='ocrx_word' id='word_1_94' title='bbox 1213 1431 1617 1501; x_wconf 84' lang='lat' dir='ltr'>episcopatum</span> <span class='ocrx_word' id='word_1_95' title='bbox 1640 1444 1833 1499; x_wconf 85' lang='lat' dir='ltr'>gesse-</span> 
     </span>
    </p>
   </div>
   <div class='ocr_carea' id='block_1_16' title="bbox 166 1519 1828 1591">
    <p class='ocr_par' dir='ltr' id='par_1_16' title="bbox 166 1519 1828 1591">
     <span class='ocr_line' id='line_1_16' title="bbox 166 1519 1828 1591; baseline -0.004 -14"><span class='ocrx_word' id='word_1_96' title='bbox 166 1528 330 1591; x_wconf 87' lang='lat' dir='ltr'>runt,</span> <span class='ocrx_word' id='word_1_97' title='bbox 361 1521 636 1575; x_wconf 90' lang='lat' dir='ltr'>doctores</span> <span class='ocrx_word' id='word_1_98' title='bbox 661 1520 1010 1588; x_wconf 89' lang='lat' dir='ltr'>docuerunt,</span> <span class='ocrx_word' id='word_1_99' title='bbox 1035 1519 1295 1574; x_wconf 87' lang='lat' dir='ltr'>ministri</span> <span class='ocrx_word' id='word_1_100' title='bbox 1312 1519 1828 1582; x_wconf 89' lang='lat' dir='ltr'>ministraverunt;</span> 
     </span>
    </p>
   </div>
   <div class='ocr_carea' id='block_1_17' title="bbox 169 1606 1832 1680">
    <p class='ocr_par' dir='ltr' id='par_1_17' title="bbox 169 1606 1832 1680">
     <span class='ocr_line' id='line_1_17' title="bbox 169 1606 1832 1680; baseline -0.005 -13"><span class='ocrx_word' id='word_1_101' title='bbox 169 1618 235 1667; x_wconf 92' lang='lat' dir='ltr'>ut</span> <span class='ocrx_word' id='word_1_102' title='bbox 268 1609 667 1665; x_wconf 84' lang='lat' dir='ltr'>similitudine</span> <span class='ocrx_word' id='word_1_103' title='bbox 697 1613 728 1663; x_wconf 87' lang='lat'>9</span> <span class='ocrx_word' id='word_1_104' title='bbox 759 1609 1020 1680; x_wconf 84' lang='lat' dir='ltr'>loquitur</span> <span class='ocrx_word' id='word_1_105' title='bbox 1048 1626 1060 1662; x_wconf 92' lang='lat'>:</span> <span class='ocrx_word' id='word_1_106' title='bbox 1112 1630 1139 1657; x_wconf 83' lang='lat'><strong><em>«</em></strong></span> <span class='ocrx_word' id='word_1_107' title='bbox 1172 1611 1243 1663; x_wconf 89' lang='lat' dir='ltr'>Ut</span> <span class='ocrx_word' id='word_1_108' title='bbox 1286 1609 1526 1680; x_wconf 90' lang='lat' dir='ltr'>quidam</span> <span class='ocrx_word' id='word_1_109' title='bbox 1562 1606 1832 1662; x_wconf 82' lang='lat' dir='ltr'>doctores</span> 
     </span>
    </p>
   </div>
   <div class='ocr_carea' id='block_1_18' title="bbox 169 1695 1830 1773">
    <p class='ocr_par' dir='ltr' id='par_1_18' title="bbox 169 1695 1830 1773">
     <span class='ocr_line' id='line_1_18' title="bbox 169 1695 1830 1773; baseline -0.004 -17"><span class='ocrx_word' id='word_1_110' title='bbox 169 1702 270 1773; x_wconf 89' lang='lat' dir='ltr'>qui</span> <span class='ocrx_word' id='word_1_111' title='bbox 305 1705 470 1756; x_wconf 87' lang='lat' dir='ltr'>caste</span> <span class='ocrx_word' id='word_1_112' title='bbox 504 1705 562 1754; x_wconf 92' lang='lat' dir='ltr'>et</span> <span class='ocrx_word' id='word_1_113' title='bbox 593 1699 823 1754; x_wconf 86' lang='lat' dir='ltr'>sincere</span> <span class='ocrx_word' id='word_1_114' title='bbox 845 1698 1318 1770; x_wconf 62' lang='lat' dir='ltr'>praedicaverunt</span> <span class='ocrx_word' id='word_1_115' title='bbox 1341 1714 1407 1752; x_wconf 92' lang='lat' dir='ltr'>ac</span> <span class='ocrx_word' id='word_1_116' title='bbox 1429 1695 1778 1750; x_wconf 89' lang='lat' dir='ltr'>docuerunt.</span> <span class='ocrx_word' id='word_1_117' title='bbox 1801 1716 1830 1742; x_wconf 87' lang='grc'><strong>››</strong></span> 
     </span>
    </p>
   </div>
   <div class='ocr_carea' id='block_1_19' title="bbox 166 1785 1830 1864">
    <p class='ocr_par' dir='ltr' id='par_1_19' title="bbox 166 1785 1830 1864">
     <span class='ocr_line' id='line_1_19' title="bbox 166 1785 1830 1864; baseline -0.005 -18"><span class='ocrx_word' id='word_1_118' title='bbox 166 1794 232 1846; x_wconf 81' lang='lat' dir='ltr'>lli</span> <span class='ocrx_word' id='word_1_119' title='bbox 266 1792 453 1864; x_wconf 79' lang='lat' dir='ltr'>igitur</span> <span class='ocrx_word' id='word_1_120' title='bbox 475 1807 611 1845; x_wconf 90' lang='lat' dir='ltr'>cum</span> <span class='ocrx_word' id='word_1_121' title='bbox 635 1805 841 1844; x_wconf 89' lang='lat' dir='ltr'>omnes</span> <span class='ocrx_word' id='word_1_122' title='bbox 870 1788 990 1842; x_wconf 90' lang='lat' dir='ltr'>sint</span> <span class='ocrx_word' id='word_1_123' title='bbox 1011 1788 1256 1843; x_wconf 90' lang='lat' dir='ltr'>secundi</span> <span class='ocrx_word' id='word_1_124' title='bbox 1285 1786 1488 1842; x_wconf 65' lang='lat' dir='ltr'>saeculi</span> <span class='ocrx_word' id='word_1_125' title='bbox 1513 1785 1830 1856; x_wconf 90' lang='lat' dir='ltr'>scriptores</span> 
     </span>
    </p>
   </div>
   <div class='ocr_carea' id='block_1_20' title="bbox 163 1874 1908 1981">
    <p class='ocr_par' dir='ltr' id='par_1_20' title="bbox 163 1874 1908 1981">
     <span class='ocr_line' id='line_1_20' title="bbox 163 1874 1908 1981; baseline -0.007 -44"><span class='ocrx_word' id='word_1_126' title='bbox 163 1899 310 1952; x_wconf 92' lang='lat' dir='ltr'>quos</span> <span class='ocrx_word' id='word_1_127' title='bbox 326 1897 437 1953; x_wconf 93' lang='lat' dir='ltr'>pro</span> <span class='ocrx_word' id='word_1_128' title='bbox 453 1880 806 1935; x_wconf 88' lang='lat' dir='ltr'>confusione</span> <span class='ocrx_word' id='word_1_129' title='bbox 820 1879 1101 1933; x_wconf 81' lang='lat' dir='ltr'>nominum</span> <span class='ocrx_word' id='word_1_130' title='bbox 1114 1874 1834 1944; x_wconf 77' lang='lat' dir='ltr'>adducitDallmus,liquet</span> <span class='ocrx_word' id='word_1_131' title='bbox 1861 1915 1908 1981; x_wconf 83' lang='grc' dir='ltr'><strong>Β</strong></span> 
     </span>
    </p>
   </div>
   <div class='ocr_carea' id='block_1_21' title="bbox 165 1967 1828 2041">
    <p class='ocr_par' dir='ltr' id='par_1_21' title="bbox 165 1967 1828 2041">
     <span class='ocr_line' id='line_1_21' title="bbox 165 1967 1828 2041; baseline -0.007 -13"><span class='ocrx_word' id='word_1_132' title='bbox 165 1989 237 2028; x_wconf 90' lang='lat' dir='ltr'>ne</span> <span class='ocrx_word' id='word_1_133' title='bbox 274 1987 468 2027; x_wconf 88' lang='lat' dir='ltr'>unum</span> <span class='ocrx_word' id='word_1_134' title='bbox 504 1969 768 2041; x_wconf 88' lang='lat' dir='ltr'>quidem,</span> <span class='ocrx_word' id='word_1_135' title='bbox 798 1985 932 2024; x_wconf 89' lang='lat' dir='ltr'>cum</span> <span class='ocrx_word' id='word_1_136' title='bbox 963 1967 1178 2040; x_wconf 81' lang='lat' dir='ltr'>gradus</span> <span class='ocrx_word' id='word_1_137' title='bbox 1202 1970 1534 2032; x_wconf 86' lang='lat' dir='ltr'>enumerat,</span> <span class='ocrx_word' id='word_1_138' title='bbox 1569 1969 1670 2019; x_wconf 90' lang='lat' dir='ltr'>aut</span> <span class='ocrx_word' id='word_1_139' title='bbox 1694 1979 1828 2017; x_wconf 92' lang='lat' dir='ltr'>cum</span> 
     </span>
    </p>
   </div>
   <div class='ocr_carea' id='block_1_22' title="bbox 161 2051 1827 2132">
    <p class='ocr_par' dir='ltr' id='par_1_22' title="bbox 161 2051 1827 2132">
     <span class='ocr_line' id='line_1_22' title="bbox 161 2051 1827 2132; baseline -0.007 -16"><span class='ocrx_word' id='word_1_140' title='bbox 161 2062 230 2116; x_wconf 91' lang='lat' dir='ltr'>de</span> <span class='ocrx_word' id='word_1_141' title='bbox 267 2058 676 2132; x_wconf 79' lang='lat' dir='ltr'>singularibus</span> <span class='ocrx_word' id='word_1_142' title='bbox 729 2057 819 2112; x_wconf 90' lang='lat' dir='ltr'>sui</span> <span class='ocrx_word' id='word_1_143' title='bbox 870 2056 1153 2128; x_wconf 91' lang='lat' dir='ltr'>temporis</span> <span class='ocrx_word' id='word_1_144' title='bbox 1202 2055 1482 2110; x_wconf 87' lang='lat' dir='ltr'>ministris</span> <span class='ocrx_word' id='word_1_145' title='bbox 1534 2051 1827 2123; x_wconf 86' lang='lat' dir='ltr'>Evangelii</span> 
     </span>
    </p>
   </div>
   <div class='ocr_carea' id='block_1_23' title="bbox 163 2144 1830 2222">
    <p class='ocr_par' dir='ltr' id='par_1_23' title="bbox 163 2144 1830 2222">
     <span class='ocr_line' id='line_1_23' title="bbox 163 2144 1830 2222; baseline -0.008 -17"><span class='ocrx_word' id='word_1_146' title='bbox 163 2151 458 2222; x_wconf 87' lang='lat' dir='ltr'>loquitur,</span> <span class='ocrx_word' id='word_1_147' title='bbox 493 2163 714 2202; x_wconf 90' lang='lat' dir='ltr'>nomen</span> <span class='ocrx_word' id='word_1_148' title='bbox 746 2146 1077 2218; x_wconf 84' lang='lat' dir='ltr'>presbyteri</span> <span class='ocrx_word' id='word_1_149' title='bbox 1119 2145 1170 2199; x_wconf 91' lang='lat' dir='ltr'>ei</span> <span class='ocrx_word' id='word_1_150' title='bbox 1205 2145 1305 2215; x_wconf 91' lang='lat' dir='ltr'>qui</span> <span class='ocrx_word' id='word_1_151' title='bbox 1340 2144 1650 2215; x_wconf 90' lang='lat' dir='ltr'>episcopus</span> <span class='ocrx_word' id='word_1_152' title='bbox 1673 2144 1830 2196; x_wconf 90' lang='lat' dir='ltr'>esset</span> 
     </span>
    </p>
   </div>
   <div class='ocr_carea' id='block_1_24' title="bbox 162 2232 1828 2306">
    <p class='ocr_par' dir='ltr' id='par_1_24' title="bbox 162 2232 1828 2306">
     <span class='ocr_line' id='line_1_24' title="bbox 162 2232 1828 2306; baseline -0.007 -12"><span class='ocrx_word' id='word_1_153' title='bbox 162 2240 470 2295; x_wconf 85' lang='lat' dir='ltr'>tribuisse.</span> <span class='ocrx_word' id='word_1_154' title='bbox 505 2240 574 2292; x_wconf 89' lang='lat' dir='ltr'>Et</span> <span class='ocrx_word' id='word_1_155' title='bbox 607 2242 730 2291; x_wconf 90' lang='lat' dir='ltr'>tum</span> <span class='ocrx_word' id='word_1_156' title='bbox 764 2253 833 2290; x_wconf 84' lang='lat' dir='ltr'>ex</span> <span class='ocrx_word' id='word_1_157' title='bbox 863 2236 994 2302; x_wconf 91' lang='lat' dir='ltr'>hac,</span> <span class='ocrx_word' id='word_1_158' title='bbox 1027 2240 1151 2290; x_wconf 89' lang='lat' dir='ltr'>tum</span> <span class='ocrx_word' id='word_1_159' title='bbox 1185 2251 1255 2289; x_wconf 84' lang='lat' dir='ltr'>ex</span> <span class='ocrx_word' id='word_1_160' title='bbox 1285 2233 1471 2306; x_wconf 90' lang='lat' dir='ltr'>priori</span> <span class='ocrx_word' id='word_1_161' title='bbox 1501 2232 1828 2287; x_wconf 89' lang='lat' dir='ltr'>assertione</span> 
     </span>
    </p>
   </div>
   <div class='ocr_carea' id='block_1_25' title="bbox 163 2319 1826 2401">
    <p class='ocr_par' dir='ltr' id='par_1_25' title="bbox 163 2319 1826 2401">
     <span class='ocr_line' id='line_1_25' title="bbox 163 2319 1826 2401; baseline -0.007 -17"><span class='ocrx_word' id='word_1_162' title='bbox 163 2334 326 2401; x_wconf 88' lang='lat' dir='ltr'>patet</span> <span class='ocrx_word' id='word_1_163' title='bbox 357 2343 542 2398; x_wconf 90' lang='lat' dir='ltr'>quam</span> <span class='ocrx_word' id='word_1_164' title='bbox 576 2326 782 2381; x_wconf 89' lang='lat' dir='ltr'>falsum</span> <span class='ocrx_word' id='word_1_165' title='bbox 825 2326 902 2378; x_wconf 89' lang='lat' dir='ltr'>sit</span> <span class='ocrx_word' id='word_1_166' title='bbox 948 2325 1107 2396; x_wconf 91' lang='lat' dir='ltr'>quod</span> <span class='ocrx_word' id='word_1_167' title='bbox 1153 2323 1410 2379; x_wconf 70' lang='lat' dir='ltr'>Dallaaus</span> <span class='ocrx_word' id='word_1_168' title='bbox 1459 2337 1566 2376; x_wconf 90' lang='lat' dir='ltr'>nos</span> <span class='ocrx_word' id='word_1_169' title='bbox 1613 2319 1826 2374; x_wconf 90' lang='lat' dir='ltr'>docere</span> 
     </span>
    </p>
   </div>
   <div class='ocr_carea' id='block_1_26' title="bbox 164 2409 1829 2484">
    <p class='ocr_par' dir='ltr' id='par_1_26' title="bbox 164 2409 1829 2484">
     <span class='ocr_line' id='line_1_26' title="bbox 164 2409 1829 2484; baseline -0.008 -11"><span class='ocrx_word' id='word_1_170' title='bbox 164 2418 349 2473; x_wconf 89' lang='lat' dir='ltr'>voluit</span> <span class='ocrx_word' id='word_1_171' title='bbox 376 2434 388 2470; x_wconf 92' lang='lat'>:</span> <span class='ocrx_word' id='word_1_172' title='bbox 418 2439 446 2465; x_wconf 84' lang='lat'>«</span> <span class='ocrx_word' id='word_1_173' title='bbox 473 2416 576 2470; x_wconf 84' lang='lat' dir='ltr'>Hic</span> <span class='ocrx_word' id='word_1_174' title='bbox 600 2419 727 2469; x_wconf 86' lang='lat' dir='ltr'>erat</span> <span class='ocrx_word' id='word_1_175' title='bbox 751 2413 926 2484; x_wconf 87' lang='lat' dir='ltr'>hujus</span> <span class='ocrx_word' id='word_1_176' title='bbox 948 2414 1104 2468; x_wconf 85' lang='lat' dir='ltr'>vocis</span> <span class='ocrx_word' id='word_1_177' title='bbox 1126 2413 1396 2484; x_wconf 91' lang='lat' dir='ltr'>publicus</span> <span class='ocrx_word' id='word_1_178' title='bbox 1419 2409 1576 2481; x_wconf 90' lang='lat' dir='ltr'>apud</span> <span class='ocrx_word' id='word_1_179' title='bbox 1595 2413 1829 2463; x_wconf 89' lang='lat' dir='ltr'>nostros</span> 
     </span>
    </p>
   </div>
   <div class='ocr_carea' id='block_1_27' title="bbox 162 2497 1827 2575">
    <p class='ocr_par' dir='ltr' id='par_1_27' title="bbox 162 2497 1827 2575">
     <span class='ocr_line' id='line_1_27' title="bbox 162 2497 1827 2575; baseline -0.008 -12"><span class='ocrx_word' id='word_1_180' title='bbox 162 2525 327 2575; x_wconf 87' lang='lat' dir='ltr'>usus,</span> <span class='ocrx_word' id='word_1_181' title='bbox 393 2507 523 2560; x_wconf 66' lang='lat' dir='ltr'>haec</span> <span class='ocrx_word' id='word_1_182' title='bbox 575 2503 1043 2558; x_wconf 89' lang='lat' dir='ltr'>Christianorum</span> <span class='ocrx_word' id='word_1_183' title='bbox 1114 2501 1272 2556; x_wconf 91' lang='lat' dir='ltr'>illius</span> <span class='ocrx_word' id='word_1_184' title='bbox 1355 2499 1656 2555; x_wconf 69' lang='lat' dir='ltr'>memoria)</span> <span class='ocrx_word' id='word_1_185' title='bbox 1720 2497 1827 2550; x_wconf 88' lang='lat' dir='ltr'>ho-</span> 
     </span>
    </p>
   </div>
   <div class='ocr_carea' id='block_1_28' title="bbox 163 2589 1828 2662">
    <p class='ocr_par' dir='ltr' id='par_1_28' title="bbox 163 2589 1828 2662">
     <span class='ocr_line' id='line_1_28' title="bbox 163 2589 1828 2662; baseline -0.008 -8"><span class='ocrx_word' id='word_1_186' title='bbox 163 2601 398 2654; x_wconf 88' lang='lat' dir='ltr'>minum</span> <span class='ocrx_word' id='word_1_187' title='bbox 432 2597 730 2650; x_wconf 89' lang='lat' dir='ltr'>institutio</span> <span class='ocrx_word' id='word_1_188' title='bbox 762 2610 828 2648; x_wconf 89' lang='lat' dir='ltr'>ac</span> <span class='ocrx_word' id='word_1_189' title='bbox 859 2592 1244 2662; x_wconf 86' lang='lat' dir='ltr'>consuetudo,</span> <span class='ocrx_word' id='word_1_190' title='bbox 1302 2596 1368 2646; x_wconf 92' lang='lat' dir='ltr'>ut</span> <span class='ocrx_word' id='word_1_191' title='bbox 1415 2589 1828 2661; x_wconf 82' lang='lat' dir='ltr'>presbyterum</span> 
     </span>
    </p>
   </div>
   <div class='ocr_carea' id='block_1_29' title="bbox 160 2675 1830 2761">
    <p class='ocr_par' dir='ltr' id='par_1_29' title="bbox 160 2675 1830 2761">
     <span class='ocr_line' id='line_1_29' title="bbox 160 2675 1830 2761; baseline -0.008 -18"><span class='ocrx_word' id='word_1_192' title='bbox 160 2689 335 2761; x_wconf 87' lang='lat' dir='ltr'>vulgo</span> <span class='ocrx_word' id='word_1_193' title='bbox 373 2693 497 2740; x_wconf 90' lang='lat' dir='ltr'>tam</span> <span class='ocrx_word' id='word_1_194' title='bbox 529 2685 631 2755; x_wconf 86' lang='lat' dir='ltr'>qui</span> <span class='ocrx_word' id='word_1_195' title='bbox 666 2688 820 2738; x_wconf 90' lang='lat' dir='ltr'>esset</span> <span class='ocrx_word' id='word_1_196' title='bbox 849 2682 1190 2754; x_wconf 85' lang='lat' dir='ltr'>primarius,</span> <span class='ocrx_word' id='word_1_197' title='bbox 1217 2696 1395 2750; x_wconf 92' lang='lat' dir='ltr'>quam</span> <span class='ocrx_word' id='word_1_198' title='bbox 1423 2678 1523 2748; x_wconf 92' lang='lat' dir='ltr'>qui</span> <span class='ocrx_word' id='word_1_199' title='bbox 1548 2675 1830 2732; x_wconf 81' lang='lat' dir='ltr'>secunda-</span> 
     </span>
    </p>
   </div>
   <div class='ocr_carea' id='block_1_30' title="bbox 165 2764 1826 2845">
    <p class='ocr_par' dir='ltr' id='par_1_30' title="bbox 165 2764 1826 2845">
     <span class='ocr_line' id='line_1_30' title="bbox 165 2764 1826 2845; baseline -0.01 -12"><span class='ocrx_word' id='word_1_200' title='bbox 165 2779 315 2845; x_wconf 89' lang='lat' dir='ltr'>rius,</span> <span class='ocrx_word' id='word_1_201' title='bbox 350 2781 411 2831; x_wconf 92' lang='lat' dir='ltr'>et</span> <span class='ocrx_word' id='word_1_202' title='bbox 451 2774 721 2829; x_wconf 91' lang='lat' dir='ltr'>dicerent</span> <span class='ocrx_word' id='word_1_203' title='bbox 751 2772 863 2844; x_wconf 89' lang='lat' dir='ltr'>ipsi</span> <span class='ocrx_word' id='word_1_204' title='bbox 894 2776 952 2828; x_wconf 86' lang='lat' dir='ltr'>et</span> <span class='ocrx_word' id='word_1_205' title='bbox 982 2771 1054 2825; x_wconf 92' lang='lat' dir='ltr'>ab</span> <span class='ocrx_word' id='word_1_206' title='bbox 1086 2770 1218 2824; x_wconf 90' lang='lat' dir='ltr'>aliis</span> <span class='ocrx_word' id='word_1_207' title='bbox 1263 2769 1488 2823; x_wconf 89' lang='lat' dir='ltr'>dictum</span> <span class='ocrx_word' id='word_1_208' title='bbox 1536 2764 1826 2837; x_wconf 83' lang='lat' dir='ltr'>intellige-</span> 
     </span>
    </p>
   </div>
   <div class='ocr_carea' id='block_1_31' title="bbox 165 2859 1828 2934">
    <p class='ocr_par' dir='ltr' id='par_1_31' title="bbox 165 2859 1828 2934">
     <span class='ocr_line' id='line_1_31' title="bbox 165 2859 1828 2934; baseline -0.009 -13"><span class='ocrx_word' id='word_1_209' title='bbox 165 2873 321 2923; x_wconf 88' lang='lat' dir='ltr'>rent.</span> <span class='ocrx_word' id='word_1_210' title='bbox 353 2887 382 2914; x_wconf 83' lang='lat'>»</span> <span class='ocrx_word' id='word_1_211' title='bbox 403 2865 534 2918; x_wconf 82' lang='lat' dir='ltr'>Non</span> <span class='ocrx_word' id='word_1_212' title='bbox 556 2863 638 2917; x_wconf 87' lang='lat' dir='ltr'>ita</span> <span class='ocrx_word' id='word_1_213' title='bbox 656 2861 866 2934; x_wconf 85' lang='lat' dir='ltr'>lgnatii</span> <span class='ocrx_word' id='word_1_214' title='bbox 903 2864 1050 2915; x_wconf 84' lang='lat' dir='ltr'>Acta</span> <span class='ocrx_word' id='word_1_215' title='bbox 1070 2859 1412 2929; x_wconf 88' lang='lat' dir='ltr'>loquuntur,</span> <span class='ocrx_word' id='word_1_216' title='bbox 1443 2872 1561 2910; x_wconf 92' lang='lat' dir='ltr'>non</span> <span class='ocrx_word' id='word_1_217' title='bbox 1593 2870 1828 2910; x_wconf 92' lang='lat' dir='ltr'>sermo-</span> 
     </span>
    </p>
   </div>
   <div class='ocr_carea' id='block_1_32' title="bbox 167 2943 1827 3021">
    <p class='ocr_par' dir='ltr' id='par_1_32' title="bbox 167 2943 1827 3021">
     <span class='ocr_line' id='line_1_32' title="bbox 167 2943 1827 3021; baseline -0.008 -11"><span class='ocrx_word' id='word_1_218' title='bbox 167 2957 262 3010; x_wconf 90' lang='lat' dir='ltr'>nis</span> <span class='ocrx_word' id='word_1_219' title='bbox 293 2953 776 3012; x_wconf 86' lang='lat' dir='ltr'>Christianorum</span> <span class='ocrx_word' id='word_1_220' title='bbox 827 2950 1075 3021; x_wconf 87' lang='lat' dir='ltr'>diligens</span> <span class='ocrx_word' id='word_1_221' title='bbox 1124 2948 1464 3003; x_wconf 86' lang='lat' dir='ltr'>observator</span> <span class='ocrx_word' id='word_1_222' title='bbox 1510 2943 1827 3006; x_wconf 77' lang='lat' dir='ltr'>Adrianus,</span> 
     </span>
    </p>
   </div>
   <div class='ocr_carea' id='block_1_33' title="bbox 164 3033 1830 3112">
    <p class='ocr_par' dir='ltr' id='par_1_33' title="bbox 164 3033 1830 3112">
     <span class='ocr_line' id='line_1_33' title="bbox 164 3033 1830 3112; baseline -0.008 -12"><span class='ocrx_word' id='word_1_223' title='bbox 164 3063 287 3100; x_wconf 92' lang='lat' dir='ltr'>non</span> <span class='ocrx_word' id='word_1_224' title='bbox 311 3043 586 3099; x_wconf 85' lang='lat' dir='ltr'>Ecclesia</span> <span class='ocrx_word' id='word_1_225' title='bbox 611 3041 1006 3112; x_wconf 88' lang='lat' dir='ltr'>Smyrnensis,</span> <span class='ocrx_word' id='word_1_226' title='bbox 1032 3056 1152 3094; x_wconf 90' lang='lat' dir='ltr'>non</span> <span class='ocrx_word' id='word_1_227' title='bbox 1174 3042 1465 3108; x_wconf 86' lang='lat' dir='ltr'>martyres</span> <span class='ocrx_word' id='word_1_228' title='bbox 1485 3033 1830 3106; x_wconf 85' lang='lat' dir='ltr'>Lugdunen-</span> 
     </span>
    </p>
   </div>
   <div class='ocr_carea' id='block_1_34' title="bbox 167 3123 1828 3204">
    <p class='ocr_par' dir='ltr' id='par_1_34' title="bbox 167 3123 1828 3204">
     <span class='ocr_line' id='line_1_34' title="bbox 167 3123 1828 3204; baseline -0.01 -13"><span class='ocrx_word' id='word_1_229' title='bbox 167 3153 283 3203; x_wconf 89' lang='lat' dir='ltr'>ses,</span> <span class='ocrx_word' id='word_1_230' title='bbox 318 3151 444 3189; x_wconf 92' lang='lat' dir='ltr'>non</span> <span class='ocrx_word' id='word_1_231' title='bbox 478 3132 866 3204; x_wconf 85' lang='lat' dir='ltr'>Hegesippus,</span> <span class='ocrx_word' id='word_1_232' title='bbox 899 3147 1020 3184; x_wconf 89' lang='lat' dir='ltr'>non</span> <span class='ocrx_word' id='word_1_233' title='bbox 1047 3127 1402 3198; x_wconf 87' lang='lat' dir='ltr'>Polycrates,</span> <span class='ocrx_word' id='word_1_234' title='bbox 1426 3141 1544 3179; x_wconf 90' lang='lat' dir='ltr'>non</span> <span class='ocrx_word' id='word_1_235' title='bbox 1569 3123 1828 3194; x_wconf 89' lang='lat' dir='ltr'>Serapio,</span> 
     </span>
    </p>
   </div>
   <div class='ocr_carea' id='block_1_35' title="bbox 164 3215 1829 3293">
    <p class='ocr_par' dir='ltr' id='par_1_35' title="bbox 164 3215 1829 3293">
     <span class='ocr_line' id='line_1_35' title="bbox 164 3215 1829 3293; baseline -0.009 -12"><span class='ocrx_word' id='word_1_236' title='bbox 164 3243 288 3281; x_wconf 91' lang='lat' dir='ltr'>non</span> <span class='ocrx_word' id='word_1_237' title='bbox 316 3239 660 3293; x_wconf 88' lang='lat' dir='ltr'>anonymus</span> <span class='ocrx_word' id='word_1_238' title='bbox 685 3221 783 3291; x_wconf 91' lang='lat' dir='ltr'>qui</span> <span class='ocrx_word' id='word_1_239' title='bbox 817 3226 1023 3274; x_wconf 88' lang='lat' dir='ltr'>contra</span> <span class='ocrx_word' id='word_1_240' title='bbox 1046 3217 1426 3272; x_wconf 84' lang='lat' dir='ltr'>Montanistas</span> <span class='ocrx_word' id='word_1_241' title='bbox 1446 3215 1829 3285; x_wconf 87' lang='lat' dir='ltr'>scripsit,non</span> 
     </span>
    </p>
   </div>
   <div class='ocr_carea' id='block_1_36' title="bbox 166 3301 1826 3381">
    <p class='ocr_par' dir='ltr' id='par_1_36' title="bbox 166 3301 1826 3381">
     <span class='ocr_line' id='line_1_36' title="bbox 166 3301 1826 3381; baseline -0.01 -11"><span class='ocrx_word' id='word_1_242' title='bbox 166 3319 380 3370; x_wconf 88' lang='lat' dir='ltr'>auctor</span> <span class='ocrx_word' id='word_1_243' title='bbox 410 3310 680 3381; x_wconf 87' lang='lat' dir='ltr'>martyrii</span> <span class='ocrx_word' id='word_1_244' title='bbox 715 3311 768 3363; x_wconf 94' lang='lat' dir='ltr'>S.</span> <span class='ocrx_word' id='word_1_245' title='bbox 799 3311 1126 3379; x_wconf 79' lang='lat' dir='ltr'>Perpetum,</span> <span class='ocrx_word' id='word_1_246' title='bbox 1162 3323 1281 3360; x_wconf 91' lang='lat' dir='ltr'>non</span> <span class='ocrx_word' id='word_1_247' title='bbox 1313 3320 1570 3359; x_wconf 86' lang='lat' dir='ltr'>canones</span> <span class='ocrx_word' id='word_1_248' title='bbox 1603 3302 1701 3372; x_wconf 91' lang='lat' dir='ltr'>qui</span> <span class='ocrx_word' id='word_1_249' title='bbox 1736 3301 1826 3356; x_wconf 91' lang='lat' dir='ltr'>di-</span> 
     </span>
    </p>
   </div>
   <div class='ocr_carea' id='block_1_37' title="bbox 163 3391 1827 3472">
    <p class='ocr_par' dir='ltr' id='par_1_37' title="bbox 163 3391 1827 3472">
     <span class='ocr_line' id='line_1_37' title="bbox 163 3391 1827 3472; baseline -0.009 -13"><span class='ocrx_word' id='word_1_250' title='bbox 163 3410 388 3459; x_wconf 91' lang='lat' dir='ltr'>cuntur</span> <span class='ocrx_word' id='word_1_251' title='bbox 405 3399 735 3472; x_wconf 87' lang='lat' dir='ltr'>apostolici,</span> <span class='ocrx_word' id='word_1_252' title='bbox 762 3415 834 3452; x_wconf 91' lang='lat' dir='ltr'>ne</span> <span class='ocrx_word' id='word_1_253' title='bbox 860 3398 1106 3451; x_wconf 84' lang='lat' dir='ltr'>Hermas</span> <span class='ocrx_word' id='word_1_254' title='bbox 1129 3395 1390 3466; x_wconf 88' lang='lat' dir='ltr'>quidem.</span> <span class='ocrx_word' id='word_1_255' title='bbox 1416 3392 1643 3447; x_wconf 89' lang='lat' dir='ltr'>Nullius</span> <span class='ocrx_word' id='word_1_256' title='bbox 1667 3391 1827 3445; x_wconf 94' lang='lat' dir='ltr'>illius</span> 
     </span>
    </p>
   </div>
   <div class='ocr_carea' id='block_1_38' title="bbox 165 3479 1828 3562">
    <p class='ocr_par' dir='ltr' id='par_1_38' title="bbox 165 3479 1828 3562">
     <span class='ocr_line' id='line_1_38' title="bbox 165 3479 1828 3562; baseline -0.009 -14"><span class='ocrx_word' id='word_1_257' title='bbox 165 3495 271 3549; x_wconf 75' lang='lat' dir='ltr'>aevi</span> <span class='ocrx_word' id='word_1_258' title='bbox 308 3491 570 3562; x_wconf 90' lang='lat' dir='ltr'>scriptor</span> <span class='ocrx_word' id='word_1_259' title='bbox 591 3505 776 3542; x_wconf 89' lang='lat' dir='ltr'>unum</span> <span class='ocrx_word' id='word_1_260' title='bbox 805 3486 1175 3558; x_wconf 88' lang='lat' dir='ltr'>primarium,</span> <span class='ocrx_word' id='word_1_261' title='bbox 1200 3484 1385 3538; x_wconf 90' lang='lat' dir='ltr'>alium</span> <span class='ocrx_word' id='word_1_262' title='bbox 1409 3479 1828 3537; x_wconf 90' lang='lat' dir='ltr'>secundarium</span> 
     </span>
    </p>
   </div>
   <div class='ocr_carea' id='block_1_39' title="bbox 161 3571 1830 3655">
    <p class='ocr_par' dir='ltr' id='par_1_39' title="bbox 161 3571 1830 3655">
     <span class='ocr_line' id='line_1_39' title="bbox 161 3571 1830 3655; baseline -0.008 -17"><span class='ocrx_word' id='word_1_263' title='bbox 161 3581 587 3655; x_wconf 87' lang='lat' dir='ltr'>presbyterum</span> <span class='ocrx_word' id='word_1_264' title='bbox 613 3576 853 3631; x_wconf 89' lang='lat' dir='ltr'>tradidit</span> <span class='ocrx_word' id='word_1_265' title='bbox 877 3596 891 3641; x_wconf 89' lang='lat'><strong>;</strong></span> <span class='ocrx_word' id='word_1_266' title='bbox 924 3574 1125 3629; x_wconf 91' lang='lat' dir='ltr'>nullus</span> <span class='ocrx_word' id='word_1_267' title='bbox 1155 3573 1238 3628; x_wconf 91' lang='lat' dir='ltr'>ita</span> <span class='ocrx_word' id='word_1_268' title='bbox 1259 3571 1498 3627; x_wconf 91' lang='lat' dir='ltr'>ordines</span> <span class='ocrx_word' id='word_1_269' title='bbox 1523 3586 1830 3624; x_wconf 86' lang='lat' dir='ltr'>enumera-</span> 
     </span>
    </p>
   </div>
   <div class='ocr_carea' id='block_1_40' title="bbox 160 3657 1829 3737">
    <p class='ocr_par' dir='ltr' id='par_1_40' title="bbox 160 3657 1829 3737">
     <span class='ocr_line' id='line_1_40' title="bbox 160 3657 1829 3737; baseline -0.008 -14"><span class='ocrx_word' id='word_1_270' title='bbox 160 3672 241 3724; x_wconf 92' lang='lat' dir='ltr'>vit</span> <span class='ocrx_word' id='word_1_271' title='bbox 274 3673 340 3725; x_wconf 91' lang='lat' dir='ltr'>ut</span> <span class='ocrx_word' id='word_1_272' title='bbox 375 3669 436 3721; x_wconf 91' lang='lat' dir='ltr'>in</span> <span class='ocrx_word' id='word_1_273' title='bbox 470 3666 663 3737; x_wconf 90' lang='lat' dir='ltr'>primo</span> <span class='ocrx_word' id='word_1_274' title='bbox 704 3663 1139 3735; x_wconf 80' lang='lat' dir='ltr'>presbyterum,</span> <span class='ocrx_word' id='word_1_275' title='bbox 1196 3661 1256 3714; x_wconf 90' lang='lat' dir='ltr'>in</span> <span class='ocrx_word' id='word_1_276' title='bbox 1308 3657 1568 3714; x_wconf 91' lang='lat' dir='ltr'>secundo</span> <span class='ocrx_word' id='word_1_277' title='bbox 1623 3672 1829 3711; x_wconf 88' lang='lat' dir='ltr'>rursus</span> 
     </span>
    </p>
   </div>
   <div class='ocr_carea' id='block_1_41' title="bbox 168 3749 1828 3832">
    <p class='ocr_par' dir='ltr' id='par_1_41' title="bbox 168 3749 1828 3832">
     <span class='ocr_line' id='line_1_41' title="bbox 168 3749 1828 3832; baseline -0.009 -19"><span class='ocrx_word' id='word_1_278' title='bbox 168 3758 594 3832; x_wconf 83' lang='lat' dir='ltr'>presbyterum</span> <span class='ocrx_word' id='word_1_279' title='bbox 628 3753 888 3818; x_wconf 88' lang='lat' dir='ltr'>locaret;</span> <span class='ocrx_word' id='word_1_280' title='bbox 922 3750 1119 3806; x_wconf 90' lang='lat' dir='ltr'>nullus</span> <span class='ocrx_word' id='word_1_281' title='bbox 1151 3749 1491 3820; x_wconf 89' lang='lat' dir='ltr'>quempiam</span> <span class='ocrx_word' id='word_1_282' title='bbox 1532 3751 1671 3800; x_wconf 83' lang='lat' dir='ltr'>tunc</span> <span class='ocrx_word' id='word_1_283' title='bbox 1694 3762 1828 3800; x_wconf 90' lang='lat' dir='ltr'>cum</span> 
     </span>
    </p>
   </div>
   <div class='ocr_carea' id='block_1_42' title="bbox 165 3834 1829 3920">
    <p class='ocr_par' dir='ltr' id='par_1_42' title="bbox 165 3834 1829 3920">
     <span class='ocr_line' id='line_1_42' title="bbox 165 3834 1829 3920; baseline -0.009 -18"><span class='ocrx_word' id='word_1_284' title='bbox 165 3849 294 3920; x_wconf 89' lang='lat' dir='ltr'>ipse</span> <span class='ocrx_word' id='word_1_285' title='bbox 331 3844 625 3900; x_wconf 88' lang='lat' dir='ltr'>scriberet</span> <span class='ocrx_word' id='word_1_286' title='bbox 654 3840 1036 3912; x_wconf 90' lang='lat' dir='ltr'>superstitem</span> <span class='ocrx_word' id='word_1_287' title='bbox 1070 3843 1127 3893; x_wconf 87' lang='lat' dir='ltr'>et</span> <span class='ocrx_word' id='word_1_288' title='bbox 1157 3837 1332 3909; x_wconf 89' lang='lat' dir='ltr'>primi</span> <span class='ocrx_word' id='word_1_289' title='bbox 1366 3835 1592 3891; x_wconf 89' lang='lat' dir='ltr'>ordinis</span> <span class='ocrx_word' id='word_1_290' title='bbox 1636 3834 1829 3889; x_wconf 81' lang='lat' dir='ltr'>ofﬁcio</span> 
     </span>
    </p>
   </div>
   <div class='ocr_carea' id='block_1_43' title="bbox 161 3925 1323 4006">
    <p class='ocr_par' dir='ltr' id='par_1_43' title="bbox 161 3925 1323 4006">
     <span class='ocr_line' id='line_1_43' title="bbox 161 3925 1323 4006; baseline -0.009 -16"><span class='ocrx_word' id='word_1_291' title='bbox 161 3936 524 4006; x_wconf 85' lang='lat' dir='ltr'>fungentem</span> <span class='ocrx_word' id='word_1_292' title='bbox 547 3929 959 4002; x_wconf 87' lang='lat' dir='ltr'>presbyterum</span> <span class='ocrx_word' id='word_1_293' title='bbox 990 3925 1323 3998; x_wconf 90' lang='lat' dir='ltr'>appellavit.</span> 
     </span>
    </p>
   </div>
   <div class='ocr_carea' id='block_1_44' title="bbox 239 4013 1834 4080">
    <p class='ocr_par' dir='ltr' id='par_1_44' title="bbox 239 4013 1834 4080">
     <span class='ocr_line' id='line_1_44' title="bbox 239 4013 1834 4080; baseline -0.009 0"><span class='ocrx_word' id='word_1_294' title='bbox 239 4027 370 4080; x_wconf 69' lang='lat' dir='ltr'>iam</span> <span class='ocrx_word' id='word_1_295' title='bbox 400 4037 539 4076; x_wconf 88' lang='lat' dir='ltr'>vero</span> <span class='ocrx_word' id='word_1_296' title='bbox 572 4020 712 4074; x_wconf 91' lang='lat' dir='ltr'>licet</span> <span class='ocrx_word' id='word_1_297' title='bbox 743 4019 827 4073; x_wconf 90' lang='lat' dir='ltr'>vir</span> <span class='ocrx_word' id='word_1_298' title='bbox 852 4017 1233 4073; x_wconf 89' lang='lat' dir='ltr'>doctissimus</span> <span class='ocrx_word' id='word_1_299' title='bbox 1258 4033 1326 4070; x_wconf 83' lang='lat' dir='ltr'>ex</span> <span class='ocrx_word' id='word_1_300' title='bbox 1349 4013 1694 4070; x_wconf 88' lang='lat' dir='ltr'>confusione</span> <span class='ocrx_word' id='word_1_301' title='bbox 1725 4030 1834 4067; x_wconf 92' lang='lat' dir='ltr'>no-</span> 
     </span>
    </p>
   </div>
   <div class='ocr_carea' id='block_1_45' title="bbox 171 4103 1832 4182">
    <p class='ocr_par' dir='ltr' id='par_1_45' title="bbox 171 4103 1832 4182">
     <span class='ocr_line' id='line_1_45' title="bbox 171 4103 1832 4182; baseline -0.008 -11"><span class='ocrx_word' id='word_1_302' title='bbox 171 4117 615 4182; x_wconf 89' lang='lat' dir='ltr'>minum,quam</span> <span class='ocrx_word' id='word_1_303' title='bbox 640 4109 701 4164; x_wconf 92' lang='lat' dir='ltr'>in</span> <span class='ocrx_word' id='word_1_304' title='bbox 725 4107 969 4164; x_wconf 90' lang='lat' dir='ltr'>secundi</span> <span class='ocrx_word' id='word_1_305' title='bbox 989 4105 1188 4162; x_wconf 75' lang='lat' dir='ltr'>seaculi</span> <span class='ocrx_word' id='word_1_306' title='bbox 1212 4104 1598 4176; x_wconf 88' lang='lat' dir='ltr'>scriptoribus</span> <span class='ocrx_word' id='word_1_307' title='bbox 1620 4103 1832 4158; x_wconf 86' lang='lat' dir='ltr'>obser-</span> 
     </span>
    </p>
   </div>
   <div class='ocr_carea' id='block_1_46' title="bbox 170 4193 1834 4268">
    <p class='ocr_par' dir='ltr' id='par_1_46' title="bbox 170 4193 1834 4268">
     <span class='ocr_line' id='line_1_46' title="bbox 170 4193 1834 4268; baseline -0.006 -12"><span class='ocrx_word' id='word_1_308' title='bbox 170 4204 370 4268; x_wconf 86' lang='lat' dir='ltr'>vabat,</span> <span class='ocrx_word' id='word_1_309' title='bbox 404 4216 525 4254; x_wconf 91' lang='lat' dir='ltr'>non</span> <span class='ocrx_word' id='word_1_310' title='bbox 560 4196 876 4252; x_wconf 90' lang='lat' dir='ltr'>concludat</span> <span class='ocrx_word' id='word_1_311' title='bbox 909 4212 1042 4251; x_wconf 91' lang='lat' dir='ltr'>cum</span> <span class='ocrx_word' id='word_1_312' title='bbox 1075 4194 1360 4250; x_wconf 89' lang='lat' dir='ltr'>Salmasio</span> <span class='ocrx_word' id='word_1_313' title='bbox 1398 4193 1547 4248; x_wconf 93' lang='lat' dir='ltr'>duos</span> <span class='ocrx_word' id='word_1_314' title='bbox 1604 4197 1834 4248; x_wconf 89' lang='lat' dir='ltr'>tantum</span> 
     </span>
    </p>
   </div>
   <div class='ocr_carea' id='block_1_47' title="bbox 170 4282 1831 4354">
    <p class='ocr_par' dir='ltr' id='par_1_47' title="bbox 170 4282 1831 4354">
     <span class='ocr_line' id='line_1_47' title="bbox 170 4282 1831 4354; baseline -0.008 -6"><span class='ocrx_word' id='word_1_315' title='bbox 170 4292 418 4348; x_wconf 88' lang='lat' dir='ltr'>ordines</span> <span class='ocrx_word' id='word_1_316' title='bbox 451 4304 652 4343; x_wconf 89' lang='lat' dir='ltr'>sacros</span> <span class='ocrx_word' id='word_1_317' title='bbox 683 4287 744 4340; x_wconf 90' lang='lat' dir='ltr'>in</span> <span class='ocrx_word' id='word_1_318' title='bbox 780 4284 1045 4340; x_wconf 88' lang='lat' dir='ltr'>Ecclesia</span> <span class='ocrx_word' id='word_1_319' title='bbox 1090 4283 1273 4338; x_wconf 85' lang='lat' dir='ltr'>fuisse</span> <span class='ocrx_word' id='word_1_320' title='bbox 1323 4299 1441 4338; x_wconf 73' lang='grc' dir='ltr'>ωνο</span> <span class='ocrx_word' id='word_1_321' title='bbox 1493 4282 1831 4354; x_wconf 84' lang='lat' dir='ltr'>Ignatiano;</span> 
     </span>
    </p>
   </div>
   <div class='ocr_carea' id='block_1_48' title="bbox 160 4369 1836 4451">
    <p class='ocr_par' dir='ltr' id='par_1_48' title="bbox 160 4369 1836 4451">
     <span class='ocr_line' id='line_1_48' title="bbox 160 4369 1836 4451; baseline -0.008 -13"><span class='ocrx_word' id='word_1_322' title='bbox 160 4383 306 4438; x_wconf 89' lang='lat' dir='ltr'>licet</span> <span class='ocrx_word' id='word_1_323' title='bbox 335 4383 632 4451; x_wconf 69' lang='lat' dir='ltr'>praeterea</span> <span class='ocrx_word' id='word_1_324' title='bbox 652 4373 1028 4430; x_wconf 86' lang='lat' dir='ltr'>Hammondo</span> <span class='ocrx_word' id='word_1_325' title='bbox 1051 4373 1170 4436; x_wconf 91' lang='lat' dir='ltr'>det,</span> <span class='ocrx_word' id='word_1_326' title='bbox 1206 4373 1383 4428; x_wconf 88' lang='lat' dir='ltr'>etiam</span> <span class='ocrx_word' id='word_1_327' title='bbox 1415 4371 1521 4426; x_wconf 86' lang='lat' dir='ltr'>sub</span> <span class='ocrx_word' id='word_1_328' title='bbox 1553 4369 1836 4441; x_wconf 83' lang='lat' dir='ltr'>apostolis</span> 
     </span>
    </p>
   </div>
   <div class='ocr_carea' id='block_1_49' title="bbox 163 4459 1834 4532">
    <p class='ocr_par' dir='ltr' id='par_1_49' title="bbox 163 4459 1834 4532">
     <span class='ocr_line' id='line_1_49' title="bbox 163 4459 1834 4532; baseline -0.009 -6"><span class='ocrx_word' id='word_1_329' title='bbox 163 4479 287 4526; x_wconf 85' lang='lat' dir='ltr'>tres</span> <span class='ocrx_word' id='word_1_330' title='bbox 317 4467 566 4524; x_wconf 89' lang='lat' dir='ltr'>ordines</span> <span class='ocrx_word' id='word_1_331' title='bbox 599 4463 900 4519; x_wconf 82' lang='lat' dir='ltr'>exstitisse</span> <span class='ocrx_word' id='word_1_332' title='bbox 931 4479 944 4527; x_wconf 91' lang='lat'><strong>;</strong></span> <span class='ocrx_word' id='word_1_333' title='bbox 978 4467 1178 4516; x_wconf 91' lang='lat' dir='ltr'>tamen</span> <span class='ocrx_word' id='word_1_334' title='bbox 1206 4478 1339 4516; x_wconf 89' lang='lat' dir='ltr'>cum</span> <span class='ocrx_word' id='word_1_335' title='bbox 1381 4462 1504 4532; x_wconf 91' lang='lat' dir='ltr'>ipse</span> <span class='ocrx_word' id='word_1_336' title='bbox 1535 4459 1665 4513; x_wconf 91' lang='lat' dir='ltr'>loca</span> <span class='ocrx_word' id='word_1_337' title='bbox 1696 4475 1834 4528; x_wconf 89' lang='lat' dir='ltr'>apo-</span> 
     </span>
    </p>
   </div>
   <div class='ocr_carea' id='block_1_50' title="bbox 162 4548 1837 4624">
    <p class='ocr_par' dir='ltr' id='par_1_50' title="bbox 162 4548 1837 4624">
     <span class='ocr_line' id='line_1_50' title="bbox 162 4548 1837 4624; baseline -0.009 -8"><span class='ocrx_word' id='word_1_338' title='bbox 162 4561 386 4617; x_wconf 87' lang='lat' dir='ltr'>stolica</span> <span class='ocrx_word' id='word_1_339' title='bbox 416 4555 595 4612; x_wconf 89' lang='lat' dir='ltr'>aliter</span> <span class='ocrx_word' id='word_1_340' title='bbox 612 4553 917 4624; x_wconf 84' lang='lat' dir='ltr'>explicare</span> <span class='ocrx_word' id='word_1_341' title='bbox 944 4551 1232 4620; x_wconf 89' lang='lat' dir='ltr'>videatur,</span> <span class='ocrx_word' id='word_1_342' title='bbox 1258 4556 1315 4605; x_wconf 92' lang='lat' dir='ltr'>et</span> <span class='ocrx_word' id='word_1_343' title='bbox 1336 4549 1667 4623; x_wconf 85' lang='lat' dir='ltr'>argumenti</span> <span class='ocrx_word' id='word_1_344' title='bbox 1690 4548 1837 4602; x_wconf 83' lang='lat' dir='ltr'>mul&#39;</span> 
     </span>
    </p>
   </div>
   <div class='ocr_carea' id='block_1_51' title="bbox 1943 630 3584 711">
    <p class='ocr_par' dir='ltr' id='par_1_51' title="bbox 1943 630 3584 711">
     <span class='ocr_line' id='line_1_51' title="bbox 1943 630 3584 711; baseline 0.007 -28"><span class='ocrx_word' id='word_1_345' title='bbox 1943 630 2182 686; x_wconf 89' lang='lat' dir='ltr'>ordines</span> <span class='ocrx_word' id='word_1_346' title='bbox 2203 633 2612 690; x_wconf 89' lang='lat' dir='ltr'>ministrorum</span> <span class='ocrx_word' id='word_1_347' title='bbox 2643 636 2702 690; x_wconf 90' lang='lat' dir='ltr'>in</span> <span class='ocrx_word' id='word_1_348' title='bbox 2726 637 2988 692; x_wconf 78' lang='lat' dir='ltr'>Ecclesia</span> <span class='ocrx_word' id='word_1_349' title='bbox 3008 638 3222 693; x_wconf 90' lang='lat' dir='ltr'>Christi</span> <span class='ocrx_word' id='word_1_350' title='bbox 3245 639 3584 711; x_wconf 81' lang='lat' dir='ltr'>fuisse,epi-</span> 
     </span>
    </p>
   </div>
   <div class='ocr_carea' id='block_1_52' title="bbox 1943 723 3583 800">
    <p class='ocr_par' dir='ltr' id='par_1_52' title="bbox 1943 723 3583 800">
     <span class='ocr_line' id='line_1_52' title="bbox 1943 723 3583 800; baseline 0.006 -27"><span class='ocrx_word' id='word_1_351' title='bbox 1943 723 2555 794; x_wconf 89' lang='lat' dir='ltr'>scopos,presbyteros</span> <span class='ocrx_word' id='word_1_352' title='bbox 2579 725 2945 781; x_wconf 87' lang='lat' dir='ltr'>etdiaconos.</span> <span class='ocrx_word' id='word_1_353' title='bbox 2964 727 3384 782; x_wconf 85' lang='lat' dir='ltr'>«Ostendimus</span> <span class='ocrx_word' id='word_1_354' title='bbox 3405 729 3583 800; x_wconf 84' lang='lat' dir='ltr'>hujus</span> 
     </span>
    </p>
   </div>
   <div class='ocr_carea' id='block_1_53' title="bbox 1942 810 3584 888">
    <p class='ocr_par' dir='ltr' id='par_1_53' title="bbox 1942 810 3584 888">
     <span class='ocr_line' id='line_1_53' title="bbox 1942 810 3584 888; baseline 0.005 -26"><span class='ocrx_word' id='word_1_355' title='bbox 1942 810 2127 880; x_wconf 90' lang='lat' dir='ltr'>partis</span> <span class='ocrx_word' id='word_1_356' title='bbox 2150 813 2340 882; x_wconf 90' lang='lat' dir='ltr'>capite</span> <span class='ocrx_word' id='word_1_357' title='bbox 2364 814 2697 885; x_wconf 89' lang='lat' dir='ltr'>primojam</span> <span class='ocrx_word' id='word_1_358' title='bbox 2730 820 2853 868; x_wconf 93' lang='lat' dir='ltr'>tum</span> <span class='ocrx_word' id='word_1_359' title='bbox 2886 815 2945 870; x_wconf 90' lang='lat' dir='ltr'>in</span> <span class='ocrx_word' id='word_1_360' title='bbox 2965 815 3238 872; x_wconf 90' lang='lat' dir='ltr'>Ecclesiis</span> <span class='ocrx_word' id='word_1_361' title='bbox 3279 818 3429 871; x_wconf 77' lang='lat' dir='ltr'>Asim</span> <span class='ocrx_word' id='word_1_362' title='bbox 3457 818 3584 888; x_wconf 90' lang='lat' dir='ltr'>epi-</span> 
     </span>
    </p>
   </div>
   <div class='ocr_carea' id='block_1_54' title="bbox 1943 901 3585 976">
    <p class='ocr_par' dir='ltr' id='par_1_54' title="bbox 1943 901 3585 976">
     <span class='ocr_line' id='line_1_54' title="bbox 1943 901 3585 976; baseline 0.005 -24"><span class='ocrx_word' id='word_1_363' title='bbox 1943 915 2150 970; x_wconf 91' lang='lat' dir='ltr'>scopos</span> <span class='ocrx_word' id='word_1_364' title='bbox 2174 901 2487 969; x_wconf 81' lang='lat' dir='ltr'>exstitisse,</span> <span class='ocrx_word' id='word_1_365' title='bbox 2514 919 2647 957; x_wconf 90' lang='lat' dir='ltr'>cum</span> <span class='ocrx_word' id='word_1_366' title='bbox 2670 905 2723 958; x_wconf 91' lang='lat' dir='ltr'>S.</span> <span class='ocrx_word' id='word_1_367' title='bbox 2751 906 3008 976; x_wconf 86' lang='lat' dir='ltr'>lgnatius</span> <span class='ocrx_word' id='word_1_368' title='bbox 3031 905 3105 960; x_wconf 89' lang='lat' dir='ltr'>ad</span> <span class='ocrx_word' id='word_1_369' title='bbox 3125 907 3475 976; x_wconf 88' lang='lat' dir='ltr'>martyrium</span> <span class='ocrx_word' id='word_1_370' title='bbox 3499 907 3585 961; x_wconf 85' lang='lat' dir='ltr'>fe-</span> 
     </span>
    </p>
   </div>
   <div class='ocr_carea' id='block_1_55' title="bbox 1944 989 3579 1065">
    <p class='ocr_par' dir='ltr' id='par_1_55' title="bbox 1944 989 3579 1065">
     <span class='ocr_line' id='line_1_55' title="bbox 1944 989 3579 1065; baseline 0.006 -25"><span class='ocrx_word' id='word_1_371' title='bbox 1944 989 2210 1044; x_wconf 90' lang='lat' dir='ltr'>stinaret.</span> <span class='ocrx_word' id='word_1_372' title='bbox 2236 991 2502 1046; x_wconf 83' lang='lat' dir='ltr'>Diximus</span> <span class='ocrx_word' id='word_1_373' title='bbox 2561 993 2864 1047; x_wconf 90' lang='lat' dir='ltr'>neminem</span> <span class='ocrx_word' id='word_1_374' title='bbox 2919 1011 3184 1065; x_wconf 88' lang='lat' dir='ltr'>unquam</span> <span class='ocrx_word' id='word_1_375' title='bbox 3230 996 3579 1065; x_wconf 89' lang='lat' dir='ltr'>scriptorem</span> 
     </span>
    </p>
   </div>
   <div class='ocr_carea' id='block_1_56' title="bbox 1943 1078 3580 1155">
    <p class='ocr_par' dir='ltr' id='par_1_56' title="bbox 1943 1078 3580 1155">
     <span class='ocr_line' id='line_1_56' title="bbox 1943 1078 3580 1155; baseline 0.004 -24"><span class='ocrx_word' id='word_1_376' title='bbox 1943 1078 2340 1134; x_wconf 89' lang='lat' dir='ltr'>Christianum</span> <span class='ocrx_word' id='word_1_377' title='bbox 2373 1085 2432 1134; x_wconf 87' lang='lat' dir='ltr'>et</span> <span class='ocrx_word' id='word_1_378' title='bbox 2458 1081 2813 1136; x_wconf 89' lang='lat' dir='ltr'>catholicum</span> <span class='ocrx_word' id='word_1_379' title='bbox 2847 1084 3062 1138; x_wconf 85' lang='lat' dir='ltr'>dixisse</span> <span class='ocrx_word' id='word_1_380' title='bbox 3091 1084 3401 1155; x_wconf 85' lang='lat' dir='ltr'>pauciores</span> <span class='ocrx_word' id='word_1_381' title='bbox 3423 1083 3580 1138; x_wconf 91' lang='lat' dir='ltr'>ordi-</span> 
     </span>
    </p>
   </div>
   <div class='ocr_carea' id='block_1_57' title="bbox 1943 1173 3582 1244">
    <p class='ocr_par' dir='ltr' id='par_1_57' title="bbox 1943 1173 3582 1244">
     <span class='ocr_line' id='line_1_57' title="bbox 1943 1173 3582 1244; baseline 0.005 -22"><span class='ocrx_word' id='word_1_382' title='bbox 1943 1185 2048 1222; x_wconf 82' lang='lat' dir='ltr'>nes</span> <span class='ocrx_word' id='word_1_383' title='bbox 2089 1186 2267 1240; x_wconf 90' lang='lat' dir='ltr'>quam</span> <span class='ocrx_word' id='word_1_384' title='bbox 2299 1175 2417 1226; x_wconf 90' lang='lat' dir='ltr'>tres</span> <span class='ocrx_word' id='word_1_385' title='bbox 2449 1173 2742 1227; x_wconf 88' lang='lat' dir='ltr'>exstitisse</span> <span class='ocrx_word' id='word_1_386' title='bbox 2784 1175 3042 1229; x_wconf 90' lang='lat' dir='ltr'>secundo</span> <span class='ocrx_word' id='word_1_387' title='bbox 3075 1175 3312 1244; x_wconf 74' lang='lat' dir='ltr'>saeculo,</span> <span class='ocrx_word' id='word_1_388' title='bbox 3335 1182 3436 1230; x_wconf 90' lang='lat' dir='ltr'>aut</span> <span class='ocrx_word' id='word_1_389' title='bbox 3459 1175 3582 1230; x_wconf 87' lang='lat' dir='ltr'>ulla</span> 
     </span>
    </p>
   </div>
   <div class='ocr_carea' id='block_1_58' title="bbox 1944 1259 3578 1335">
    <p class='ocr_par' dir='ltr' id='par_1_58' title="bbox 1944 1259 3578 1335">
     <span class='ocr_line' id='line_1_58' title="bbox 1944 1259 3578 1335; baseline 0.004 -23"><span class='ocrx_word' id='word_1_390' title='bbox 1944 1259 2072 1329; x_wconf 88' lang='lat' dir='ltr'>ejus</span> <span class='ocrx_word' id='word_1_391' title='bbox 2104 1265 2290 1330; x_wconf 90' lang='lat' dir='ltr'>parte,</span> <span class='ocrx_word' id='word_1_392' title='bbox 2331 1262 2510 1315; x_wconf 89' lang='lat' dir='ltr'>etiam</span> <span class='ocrx_word' id='word_1_393' title='bbox 2542 1261 2676 1316; x_wconf 92' lang='lat' dir='ltr'>illos</span> <span class='ocrx_word' id='word_1_394' title='bbox 2707 1279 2912 1318; x_wconf 91' lang='lat' dir='ltr'>omnes</span> <span class='ocrx_word' id='word_1_395' title='bbox 2941 1265 3042 1334; x_wconf 90' lang='lat' dir='ltr'>qui</span> <span class='ocrx_word' id='word_1_396' title='bbox 3069 1264 3329 1335; x_wconf 89' lang='lat' dir='ltr'>episcopi</span> <span class='ocrx_word' id='word_1_397' title='bbox 3361 1270 3419 1318; x_wconf 94' lang='lat' dir='ltr'>et</span> <span class='ocrx_word' id='word_1_398' title='bbox 3448 1281 3578 1335; x_wconf 88' lang='lat' dir='ltr'>pre-</span> 
     </span>
    </p>
   </div>
   <div class='ocr_carea' id='block_1_59' title="bbox 1943 1347 3580 1424">
    <p class='ocr_par' dir='ltr' id='par_1_59' title="bbox 1943 1347 3580 1424">
     <span class='ocr_line' id='line_1_59' title="bbox 1943 1347 3580 1424; baseline 0.004 -23"><span class='ocrx_word' id='word_1_399' title='bbox 1943 1347 2161 1419; x_wconf 88' lang='lat' dir='ltr'>sbyteri</span> <span class='ocrx_word' id='word_1_400' title='bbox 2175 1350 2422 1406; x_wconf 90' lang='lat' dir='ltr'>nomina</span> <span class='ocrx_word' id='word_1_401' title='bbox 2442 1352 2501 1404; x_wconf 92' lang='lat' dir='ltr'>in</span> <span class='ocrx_word' id='word_1_402' title='bbox 2520 1352 2922 1422; x_wconf 90' lang='lat' dir='ltr'>apostolorum</span> <span class='ocrx_word' id='word_1_403' title='bbox 2941 1353 3178 1424; x_wconf 90' lang='lat' dir='ltr'>scriptis</span> <span class='ocrx_word' id='word_1_404' title='bbox 3195 1354 3440 1408; x_wconf 88' lang='lat' dir='ltr'>confusa</span> <span class='ocrx_word' id='word_1_405' title='bbox 3451 1370 3580 1408; x_wconf 92' lang='lat' dir='ltr'>esse</span> 
     </span>
    </p>
   </div>
   <div class='ocr_carea' id='block_1_60' title="bbox 1943 1439 3577 1514">
    <p class='ocr_par' dir='ltr' id='par_1_60' title="bbox 1943 1439 3577 1514">
     <span class='ocr_line' id='line_1_60' title="bbox 1943 1439 3577 1514; baseline 0.003 -22"><span class='ocrx_word' id='word_1_406' title='bbox 1943 1439 2490 1505; x_wconf 81' lang='lat' dir='ltr'>existimabant,aut</span> <span class='ocrx_word' id='word_1_407' title='bbox 2511 1445 2650 1496; x_wconf 91' lang='lat' dir='ltr'>tunc</span> <span class='ocrx_word' id='word_1_408' title='bbox 2672 1458 2805 1496; x_wconf 91' lang='lat' dir='ltr'>cum</span> <span class='ocrx_word' id='word_1_409' title='bbox 2829 1443 2942 1513; x_wconf 91' lang='lat' dir='ltr'>ipsi</span> <span class='ocrx_word' id='word_1_410' title='bbox 2962 1443 3210 1514; x_wconf 89' lang='lat' dir='ltr'>apostoli</span> <span class='ocrx_word' id='word_1_411' title='bbox 3231 1444 3577 1510; x_wconf 90' lang='lat' dir='ltr'>scriberent,</span> 
     </span>
    </p>
   </div>
   <div class='ocr_carea' id='block_1_61' title="bbox 1941 1527 3580 1587">
    <p class='ocr_par' dir='ltr' id='par_1_61' title="bbox 1941 1527 3580 1587">
     <span class='ocr_line' id='line_1_61' title="bbox 1941 1527 3580 1587; baseline 0.003 -5"><span class='ocrx_word' id='word_1_412' title='bbox 1941 1533 2040 1582; x_wconf 90' lang='lat' dir='ltr'>aut</span> <span class='ocrx_word' id='word_1_413' title='bbox 2072 1527 2282 1582; x_wconf 86' lang='lat' dir='ltr'>saltem</span> <span class='ocrx_word' id='word_1_414' title='bbox 2310 1534 2448 1582; x_wconf 88' lang='lat' dir='ltr'>ante</span> <span class='ocrx_word' id='word_1_415' title='bbox 2480 1529 2804 1584; x_wconf 89' lang='lat' dir='ltr'>secundum</span> <span class='ocrx_word' id='word_1_416' title='bbox 2852 1530 3130 1586; x_wconf 69' lang='lat' dir='ltr'>saeculum</span> <span class='ocrx_word' id='word_1_417' title='bbox 3181 1537 3299 1585; x_wconf 89' lang='lat' dir='ltr'>tres</span> <span class='ocrx_word' id='word_1_418' title='bbox 3342 1531 3580 1587; x_wconf 90' lang='lat' dir='ltr'>ordines</span> 
     </span>
    </p>
   </div>
   <div class='ocr_carea' id='block_1_62' title="bbox 1942 1617 3583 1691">
    <p class='ocr_par' dir='ltr' id='par_1_62' title="bbox 1942 1617 3583 1691">
     <span class='ocr_line' id='line_1_62' title="bbox 1942 1617 3583 1691; baseline 0.001 -19"><span class='ocrx_word' id='word_1_419' title='bbox 1942 1635 2045 1673; x_wconf 88' lang='lat' dir='ltr'>seu</span> <span class='ocrx_word' id='word_1_420' title='bbox 2077 1617 2291 1689; x_wconf 89' lang='lat' dir='ltr'>gradus</span> <span class='ocrx_word' id='word_1_421' title='bbox 2324 1617 2674 1683; x_wconf 89' lang='lat' dir='ltr'>tradidisse;</span> <span class='ocrx_word' id='word_1_422' title='bbox 2728 1620 2886 1690; x_wconf 90' lang='lat' dir='ltr'>quod</span> <span class='ocrx_word' id='word_1_423' title='bbox 2939 1621 3051 1675; x_wconf 92' lang='lat' dir='ltr'>hoc</span> <span class='ocrx_word' id='word_1_424' title='bbox 3108 1620 3236 1675; x_wconf 92' lang='lat' dir='ltr'>loco</span> <span class='ocrx_word' id='word_1_425' title='bbox 3286 1620 3428 1676; x_wconf 89' lang='lat' dir='ltr'>satis</span> <span class='ocrx_word' id='word_1_426' title='bbox 3477 1637 3583 1691; x_wconf 90' lang='lat' dir='ltr'>op-</span> 
     </span>
    </p>
   </div>
   <div class='ocr_carea' id='block_1_63' title="bbox 1938 1705 3582 1779">
    <p class='ocr_par' dir='ltr' id='par_1_63' title="bbox 1938 1705 3582 1779">
     <span class='ocr_line' id='line_1_63' title="bbox 1938 1705 3582 1779; baseline 0.001 -19"><span class='ocrx_word' id='word_1_427' title='bbox 1938 1711 2194 1778; x_wconf 89' lang='lat' dir='ltr'>portuno</span> <span class='ocrx_word' id='word_1_428' title='bbox 2219 1705 2748 1762; x_wconf 89' lang='lat' dir='ltr'>demonstrandum</span> <span class='ocrx_word' id='word_1_429' title='bbox 2773 1711 3021 1779; x_wconf 90' lang='lat' dir='ltr'>suscepi.</span> <span class='ocrx_word' id='word_1_430' title='bbox 3049 1710 3195 1763; x_wconf 91' lang='lat' dir='ltr'>Sunt</span> <span class='ocrx_word' id='word_1_431' title='bbox 3219 1715 3412 1764; x_wconf 90' lang='lat' dir='ltr'>autem</span> <span class='ocrx_word' id='word_1_432' title='bbox 3432 1709 3489 1762; x_wconf 91' lang='lat' dir='ltr'>hi</span> <span class='ocrx_word' id='word_1_433' title='bbox 3513 1726 3582 1762; x_wconf 86' lang='lat' dir='ltr'>ex</span> 
     </span>
    </p>
   </div>
   <div class='ocr_carea' id='block_1_64' title="bbox 1940 1796 3579 1870">
    <p class='ocr_par' dir='ltr' id='par_1_64' title="bbox 1940 1796 3579 1870">
     <span class='ocr_line' id='line_1_64' title="bbox 1940 1796 3579 1870; baseline 0.001 -20"><span class='ocrx_word' id='word_1_434' title='bbox 1940 1796 2255 1862; x_wconf 91' lang='lat' dir='ltr'>veteribus,</span> <span class='ocrx_word' id='word_1_435' title='bbox 2288 1800 2354 1850; x_wconf 89' lang='lat' dir='ltr'>ut</span> <span class='ocrx_word' id='word_1_436' title='bbox 2383 1797 2615 1867; x_wconf 85' lang='lat' dir='ltr'>Opinor,</span> <span class='ocrx_word' id='word_1_437' title='bbox 2639 1814 2866 1865; x_wconf 77' lang='lat' dir='ltr'>omnes,</span> <span class='ocrx_word' id='word_1_438' title='bbox 2899 1803 3000 1852; x_wconf 89' lang='lat' dir='ltr'>aut</span> <span class='ocrx_word' id='word_1_439' title='bbox 3031 1804 3188 1853; x_wconf 90' lang='lat' dir='ltr'>certe</span> <span class='ocrx_word' id='word_1_440' title='bbox 3217 1797 3579 1870; x_wconf 77' lang='lat' dir='ltr'>praecipui,S,</span> 
     </span>
    </p>
   </div>
   <div class='ocr_carea' id='block_1_65' title="bbox 1939 1885 3581 1957">
    <p class='ocr_par' dir='ltr' id='par_1_65' title="bbox 1939 1885 3581 1957">
     <span class='ocr_line' id='line_1_65' title="bbox 1939 1885 3581 1957; baseline 0 -17"><span class='ocrx_word' id='word_1_441' title='bbox 1939 1885 2410 1956; x_wconf 83' lang='lat' dir='ltr'>Chrysostomus,</span> <span class='ocrx_word' id='word_1_442' title='bbox 2444 1886 2853 1957; x_wconf 75' lang='lat' dir='ltr'>Hieronymus,</span> <span class='ocrx_word' id='word_1_443' title='bbox 2881 1885 3300 1954; x_wconf 88' lang='lat' dir='ltr'>Theodoretus,</span> <span class='ocrx_word' id='word_1_444' title='bbox 3327 1887 3581 1941; x_wconf 87' lang='lat' dir='ltr'>Ambro-</span> 
     </span>
    </p>
   </div>
   <div class='ocr_carea' id='block_1_66' title="bbox 1939 1973 3583 2046">
    <p class='ocr_par' dir='ltr' id='par_1_66' title="bbox 1939 1973 3583 2046">
     <span class='ocr_line' id='line_1_66' title="bbox 1939 1973 3583 2046; baseline 0 -18"><span class='ocrx_word' id='word_1_445' title='bbox 1939 1975 2168 2038; x_wconf 90' lang='lat' dir='ltr'>siaster,</span> <span class='ocrx_word' id='word_1_446' title='bbox 2201 1973 2490 2046; x_wconf 88' lang='lat' dir='ltr'>Pelagius,</span> <span class='ocrx_word' id='word_1_447' title='bbox 2527 1975 2812 2040; x_wconf 88' lang='lat' dir='ltr'>Sedulius,</span> <span class='ocrx_word' id='word_1_448' title='bbox 2848 1976 3189 2042; x_wconf 88' lang='lat' dir='ltr'>Primasius,</span> <span class='ocrx_word' id='word_1_449' title='bbox 3221 1975 3583 2046; x_wconf 86' lang='lat' dir='ltr'>Theophyla-</span> 
     </span>
    </p>
   </div>
   <div class='ocr_carea' id='block_1_67' title="bbox 1938 2063 3582 2134">
    <p class='ocr_par' dir='ltr' id='par_1_67' title="bbox 1938 2063 3582 2134">
     <span class='ocr_line' id='line_1_67' title="bbox 1938 2063 3582 2134; baseline 0 -17"><span class='ocrx_word' id='word_1_450' title='bbox 1938 2069 2087 2131; x_wconf 91' lang='lat' dir='ltr'>ctus,</span> <span class='ocrx_word' id='word_1_451' title='bbox 2118 2063 2530 2119; x_wconf 88' lang='lat' dir='ltr'>OEcumenius.</span> <span class='ocrx_word' id='word_1_452' title='bbox 2565 2064 2671 2129; x_wconf 91' lang='lat' dir='ltr'>Qui</span> <span class='ocrx_word' id='word_1_453' title='bbox 2704 2065 2969 2119; x_wconf 90' lang='lat' dir='ltr'>omnium</span> <span class='ocrx_word' id='word_1_454' title='bbox 3002 2065 3228 2134; x_wconf 84' lang='lat' dir='ltr'>primus</span> <span class='ocrx_word' id='word_1_455' title='bbox 3250 2066 3403 2119; x_wconf 89' lang='lat' dir='ltr'>inter</span> <span class='ocrx_word' id='word_1_456' title='bbox 3426 2065 3582 2118; x_wconf 82' lang='lat' dir='ltr'>Grae-</span> 
     </span>
    </p>
   </div>
   <div class='ocr_carea' id='block_1_68' title="bbox 1937 2152 3576 2209">
    <p class='ocr_par' dir='ltr' id='par_1_68' title="bbox 1937 2152 3576 2209">
     <span class='ocr_line' id='line_1_68' title="bbox 1937 2152 3576 2209; baseline -0.001 -1"><span class='ocrx_word' id='word_1_457' title='bbox 1937 2170 2036 2208; x_wconf 90' lang='lat' dir='ltr'>cos</span> <span class='ocrx_word' id='word_1_458' title='bbox 2065 2152 2218 2206; x_wconf 90' lang='lat' dir='ltr'>hanc</span> <span class='ocrx_word' id='word_1_459' title='bbox 2245 2153 2554 2207; x_wconf 89' lang='lat' dir='ltr'>nominum</span> <span class='ocrx_word' id='word_1_460' title='bbox 2595 2153 3006 2208; x_wconf 85' lang='lat' dir='ltr'>confusionem</span> <span class='ocrx_word' id='word_1_461' title='bbox 3033 2154 3207 2208; x_wconf 91' lang='lat' dir='ltr'>nobis</span> <span class='ocrx_word' id='word_1_462' title='bbox 3237 2152 3482 2209; x_wconf 88' lang='lat' dir='ltr'>tradidit</span> <span class='ocrx_word' id='word_1_463' title='bbox 3521 2153 3576 2207; x_wconf 94' lang='lat' dir='ltr'>S.</span> 
     </span>
    </p>
   </div>
   <div class='ocr_carea' id='block_1_69' title="bbox 1936 2242 3580 2313">
    <p class='ocr_par' dir='ltr' id='par_1_69' title="bbox 1936 2242 3580 2313">
     <span class='ocr_line' id='line_1_69' title="bbox 1936 2242 3580 2313; baseline 0 -17"><span class='ocrx_word' id='word_1_464' title='bbox 1936 2242 2636 2313; x_wconf 83' lang='lat' dir='ltr'>Chrysostomus,ubique</span> <span class='ocrx_word' id='word_1_465' title='bbox 2651 2242 2912 2297; x_wconf 89' lang='lat' dir='ltr'>ostendit</span> <span class='ocrx_word' id='word_1_466' title='bbox 2933 2243 3111 2297; x_wconf 85' lang='lat' dir='ltr'>etiam</span> <span class='ocrx_word' id='word_1_467' title='bbox 3139 2247 3279 2298; x_wconf 91' lang='lat' dir='ltr'>tunc</span> <span class='ocrx_word' id='word_1_468' title='bbox 3292 2242 3580 2312; x_wconf 89' lang='lat' dir='ltr'>temporis</span> 
     </span>
    </p>
   </div>
   <div class='ocr_carea' id='block_1_70' title="bbox 1938 2330 3583 2404">
    <p class='ocr_par' dir='ltr' id='par_1_70' title="bbox 1938 2330 3583 2404">
     <span class='ocr_line' id='line_1_70' title="bbox 1938 2330 3583 2404; baseline -0.002 -18"><span class='ocrx_word' id='word_1_469' title='bbox 1938 2331 2340 2403; x_wconf 89' lang='lat' dir='ltr'>episcopatum</span> <span class='ocrx_word' id='word_1_470' title='bbox 2371 2331 2549 2386; x_wconf 88' lang='lat' dir='ltr'>fuisse</span> <span class='ocrx_word' id='word_1_471' title='bbox 2580 2332 2850 2386; x_wconf 89' lang='lat' dir='ltr'>ordinem</span> <span class='ocrx_word' id='word_1_472' title='bbox 2881 2348 2915 2386; x_wconf 90' lang='lat' dir='ltr'>a</span> <span class='ocrx_word' id='word_1_473' title='bbox 2944 2332 3354 2404; x_wconf 89' lang='lat' dir='ltr'>presbyteratu</span> <span class='ocrx_word' id='word_1_474' title='bbox 3377 2330 3583 2384; x_wconf 90' lang='lat' dir='ltr'>distin-</span> 
     </span>
    </p>
   </div>
   <div class='ocr_carea' id='block_1_71' title="bbox 1937 2417 3578 2492">
    <p class='ocr_par' dir='ltr' id='par_1_71' title="bbox 1937 2417 3578 2492">
     <span class='ocr_line' id='line_1_71' title="bbox 1937 2417 3578 2492; baseline -0.002 -18"><span class='ocrx_word' id='word_1_475' title='bbox 1937 2425 2097 2475; x_wconf 91' lang='lat' dir='ltr'>ctum</span> <span class='ocrx_word' id='word_1_476' title='bbox 2121 2426 2178 2475; x_wconf 94' lang='lat' dir='ltr'>et</span> <span class='ocrx_word' id='word_1_477' title='bbox 2199 2421 2587 2491; x_wconf 88' lang='lat' dir='ltr'>superiorem.</span> <span class='ocrx_word' id='word_1_478' title='bbox 2615 2421 2701 2476; x_wconf 86' lang='lat' dir='ltr'>Ad</span> <span class='ocrx_word' id='word_1_479' title='bbox 2726 2420 2824 2476; x_wconf 89' lang='lat' dir='ltr'>illa</span> <span class='ocrx_word' id='word_1_480' title='bbox 2846 2420 3023 2476; x_wconf 90' lang='lat' dir='ltr'>verba</span> <span class='ocrx_word' id='word_1_481' title='bbox 3047 2421 3304 2492; x_wconf 87' lang='lat' dir='ltr'>Philipp.</span> <span class='ocrx_word' id='word_1_482' title='bbox 3332 2439 3371 2488; x_wconf 87' lang='grc' dir='ltr'>ι,</span> <span class='ocrx_word' id='word_1_483' title='bbox 3392 2423 3447 2474; x_wconf 75' lang='lat'>1:</span> <span class='ocrx_word' id='word_1_484' title='bbox 3475 2417 3578 2470; x_wconf 78' lang='grc' dir='ltr'>Σὺν</span> 
     </span>
    </p>
   </div>
   <div class='ocr_carea' id='block_1_72' title="bbox 1937 2507 3578 2575">
    <p class='ocr_par' dir='ltr' id='par_1_72' title="bbox 1937 2507 3578 2575">
     <span class='ocr_line' id='line_1_72' title="bbox 1937 2507 3578 2575; baseline -0.002 -11"><span class='ocrx_word' id='word_1_485' title='bbox 1937 2507 2254 2573; x_wconf 79' lang='grc' dir='ltr'>ἐπισκόποις</span> <span class='ocrx_word' id='word_1_486' title='bbox 2282 2510 2369 2564; x_wconf 74' lang='grc' dir='ltr'>καὶ</span> <span class='ocrx_word' id='word_1_487' title='bbox 2404 2507 2698 2575; x_wconf 76' lang='grc' dir='ltr'>διακόνοις,</span> <span class='ocrx_word' id='word_1_488' title='bbox 2753 2512 2878 2566; x_wconf 71' lang='lat' dir='ltr'>ham</span> <span class='ocrx_word' id='word_1_489' title='bbox 2930 2511 3177 2567; x_wconf 89' lang='lat' dir='ltr'>adnotat</span> <span class='ocrx_word' id='word_1_490' title='bbox 3209 2529 3221 2565; x_wconf 89' lang='lat'>:</span> <span class='ocrx_word' id='word_1_491' title='bbox 3269 2509 3332 2566; x_wconf 76' lang='grc' dir='ltr'>Τί</span> <span class='ocrx_word' id='word_1_492' title='bbox 3377 2513 3578 2575; x_wconf 58' lang='lat' dir='ltr'>tofi-to;</span> 
     </span>
    </p>
   </div>
   <div class='ocr_carea' id='block_1_73' title="bbox 1936 2595 3583 2670">
    <p class='ocr_par' dir='ltr' id='par_1_73' title="bbox 1936 2595 3583 2670">
     <span class='ocr_line' id='line_1_73' title="bbox 1936 2595 3583 2670; baseline -0.003 -17"><span class='ocrx_word' id='word_1_493' title='bbox 1936 2603 2076 2658; x_wconf 80' lang='grc' dir='ltr'>Μιᾶς</span> <span class='ocrx_word' id='word_1_494' title='bbox 2107 2597 2324 2658; x_wconf 84' lang='grc' dir='ltr'>πόλεως</span> <span class='ocrx_word' id='word_1_495' title='bbox 2355 2596 2562 2653; x_wconf 83' lang='grc' dir='ltr'>πολλοὶ</span> <span class='ocrx_word' id='word_1_496' title='bbox 2582 2597 2872 2652; x_wconf 79' lang='grc' dir='ltr'>ἐπίσκοποι</span> <span class='ocrx_word' id='word_1_497' title='bbox 2893 2598 3028 2666; x_wconf 78' lang='grc' dir='ltr'>ἦσαν</span> <span class='ocrx_word' id='word_1_498' title='bbox 3057 2617 3069 2665; x_wconf 90' lang='grc'>;</span> <span class='ocrx_word' id='word_1_499' title='bbox 3104 2595 3400 2670; x_wconf 77' lang='grc' dir='ltr'>Οὖδαμῶς’</span> <span class='ocrx_word' id='word_1_500' title='bbox 3435 2595 3583 2650; x_wconf 80' lang='grc' dir='ltr'>ἀλλὰ</span> 
     </span>
    </p>
   </div>
   <div class='ocr_carea' id='block_1_74' title="bbox 1934 2681 3580 2761">
    <p class='ocr_par' dir='ltr' id='par_1_74' title="bbox 1934 2681 3580 2761">
     <span class='ocr_line' id='line_1_74' title="bbox 1934 2681 3580 2761; baseline -0.002 -21"><span class='ocrx_word' id='word_1_501' title='bbox 1934 2685 2061 2747; x_wconf 82' lang='grc' dir='ltr'>τοὺς</span> <span class='ocrx_word' id='word_1_502' title='bbox 2121 2681 2518 2761; x_wconf 76' lang='grc' dir='ltr'>πρεσϐυτέρους</span> <span class='ocrx_word' id='word_1_503' title='bbox 2575 2687 2748 2749; x_wconf 78' lang='grc' dir='ltr'>οὕτως</span> <span class='ocrx_word' id='word_1_504' title='bbox 2803 2684 3041 2740; x_wconf 78' lang='grc' dir='ltr'>ἐκάλεσε³</span> <span class='ocrx_word' id='word_1_505' title='bbox 3100 2686 3225 2740; x_wconf 83' lang='grc' dir='ltr'><strong>τότε</strong></span> <span class='ocrx_word' id='word_1_506' title='bbox 3286 2685 3386 2759; x_wconf 83' lang='grc' dir='ltr'>γὰρ</span> <span class='ocrx_word' id='word_1_507' title='bbox 3444 2682 3580 2743; x_wconf 71' lang='grc' dir='ltr'>τέως</span> 
     </span>
    </p>
   </div>
   <div class='ocr_carea' id='block_1_75' title="bbox 1936 2771 3583 2846">
    <p class='ocr_par' dir='ltr' id='par_1_75' title="bbox 1936 2771 3583 2846">
     <span class='ocr_line' id='line_1_75' title="bbox 1936 2771 3583 2846; baseline -0.002 -16"><span class='ocrx_word' id='word_1_508' title='bbox 1936 2773 2254 2830; x_wconf 67' lang='grc' dir='ltr'>ἐκοινώνουν</span> <span class='ocrx_word' id='word_1_509' title='bbox 2285 2780 2400 2836; x_wconf 79' lang='grc' dir='ltr'>τοῖς</span> <span class='ocrx_word' id='word_1_510' title='bbox 2447 2774 2697 2846; x_wconf 84' lang='grc' dir='ltr'>ὀνόμασι,</span> <span class='ocrx_word' id='word_1_511' title='bbox 2755 2773 2844 2827; x_wconf 84' lang='grc' dir='ltr'>καὶ</span> <span class='ocrx_word' id='word_1_512' title='bbox 2899 2771 3148 2835; x_wconf 86' lang='grc' dir='ltr'>διάκονος</span> <span class='ocrx_word' id='word_1_513' title='bbox 3207 2775 3235 2826; x_wconf 87' lang='grc' dir='ltr'>ὁ</span> <span class='ocrx_word' id='word_1_514' title='bbox 3291 2771 3583 2833; x_wconf 81' lang='grc' dir='ltr'>ἐπίσκοπος</span> 
     </span>
    </p>
   </div>
   <div class='ocr_carea' id='block_1_76' title="bbox 1939 2863 3584 2940">
    <p class='ocr_par' dir='ltr' id='par_1_76' title="bbox 1939 2863 3584 2940">
     <span class='ocr_line' id='line_1_76' title="bbox 1939 2863 3584 2940; baseline -0.002 -21"><span class='ocrx_word' id='word_1_515' title='bbox 1939 2864 2176 2940; x_wconf 76' lang='grc' dir='ltr'>ἐλέγετο.</span> <span class='ocrx_word' id='word_1_516' title='bbox 2213 2888 2240 2915; x_wconf 87' lang='grc'>‹‹</span> <span class='ocrx_word' id='word_1_517' title='bbox 2272 2865 2424 2930; x_wconf 88' lang='lat' dir='ltr'>Quid</span> <span class='ocrx_word' id='word_1_518' title='bbox 2455 2865 2613 2920; x_wconf 86' lang='lat' dir='ltr'>hoc?</span> <span class='ocrx_word' id='word_1_519' title='bbox 2645 2865 2828 2920; x_wconf 91' lang='lat' dir='ltr'>Unius</span> <span class='ocrx_word' id='word_1_520' title='bbox 2859 2864 3023 2919; x_wconf 91' lang='lat' dir='ltr'>urbis</span> <span class='ocrx_word' id='word_1_521' title='bbox 3053 2864 3227 2918; x_wconf 91' lang='lat' dir='ltr'>multi</span> <span class='ocrx_word' id='word_1_522' title='bbox 3260 2869 3429 2917; x_wconf 92' lang='lat' dir='ltr'>erant</span> <span class='ocrx_word' id='word_1_523' title='bbox 3457 2863 3584 2932; x_wconf 83' lang='lat' dir='ltr'>epi-</span> 
     </span>
    </p>
   </div>
   <div class='ocr_carea' id='block_1_77' title="bbox 1940 2951 3582 3028">
    <p class='ocr_par' dir='ltr' id='par_1_77' title="bbox 1940 2951 3582 3028">
     <span class='ocr_line' id='line_1_77' title="bbox 1940 2951 3582 3028; baseline -0.004 -16"><span class='ocrx_word' id='word_1_524' title='bbox 1940 2955 2146 3028; x_wconf 83' lang='lat' dir='ltr'>scopi?</span> <span class='ocrx_word' id='word_1_525' title='bbox 2170 2958 2552 3026; x_wconf 84' lang='lat' dir='ltr'>Nequaquam</span> <span class='ocrx_word' id='word_1_526' title='bbox 2581 2954 2714 3019; x_wconf 86' lang='lat' dir='ltr'>;sed</span> <span class='ocrx_word' id='word_1_527' title='bbox 2738 2954 3114 3024; x_wconf 88' lang='lat' dir='ltr'>presbyteros</span> <span class='ocrx_word' id='word_1_528' title='bbox 3135 2954 3217 3007; x_wconf 91' lang='lat' dir='ltr'>ita</span> <span class='ocrx_word' id='word_1_529' title='bbox 3232 2951 3582 3024; x_wconf 87' lang='lat' dir='ltr'>appellavit:</span> 
     </span>
    </p>
   </div>
   <div class='ocr_carea' id='block_1_78' title="bbox 1938 3040 3589 3107">
    <p class='ocr_par' dir='ltr' id='par_1_78' title="bbox 1938 3040 3589 3107">
     <span class='ocr_line' id='line_1_78' title="bbox 1938 3040 3589 3107; baseline -0.004 -7"><span class='ocrx_word' id='word_1_530' title='bbox 1938 3051 2080 3100; x_wconf 91' lang='lat' dir='ltr'>tunc</span> <span class='ocrx_word' id='word_1_531' title='bbox 2113 3045 2268 3100; x_wconf 89' lang='lat' dir='ltr'>enim</span> <span class='ocrx_word' id='word_1_532' title='bbox 2319 3043 2511 3098; x_wconf 89' lang='lat' dir='ltr'>adhuc</span> <span class='ocrx_word' id='word_1_533' title='bbox 2558 3043 2900 3098; x_wconf 89' lang='lat' dir='ltr'>nominibus</span> <span class='ocrx_word' id='word_1_534' title='bbox 2952 3040 3496 3107; x_wconf 87' lang='lat' dir='ltr'>communicabant,</span> <span class='ocrx_word' id='word_1_535' title='bbox 3530 3044 3589 3094; x_wconf 91' lang='lat' dir='ltr'>et</span> 
     </span>
    </p>
   </div>
   <div class='ocr_carea' id='block_1_79' title="bbox 1940 3130 3586 3208">
    <p class='ocr_par' dir='ltr' id='par_1_79' title="bbox 1940 3130 3586 3208">
     <span class='ocr_line' id='line_1_79' title="bbox 1940 3130 3586 3208; baseline -0.005 -17"><span class='ocrx_word' id='word_1_536' title='bbox 1940 3135 2253 3208; x_wconf 84' lang='lat' dir='ltr'>episcopus</span> <span class='ocrx_word' id='word_1_537' title='bbox 2283 3133 2566 3188; x_wconf 88' lang='lat' dir='ltr'>diaconus</span> <span class='ocrx_word' id='word_1_538' title='bbox 2597 3132 2922 3188; x_wconf 89' lang='lat' dir='ltr'>dicebatur.</span> <span class='ocrx_word' id='word_1_539' title='bbox 2946 3154 2973 3181; x_wconf 87' lang='lat'>»</span> <span class='ocrx_word' id='word_1_540' title='bbox 3004 3131 3254 3202; x_wconf 85' lang='lat' dir='ltr'>Agnovit</span> <span class='ocrx_word' id='word_1_541' title='bbox 3274 3130 3586 3202; x_wconf 84' lang='lat' dir='ltr'>igitursin-</span> 
     </span>
    </p>
   </div>
   <div class='ocr_carea' id='block_1_80' title="bbox 1940 3221 3583 3297">
    <p class='ocr_par' dir='ltr' id='par_1_80' title="bbox 1940 3221 3583 3297">
     <span class='ocr_line' id='line_1_80' title="bbox 1940 3221 3583 3297; baseline -0.006 -16"><span class='ocrx_word' id='word_1_542' title='bbox 1940 3225 2174 3297; x_wconf 83' lang='lat' dir='ltr'>gulares</span> <span class='ocrx_word' id='word_1_543' title='bbox 2207 3224 2516 3295; x_wconf 90' lang='lat' dir='ltr'>episcopos</span> <span class='ocrx_word' id='word_1_544' title='bbox 2547 3222 2609 3276; x_wconf 91' lang='lat' dir='ltr'>in</span> <span class='ocrx_word' id='word_1_545' title='bbox 2643 3221 2889 3292; x_wconf 80' lang='lat' dir='ltr'>singulis</span> <span class='ocrx_word' id='word_1_546' title='bbox 2920 3221 3165 3276; x_wconf 91' lang='lat' dir='ltr'>urbibus</span> <span class='ocrx_word' id='word_1_547' title='bbox 3213 3221 3583 3285; x_wconf 90' lang='lat' dir='ltr'>constitutos,</span> 
     </span>
    </p>
   </div>
   <div class='ocr_carea' id='block_1_81' title="bbox 1942 3303 3582 3383">
    <p class='ocr_par' dir='ltr' id='par_1_81' title="bbox 1942 3303 3582 3383">
     <span class='ocr_line' id='line_1_81' title="bbox 1942 3303 3582 3383; baseline -0.005 -17"><span class='ocrx_word' id='word_1_548' title='bbox 1942 3313 2043 3383; x_wconf 90' lang='lat' dir='ltr'>qui</span> <span class='ocrx_word' id='word_1_549' title='bbox 2075 3327 2233 3366; x_wconf 90' lang='lat' dir='ltr'>nunc</span> <span class='ocrx_word' id='word_1_550' title='bbox 2265 3309 2548 3381; x_wconf 90' lang='lat' dir='ltr'>episcopi,</span> <span class='ocrx_word' id='word_1_551' title='bbox 2579 3325 2739 3363; x_wconf 87' lang='lat' dir='ltr'>nunc</span> <span class='ocrx_word' id='word_1_552' title='bbox 2769 3307 3121 3379; x_wconf 88' lang='lat' dir='ltr'>presbyteri,</span> <span class='ocrx_word' id='word_1_553' title='bbox 3156 3322 3319 3361; x_wconf 91' lang='lat' dir='ltr'>nunc</span> <span class='ocrx_word' id='word_1_554' title='bbox 3347 3303 3582 3360; x_wconf 90' lang='lat' dir='ltr'>diaconi</span> 
     </span>
    </p>
   </div>
   <div class='ocr_carea' id='block_1_82' title="bbox 1934 3394 3582 3470">
    <p class='ocr_par' dir='ltr' id='par_1_82' title="bbox 1934 3394 3582 3470">
     <span class='ocr_line' id='line_1_82' title="bbox 1934 3394 3582 3470; baseline -0.005 -14"><span class='ocrx_word' id='word_1_555' title='bbox 1934 3401 2303 3456; x_wconf 84' lang='lat' dir='ltr'>dicebantur.</span> <span class='ocrx_word' id='word_1_556' title='bbox 2338 3399 2533 3454; x_wconf 89' lang='lat' dir='ltr'>Talem</span> <span class='ocrx_word' id='word_1_557' title='bbox 2586 3398 2930 3470; x_wconf 90' lang='lat' dir='ltr'>episcopum</span> <span class='ocrx_word' id='word_1_558' title='bbox 2979 3396 3352 3451; x_wconf 90' lang='lat' dir='ltr'>Timotheum</span> <span class='ocrx_word' id='word_1_559' title='bbox 3399 3394 3582 3448; x_wconf 88' lang='lat' dir='ltr'>fuisse</span> 
     </span>
    </p>
   </div>
   <div class='ocr_carea' id='block_1_83' title="bbox 1936 3481 3580 3562">
    <p class='ocr_par' dir='ltr' id='par_1_83' title="bbox 1936 3481 3580 3562">
     <span class='ocr_line' id='line_1_83' title="bbox 1936 3481 3580 3562; baseline -0.007 -17"><span class='ocrx_word' id='word_1_560' title='bbox 1936 3489 2189 3545; x_wconf 83' lang='lat' dir='ltr'>asseruit</span> <span class='ocrx_word' id='word_1_561' title='bbox 2219 3506 2230 3542; x_wconf 95' lang='lat'>:</span> <span class='ocrx_word' id='word_1_562' title='bbox 2261 3488 2385 3544; x_wconf 79' lang='grc' dir='ltr'>’Ὀτι</span> <span class='ocrx_word' id='word_1_563' title='bbox 2410 3487 2511 3562; x_wconf 81' lang='grc' dir='ltr'>γὰρ</span> <span class='ocrx_word' id='word_1_564' title='bbox 2544 3485 2840 3544; x_wconf 65' lang='grc' dir='ltr'>ἐπίσκοπος</span> <span class='ocrx_word' id='word_1_565' title='bbox 2890 3485 2981 3553; x_wconf 78' lang='grc' dir='ltr'>ἦν,</span> <span class='ocrx_word' id='word_1_566' title='bbox 3030 3482 3165 3559; x_wconf 77' lang='grc' dir='ltr'>φησὶ</span> <span class='ocrx_word' id='word_1_567' title='bbox 3213 3484 3350 3556; x_wconf 89' lang='grc' dir='ltr'>πρὸς</span> <span class='ocrx_word' id='word_1_568' title='bbox 3400 3481 3580 3548; x_wconf 81' lang='grc' dir='ltr'>αὑτὸν,</span> 
     </span>
    </p>
   </div>
   <div class='ocr_carea' id='block_1_84' title="bbox 1937 3572 3584 3651">
    <p class='ocr_par' dir='ltr' id='par_1_84' title="bbox 1937 3572 3584 3651">
     <span class='ocr_line' id='line_1_84' title="bbox 1937 3572 3584 3651; baseline -0.005 -18"><span class='ocrx_word' id='word_1_569' title='bbox 1937 3581 2134 3651; x_wconf 82' lang='grc' dir='ltr'>Χεῖρας</span> <span class='ocrx_word' id='word_1_570' title='bbox 2153 3577 2370 3651; x_wconf 82' lang='grc' dir='ltr'>ταχέιυς</span> <span class='ocrx_word' id='word_1_571' title='bbox 2394 3573 2583 3647; x_wconf 81' lang='grc' dir='ltr'>μηδενὶ</span> <span class='ocrx_word' id='word_1_572' title='bbox 2614 3572 2861 3629; x_wconf 80' lang='grc' dir='ltr'>ἐπιτίθει.</span> <span class='ocrx_word' id='word_1_573' title='bbox 2897 3596 2926 3624; x_wconf 88' lang='grc'>‹‹</span> <span class='ocrx_word' id='word_1_574' title='bbox 2950 3575 3242 3639; x_wconf 84' lang='lat' dir='ltr'>Quoniam</span> <span class='ocrx_word' id='word_1_575' title='bbox 3274 3573 3432 3628; x_wconf 89' lang='lat' dir='ltr'>enim</span> <span class='ocrx_word' id='word_1_576' title='bbox 3458 3573 3584 3642; x_wconf 83' lang='lat' dir='ltr'>epi-</span> 
     </span>
    </p>
   </div>
   <div class='ocr_carea' id='block_1_85' title="bbox 1938 3662 3580 3740">
    <p class='ocr_par' dir='ltr' id='par_1_85' title="bbox 1938 3662 3580 3740">
     <span class='ocr_line' id='line_1_85' title="bbox 1938 3662 3580 3740; baseline -0.009 -16"><span class='ocrx_word' id='word_1_577' title='bbox 1938 3685 2150 3740; x_wconf 91' lang='lat' dir='ltr'>scopus</span> <span class='ocrx_word' id='word_1_578' title='bbox 2171 3671 2316 3730; x_wconf 90' lang='lat' dir='ltr'>erat,</span> <span class='ocrx_word' id='word_1_579' title='bbox 2337 3671 2395 3720; x_wconf 91' lang='lat' dir='ltr'>et</span> <span class='ocrx_word' id='word_1_580' title='bbox 2415 3664 2588 3720; x_wconf 90' lang='lat' dir='ltr'>dicit:</span> <span class='ocrx_word' id='word_1_581' title='bbox 2616 3667 2808 3720; x_wconf 81' lang='lat' dir='ltr'>Manus</span> <span class='ocrx_word' id='word_1_582' title='bbox 2839 3666 2948 3718; x_wconf 80' lang='lat' dir='ltr'>cito</span> <span class='ocrx_word' id='word_1_583' title='bbox 2978 3664 3188 3718; x_wconf 80' lang='lat' dir='ltr'>nemini</span> <span class='ocrx_word' id='word_1_584' title='bbox 3218 3665 3436 3733; x_wconf 84' lang='lat' dir='ltr'>impone</span> <span class='ocrx_word' id='word_1_585' title='bbox 3461 3662 3526 3715; x_wconf 78' lang='lat'>“.</span> <span class='ocrx_word' id='word_1_586' title='bbox 3553 3681 3580 3710; x_wconf 81' lang='grc'><strong>››</strong></span> 
     </span>
    </p>
   </div>
   <div class='ocr_carea' id='block_1_86' title="bbox 1938 3752 3586 3826">
    <p class='ocr_par' dir='ltr' id='par_1_86' title="bbox 1938 3752 3586 3826">
     <span class='ocr_line' id='line_1_86' title="bbox 1938 3752 3586 3826; baseline -0.005 -12"><span class='ocrx_word' id='word_1_587' title='bbox 1938 3762 2160 3814; x_wconf 78' lang='lat' dir='ltr'>Rursus</span> <span class='ocrx_word' id='word_1_588' title='bbox 2173 3773 2304 3826; x_wconf 80' lang='lat' dir='ltr'>quae</span> <span class='ocrx_word' id='word_1_589' title='bbox 2317 3760 2451 3810; x_wconf 87' lang='lat' dir='ltr'>ante</span> <span class='ocrx_word' id='word_1_590' title='bbox 2466 3753 3048 3823; x_wconf 83' lang='lat' dir='ltr'>dixeratrecolligens</span> <span class='ocrx_word' id='word_1_591' title='bbox 3061 3752 3410 3806; x_wconf 86' lang='lat' dir='ltr'>sententiam</span> <span class='ocrx_word' id='word_1_592' title='bbox 3421 3766 3586 3805; x_wconf 86' lang='lat' dir='ltr'>suam</span> 
     </span>
    </p>
   </div>
   <div class='ocr_carea' id='block_1_87' title="bbox 1939 3833 3587 3920">
    <p class='ocr_par' dir='ltr' id='par_1_87' title="bbox 1939 3833 3587 3920">
     <span class='ocr_line' id='line_1_87' title="bbox 1939 3833 3587 3920; baseline -0.008 -18"><span class='ocrx_word' id='word_1_593' title='bbox 1939 3852 2140 3920; x_wconf 87' lang='lat' dir='ltr'>aperte</span> <span class='ocrx_word' id='word_1_594' title='bbox 2171 3845 2484 3900; x_wconf 90' lang='lat' dir='ltr'>ennuntiat</span> <span class='ocrx_word' id='word_1_595' title='bbox 2512 3860 2524 3898; x_wconf 89' lang='lat'>:</span> <span class='ocrx_word' id='word_1_596' title='bbox 2558 3842 2730 3915; x_wconf 75' lang='grc' dir='ltr'>’Όπερ</span> <span class='ocrx_word' id='word_1_597' title='bbox 2763 3839 2856 3894; x_wconf 76' lang='grc' dir='ltr'>οὖν</span> <span class='ocrx_word' id='word_1_598' title='bbox 2889 3837 3046 3911; x_wconf 79' lang='grc' dir='ltr'>ἔφην,</span> <span class='ocrx_word' id='word_1_599' title='bbox 3080 3839 3172 3892; x_wconf 84' lang='grc' dir='ltr'>καὶ</span> <span class='ocrx_word' id='word_1_600' title='bbox 3203 3839 3255 3892; x_wconf 74' lang='grc' dir='ltr'>οἱ</span> <span class='ocrx_word' id='word_1_601' title='bbox 3285 3833 3587 3910; x_wconf 71' lang='grc' dir='ltr'>πρεσϐύτε-</span> 
     </span>
    </p>
   </div>
   <div class='ocr_carea' id='block_1_88' title="bbox 1941 3925 3591 4012">
    <p class='ocr_par' dir='ltr' id='par_1_88' title="bbox 1941 3925 3591 4012">
     <span class='ocr_line' id='line_1_88' title="bbox 1941 3925 3591 4012; baseline -0.008 -21"><span class='ocrx_word' id='word_1_602' title='bbox 1941 3958 2026 4012; x_wconf 94' lang='grc' dir='ltr'>ροι</span> <span class='ocrx_word' id='word_1_603' title='bbox 2055 3936 2117 3990; x_wconf 82' lang='grc' dir='ltr'>τὸ</span> <span class='ocrx_word' id='word_1_604' title='bbox 2147 3932 2380 3988; x_wconf 85' lang='grc' dir='ltr'>παλαιὸν</span> <span class='ocrx_word' id='word_1_605' title='bbox 2411 3930 2705 3986; x_wconf 78' lang='grc' dir='ltr'>ἐκαλοῦντο</span> <span class='ocrx_word' id='word_1_606' title='bbox 2738 3928 3050 3993; x_wconf 78' lang='grc' dir='ltr'>ἐπίσκοποι,</span> <span class='ocrx_word' id='word_1_607' title='bbox 3082 3928 3172 3980; x_wconf 85' lang='grc' dir='ltr'>καὶ</span> <span class='ocrx_word' id='word_1_608' title='bbox 3205 3926 3256 3980; x_wconf 79' lang='grc' dir='ltr'>οἱ</span> <span class='ocrx_word' id='word_1_609' title='bbox 3305 3925 3591 3980; x_wconf 81' lang='grc' dir='ltr'>ἐπίσκοποι</span> 
     </span>
    </p>
   </div>
   <div class='ocr_carea' id='block_1_89' title="bbox 1938 4015 3592 4099">
    <p class='ocr_par' dir='ltr' id='par_1_89' title="bbox 1938 4015 3592 4099">
     <span class='ocr_line' id='line_1_89' title="bbox 1938 4015 3592 4099; baseline -0.005 -21"><span class='ocrx_word' id='word_1_610' title='bbox 1938 4018 2294 4099; x_wconf 80' lang='grc' dir='ltr'>πρεσϐύτεροι</span> <span class='ocrx_word' id='word_1_611' title='bbox 2326 4021 2416 4074; x_wconf 83' lang='grc' dir='ltr'>καὶ</span> <span class='ocrx_word' id='word_1_612' title='bbox 2453 4015 2696 4073; x_wconf 75' lang='grc' dir='ltr'>διάκῦνοι</span> <span class='ocrx_word' id='word_1_613' title='bbox 2727 4021 2824 4072; x_wconf 76' lang='grc' dir='ltr'>τοῦ</span> <span class='ocrx_word' id='word_1_614' title='bbox 2852 4018 3092 4090; x_wconf 80' lang='grc' dir='ltr'>Χριστοῦ</span> <span class='ocrx_word' id='word_1_615' title='bbox 3137 4017 3243 4088; x_wconf 86' lang='lat' dir='ltr'>(ita</span> <span class='ocrx_word' id='word_1_616' title='bbox 3288 4017 3414 4071; x_wconf 76' lang='lat' dir='ltr'>hmc</span> <span class='ocrx_word' id='word_1_617' title='bbox 3461 4032 3592 4085; x_wconf 83' lang='lat' dir='ltr'>quae</span> 
     </span>
    </p>
   </div>
   <div class='ocr_carea' id='block_1_90' title="bbox 1940 4103 3595 4178">
    <p class='ocr_par' dir='ltr' id='par_1_90' title="bbox 1940 4103 3595 4178">
     <span class='ocr_line' id='line_1_90' title="bbox 1940 4103 3595 4178; baseline -0.008 -8"><span class='ocrx_word' id='word_1_618' title='bbox 1940 4116 2002 4170; x_wconf 91' lang='lat' dir='ltr'>in</span> <span class='ocrx_word' id='word_1_619' title='bbox 2034 4113 2206 4168; x_wconf 89' lang='lat' dir='ltr'>editis</span> <span class='ocrx_word' id='word_1_620' title='bbox 2239 4110 2485 4166; x_wconf 86' lang='lat' dir='ltr'>confusa</span> <span class='ocrx_word' id='word_1_621' title='bbox 2516 4113 2675 4176; x_wconf 88' lang='lat' dir='ltr'>sunt,</span> <span class='ocrx_word' id='word_1_622' title='bbox 2709 4106 2962 4178; x_wconf 86' lang='lat' dir='ltr'>legenda</span> <span class='ocrx_word' id='word_1_623' title='bbox 3001 4122 3130 4160; x_wconf 91' lang='lat' dir='ltr'>esse</span> <span class='ocrx_word' id='word_1_624' title='bbox 3181 4122 3250 4160; x_wconf 88' lang='lat' dir='ltr'>ex</span> <span class='ocrx_word' id='word_1_625' title='bbox 3299 4103 3595 4175; x_wconf 86' lang='lat' dir='ltr'>prioribus</span> 
     </span>
    </p>
   </div>
   <div class='ocr_carea' id='block_1_91' title="bbox 1939 4189 3595 4278">
    <p class='ocr_par' dir='ltr' id='par_1_91' title="bbox 1939 4189 3595 4278">
     <span class='ocr_line' id='line_1_91' title="bbox 1939 4189 3595 4278; baseline -0.011 -17"><span class='ocrx_word' id='word_1_626' title='bbox 1939 4204 2148 4278; x_wconf 90' lang='lat' dir='ltr'>patet),</span> <span class='ocrx_word' id='word_1_627' title='bbox 2181 4199 2300 4255; x_wconf 74' lang='grc' dir='ltr'>ὅθεν</span> <span class='ocrx_word' id='word_1_628' title='bbox 2337 4197 2426 4252; x_wconf 85' lang='grc' dir='ltr'>καὶ</span> <span class='ocrx_word' id='word_1_629' title='bbox 2467 4201 2559 4252; x_wconf 79' lang='grc' dir='ltr'>νῦν</span> <span class='ocrx_word' id='word_1_630' title='bbox 2612 4195 2818 4251; x_wconf 87' lang='grc' dir='ltr'>πολλοὶ</span> <span class='ocrx_word' id='word_1_631' title='bbox 2866 4189 3330 4269; x_wconf 76' lang='grc' dir='ltr'>συμπρεσϐυτὲρῳ</span> <span class='ocrx_word' id='word_1_632' title='bbox 3373 4190 3595 4245; x_wconf 79' lang='grc' dir='ltr'>ἐπίσκο-</span> 
     </span>
    </p>
   </div>
   <div class='ocr_carea' id='block_1_92' title="bbox 1939 4277 3596 4366">
    <p class='ocr_par' dir='ltr' id='par_1_92' title="bbox 1939 4277 3596 4366">
     <span class='ocr_line' id='line_1_92' title="bbox 1939 4277 3596 4366; baseline -0.009 -19"><span class='ocrx_word' id='word_1_633' title='bbox 1939 4277 2036 4348; x_wconf 84' lang='grc' dir='ltr'>ποι</span> <span class='ocrx_word' id='word_1_634' title='bbox 2064 4290 2328 4366; x_wconf 79' lang='grc' dir='ltr'>γράφουσι</span> <span class='ocrx_word' id='word_1_635' title='bbox 2358 4287 2448 4341; x_wconf 85' lang='grc' dir='ltr'>καὶ</span> <span class='ocrx_word' id='word_1_636' title='bbox 2505 4281 2857 4355; x_wconf 85' lang='grc' dir='ltr'>συνδιακὸνῳ,</span> <span class='ocrx_word' id='word_1_637' title='bbox 2921 4283 3122 4338; x_wconf 88' lang='grc' dir='ltr'>λοιπὸν</span> <span class='ocrx_word' id='word_1_638' title='bbox 3179 4278 3237 4336; x_wconf 74' lang='grc' dir='ltr'>δὲ</span> <span class='ocrx_word' id='word_1_639' title='bbox 3281 4281 3343 4337; x_wconf 86' lang='grc' dir='ltr'>τὸ</span> <span class='ocrx_word' id='word_1_640' title='bbox 3387 4277 3596 4349; x_wconf 80' lang='grc' dir='ltr'>ἰδιάζον</span> 
     </span>
    </p>
   </div>
   <div class='ocr_carea' id='block_1_93' title="bbox 1941 4369 3594 4452">
    <p class='ocr_par' dir='ltr' id='par_1_93' title="bbox 1941 4369 3594 4452">
     <span class='ocr_line' id='line_1_93' title="bbox 1941 4369 3594 4452; baseline -0.008 -16"><span class='ocrx_word' id='word_1_641' title='bbox 1941 4382 2146 4452; x_wconf 75' lang='grc' dir='ltr'>ἑκάστῳ</span> <span class='ocrx_word' id='word_1_642' title='bbox 2187 4375 2590 4448; x_wconf 82' lang='grc' dir='ltr'>ἀπονενέμηται</span> <span class='ocrx_word' id='word_1_643' title='bbox 2649 4373 2839 4448; x_wconf 80' lang='grc' dir='ltr'>ὄνογα,</span> <span class='ocrx_word' id='word_1_644' title='bbox 2873 4373 2901 4427; x_wconf 86' lang='grc' dir='ltr'><strong>ὁ</strong></span> <span class='ocrx_word' id='word_1_645' title='bbox 2933 4370 3236 4432; x_wconf 66' lang='grc' dir='ltr'>ἐπίσκοπος</span> <span class='ocrx_word' id='word_1_646' title='bbox 3287 4369 3376 4425; x_wconf 85' lang='grc' dir='ltr'>καὶ</span> <span class='ocrx_word' id='word_1_647' title='bbox 3408 4371 3436 4424; x_wconf 82' lang='grc' dir='ltr'>ὁ</span> <span class='ocrx_word' id='word_1_648' title='bbox 3466 4389 3594 4443; x_wconf 81' lang='grc' dir='ltr'>πρε·</span> 
     </span>
    </p>
   </div>
   <div class='ocr_carea' id='block_1_94' title="bbox 1941 4462 3597 4545">
    <p class='ocr_par' dir='ltr' id='par_1_94' title="bbox 1941 4462 3597 4545">
     <span class='ocr_line' id='line_1_94' title="bbox 1941 4462 3597 4545; baseline -0.005 -22"><span class='ocrx_word' id='word_1_649' title='bbox 1941 4467 2220 4545; x_wconf 66' lang='grc' dir='ltr'>σϐύτερος.</span> <span class='ocrx_word' id='word_1_650' title='bbox 2257 4492 2283 4520; x_wconf 90' lang='grc'>‹‹</span> <span class='ocrx_word' id='word_1_651' title='bbox 2318 4468 2482 4534; x_wconf 89' lang='lat' dir='ltr'>Quod</span> <span class='ocrx_word' id='word_1_652' title='bbox 2515 4467 2693 4538; x_wconf 84' lang='lat' dir='ltr'>igitur</span> <span class='ocrx_word' id='word_1_653' title='bbox 2725 4465 3018 4530; x_wconf 90' lang='lat' dir='ltr'>dicebam,</span> <span class='ocrx_word' id='word_1_654' title='bbox 3049 4469 3109 4518; x_wconf 90' lang='lat' dir='ltr'>et</span> <span class='ocrx_word' id='word_1_655' title='bbox 3128 4462 3456 4535; x_wconf 83' lang='lat' dir='ltr'>presbyteri</span> <span class='ocrx_word' id='word_1_656' title='bbox 3488 4477 3597 4516; x_wconf 82' lang='lat' dir='ltr'>an-</span> 
     </span>
    </p>
   </div>
   <div class='ocr_carea' id='block_1_95' title="bbox 1943 4548 3596 4634">
    <p class='ocr_par' dir='ltr' id='par_1_95' title="bbox 1943 4548 3596 4634">
     <span class='ocr_line' id='line_1_95' title="bbox 1943 4548 3596 4634; baseline -0.01 -16"><span class='ocrx_word' id='word_1_657' title='bbox 1943 4564 2193 4634; x_wconf 89' lang='lat' dir='ltr'>tiquitus</span> <span class='ocrx_word' id='word_1_658' title='bbox 2216 4558 2578 4614; x_wconf 88' lang='lat' dir='ltr'>vocabantur</span> <span class='ocrx_word' id='word_1_659' title='bbox 2603 4555 2883 4626; x_wconf 88' lang='lat' dir='ltr'>episcopi,</span> <span class='ocrx_word' id='word_1_660' title='bbox 2909 4559 2966 4608; x_wconf 93' lang='lat' dir='ltr'>et</span> <span class='ocrx_word' id='word_1_661' title='bbox 2988 4552 3246 4624; x_wconf 88' lang='lat' dir='ltr'>episcopi</span> <span class='ocrx_word' id='word_1_662' title='bbox 3269 4548 3596 4623; x_wconf 90' lang='lat' dir='ltr'>presbyteri</span> 
     </span>
    </p>
   </div>
   <div class='ocr_carea' id='block_1_96' title="bbox 173 4637 3594 4718">
    <p class='ocr_par' dir='ltr' id='par_1_96' title="bbox 173 4637 3594 4718">
     <span class='ocr_line' id='line_1_96' title="bbox 173 4637 3594 4718; baseline -0.008 2"><span class='ocrx_word' id='word_1_663' title='bbox 173 4658 233 4706; x_wconf 75' lang='grc' dir='ltr'>ῑο</span> <span class='ocrx_word' id='word_1_664' title='bbox 266 4648 468 4718; x_wconf 70' lang='grc' dir='ltr'>ωδ]ον</span> <span class='ocrx_word' id='word_1_665' title='bbox 496 4646 582 4700; x_wconf 68' lang='lat' dir='ltr'>Vis</span> <span class='ocrx_word' id='word_1_666' title='bbox 614 4648 792 4711; x_wconf 59' lang='lat' dir='ltr'>esset:</span> <span class='ocrx_word' id='word_1_667' title='bbox 833 4643 880 4697; x_wconf 66' lang='lat' dir='ltr'>Si</span> <span class='ocrx_word' id='word_1_668' title='bbox 930 4642 1248 4696; x_wconf 62' lang='lat' dir='ltr'>adversarii</span> <span class='ocrx_word' id='word_1_669' title='bbox 1299 4640 1547 4712; x_wconf 66' lang='lat' dir='ltr'>Pmbare</span> <span class='ocrx_word' id='word_1_670' title='bbox 1595 4642 1837 4710; x_wconf 62' lang='lat' dir='ltr'>13°35ent</span> <span class='ocrx_word' id='word_1_671' title='bbox 1865 4647 1912 4712; x_wconf 90' lang='lat' dir='ltr'><strong>D</strong></span> <span class='ocrx_word' id='word_1_672' title='bbox 1947 4659 2006 4710; x_wconf 90' lang='lat' dir='ltr'>et</span> <span class='ocrx_word' id='word_1_673' title='bbox 2034 4648 2269 4706; x_wconf 88' lang='lat' dir='ltr'>diaconi</span> <span class='ocrx_word' id='word_1_674' title='bbox 2303 4646 2516 4702; x_wconf 82' lang='lat' dir='ltr'>Christi</span> <span class='ocrx_word' id='word_1_675' title='bbox 2549 4644 2725 4716; x_wconf 93' lang='lat' dir='ltr'>(unde</span> <span class='ocrx_word' id='word_1_676' title='bbox 2769 4643 3097 4697; x_wconf 84' lang='lat' dir='ltr'>etiamnum</span> <span class='ocrx_word' id='word_1_677' title='bbox 3127 4641 3300 4696; x_wconf 90' lang='lat' dir='ltr'>multi</span> <span class='ocrx_word' id='word_1_678' title='bbox 3333 4637 3594 4710; x_wconf 91' lang='lat' dir='ltr'>episcopi</span> 
     </span>
    </p>
   </div>
   <div class='ocr_carea' id='block_1_97' title="bbox 173 4729 1838 4803">
    <p class='ocr_par' dir='ltr' id='par_1_97' title="bbox 173 4729 1838 4803">
     <span class='ocr_line' id='line_1_97' title="bbox 173 4729 1838 4803; baseline -0.009 -7"><span class='ocrx_word' id='word_1_679' title='bbox 173 4755 386 4796; x_wconf 87' lang='lat' dir='ltr'>revera</span> <span class='ocrx_word' id='word_1_680' title='bbox 417 4742 540 4790; x_wconf 89' lang='lat' dir='ltr'>tres</span> <span class='ocrx_word' id='word_1_681' title='bbox 573 4734 813 4789; x_wconf 88' lang='lat' dir='ltr'>ordines</span> <span class='ocrx_word' id='word_1_682' title='bbox 845 4732 1156 4787; x_wconf 85' lang='lat' dir='ltr'>distinctos</span> <span class='ocrx_word' id='word_1_683' title='bbox 1189 4731 1398 4803; x_wconf 80' lang='lat' dir='ltr'>lgnatii</span> <span class='ocrx_word' id='word_1_684' title='bbox 1440 4747 1559 4784; x_wconf 63' lang='lat' dir='ltr'>sevo</span> <span class='ocrx_word' id='word_1_685' title='bbox 1590 4729 1838 4784; x_wconf 89' lang='lat' dir='ltr'>minime</span> 
     </span>
    </p>
   </div>
   <div class='ocr_carea' id='block_1_98' title="bbox 168 4820 1840 4896">
    <p class='ocr_par' dir='ltr' id='par_1_98' title="bbox 168 4820 1840 4896">
     <span class='ocr_line' id='line_1_98' title="bbox 168 4820 1840 4896; baseline -0.009 -12"><span class='ocrx_word' id='word_1_686' title='bbox 168 4830 384 4891; x_wconf 86' lang='lat' dir='ltr'>fuisse,</span> <span class='ocrx_word' id='word_1_687' title='bbox 421 4841 572 4896; x_wconf 89' lang='lat' dir='ltr'>quos</span> <span class='ocrx_word' id='word_1_688' title='bbox 604 4821 992 4893; x_wconf 87' lang='lat' dir='ltr'>epistolarum</span> <span class='ocrx_word' id='word_1_689' title='bbox 1026 4820 1282 4890; x_wconf 90' lang='lat' dir='ltr'>scriptor</span> <span class='ocrx_word' id='word_1_690' title='bbox 1312 4824 1429 4873; x_wconf 90' lang='lat' dir='ltr'>tam</span> <span class='ocrx_word' id='word_1_691' title='bbox 1453 4823 1612 4873; x_wconf 90' lang='lat' dir='ltr'>caste</span> <span class='ocrx_word' id='word_1_692' title='bbox 1634 4822 1691 4870; x_wconf 94' lang='lat' dir='ltr'>et</span> <span class='ocrx_word' id='word_1_693' title='bbox 1711 4833 1840 4887; x_wconf 89' lang='lat' dir='ltr'>per-</span> 
     </span>
    </p>
   </div>
   <div class='ocr_carea' id='block_1_99' title="bbox 169 4907 1838 4991">
    <p class='ocr_par' dir='ltr' id='par_1_99' title="bbox 169 4907 1838 4991">
     <span class='ocr_line' id='line_1_99' title="bbox 169 4907 1838 4991; baseline -0.008 -18"><span class='ocrx_word' id='word_1_694' title='bbox 169 4924 357 4991; x_wconf 91' lang='lat' dir='ltr'>petuo</span> <span class='ocrx_word' id='word_1_695' title='bbox 392 4911 744 4984; x_wconf 85' lang='lat' dir='ltr'>distinguit;</span> <span class='ocrx_word' id='word_1_696' title='bbox 781 4927 857 4966; x_wconf 92' lang='lat' dir='ltr'>ne</span> <span class='ocrx_word' id='word_1_697' title='bbox 876 4909 1230 4965; x_wconf 84' lang='lat' dir='ltr'>sententiam</span> <span class='ocrx_word' id='word_1_698' title='bbox 1262 4907 1532 4963; x_wconf 89' lang='lat' dir='ltr'>Salmasii</span> <span class='ocrx_word' id='word_1_699' title='bbox 1556 4907 1838 4960; x_wconf 87' lang='lat' dir='ltr'>intactam</span> 
     </span>
    </p>
   </div>
   <div class='ocr_carea' id='block_1_100' title="bbox 175 4996 1839 5077">
    <p class='ocr_par' dir='ltr' id='par_1_100' title="bbox 175 4996 1839 5077">
     <span class='ocr_line' id='line_1_100' title="bbox 175 4996 1839 5077; baseline -0.008 -15"><span class='ocrx_word' id='word_1_700' title='bbox 175 5007 552 5077; x_wconf 88' lang='lat' dir='ltr'>relinquere,</span> <span class='ocrx_word' id='word_1_701' title='bbox 587 5006 691 5057; x_wconf 90' lang='lat' dir='ltr'>aut</span> <span class='ocrx_word' id='word_1_702' title='bbox 721 4999 1090 5055; x_wconf 88' lang='lat' dir='ltr'>concessioni</span> <span class='ocrx_word' id='word_1_703' title='bbox 1116 4997 1426 5053; x_wconf 78' lang='lat' dir='ltr'>Dallaeanm</span> <span class='ocrx_word' id='word_1_704' title='bbox 1458 4997 1631 5050; x_wconf 68' lang='lat' dir='ltr'>nimis</span> <span class='ocrx_word' id='word_1_705' title='bbox 1657 4996 1839 5050; x_wconf 81' lang='lat' dir='ltr'>fidere</span> 
     </span>
    </p>
   </div>
   <div class='ocr_carea' id='block_1_101' title="bbox 169 5087 1836 5158">
    <p class='ocr_par' dir='ltr' id='par_1_101' title="bbox 169 5087 1836 5158">
     <span class='ocr_line' id='line_1_101' title="bbox 169 5087 1836 5158; baseline -0.006 -10"><span class='ocrx_word' id='word_1_706' title='bbox 169 5096 404 5158; x_wconf 82' lang='lat' dir='ltr'>videar,</span> <span class='ocrx_word' id='word_1_707' title='bbox 433 5093 504 5148; x_wconf 93' lang='lat' dir='ltr'>de</span> <span class='ocrx_word' id='word_1_708' title='bbox 527 5093 636 5146; x_wconf 91' lang='lat' dir='ltr'>hac</span> <span class='ocrx_word' id='word_1_709' title='bbox 657 5107 721 5145; x_wconf 88' lang='lat' dir='ltr'>re</span> <span class='ocrx_word' id='word_1_710' title='bbox 739 5089 989 5146; x_wconf 89' lang='lat' dir='ltr'>ulterius</span> <span class='ocrx_word' id='word_1_711' title='bbox 1014 5087 1428 5143; x_wconf 86' lang='lat' dir='ltr'>disserendum</span> <span class='ocrx_word' id='word_1_712' title='bbox 1469 5103 1596 5141; x_wconf 91' lang='lat' dir='ltr'>esse</span> <span class='ocrx_word' id='word_1_713' title='bbox 1619 5087 1836 5156; x_wconf 88' lang='lat' dir='ltr'>putavi.</span> 
     </span>
    </p>
   </div>
   <div class='ocr_carea' id='block_1_102' title="bbox 167 5176 1839 5256">
    <p class='ocr_par' dir='ltr' id='par_1_102' title="bbox 167 5176 1839 5256">
     <span class='ocr_line' id='line_1_102' title="bbox 167 5176 1839 5256; baseline -0.006 -16"><span class='ocrx_word' id='word_1_714' title='bbox 167 5186 256 5240; x_wconf 89' lang='lat' dir='ltr'>Sit</span> <span class='ocrx_word' id='word_1_715' title='bbox 290 5184 474 5256; x_wconf 85' lang='lat' dir='ltr'>igitur</span> <span class='ocrx_word' id='word_1_716' title='bbox 507 5185 718 5252; x_wconf 87' lang='lat' dir='ltr'>quarta</span> <span class='ocrx_word' id='word_1_717' title='bbox 748 5178 1036 5234; x_wconf 87' lang='lat' dir='ltr'>assertio:</span> <span class='ocrx_word' id='word_1_718' title='bbox 1085 5178 1165 5230; x_wconf 89' lang='lat' dir='ltr'>Ea</span> <span class='ocrx_word' id='word_1_719' title='bbox 1215 5181 1386 5230; x_wconf 74' lang='lat' dir='ltr'>aetate</span> <span class='ocrx_word' id='word_1_720' title='bbox 1433 5191 1549 5245; x_wconf 87' lang='lat' dir='ltr'>qua</span> <span class='ocrx_word' id='word_1_721' title='bbox 1579 5176 1634 5230; x_wconf 93' lang='lat' dir='ltr'>S.</span> <span class='ocrx_word' id='word_1_722' title='bbox 1669 5176 1839 5248; x_wconf 87' lang='lat' dir='ltr'>Igna-</span> 
     </span>
    </p>
   </div>
   <div class='ocr_carea' id='block_1_103' title="bbox 164 5263 1837 5344">
    <p class='ocr_par' dir='ltr' id='par_1_103' title="bbox 164 5263 1837 5344">
     <span class='ocr_line' id='line_1_103' title="bbox 164 5263 1837 5344; baseline -0.007 -14"><span class='ocrx_word' id='word_1_723' title='bbox 164 5277 285 5330; x_wconf 85' lang='lat' dir='ltr'>tius</span> <span class='ocrx_word' id='word_1_724' title='bbox 309 5270 597 5344; x_wconf 88' lang='lat' dir='ltr'>epistolas</span> <span class='ocrx_word' id='word_1_725' title='bbox 619 5267 930 5340; x_wconf 91' lang='lat' dir='ltr'>scripsisse</span> <span class='ocrx_word' id='word_1_726' title='bbox 953 5266 1190 5332; x_wconf 90' lang='lat' dir='ltr'>dicitur,</span> <span class='ocrx_word' id='word_1_727' title='bbox 1227 5269 1347 5320; x_wconf 90' lang='lat' dir='ltr'>tres</span> <span class='ocrx_word' id='word_1_728' title='bbox 1367 5280 1568 5319; x_wconf 89' lang='lat' dir='ltr'>sacros</span> <span class='ocrx_word' id='word_1_729' title='bbox 1593 5263 1837 5319; x_wconf 93' lang='lat' dir='ltr'>ordines</span> 
     </span>
    </p>
   </div>
   <div class='ocr_carea' id='block_1_104' title="bbox 167 5354 1840 5436">
    <p class='ocr_par' dir='ltr' id='par_1_104' title="bbox 167 5354 1840 5436">
     <span class='ocr_line' id='line_1_104' title="bbox 167 5354 1840 5436; baseline -0.007 -17"><span class='ocrx_word' id='word_1_730' title='bbox 167 5381 275 5419; x_wconf 90' lang='lat' dir='ltr'>seu</span> <span class='ocrx_word' id='word_1_731' title='bbox 309 5360 529 5436; x_wconf 88' lang='lat' dir='ltr'>gradus</span> <span class='ocrx_word' id='word_1_732' title='bbox 561 5359 874 5414; x_wconf 88' lang='lat' dir='ltr'>distinctos</span> <span class='ocrx_word' id='word_1_733' title='bbox 917 5356 978 5410; x_wconf 90' lang='lat' dir='ltr'>in</span> <span class='ocrx_word' id='word_1_734' title='bbox 1029 5355 1292 5410; x_wconf 89' lang='lat' dir='ltr'>Ecclesia</span> <span class='ocrx_word' id='word_1_735' title='bbox 1339 5354 1541 5408; x_wconf 88' lang='lat' dir='ltr'>fuisse.</span> <span class='ocrx_word' id='word_1_736' title='bbox 1604 5354 1721 5408; x_wconf 85' lang='lat' dir='ltr'>Hoc</span> <span class='ocrx_word' id='word_1_737' title='bbox 1769 5354 1840 5408; x_wconf 92' lang='lat' dir='ltr'>ab</span> 
     </span>
    </p>
   </div>
   <div class='ocr_carea' id='block_1_105' title="bbox 164 5443 1840 5521">
    <p class='ocr_par' dir='ltr' id='par_1_105' title="bbox 164 5443 1840 5521">
     <span class='ocr_line' id='line_1_105' title="bbox 164 5443 1840 5521; baseline -0.005 -12"><span class='ocrx_word' id='word_1_738' title='bbox 164 5453 443 5509; x_wconf 87' lang='lat' dir='ltr'>Ecclesia</span> <span class='ocrx_word' id='word_1_739' title='bbox 467 5448 801 5521; x_wconf 84' lang='lat' dir='ltr'>Anglicana</span> <span class='ocrx_word' id='word_1_740' title='bbox 823 5462 1060 5517; x_wconf 90' lang='lat' dir='ltr'>semper</span> <span class='ocrx_word' id='word_1_741' title='bbox 1079 5443 1284 5507; x_wconf 91' lang='lat' dir='ltr'>didici,</span> <span class='ocrx_word' id='word_1_742' title='bbox 1309 5460 1440 5514; x_wconf 67' lang='lat' dir='ltr'>quae</span> <span class='ocrx_word' id='word_1_743' title='bbox 1463 5443 1522 5497; x_wconf 92' lang='lat' dir='ltr'>in</span> <span class='ocrx_word' id='word_1_744' title='bbox 1541 5443 1840 5500; x_wconf 89' lang='lat' dir='ltr'>Ordinalis</span> 
     </span>
    </p>
   </div>
   <div class='ocr_carea' id='block_1_106' title="bbox 165 5531 1839 5616">
    <p class='ocr_par' dir='ltr' id='par_1_106' title="bbox 165 5531 1839 5616">
     <span class='ocr_line' id='line_1_106' title="bbox 165 5531 1839 5616; baseline -0.007 -16"><span class='ocrx_word' id='word_1_745' title='bbox 165 5544 258 5601; x_wconf 81' lang='lat' dir='ltr'>sui</span> <span class='ocrx_word' id='word_1_746' title='bbox 290 5539 648 5616; x_wconf 64' lang='lat' dir='ltr'>praefatione</span> <span class='ocrx_word' id='word_1_747' title='bbox 682 5537 763 5592; x_wconf 90' lang='lat' dir='ltr'>ita</span> <span class='ocrx_word' id='word_1_748' title='bbox 790 5535 1061 5606; x_wconf 90' lang='lat' dir='ltr'>loquitur</span> <span class='ocrx_word' id='word_1_749' title='bbox 1115 5550 1128 5588; x_wconf 89' lang='lat'>:</span> <span class='ocrx_word' id='word_1_750' title='bbox 1161 5557 1187 5582; x_wconf 87' lang='lat'><strong>«</strong></span> <span class='ocrx_word' id='word_1_751' title='bbox 1221 5531 1468 5587; x_wconf 91' lang='lat' dir='ltr'>Evidens</span> <span class='ocrx_word' id='word_1_752' title='bbox 1515 5538 1603 5586; x_wconf 89' lang='lat' dir='ltr'>est</span> <span class='ocrx_word' id='word_1_753' title='bbox 1648 5533 1839 5588; x_wconf 88' lang='lat' dir='ltr'>omni-</span> 
     </span>
    </p>
   </div>
   <div class='ocr_carea' id='block_1_107' title="bbox 162 5621 1845 5702">
    <p class='ocr_par' dir='ltr' id='par_1_107' title="bbox 162 5621 1845 5702">
     <span class='ocr_line' id='line_1_107' title="bbox 162 5621 1845 5702; baseline -0.007 -12"><span class='ocrx_word' id='word_1_754' title='bbox 162 5634 277 5690; x_wconf 92' lang='lat' dir='ltr'>bus</span> <span class='ocrx_word' id='word_1_755' title='bbox 310 5631 638 5702; x_wconf 79' lang='lat' dir='ltr'>diligenter</span> <span class='ocrx_word' id='word_1_756' title='bbox 667 5624 1003 5697; x_wconf 84' lang='lat' dir='ltr'>legentibus</span> <span class='ocrx_word' id='word_1_757' title='bbox 1059 5627 1325 5679; x_wconf 89' lang='lat' dir='ltr'>sanctam</span> <span class='ocrx_word' id='word_1_758' title='bbox 1376 5621 1736 5692; x_wconf 88' lang='lat' dir='ltr'>Scripturam</span> <span class='ocrx_word' id='word_1_759' title='bbox 1787 5630 1845 5680; x_wconf 92' lang='lat' dir='ltr'>et</span> 
     </span>
    </p>
   </div>
   <div class='ocr_carea' id='block_1_108' title="bbox 243 5728 752 5793">
    <p class='ocr_par' dir='ltr' id='par_1_108' title="bbox 243 5728 752 5793">
     <span class='ocr_line' id='line_1_108' title="bbox 243 5728 752 5793; baseline -0.022 -5"><span class='ocrx_word' id='word_1_760' title='bbox 243 5733 293 5768; x_wconf 82' lang='grc'>⁴⁸</span> <span class='ocrx_word' id='word_1_761' title='bbox 323 5734 347 5786; x_wconf 86' lang='lat' dir='ltr'>l</span> <span class='ocrx_word' id='word_1_762' title='bbox 384 5731 540 5785; x_wconf 88' lang='lat' dir='ltr'>Tim.</span> <span class='ocrx_word' id='word_1_763' title='bbox 577 5743 630 5793; x_wconf 85' lang='lat' dir='ltr'>v,</span> <span class='ocrx_word' id='word_1_764' title='bbox 664 5728 752 5779; x_wconf 81' lang='lat'>22.</span> 
     </span>
    </p>
   </div>
   <div class='ocr_carea' id='block_1_109' title="bbox 510 5839 1048 5906">
    <p class='ocr_par' dir='ltr' id='par_1_109' title="bbox 510 5839 1048 5906">
     <span class='ocr_line' id='line_1_109' title="bbox 510 5839 1048 5906; baseline -0.004 -1"><span class='ocrx_word' id='word_1_765' title='bbox 510 5847 777 5906; x_wconf 56' lang='lat' dir='ltr'>Pauor.</span> <span class='ocrx_word' id='word_1_766' title='bbox 818 5839 927 5902; x_wconf 78' lang='lat' dir='ltr'>Gn.</span> <span class='ocrx_word' id='word_1_767' title='bbox 973 5841 1048 5903; x_wconf 82' lang='lat' dir='ltr'>V.</span> 
     </span>
    </p>
   </div>
   <div class='ocr_carea' id='block_1_110' title="bbox 1949 4731 3594 4809">
    <p class='ocr_par' dir='ltr' id='par_1_110' title="bbox 1949 4731 3594 4809">
     <span class='ocr_line' id='line_1_110' title="bbox 1949 4731 3594 4809; baseline -0.01 -13"><span class='ocrx_word' id='word_1_768' title='bbox 1949 4741 2215 4797; x_wconf 88' lang='lat' dir='ltr'>scribunt</span> <span class='ocrx_word' id='word_1_769' title='bbox 2230 4735 2794 4809; x_wconf 80' lang='lat' dir='ltr'>sympresbytero,et</span> <span class='ocrx_word' id='word_1_770' title='bbox 2810 4731 3192 4801; x_wconf 86' lang='lat' dir='ltr'>syndiaconO)</span> <span class='ocrx_word' id='word_1_771' title='bbox 3211 4751 3224 4797; x_wconf 88' lang='lat'><strong>;</strong></span> <span class='ocrx_word' id='word_1_772' title='bbox 3245 4734 3450 4800; x_wconf 91' lang='lat' dir='ltr'>postea</span> <span class='ocrx_word' id='word_1_773' title='bbox 3461 4743 3594 4781; x_wconf 87' lang='lat' dir='ltr'>vero</span> 
     </span>
    </p>
   </div>
   <div class='ocr_carea' id='block_1_111' title="bbox 1947 4820 3597 4905">
    <p class='ocr_par' dir='ltr' id='par_1_111' title="bbox 1947 4820 3597 4905">
     <span class='ocr_line' id='line_1_111' title="bbox 1947 4820 3597 4905; baseline -0.011 -17"><span class='ocrx_word' id='word_1_774' title='bbox 1947 4831 2246 4905; x_wconf 91' lang='lat' dir='ltr'>peculiare</span> <span class='ocrx_word' id='word_1_775' title='bbox 2277 4827 2600 4896; x_wconf 89' lang='lat' dir='ltr'>unicuique</span> <span class='ocrx_word' id='word_1_776' title='bbox 2634 4839 2852 4878; x_wconf 90' lang='lat' dir='ltr'>nomen</span> <span class='ocrx_word' id='word_1_777' title='bbox 2879 4824 3242 4893; x_wconf 88' lang='lat' dir='ltr'>assignatum</span> <span class='ocrx_word' id='word_1_778' title='bbox 3266 4825 3356 4872; x_wconf 93' lang='lat' dir='ltr'>est</span> <span class='ocrx_word' id='word_1_779' title='bbox 3376 4820 3597 4888; x_wconf 88' lang='lat' dir='ltr'>episco-</span> 
     </span>
    </p>
   </div>
   <div class='ocr_carea' id='block_1_112' title="bbox 1947 4906 3595 4994">
    <p class='ocr_par' dir='ltr' id='par_1_112' title="bbox 1947 4906 3595 4994">
     <span class='ocr_line' id='line_1_112' title="bbox 1947 4906 3595 4994; baseline -0.012 -16"><span class='ocrx_word' id='word_1_780' title='bbox 1947 4939 2058 4994; x_wconf 91' lang='lat' dir='ltr'>pus</span> <span class='ocrx_word' id='word_1_781' title='bbox 2091 4925 2149 4974; x_wconf 88' lang='lat' dir='ltr'>et</span> <span class='ocrx_word' id='word_1_782' title='bbox 2185 4917 2510 4990; x_wconf 87' lang='lat' dir='ltr'>presbyter.</span> <span class='ocrx_word' id='word_1_783' title='bbox 2547 4935 2574 4962; x_wconf 87' lang='lat'>»</span> <span class='ocrx_word' id='word_1_784' title='bbox 2610 4915 2832 4967; x_wconf 80' lang='lat' dir='ltr'>Rursus</span> <span class='ocrx_word' id='word_1_785' title='bbox 2880 4909 3128 4964; x_wconf 91' lang='lat' dir='ltr'>homilia</span> <span class='ocrx_word' id='word_1_786' title='bbox 3179 4907 3496 4962; x_wconf 89' lang='lat' dir='ltr'>undecima</span> <span class='ocrx_word' id='word_1_787' title='bbox 3534 4906 3595 4958; x_wconf 91' lang='lat' dir='ltr'>in</span> 
     </span>
    </p>
   </div>
   <div class='ocr_carea' id='block_1_113' title="bbox 1949 4992 3598 5082">
    <p class='ocr_par' dir='ltr' id='par_1_113' title="bbox 1949 4992 3598 5082">
     <span class='ocr_line' id='line_1_113' title="bbox 1949 4992 3598 5082; baseline -0.013 -17"><span class='ocrx_word' id='word_1_788' title='bbox 1949 4992 2202 5082; x_wconf 80' lang='lat' dir='ltr'>primam</span> <span class='ocrx_word' id='word_1_789' title='bbox 2234 5005 2306 5060; x_wconf 90' lang='lat' dir='ltr'>ad</span> <span class='ocrx_word' id='word_1_790' title='bbox 2349 5002 2720 5058; x_wconf 89' lang='lat' dir='ltr'>Timotheum</span> <span class='ocrx_word' id='word_1_791' title='bbox 2781 4998 3104 5069; x_wconf 87' lang='lat' dir='ltr'>Epistolam</span> <span class='ocrx_word' id='word_1_792' title='bbox 3141 5013 3153 5050; x_wconf 90' lang='lat'>:</span> <span class='ocrx_word' id='word_1_793' title='bbox 3206 4992 3598 5068; x_wconf 82' lang='grc' dir='ltr'>Διαλεγόμενος</span> 
     </span>
    </p>
   </div>
   <div class='ocr_carea' id='block_1_114' title="bbox 1949 5080 3598 5173">
    <p class='ocr_par' dir='ltr' id='par_1_114' title="bbox 1949 5080 3598 5173">
     <span class='ocr_line' id='line_1_114' title="bbox 1949 5080 3598 5173; baseline -0.012 -19"><span class='ocrx_word' id='word_1_794' title='bbox 1949 5080 2073 5173; x_wconf 77' lang='grc' dir='ltr'>περὶ</span> <span class='ocrx_word' id='word_1_795' title='bbox 2129 5092 2438 5151; x_wconf 78' lang='grc' dir='ltr'>ἐπισκόπων</span> <span class='ocrx_word' id='word_1_796' title='bbox 2497 5089 2586 5143; x_wconf 77' lang='grc' dir='ltr'>καὶ</span> <span class='ocrx_word' id='word_1_797' title='bbox 2647 5085 3057 5162; x_wconf 79' lang='grc' dir='ltr'>χαροκτηρίσας</span> <span class='ocrx_word' id='word_1_798' title='bbox 3108 5083 3321 5154; x_wconf 76' lang='grc' dir='ltr'>αὐτοὺς,</span> <span class='ocrx_word' id='word_1_799' title='bbox 3375 5082 3464 5136; x_wconf 80' lang='grc' dir='ltr'>καὶ</span> <span class='ocrx_word' id='word_1_800' title='bbox 3522 5080 3598 5137; x_wconf 73' lang='grc' dir='ltr'>εἶ-</span> 
     </span>
    </p>
   </div>
   <div class='ocr_carea' id='block_1_115' title="bbox 1949 5170 3599 5258">
    <p class='ocr_par' dir='ltr' id='par_1_115' title="bbox 1949 5170 3599 5258">
     <span class='ocr_line' id='line_1_115' title="bbox 1949 5170 3599 5258; baseline -0.012 -15"><span class='ocrx_word' id='word_1_801' title='bbox 1949 5170 2066 5243; x_wconf 75' lang='grc' dir='ltr'>πῶν</span> <span class='ocrx_word' id='word_1_802' title='bbox 2092 5184 2210 5240; x_wconf 78' lang='grc' dir='ltr'>τίνα</span> <span class='ocrx_word' id='word_1_803' title='bbox 2243 5183 2336 5256; x_wconf 73' lang='grc' dir='ltr'>μὲν</span> <span class='ocrx_word' id='word_1_804' title='bbox 2365 5177 2537 5258; x_wconf 79' lang='grc' dir='ltr'>ἔχειν,</span> <span class='ocrx_word' id='word_1_805' title='bbox 2563 5175 2724 5230; x_wconf 82' lang='grc' dir='ltr'>τίνων</span> <span class='ocrx_word' id='word_1_806' title='bbox 2757 5172 2814 5229; x_wconf 75' lang='grc' dir='ltr'>δὲ</span> <span class='ocrx_word' id='word_1_807' title='bbox 2862 5173 3162 5248; x_wconf 77' lang='grc' dir='ltr'>ἀπέχεσθαι</span> <span class='ocrx_word' id='word_1_808' title='bbox 3211 5173 3349 5248; x_wconf 79' lang='grc' dir='ltr'>χρὴ,</span> <span class='ocrx_word' id='word_1_809' title='bbox 3401 5170 3491 5225; x_wconf 85' lang='grc' dir='ltr'>καὶ</span> <span class='ocrx_word' id='word_1_810' title='bbox 3537 5171 3599 5224; x_wconf 84' lang='grc' dir='ltr'>τὸ</span> 
     </span>
    </p>
   </div>
   <div class='ocr_carea' id='block_1_116' title="bbox 1947 5257 3599 5348">
    <p class='ocr_par' dir='ltr' id='par_1_116' title="bbox 1947 5257 3599 5348">
     <span class='ocr_line' id='line_1_116' title="bbox 1947 5257 3599 5348; baseline -0.012 -17"><span class='ocrx_word' id='word_1_811' title='bbox 1947 5280 2055 5331; x_wconf 83' lang='grc' dir='ltr'>τῶν</span> <span class='ocrx_word' id='word_1_812' title='bbox 2112 5257 2490 5348; x_wconf 68' lang='grc' dir='ltr'>πρεσϐυτέρων</span> <span class='ocrx_word' id='word_1_813' title='bbox 2546 5265 2726 5340; x_wconf 75' lang='grc' dir='ltr'>τάγμα</span> <span class='ocrx_word' id='word_1_814' title='bbox 2787 5263 2961 5330; x_wconf 72' lang='grc' dir='ltr'>ἀφεὶς,</span> <span class='ocrx_word' id='word_1_815' title='bbox 3022 5261 3099 5323; x_wconf 81' lang='grc' dir='ltr'>εἷς</span> <span class='ocrx_word' id='word_1_816' title='bbox 3138 5259 3264 5323; x_wconf 73' lang='grc' dir='ltr'>τοὺς</span> <span class='ocrx_word' id='word_1_817' title='bbox 3321 5257 3599 5320; x_wconf 82' lang='grc' dir='ltr'>διακόνους</span> 
     </span>
    </p>
   </div>
   <div class='ocr_carea' id='block_1_117' title="bbox 1955 5345 3600 5439">
    <p class='ocr_par' dir='ltr' id='par_1_117' title="bbox 1955 5345 3600 5439">
     <span class='ocr_line' id='line_1_117' title="bbox 1955 5345 3600 5439; baseline -0.013 -18"><span class='ocrx_word' id='word_1_818' title='bbox 1955 5345 2318 5439; x_wconf 58' lang='grc' dir='ltr'>μετεπήδησε.</span> <span class='ocrx_word' id='word_1_819' title='bbox 2351 5359 2417 5416; x_wconf 83' lang='grc' dir='ltr'>Τί</span> <span class='ocrx_word' id='word_1_820' title='bbox 2446 5354 2684 5426; x_wconf 74' lang='grc' dir='ltr'>δήποτες</span> <span class='ocrx_word' id='word_1_821' title='bbox 2719 5353 2803 5407; x_wconf 84' lang='grc' dir='ltr'>ὅτι</span> <span class='ocrx_word' id='word_1_822' title='bbox 2844 5352 2908 5406; x_wconf 83' lang='grc' dir='ltr'>οὐ</span> <span class='ocrx_word' id='word_1_823' title='bbox 2941 5349 3085 5406; x_wconf 79' lang='grc' dir='ltr'>πολὺ</span> <span class='ocrx_word' id='word_1_824' title='bbox 3115 5351 3177 5404; x_wconf 88' lang='grc' dir='ltr'>τὸ</span> <span class='ocrx_word' id='word_1_825' title='bbox 3221 5350 3381 5424; x_wconf 72' lang='grc' dir='ltr'>μέσον</span> <span class='ocrx_word' id='word_1_826' title='bbox 3425 5345 3600 5402; x_wconf 78' lang='grc' dir='ltr'>αὐτῶν</span> 
     </span>
    </p>
   </div>
   <div class='ocr_carea' id='block_1_118' title="bbox 1949 5433 3600 5516">
    <p class='ocr_par' dir='ltr' id='par_1_118' title="bbox 1949 5433 3600 5516">
     <span class='ocr_line' id='line_1_118' title="bbox 1949 5433 3600 5516; baseline -0.015 -7"><span class='ocrx_word' id='word_1_827' title='bbox 1949 5453 2174 5510; x_wconf 72' lang='grc' dir='ltr'>καὶτῶν</span> <span class='ocrx_word' id='word_1_828' title='bbox 2210 5448 2540 5513; x_wconf 80' lang='grc' dir='ltr'>ἐπισκόπων,</span> <span class='ocrx_word' id='word_1_829' title='bbox 2599 5440 2690 5496; x_wconf 84' lang='grc' dir='ltr'>καὶ</span> <span class='ocrx_word' id='word_1_830' title='bbox 2739 5441 2842 5516; x_wconf 80' lang='grc' dir='ltr'>γὰρ</span> <span class='ocrx_word' id='word_1_831' title='bbox 2889 5437 2980 5492; x_wconf 80' lang='grc' dir='ltr'>καὶ</span> <span class='ocrx_word' id='word_1_832' title='bbox 3039 5435 3190 5490; x_wconf 71' lang='grc' dir='ltr'>αὐτοὶ</span> <span class='ocrx_word' id='word_1_833' title='bbox 3249 5433 3600 5495; x_wconf 70' lang='grc' dir='ltr'>διδασκαλίαν</span> 
     </span>
    </p>
   </div>
   <div class='ocr_carea' id='block_1_119' title="bbox 1951 5522 3604 5607">
    <p class='ocr_par' dir='ltr' id='par_1_119' title="bbox 1951 5522 3604 5607">
     <span class='ocr_line' id='line_1_119' title="bbox 1951 5522 3604 5607; baseline -0.013 -10"><span class='ocrx_word' id='word_1_834' title='bbox 1951 5543 2084 5600; x_wconf 80' lang='grc' dir='ltr'>εἷ’σὶν</span> <span class='ocrx_word' id='word_1_835' title='bbox 2118 5535 2530 5607; x_wconf 70' lang='grc' dir='ltr'>ἀναδεδεγμένοι</span> <span class='ocrx_word' id='word_1_836' title='bbox 2589 5532 2678 5586; x_wconf 81' lang='grc' dir='ltr'>καὶ</span> <span class='ocrx_word' id='word_1_837' title='bbox 2736 5529 3064 5603; x_wconf 76' lang='grc' dir='ltr'>προστασίαν</span> <span class='ocrx_word' id='word_1_838' title='bbox 3109 5529 3206 5594; x_wconf 75' lang='grc' dir='ltr'>τῆς</span> <span class='ocrx_word' id='word_1_839' title='bbox 3248 5522 3604 5594; x_wconf 80' lang='grc' dir='ltr'>Ἐκκλησίαςο</span> 
     </span>
    </p>
   </div>
   <div class='ocr_carea' id='block_1_120' title="bbox 1952 5609 3600 5702">
    <p class='ocr_par' dir='ltr' id='par_1_120' title="bbox 1952 5609 3600 5702">
     <span class='ocr_line' id='line_1_120' title="bbox 1952 5609 3600 5702; baseline -0.013 -13"><span class='ocrx_word' id='word_1_840' title='bbox 1952 5631 2042 5688; x_wconf 77' lang='grc' dir='ltr'>καὶ</span> <span class='ocrx_word' id='word_1_841' title='bbox 2077 5632 2108 5685; x_wconf 70' lang='grc' dir='ltr'>ἅ</span> <span class='ocrx_word' id='word_1_842' title='bbox 2146 5627 2270 5702; x_wconf 80' lang='grc' dir='ltr'>περὶ</span> <span class='ocrx_word' id='word_1_843' title='bbox 2318 5623 2627 5680; x_wconf 77' lang='grc' dir='ltr'>ἐπισκόπων</span> <span class='ocrx_word' id='word_1_844' title='bbox 2681 5621 2818 5686; x_wconf 73' lang='grc' dir='ltr'>εἶπε,</span> <span class='ocrx_word' id='word_1_845' title='bbox 2866 5623 3032 5673; x_wconf 72' lang='grc' dir='ltr'>ταῦτα</span> <span class='ocrx_word' id='word_1_846' title='bbox 3078 5615 3167 5670; x_wconf 81' lang='grc' dir='ltr'>καὶ</span> <span class='ocrx_word' id='word_1_847' title='bbox 3216 5609 3600 5690; x_wconf 72' lang='grc' dir='ltr'>πρεσϐυτὲροις</span> 
     </span>
    </p>
   </div>
   <div class='ocr_carea' id='block_1_121' title="bbox 3212 5830 3288 5885">
    <p class='ocr_par' dir='ltr' id='par_1_121' title="bbox 3212 5830 3288 5885">
     <span class='ocr_line' id='line_1_121' title="bbox 3212 5830 3288 5885; baseline -0.013 0"><span class='ocrx_word' id='word_1_848' title='bbox 3212 5830 3288 5885; x_wconf 78' lang='grc'>14</span> 
     </span>
    </p>
   </div>
  </div>
