3942 6302
340 397 458 458 42Ἰ

340 530 620 606 ἁρμόττει·
661 525 730 597 τῇ
787 522 893 597 γὰρ
946 512 1261 594 χειροτονίᾳ
1319 510 1457 586 μόνῃ
1515 499 1978 606 ὑπερϐεϐλήκασι,
2009 501 2060 568 Α

350 585 355 586 ⁷
415 585 425 604 Ι
705 585 730 597 I'
802 585 812 597 I
865 585 874 596 I
950 585 988 594 τῇ
1041 585 1051 592 υ
1242 585 1246 586 ν
1322 585 1327 586 ,

338 585 428 675 καὶ
459 614 639 688 τούτῳ
674 613 834 687 μόνον
868 607 1085 664 δοκοῦσι
1136 604 1473 660 πλεονεκτεῖν
1513 598 1640 657 τοὺς
1689 585 1982 668 πρεσϐυτέ-

341 728 489 784 ρους.
525 729 554 760 ι(
588 706 893 762 Disserens
925 700 998 756 de
1029 696 1343 769 episcopis,
1403 703 1729 758 eorumque
1778 683 1987 738 chara—

341 775 531 857 cteres
561 793 924 859 describens,
957 789 1279 856 dicensque
1311 799 1440 855 quaa
1483 796 1583 835 eos
1630 783 1835 831 tenere
1867 775 1926 825 et
1955 785 1989 823 ει

340 898 554 972 quibus
584 892 884 950 abstinero
944 890 1194 959 Oportet.
1245 880 1731 953 presbyterorum
1779 868 1985 925 ordine

341 963 664 1050 omisso,ad
682 982 962 1036 diaconos
985 973 1284 1031 transiliit.
1301 968 1528 1035 Quare?
1551 965 1691 1037 quia
1710 963 1866 1016 inter
1887 973 1988 1012 eos

342 1082 401 1133 et
429 1048 738 1146 episcopos
770 1085 888 1123 non
917 1065 1172 1120 multum
1204 1063 1471 1115 interest.
1493 1057 1636 1110 Nam
1671 1057 1729 1107 et
1749 1049 1861 1121 ipsi
1893 1048 1992 1103 do-

343 1143 516 1222 cendi
547 1143 764 1218 munus
787 1163 844 1212 et
871 1155 1285 1227 praefecturam
1306 1145 1575 1203 Ecclesia)
1597 1143 1986 1211 acceperunt:

347 1271 407 1322 et
421 1280 490 1320 ea
511 1278 642 1332 quae
666 1259 737 1313 de
761 1253 1053 1329 episcopis
1069 1251 1234 1317 dixit,
1259 1248 1436 1302 etiam
1459 1238 1820 1315 presbyteris
1850 1252 1992 1291 con-

345 1328 592 1410 veniunt
610 1367 623 1416 ;
640 1347 768 1404 sola
785 1328 946 1400 enim
968 1338 1284 1397 ordinandi
1304 1337 1594 1407 potestate
1609 1328 1994 1393 excellunt,et

346 1444 459 1498 hac
488 1457 608 1496 una
636 1453 700 1491 re
729 1433 1002 1489 videntur
1030 1425 1391 1501 presbyteris
1423 1420 1758 1494 superiores
1781 1432 1930 1472 esse.
1962 1439 1984 1467 ι

347 1533 512 1590 Unde
544 1532 776 1585 constat
805 1528 1077 1580 sanctum
1107 1519 1590 1590 Chrysostomum
1623 1508 1990 1565 existimasse

348 1630 488 1679 tunc
519 1636 654 1676 cum
685 1616 757 1671 ad
789 1612 1158 1669 Timotheum
1186 1604 1422 1677 scripsit
1452 1604 1694 1658 sanctus
1750 1595 1988 1662 Paulus,

345 1719 561 1787 praater
591 1710 870 1764 diaconos
900 1709 958 1758 et
978 1699 1376 1773 presbyteros,
1401 1695 1578 1749 etiam
1600 1691 1908 1763 episcopos
1929 1686 1990 1740 in

344 1775 609 1859 Ecclesia
636 1796 841 1862 fuisse,
873 1809 979 1864 per
1022 1789 1329 1861 episcopos
1387 1800 1456 1838 eo
1511 1781 1638 1836 loco
1673 1778 1829 1833 solos
1874 1775 1992 1848 pri-

342 1892 426 1948 mi
446 1887 674 1945 ordinis
695 1884 1000 1942 ministros
1026 1876 1381 1940 intellectos,
1407 1876 1596 1926 totum
1622 1867 1992 1941 presbytero-
2017 1873 2068 1941 Β

342 1998 474 2038 rum
503 1977 777 2034 ordinem
807 1972 1096 2028 omissum
1129 1981 1279 2033 esse,
1312 1961 1634 2018 discrimen
1660 1958 1814 2012 inter
1843 1955 1990 2010 duos

345 2070 585 2126 ordines
614 2064 760 2121 satls
790 2058 1174 2117 manifestum
1205 2069 1354 2122 esse,
1380 2049 1536 2121 quod
1557 2050 1820 2120 potestas
1850 2059 1991 2099 con-

345 2164 577 2225 ferendi
609 2177 806 2219 sacros
837 2157 1076 2214 ordines
1109 2149 1402 2224 episcopis
1441 2146 1824 2217 competeret,
1856 2157 1993 2214 pre-

353 2255 604 2327 sbyteris
626 2264 860 2320 semper
877 2249 1090 2317 negata
1111 2236 1697 2296 esset.Falsissimum
1717 2232 1894 2303 igitur
1906 2234 1998 2285 est

353 2353 512 2426 quod
543 2346 888 2405 Blondellus
917 2344 981 2398 in
1011 2339 1296 2412 Apologia
1327 2353 1394 2392 ex
1425 2336 1537 2389 hoc
1566 2349 1687 2388 uno
1731 2331 1860 2386 loco
1890 2346 1996 2401 pro

355 2419 462 2499 suo
492 2456 658 2496 more
688 2432 972 2507 expiscari
1006 2429 1211 2495 voluit,
1244 2427 1730 2496 Chrysostomum
1759 2419 2000 2489 interja-

356 2549 498 2588 cens
529 2532 701 2584 aetate
735 2541 840 2581 sua
870 2524 1027 2577 inter
1056 2516 1394 2574 sacerdotes
1425 2509 1722 2582 διάστημα,
1754 2510 1827 2565 ob
1858 2524 2002 2564 ocu-

353 2620 446 2676 los
471 2617 774 2683 habuisse,
801 2628 948 2684 quos
970 2615 1171 2664 tamen
1194 2606 1266 2662 ab
1297 2603 1523 2675 origine
1546 2617 1717 2673 pares
1738 2602 1996 2654 noverat.

354 2711 501 2766 Nam
559 2707 674 2761 alia
742 2702 944 2758 omnia
1025 2695 1366 2767 διαστήματα
1453 2709 1584 2763 quas
1669 2705 1776 2744 sua
1858 2694 2004 2744 asta-

354 2803 412 2853 te
443 2793 938 2869 agnoscebantur,
997 2803 1242 2860 prorsus
1287 2782 1547 2848 abstulit,
1598 2779 1701 2835 sed
1759 2778 1830 2834 ab
1877 2778 2005 2848 ipsa

353 2867 578 2959 origine
611 2879 938 2938 observavit
965 2878 1080 2932 hoc
1121 2873 1463 2938 discrimen,
1515 2883 1866 2940 semperque
1924 2867 2006 2920 ita

354 2957 624 3033 san—ctum
655 2971 904 3026 Paulum
952 2967 1377 3036 interpretatus
1425 2964 1536 3027 est,
1586 2964 1651 3014 ut
1701 2957 2004 3028 impositio

355 3088 642 3131 manuum
664 3068 811 3124 nulli
830 3065 945 3122 nisi
961 3063 1141 3136 primi
1166 3059 1392 3116 ordinis
1411 3056 1726 3123 sacerdoti,
1745 3055 1863 3110 sive
1879 3055 2006 3125 epi-

357 3179 532 3236 scopo
563 3159 800 3233 proprie
831 3157 986 3211 dicto
1004 3158 1146 3208 tunc
1171 3153 1553 3220 competeret.
1579 3147 1644 3201 In
1670 3146 1780 3200 hac
1803 3162 1866 3200 re
1889 3144 2008 3216 epi-

1405 377 1470 438 S.
1515 367 1919 437 lGNATlUS.
1966 397 2042 425 -.-
2085 355 2697 424 PROLEGOMENA.

3627 346 3765 408 428

2089 495 2345 569 primam
2377 492 2450 550 ad
2479 489 2741 546 Corinth.
2768 502 2783 543 :
2815 486 3041 542 Ἔπειτα
3098 479 3257 560 ὤφθη
3306 474 3574 552 Ἰακώϐῳ,
3598 476 3765 569 ἐμοὶ

2099 565 2272 653 δοκεῖ,
2299 585 2379 649 τῷ
2407 576 2626 656 ἁδελφῷ
2649 581 2728 648 τῷ
2760 577 2973 643 ἑαυτοῦ,
3023 571 3183 634 αὐτὸς
3227 573 3330 648 γὰρ
3378 569 3542 624 αὐτὸν
3597 565 3760 641 λέγε-

2095 694 2184 728 ται
2238 655 2764 745 κιχειροτονηκὲναι,
2822 665 2911 719 καὶ
2978 661 3273 718 ἐπίσκοπον
3325 658 3378 714 ἰν
3439 655 3760 733 Ἱεροσολύ-

2101 782 2229 835 μοις
2260 757 2613 828 πεποιηκέναι
2642 759 2883 824 πρῶτον.
2917 777 2944 804 (ι
2969 756 3182 809 Postea
3211 746 3757 823 apparuitJacobo,

2097 857 2163 907 ut
2192 851 2339 907 mihi
2371 846 2795 914 videtur,fratri
2818 861 2945 899 suo.
2975 845 3106 914 Ipse
3140 841 3300 896 enim
3329 840 3500 894 illum
3532 837 3760 892 dicitur

2099 941 2406 997 ordinasse
2438 943 2495 992 et
2525 936 2784 1009 primum
2830 931 3370 1003 Hierosolymorum
3403 929 3763 999 episcopum

2098 1030 2327 1086 fecisse.
2355 1047 2379 1078 ι
2415 1027 2577 1082 Idem
2610 1029 2880 1080 sanctum
2901 1021 3192 1094 Ignatium
3226 1025 3519 1082 nostrum,
3553 1017 3766 1070 Antio-

2098 1120 2301 1174 chenaa
2332 1116 2607 1172 Ecelesiaa
2640 1114 2984 1185 episcopum
3015 1127 3049 1165 a
3075 1114 3276 1164 sancto
3309 1109 3480 1161 Petro
3516 1105 3759 1160 ordina-

2100 1214 2226 1262 tum
2261 1205 2516 1279 agnovit,
2549 1210 2607 1258 et
2643 1200 3035 1257 ordinationis
3088 1198 3248 1253 illius
3302 1194 3756 1268 praerogativam

2100 1296 2268 1354 miris
2305 1294 2498 1350 modis
2528 1291 2889 1366 praedicavit.

2174 1389 2235 1440 Β.
2262 1383 2665 1440 Theodoretus
2685 1379 3098 1435 confusionem
3121 1377 3432 1432 nominum
3460 1373 3756 1446 agnoscit,

2101 1482 2160 1531 et
2179 1475 2295 1530 late
2311 1473 2584 1546 explicat,
2608 1470 2679 1526 ad
2700 1469 2955 1540 Philipp.
2983 1483 3021 1537 ι,
3047 1466 3218 1522 1.Ξθ(1
3240 1465 3546 1537 episcopos
3569 1461 3757 1517 etiam

2099 1571 2241 1620 tunc
2273 1561 2557 1634 temporis
2589 1560 2884 1615 exstitisse
2917 1562 2975 1613 et
3003 1555 3363 1628 presbyteris
3415 1552 3758 1624 superiores

2098 1654 2281 1709 fuisse
2306 1650 2482 1706 simul
2504 1649 2734 1705 asserit.
2762 1649 2943 1702 Docet
2971 1661 3038 1700 eo
3059 1645 3172 1700 loci
3195 1661 3301 1715 per
3322 1643 3632 1714 episcopos
3659 1641 3759 1696 in-

2099 1742 2286 1815 telligi
2317 1739 2693 1813 presbyteros
2724 1737 2974 1804 debere;
3009 1734 3111 1790 sed
3137 1733 3626 1806 Epaphroditum,
3650 1732 3758 1803 qui

2101 1837 2227 1889 tum
2251 1831 2305 1885 S.
2335 1829 2512 1884 Paulo
2535 1828 2759 1896 aderat,
2793 1832 2850 1881 et
2879 1843 2986 1897 per
3015 1839 3192 1896 quem
3225 1822 3534 1894 epistolam
3567 1821 3756 1890 misit,

2097 1919 2572 1992 Philippensium
2595 1916 2937 1988 episcopum
2959 1913 3140 1968 fuisse
3163 1911 3444 1967 ostendit.
3476 1909 3579 1965 Τὸν
3615 1903 3669 1960 δὲ
3691 1927 3756 1982 γε

2103 2013 2366 2083 μακάριον
2394 2002 2786 2083 Ἐπαφρόδιτον
2832 2003 2883 2058 ἐν
2909 2004 3049 2076 αὐτῇ
3099 2005 3170 2075 τῇ
3203 1997 3466 2072 ἐπιστολῇ
3518 1997 3754 2052 ἀπόστο-

2102 2097 2196 2153 λον
2223 2096 2399 2152 αότῶν
2431 2093 2715 2164 κέκληκεν.
2772 2096 2967 2170 Σαφῶς
3014 2089 3194 2145 τοίνυν
3241 2085 3475 2158 ἐδίδαξεν
3525 2088 3598 2149 ὠς
3649 2087 3753 2154 τήν

2100 2189 2418 2257 ἐκισκοπική
2453 2186 2770 2260 οἰκονομίαν
2821 2183 2979 2244 αὐτὸς
3024 2179 3374 2237 ἐπεπίστευτο
3425 2177 3566 2253 ἔχων
3612 2179 3752 2232 ἀπο-

2104 2276 2303 2334 στόλου
2351 2276 2755 2350 προσηγορίανε
2818 2297 2844 2324 ‹‹
2879 2276 3122 2328 Beatum
3170 2269 3638 2344 Epaphroditum
3687 2268 3754 2322 in

2106 2367 2357 2442 epistola
2387 2367 2517 2438 ipsa
2545 2365 2880 2438 apostolum
2912 2380 3118 2418 eorum
3160 2361 3495 2434 appellavit.
3535 2362 3756 2430 Aperte

2107 2476 2243 2532 ergo
2276 2457 2479 2513 docuit
2508 2455 2904 2528 episcopalem
2939 2453 3444 2526 dispensationem
3487 2450 3541 2504 ei
3570 2448 3758 2504 fuisse

2108 2547 2418 2615 creditam,
2437 2563 2570 2601 cum
2595 2544 3053 2618 appellationem
3077 2541 3324 2597 haberet
3344 2539 3614 2612 apostoli.
3643 2559 3669 2586 »
3688 2539 3762 2592 Et

2106 2653 2313 2692 rursus
2337 2635 2411 2690 ad
2432 2652 2560 2706 cap.
2586 2638 2638 2701 2,
2663 2649 2810 2687 vers.
2843 2633 2911 2685 25
2937 2648 2950 2686 :
2995 2627 3330 2685 Ἀπόστολον
3392 2624 3447 2681 δὲ
3479 2625 3636 2680 αὐτὸν
3668 2621 3762 2679 κέ-

2109 2721 2311 2792 κληκεν
2346 2721 2547 2789 αὐτῶν,
2580 2721 2656 2783 ὡς
2686 2721 2784 2789 τὴν
2815 2716 3132 2790 ἐπιμέλειαν
3165 2717 3341 2772 αὐτῶν
3398 2716 3764 2787 ἐμπεπιστευ-

2115 2811 2293 2886 μένον,
2326 2813 2399 2872 ὡς
2429 2812 2568 2865 εἶναι
2595 2808 2763 2878 δῆλον
2796 2811 2877 2864 δτι
2914 2807 3016 2862 ὑπὸ
3044 2812 3234 2862 τοῦτον
3270 2803 3490 2860 ἒτέλουν
3514 2805 3564 2859 οἱ
3595 2803 3645 2858 ἐν
3678 2807 3762 2876 τῷ

2110 2899 2391 2975 προοιμίῳ
2423 2899 2709 2968 κληθεντες
2741 2897 3050 2966 ἐπίσκοποι,
3102 2898 3196 2949 τοῦ
3248 2888 3612 2968 πρεσϐυτέρου
3667 2888 3769 2961 δη-

2113 2985 2299 3046 λονότι
2329 2989 2429 3057 τὴν
2461 2986 2605 3056 τάξιν
2636 2984 2991 3060 πληροῦντες.
3049 3008 3075 3034 α
3107 2983 3452 3056 Apostolum
3495 2983 3764 3054 ipsorum

2113 3080 2356 3147 vocavit,
2379 3084 2446 3134 ut
2465 3079 2558 3134 cui
2584 3083 2740 3133 esset
2759 3093 2963 3131 eorum
2989 3091 3128 3130 cura
3152 3074 3511 3130 concredita.
3538 3074 3608 3128 Ut
3638 3072 3769 3127 cla-

2116 3188 2249 3226 rum
2282 3171 2356 3224 sit
2383 3168 2489 3223 sub
2523 3168 2622 3224 illo
2657 3167 3025 3222 ministrasse
3059 3183 3181 3234 eos,
3223 3166 3322 3237 qui
3375 3165 3435 3218 in
3485 3163 3767 3218 Procemio

359 3233 569 3324 scopos
602 3241 959 3322 ὑπερϐαίνειν,
992 3243 1054 3296 in
1103 3241 1214 3295 hac
1269 3235 1608 3290 πλεονεκτεῖν
1653 3233 1778 3293 τοὺς
1825 3250 1916 3306 πρε

2214 3261 2478 3315 :abantur
2495 3257 2754 3330 episcOpi
2774 3273 2988 3328 nempe
3007 3233 3338 3328 presbyteri
3354 3252 3622 3310 ordinem
3637 3270 3771 3308 com

363 3323 625 3413 ϐυτέρους
659 3336 808 3392 dixit
842 3351 854 3387 :
885 3339 942 3387 et
959 3330 1101 3385 satis
1120 3327 1382 3398 amplum
1403 3325 1515 3380 hoc
1542 3323 1865 3378 discrimen
1889 3323 2014 3394 ipse

360 3409 673 3502 judicavit.
705 3426 851 3478 Nam
900 3417 1113 3472 πάντων
1169 3413 1406 3487 μάλιστα
1451 3411 1811 3485 κυριώτατον,
1861 3409 1953 3465 καὶ
1983 3411 2012 3465 ’ὀ

373 3513 611 3589 μάλιστα
644 3511 859 3584 συνέχει
919 3507 1018 3574 τήν
1075 3500 1426 3571 Ἐκκλησίαν,
1481 3499 1544 3554 τὸ
1602 3503 1710 3554 τῶν
1762 3518 2014 3573 χειροτο-

364 3606 520 3673 νιῶν,
548 3623 575 3651 ‹‹
600 3603 957 3671 potestatem
975 3591 1289 3650 ordinandi
1312 3590 1579 3645 omnium
1600 3605 1938 3660 supremam
1958 3595 2016 3645 et

369 3719 499 3774 quas
522 3697 845 3754 Ecclesiam
878 3694 1132 3750 maxime
1160 3690 1445 3755 continet,
1480 3710 1508 3738 «
1543 3687 1788 3742 homilia
1809 3688 2016 3758 quinta

369 3790 444 3846 ad
469 3789 724 3862 primam
756 3785 936 3857 Epist.
962 3783 1036 3838 ad
1058 3780 1430 3837 Timotheum
1449 3777 1891 3849 pronuntiavit;
1919 3792 2017 3848 pa-

362 3895 457 3934 res
478 3877 656 3950 igitur
683 3888 988 3944 nunquam
1034 3869 1289 3942 agnovit.
1342 3868 1460 3922 Hoc
1482 3866 1543 3919 in
1576 3863 1928 3936 explicanda
1957 3864 2012 3918 S.

361 3965 766 4039 Chrysostomi
789 3961 1085 4018 sententia
1114 3963 1344 4013 certum
1378 3961 1485 4024 est,
1509 3959 1575 4009 ut
1613 3955 1674 4008 in
1707 3952 2015 4009 nonnullis

353 4065 502 4122 locis
523 4065 623 4121 ubi
643 4059 971 4135 presbyteri
994 4073 1213 4113 nomen
1232 4054 1564 4110 adhibitum
1588 4058 1698 4118 est,
1719 4051 2015 4123 presbyte-

350 4173 452 4210 ros
470 4169 678 4209 omnes
703 4149 1046 4215 exclusorit,
1071 4151 1128 4200 et
1149 4145 1456 4216 episcopos
1489 4141 1647 4197 solos
1671 4139 2012 4212 intelligen-

351 4243 459 4298 dos
492 4259 620 4296 esse
654 4239 940 4304 docuerit,
974 4241 1040 4289 ut
1066 4236 1092 4287 Ι
1121 4234 1269 4287 Tim.
1305 4249 1376 4302 1v,
1433 4233 1532 4286 14:
1585 4225 1662 4286 Οὒ
1711 4226 1836 4303 περὶ
1882 4247 2013 4298 πρε-

353 4325 628 4402 σϐυτέρων
661 4326 824 4404 φησὶν
865 4324 1112 4392 ἐνταῦθα,
1175 4318 1322 4374 ἀλλὰ
1375 4317 1499 4393 περὶ
1557 4317 1886 4386 ἐπισκόπων,
1949 4315 2008 4370 οὗ

349 4421 452 4497 γὰρ
487 4417 554 4490 δὴ
597 4413 956 4492 πρεσϐύτεροι
1014 4413 1304 4467 ἐπίσκοπον
1365 4409 1767 4485 ἐχειροτόνουν.
1820 4433 1847 4460 ‹‹
1879 4411 2008 4464 Non

349 4513 448 4568 hic
467 4510 536 4565 de
561 4505 921 4579 presbyteris
943 4501 1338 4574 loquitur,sed
1358 4501 1430 4556 de
1454 4500 1772 4572 episcopis.
1807 4501 2008 4569 Neque

2119 3349 2410 3421 plentes.»
2433 3347 2795 3401 Sententiam
2817 3346 2946 3417 ejus
2967 3343 3202 3416 plenius
3223 3343 3574 3414 explicatam
3596 3341 3775 3396 habe-

2122 3455 2254 3493 mus
2285 3436 2359 3492 ad
2389 3436 2410 3492 I
2449 3437 2599 3490 Tim.
2631 3451 2759 3506 cap.
2799 3451 2892 3489 Ill:
2926 3432 3067 3494 Τοὺς
3127 3429 3325 3492 αὐτοὺς
3374 3427 3601 3484 ἐκάλουν
3631 3430 3768 3483 ποτε

2120 3519 2519 3598 πρεσϐυτέρους
2551 3521 2642 3576 καὶ
2674 3520 3023 3583 ἐπισκόπους·
3076 3517 3202 3581 τοὺς
3252 3516 3308 3573 δὲ
3351 3523 3442 3574 νῦν
3492 3517 3772 3590 καλουμέ-

2121 3632 2246 3676 νους
2276 3610 2600 3672 ἐπισκόπους
2633 3608 2975 3670 ἀποστόλους
3017 3607 3319 3682 ὠνόμαζον·
3349 3611 3444 3660 τοῦ
3475 3603 3529 3660 δὲ
3562 3606 3773 3684 χρόνου

2120 3702 2435 3776 προϊόντος,
2467 3699 2528 3754 τὸ
2564 3699 2659 3773 μὲν
2692 3705 2790 3767 τῆς
2820 3695 3138 3766 ἀποστολῆς
3167 3695 3344 3768 ὄνομα
3374 3701 3491 3756 τοῖς
3551 3695 3779 3763 ἀληθῶς

2121 3789 2450 3851 ἀποστόλοις
2482 3786 2795 3843 κατέλιπον·
2828 3787 2927 3855 τὴν
2962 3785 3019 3840 δὲ
3047 3793 3145 3855 τῆς
3170 3784 3472 3854 ἐπισκοπῆς
3499 3804 3778 3859 προσηγο-

2124 3881 2240 3953 ρίαν
2273 3885 2388 3939 τοῖς
2419 3876 2592 3933 πάλαι
2621 3876 2980 3948 καλουμένοις
3014 3874 3344 3936 ἀποστόλοις
3367 3870 3642 3938 ἐπέθεσαν·
3679 3873 3775 3928 οὕ-

2120 3991 2199 4024 τω
2230 3965 2621 4037 Φιλιππησίων
2652 3963 2958 4025 ἀπόστολος
2993 3965 3020 4019 ὁ
3055 3963 3448 4041 Ἐπαφρόδιτος
3478 3965 3564 4031 ἦν·
3628 3963 3774 4017 οὕτω

2121 4061 2351 4134 Κρητῶν
2385 4058 2413 4110 ὁ
2442 4057 2625 4128 Τίτος,
2657 4055 2744 4110 καὶ
2777 4059 3044 4112 Ἀσιανῶν
3076 4055 3104 4108 ὁ
3134 4055 3399 4127 Τιμόθεος
3447 4052 3770 4108 ἀπόστολοι·

2121 4150 2263 4205 οὕτω
2295 4149 2401 4204 ἀπὸ
2425 4152 2531 4202 τῶν
2569 4144 2966 4222 Ἰεροσολύμων
3000 4150 3115 4203 τοῖς
3150 4145 3201 4199 ἐν
3247 4144 3561 4218 Ἀντιοχείᾳ
3615 4143 3778 4220 ἔγρα-

2119 4243 2220 4314 ψαν
2264 4239 2316 4293 οἱ
2357 4237 2658 4292 ἂπόστολοι
2690 4235 2782 4290 καὶ
2815 4236 2866 4289 οἱ
2889 4231 3269 4310 πρεσϐύτεροι.
3302 4259 3330 4285 ι(
3353 4236 3604 4290 Eosdem
3636 4237 3780 4292 olim

2117 4329 2403 4386 vocabant
2433 4327 2815 4399 presbyteros
2847 4332 2904 4381 et
2935 4327 3244 4398 episcopos
3272 4343 3284 4379 :
3319 4342 3420 4381 eos
3450 4331 3652 4380 autem
3675 4327 3776 4397 qui

2119 4436 2279 4475 nunc
2325 4422 2610 4472 vocantur
2667 4415 2946 4487 episcopi,
3007 4414 3305 4486 apostolos
3361 4414 3778 4472 nominabant.

2119 4509 2483 4564 Procedente
2501 4512 2700 4572 autem
2724 4512 2990 4578 tempore
3014 4504 3378 4576 apostolatus
3397 4521 3619 4560 nomen
3636 4505 3781 4560 reli-

352 4601 514 4656 enim
531 4593 1219 4668 presbyteriepiscOpum
1241 4591 1617 4646 ordinabant.
1640 4610 1667 4638 »
1684 4590 1754 4641 Et
1769 4587 1909 4640 Tit.1

2220 4602 2387 4654 erunt
2416 4597 2489 4651 iis
2522 4597 2624 4667 qui
2655 4613 2788 4651 vere
2843 4600 3012 4651 erant
3061 4595 3310 4667 apostoli
3339 4611 3351 4661 ;
3397 4594 3777 4666 episcopatus

353 4688 496 4748 Τοὺς
529 4683 859 4742 ἐπισκόπους
889 4681 1120 4744 ἐνταῦθά
1150 4700 1308 4757 φησι,
1339 4677 1522 4740 καθὼς
1565 4674 1824 4748 ἀλλαχοῦ
1873 4674 2008 4744 ἡμῖν

350 4776 586 4847 εἳρηται.
619 4796 647 4824 ιι
681 4773 998 4845 Episcopos
1030 4771 1125 4826 hic
1157 4768 1462 4840 intelligit,
1496 4762 2005 4837 quemadmodum

351 4883 387 4922 a
406 4865 578 4922 nobis
603 4863 741 4920 alibi
765 4862 987 4916 dictum
1007 4866 1115 4928 est,
1150 4873 1365 4928 nempe
1388 4855 1461 4910 ad
1484 4854 1698 4924 Philip.
1721 4869 1758 4921 1,
1792 4854 1821 4906 3
1857 4868 1870 4918 ;
1906 4851 2008 4905 ho-

351 4964 520 5021 milia
539 4963 749 5035 quinta
765 4960 840 5017 ad
860 4959 1234 5015 Timotheum
1262 4971 1274 5008 :
1301 4949 1620 5025 ΔιαΑεχθεὶς
1648 4948 1773 5022 περὶ
1792 4945 2011 5001 ἐπισκό-

348 5072 490 5118 πων,
523 5051 646 5124 περὶ
679 5044 967 5116 διακόνων,
1001 5042 1228 5118 ἀνδρῶν,
1292 5042 1589 5116 γυναικῶν,
1639 5035 1763 5111 περὶ
1795 5038 2009 5110 χηρῶν,

350 5151 475 5226 περὶ
498 5143 902 5225 πρεσϐυτέρων,
931 5143 1054 5218 περὶ
1081 5147 1192 5197 τῶν
1214 5139 1401 5196 ἄλλων
1424 5135 1697 5208 ἁπάντων,
1715 5135 1806 5192 καὶ
1834 5136 2008 5205 δείξας

352 5239 491 5293 ὅσων
520 5237 659 5293 ἐστιν
682 5222 982 5293 ἐπίσκοπος
1012 5233 1222 5303 κύριος,
1259 5226 1348 5281 ὅτε
1377 5226 1503 5301 περὶ
1533 5227 1765 5300 κρίσεως
1797 5222 2006 5300 ἔλεγεν,

353 5328 611 5402 ἐπήγαγε.
633 5327 819 5382 «Cum
839 5321 1224 5380 disseruisset
1240 5318 1310 5373 de
1330 5315 1722 5389 episcopis,de
1743 5314 2010 5370 diaconis

349 5401 481 5473 tum
503 5417 643 5471 viris
667 5421 794 5471 tum
817 5410 1075 5477 feminis,
1112 5408 1184 5463 de
1217 5406 1425 5473 viduis,
1449 5404 1520 5460 de
1545 5401 2009 5476 presbyteris,de

351 5505 481 5563 aliis
513 5504 811 5569 omnibus,
859 5497 1332 5567 ostendissetque
1382 5494 1648 5565 qualium
1696 5493 2009 5564 episcopus

347 5594 626 5650 dominus
650 5585 1186 5658 est,ubidejudicio
1211 5580 2008 5656 dixerat,subjunxit.»Idem

345 5680 625 5738 Jacobu'n
663 5681 906 5734 fratrem
940 5674 1175 5731 Domini
1206 5672 1747 5746 Hierosolymorum
1780 5668 2006 5741 episco-

360 5788 502 5842 pum
535 5769 606 5824 ab
641 5769 806 5823 initio
842 5767 1180 5822 ordinatum
1232 5762 1473 5836 putavit.
1525 5759 1777 5816 llomilia
1829 5758 1885 5811 ll
1945 5757 2006 5812 in

2126 4693 2322 4742 autem
2347 4685 2807 4758 appellationem
2850 4685 2922 4739 iis
2973 4685 3073 4756 qui
3124 4685 3265 4740 olim
3319 4683 3779 4755 appellabantur

2120 4775 2396 4847 apostoli,
2415 4773 2946 4845 imposuerunt.lta
2967 4772 3441 4845 Philippensium
3470 4773 3779 4843 apostolus

2120 4871 2247 4921 erat
2275 4862 2748 4936 Epaphroditus:
2786 4863 2867 4917 ita
2897 4862 3271 4918 Cretensium
3299 4861 3488 4927 Titus,
3522 4867 3584 4915 et
3610 4862 3781 4918 Asia-

2118 4969 2335 5007 norum
2365 4951 2706 5006 Timotheus
2738 4950 3013 5022 apostoli.
3047 4952 3134 5005 lta
3163 4949 3234 5004 ab
3259 4947 3689 5019 Hierosolymis
3712 4950 3780 5004 iis

2120 5043 2220 5113 qui
2245 5046 2415 5097 erant
2439 5041 3169 5112 Antiochiw,scripserunt
3191 5037 3441 5110 apostoli
3459 5042 3517 5093 et
3537 5038 3780 5109 presby-

2117 5132 2253 5186 teri.
2275 5151 2303 5181 »
2321 5129 2482 5184 Unde
2507 5133 2751 5200 apparet
2771 5145 2841 5184 ex
2860 5129 3157 5184 sententia
3178 5127 3781 5195 B.Theodoreti,tem-

2118 5237 2260 5294 pore
2289 5220 2692 5291 apostolorum
2725 5225 2846 5275 tres
2876 5221 3059 5275 fuisse
3105 5218 3320 5292 gradus
3360 5217 3423 5271 in
3472 5217 3777 5273 Ecclesia:

2119 5308 2553 5381 episcopos,qui
2574 5313 2698 5362 tum
2720 5307 3071 5363 dicebantur
3094 5305 3778 5379 apostoli;presbyteros,

2122 5399 2223 5470 qui
2258 5414 2417 5453 nunc
2449 5397 2735 5468 episcopi,
2769 5413 2928 5452 nunc
2959 5395 3292 5469 presbyteri
3314 5395 3701 5462 vocabantur,
3725 5403 3783 5451 et

2120 5485 2438 5540 diaconos:
2476 5489 2682 5556 postea
2713 5499 2871 5551 vero,
2906 5485 3083 5555 primi
3133 5483 3361 5539 ordinis
3417 5481 3782 5553 sacerdotes,

2117 5574 2361 5629 nomine
2392 5572 2646 5644 apostoli
2679 5571 2798 5626 illis
2824 5573 2925 5644 qui
2956 5590 3090 5630 vere
3113 5571 3364 5646 apostoli
3385 5571 3652 5637 fuerunt,
3685 5590 3782 5629 re-

2119 5669 2371 5731 servato,
2403 5661 2642 5734 proprie
2677 5666 2735 5716 et
2766 5661 3044 5719 distincte
3068 5663 3378 5736 episcopos
3409 5662 3600 5720 dictos
3625 5679 3780 5731 esse,

2119 5752 2456 5821 etreliquos
2489 5747 2732 5807 secundi
2758 5751 2984 5808 ordinis
3013 5751 3346 5811 sacerdotes
3367 5751 3775 5826 presbyteros.
