3942 6302
168 389 291 454 629

897 392 953 453 J.
1000 392 1423 456 PEARSONII
1469 386 1840 453 YlNDlCIIE
1887 385 2369 450 IGNATIANA.
2418 421 2495 435 -—
2541 391 2744 454 PARS
2786 394 2865 456 II.

3473 405 3594 469 430

175 524 514 596 Atapostoli
538 542 767 584 nomen
784 527 961 599 primi
983 527 1212 586 ordinis
1230 527 1638 586 sacerdotibus
1657 522 1834 580 tribui
1865 524 1919 590 Α
1951 521 2201 594 singulis
2247 524 2525 583 Ecclesiis
2573 543 2830 597 praesse
2877 529 3154 588 decrevit.
3187 552 3213 586 ι
3251 537 3334 593 Ac
3362 553 3590 599 rursus.

173 611 349 669 desiit
387 619 526 670 ante
559 615 916 686 martyrium
967 617 1197 687 Ignatii.
1250 621 1396 688 Ergo
1437 633 1508 671 ex
1538 611 1838 670 sententia

169 703 524 759 Theodoreti
557 705 666 761 sub
695 705 1008 776 lgnatio,et
1037 705 1236 761 ofﬁcio
1268 712 1325 762 et
1355 705 1597 762 nomine
1620 701 1838 757 distin~

169 792 506 863 guebantur
527 795 791 865 episcopi
823 801 881 850 et
911 795 1266 866 presbyteri.

237 883 718 955 Theophylactus
738 890 897 940 certe
922 901 1046 940 non
1067 885 1424 941 existimavit
1454 885 1839 957 presbyteros

167 970 241 1026 ad
264 973 684 1045 Philippenses
708 975 1018 1046 episcOpos
1044 990 1171 1030 esse
1191 975 1382 1030 dictos
1413 975 1517 1030 sed
1541 974 1841 1046 coepisco-

166 1079 310 1132 pos;
367 1064 680 1135 episcopos
711 1071 911 1119 autem
959 1064 1301 1136 apostolicis
1335 1063 1708 1136 temporibus
1739 1079 1840 1136 eos

166 1155 346 1209 etiam
380 1154 572 1210 dictos
602 1155 851 1226 putavit,
902 1154 976 1215 ὡς
1029 1131 1708 1224 ἐπισκοποῦντας-δηλαδὴ
1742 1131 1839 1207 καί

165 1241 359 1302 αὐτοὺς
392 1243 487 1297 τὸν
519 1240 673 1312 λαόν,
707 1267 734 1293 ‹‹
768 1245 927 1315 quod
956 1245 1136 1301 etiam
1169 1245 1281 1317 ipsi
1314 1246 1600 1317 populum
1633 1246 1842 1316 inspe-

162 1338 461 1403 ctarent,»
495 1333 600 1388 sed
625 1351 731 1389 suo
763 1333 1026 1402 modulo,
1058 1332 1198 1388 ὥστε
1239 1332 1509 1406 καθαίρειν
1543 1332 1633 1387 καὶ
1665 1330 1834 1408 φωτί-

165 1425 270 1488 ζειν
300 1419 432 1481 τοὺς
465 1418 774 1494 δεομένους,
830 1445 858 1474 ‹‹
901 1429 968 1480 ut
997 1429 1318 1496 purgarent
1349 1429 1406 1480 et
1437 1423 1833 1503 illustrarent,

169 1527 277 1566 seu
307 1512 682 1584 baptizarent
707 1529 806 1569 eos
837 1530 986 1584 quos
1019 1519 1174 1568 esset
1197 1529 1462 1569 necesse.
1490 1534 1511 1564 l
1544 1514 1686 1568 Nam
1720 1513 1838 1567 alia

169 1617 337 1656 sacra
366 1601 567 1657 ofﬁcia
587 1602 766 1657 etiam
788 1607 914 1658 tum
941 1603 1236 1674 episcopis
1265 1603 1598 1658 reservavit.
1624 1600 1702 1658 Οὐ
1728 1601 1834 1674 γὰρ

170 1683 532 1764 πρεσϐύτεροι
591 1688 884 1744 ἐπίσκοπον
940 1686 1340 1764 ἐχειροτόνουν.
1405 1715 1427 1741 ιι
1481 1693 1607 1747 Non
1650 1691 1830 1765 enim,

162 1779 726 1852 inquit,presbyteri
752 1781 1099 1852 episcopum
1125 1781 1500 1837 ordinabant.
1529 1803 1556 1832 »
1582 1780 1745 1837 Unde
1768 1782 1830 1835 in

1949 635 1976 664 «
2001 615 2497 685 Nunquidomnes
2515 619 2864 688 apostoli“?
2887 624 3363 699 Verumest,quia
3399 631 3460 686 in
3492 634 3593 688 Ec-

1945 703 2127 759 clesia
2147 721 2301 759 unus
2333 711 2421 760 est
2449 707 2781 778 episcopus.
2815 731 2844 760 »
2876 711 3038 768 Idem
3073 715 3147 770 ad
3177 721 3200 769 Ι
3230 719 3377 774 Tim.
3411 737 3461 775 c.
3497 739 3588 778 Iv:

1951 813 1973 841 ι
2004 795 2169 848 Nunc
2201 800 2399 850 autem
2421 801 2647 867 septem
2678 797 2962 856 diaconos
2988 818 3117 858 esse
3140 813 3391 876 oportet,
3415 815 3474 864 et
3492 812 3594 865 ali-

1945 888 2198 954 quantos
2225 884 2622 956 presbyteros,
2654 893 2720 942 ut
2751 888 2872 944 bini
2913 892 3033 947 sint
3060 910 3166 963 per
3195 897 3500 962 ecclesias,
3535 906 3594 956 et

1942 989 2098 1028 unus
2129 973 2192 1028 in
2212 974 2445 1028 civitate
2463 976 2794 1046 episcopus.
2811 1000 2838 1028 »
2861 981 2940 1035 De
2961 981 3266 1040 Timotheo
3291 987 3372 1042 ita
3395 988 3588 1059 loqui-

1945 1068 2036 1116 tur
2078 1063 2139 1116 in
2181 1064 2468 1118 Proamio
2496 1081 2508 1117 :
2534 1087 2561 1115 ‹‹
2588 1066 2750 1120 Hunc
2772 1084 2908 1140 ergo
2923 1070 3049 1140 jam
3073 1079 3336 1130 creatum
3359 1078 3587 1148 episco-

1943 1168 2083 1223 pum
2113 1151 2354 1207 instruit
2384 1169 2488 1222 per
2517 1154 2850 1224 epistolam,
2884 1161 3172 1228 quomodo
3209 1164 3454 1220 deberet
3482 1169 3588 1223 Ec-

1942 1240 2185 1295 clesiam
2221 1241 2519 1296 ordinare.
2555 1264 2582 1291 »
2632 1245 2860 1301 Pariter
2907 1253 2964 1302 et
3012 1249 3084 1303 de
3115 1252 3270 1307 Tito:
3331 1279 3358 1305 υ
3393 1257 3586 1314 Titum

1939 1328 2252 1400 Apostolus
2271 1333 2636 1387 consecravit
2653 1334 3227 1407 episcopum,etideo
3251 1354 3588 1403 commonet

1941 1435 2077 1474 eum
2099 1425 2164 1474 ut
2186 1420 2262 1472 sit
2283 1419 2572 1477 sollicitus
2602 1423 2664 1478 in
2697 1424 3096 1484 ecclesiastica
3129 1432 3522 1493 ordinatione.
3560 1461 3586 1487 »

1939 1509 2019 1562 Ex
2050 1508 2266 1578 quibus
2299 1511 2573 1566 omnibus
2604 1519 2852 1584 apparet
2894 1523 3152 1574 veterem
3187 1521 3342 1578 hunc
3373 1531 3586 1581 aucto-

1937 1597 2194 1667 rem,qui
2209 1603 2346 1654 ante
2360 1599 2844 1672 Chrysostomum
2860 1610 2917 1660 et
2931 1607 3354 1681 Hieronymum
3369 1613 3440 1668 de
3456 1631 3589 1672 con-

1937 1689 2169 1744 fusione
2188 1692 2498 1746 nominum
2521 1693 2826 1764 scripsisse
2849 1697 3098 1764 videtur,
3118 1702 3444 1773 singulares
3467 1708 3587 1777 epi-

1939 1795 2148 1848 scopos
2178 1779 2578 1850 apostolorum
2610 1799 2729 1836 avo
2778 1784 2839 1838 in
2867 1785 3200 1843 civitatibus
3231 1794 3583 1850 constitutos

161 1869 458 1924 Proamio
492 1869 567 1925 ad
616 1871 848 1925 Titum:
881 1871 1002 1926 Τῶν
1036 1869 1238 1941 Παύλῳ
1271 1870 1535 1924 συνόντων
1571 1866 1823 1940 δοκιμώ-

2005 1867 2261 1921 novisse.
2294 1867 2586 1939 Pelagius,
2617 1874 2680 1923 ut
2709 1870 2956 1938 videtur,
2983 1883 3186 1929 auclor
3215 1877 3584 1935 Commenta-

153 1977 314 2018 τατος
348 1959 380 2011 ὁ
412 1957 579 2018 Τίτος
611 1955 710 2027 ὢν,
741 1956 1042 2018 ἐπίσκοπός
1090 1978 1148 2012 τε
1195 1959 1286 2012 καὶ
1319 1959 1543 2032 Κρήτης
1577 1956 1820 2034 μεγάλης

156 2042 324 2114 οὔσης
369 2042 440 2100 δι’
496 2045 624 2101 αὐτὸ
679 2050 840 2102 τοῦτο
897 2047 1348 2121 κεχειροτόνητο,
1401 2049 1492 2103 καὶ
1541 2047 1817 2103 τοσούτων

160 2133 476 2188 ἐπισκόπων
507 2135 683 2207 κρίσιν
716 2135 806 2190 καὶ
865 2135 1210 2209 χειροτονίαν
1265 2135 1565 2210 ἐπετράπη.
1601 2159 1629 2187 ι(
1663 2141 1823 2193 Inter

158 2241 372 2279 omnes
403 2225 506 2295 qui
540 2242 672 2281 cum
703 2226 888 2281 Paulo
918 2227 1131 2280 versati
1167 2231 1327 2293 sunt,
1367 2227 1822 2298 probatissimus

157 2331 294 2369 cum
329 2321 493 2369 esset
515 2314 1020 2386 Titus,episcopus
1045 2321 1361 2386 propterea
1380 2317 1822 2388 Creta,magna

155 2404 321 2461 illius
353 2405 601 2472 insula,
635 2405 856 2461 electus
877 2412 986 2475 est,
1007 2411 1210 2478 totque
1235 2406 1651 2478 episcoporum
1683 2422 1820 2461 cum

145 2493 470 2564 judicium,
494 2501 616 2550 tum
637 2495 934 2550 ordinatio
958 2496 1012 2550 ei
1038 2494 1396 2552 demandata
1418 2503 1526 2552 est.
1551 2518 1578 2546 »
1602 2498 1673 2550 Et
1689 2496 1824 2566 qui-

149 2583 287 2640 dem
313 2584 389 2640 de
412 2585 712 2640 sententia
733 2585 1173 2656 Theophylacti,
1191 2592 1507 2657 postquam
1529 2585 1601 2640 de
1632 2585 1826 2655 Chry-

151 2681 420 2730 sostomo
453 2673 738 2738 diximus,
770 2673 1172 2729 dubitandum
1203 2691 1325 2730 non
1356 2679 1464 2730 est.

223 2765 392 2819 Inter
426 2763 661 2818 Latinos
686 2763 914 2834 primus
936 2764 1117 2818 fuisse
1137 2763 1402 2818 creditur
1423 2768 1631 2820 auctor
1659 2763 1828 2834 Com_

153 2851 596 2908 mentariorum
650 2853 710 2907 in
742 2853 1020 2924 epistolas
1052 2853 1108 2908 S.
1142 2853 1308 2907 Pauli
1342 2852 1450 2907 sub
1483 2852 1732 2906 nomine
1765 2853 1822 2920 S.

149 2941 458 2997 Ambrosii
482 2941 798 3012 editorum,
823 2941 981 3012 quod
1013 2959 1075 2996 se
1106 2941 1415 3012 scripsisse
1437 2941 1545 2996 sub
1574 2943 1824 2996 Damaso

148 3032 434 3102 episcopo
497 3035 780 3097 Romano,
829 3031 939 3085 hoc
987 3037 1078 3086 est
1138 3036 1275 3086 ante
1308 3047 1361 3085 a.
1397 3031 1462 3084 D.
1497 3031 1600 3085 384
1631 3029 1823 3100 proﬁ-

149 3125 370 3186 teatur,
397 3120 500 3190 qui
523 3120 786 3192 episcopi
809 3125 867 3174 et
895 3119 1223 3191 presbyteri
1256 3119 1502 3174 nomina
1531 3124 1822 3188 tanquam

150 3224 496 3279 synonyma
525 3209 588 3262 in
621 3208 920 3279 Scriptura
951 3208 1281 3264 tradiderit.
1318 3207 1420 3262 Hic
1459 3211 1658 3261 tamen
1688 3206 1812 3276 epi-
1849 3234 1891 3302 C

153 3315 372 3368 scopos
403 3296 734 3369 singulares
766 3297 1041 3352 Ecclesiis
1070 3296 1379 3368 prafuisse
1409 3296 1815 3367 apostolorum

151 3393 430 3459 tempore
463 3386 678 3457 sapius
736 3386 924 3442 docet.
960 3386 1212 3458 Insignis
1270 3385 1447 3456 plane
1482 3385 1666 3449 locus,
1701 3400 1816 3453 quo

149 3477 254 3532 illa
284 3475 364 3532 ad
422 3475 860 3547 Philippenses,
916 3492 1036 3530 cum
1083 3477 1350 3546 episcopis
1391 3481 1442 3529 et
1471 3473 1814 3538 diaconibus,

150 3566 476 3637 explicat.«
501 3567 618 3620 Hoc
640 3569 750 3630 est,
779 3565 994 3636 inquit,
1024 3582 1153 3620 cum
1186 3565 1365 3620 Paulo
1396 3569 1456 3618 et
1485 3563 1814 3630 Timotheo,

151 3654 255 3724 qui
288 3654 502 3724 utique
531 3653 794 3724 episcopi
837 3659 1026 3718 erant,
1062 3654 1242 3708 simul
1274 3657 1332 3708 et
1361 3651 1730 3723 signiﬁcavit,
1761 3654 1820 3704 et

151 3743 444 3798 diaconos
463 3742 561 3812 qui
587 3741 1012 3796 ministrabant
1033 3741 1200 3796 ei.Ad
1225 3741 1457 3812 plebem
1489 3741 1650 3794 enim
1675 3741 1816 3794 scri-

155 3834 264 3888 bit.
303 3834 454 3887 Nam
502 3832 552 3886 si
585 3832 878 3902 episcopis
915 3831 1223 3894 scriberet,
1257 3837 1316 3886 et
1345 3830 1712 3896 diaconibus,
1744 3830 1818 3884 ad

156 3937 451 3994 personas
483 3937 690 3976 eorum
738 3920 1045 3988 scriberet,
1079 3927 1137 3974 et
1182 3920 1295 3975 loci
1326 3920 1512 3990 ipsius
1542 3920 1816 3990 episcopo

153 4009 550 4067 scribendum
582 4015 726 4075 erat,
751 4026 872 4065 non
894 4009 1124 4065 duobus
1148 4009 1237 4064 vel
1258 4009 1468 4076 tribus,
1497 4009 1649 4063 sicut
1669 4013 1726 4062 et
1745 4008 1818 4063 ad

147 4101 351 4154 Titum
375 4104 433 4152 et
463 4098 856 4154 Timotheum.
883 4120 910 4148 ››
933 4099 1134 4169 Neque
1156 4098 1355 4152 minus
1385 4097 1634 4152 illustris
1656 4097 1817 4152 locus

148 4189 254 4244 ille
290 4192 528 4257 est,quo
559 4186 736 4242 verba
767 4186 879 4242 ista
904 4203 918 4241 :
979 4189 1283 4257 Propterea
1312 4187 1467 4241 debet
1497 4187 1696 4242 mulier
1717 4202 1820 4256 po-

153 4283 412 4334 testatem
443 4275 644 4330 habere
670 4291 843 4346 supra
870 4282 1060 4346 caput,
1114 4282 1284 4330 etiam
1309 4281 1543 4346 propter
1571 4275 1814 4344 angelos,

149 4367 172 4420 Ι
204 4365 347 4421 Cor.
382 4380 508 4436 cap.
545 4381 624 4433 xi,
655 4380 808 4419 vers.
846 4367 933 4432 10,
957 4363 1252 4435 explanat.
1285 4365 1647 4418 Potestatem
1670 4385 1698 4413 κ
1722 4378 1815 4416 ve-

152 4455 366 4510 lamen
418 4452 790 4524 signiﬁcavit,
845 4452 1086 4525 angelos
1139 4452 1445 4524 episcopos
1470 4452 1635 4517 dicit,
1667 4453 1820 4506 sicut

151 4545 411 4599 docetur
441 4542 503 4596 in
532 4541 883 4614 Apocalypsi
911 4542 1175 4597 Joannis.
1208 4543 1278 4596 Et
1306 4541 1446 4612 quia
1474 4541 1677 4611 utique
1708 4541 1818 4594 ho-

1930 1955 2154 2010 riorum
2186 1956 2247 2010 in
2279 1956 2568 2026 Epistolas
2599 1959 2764 2014 Pauli
2797 1961 3154 2034 Hieronymo
3186 1969 3580 2039 ascriptorum

1930 2047 1991 2100 in
2025 2047 2048 2100 Ι
2079 2048 2180 2116 Ep.
2215 2047 2289 2101 ad
2321 2048 2572 2102 Timoth.
2609 2065 2658 2104 c.
2688 2067 2784 2105 m:
2828 2073 2853 2100 «
2890 2053 3182 2117 Quaritur
3213 2075 3317 2112 cur
3346 2060 3418 2113 de
3445 2079 3581 2131 pre-

1929 2136 2180 2207 sbyteris
2211 2137 2441 2192 nullam
2470 2137 2647 2194 faciat
2679 2144 3062 2212 mentionem,
3096 2148 3200 2202 sed
3231 2166 3332 2205 eos
3363 2152 3422 2206 in
3455 2154 3577 2224 epi-

1931 2239 2244 2292 scoporum
2266 2224 2508 2278 nomine
2531 2227 3068 2299 comprehenderit,
3092 2233 3230 2302 quia
3259 2238 3574 2307 secundus,

1930 2309 2052 2364 imo
2082 2326 2234 2380 pene
2273 2327 2426 2366 unus
2479 2317 2568 2366 est
2622 2314 2859 2385 gradus.
2892 2338 2919 2366 »
2957 2319 3109 2374 Duos
3136 2321 3314 2392 igitur
3341 2326 3576 2395 gradus,

1931 2400 2198 2470 quamvis
2227 2416 2348 2454 non
2381 2416 2737 2473 magnopere
2778 2403 3084 2477 distantes,
3119 2411 3226 2465 sub
3258 2429 3375 2468 uno
3407 2415 3578 2470 titulo

1933 2489 2391 2560 comprehensos
2412 2491 2809 2561 agnovit.Qua
2838 2497 3209 2569 Iranscripsit
3228 2502 3576 2572 Primasius,

1932 2578 2036 2648 qui
2065 2577 2140 2632 ad
2170 2577 2584 2649 Philippenses
2614 2583 2838 2636 notavit
2864 2599 2877 2637 :
2922 2607 2950 2634 «
2983 2587 3302 2660 Episcopos
3332 2591 3427 2646 hic
3459 2609 3578 2647 non

1935 2666 2130 2722 solum
2150 2667 2484 2737 pontiﬁces,
2511 2667 2615 2723 sed
2637 2675 2695 2723 et
2714 2671 3091 2742 presbyteros
3117 2677 3525 2751 intelligimus.
3550 2704 3576 2731 ››

2005 2756 2271 2826 Denique
2321 2755 2712 2827 Hieronymus
2770 2761 2871 2829 qui
2914 2770 3050 2832 post
3077 2765 3577 2825 Ambrosiastrum

1935 2847 2337 2904 Romanorum
2360 2845 2744 2901 diaconorum
2763 2848 2980 2904 fastum
3003 2868 3120 2907 non
3145 2855 3345 2910 minus
3365 2859 3582 2914 acriter

1935 2933 2324 3005 castigavit,et
2351 2934 2685 2990 confusioni
2711 2940 3019 2995 nominum
3051 2943 3196 2998 adeo
3228 2945 3481 3014 inhaesit,
3515 2954 3582 3003 ut

1934 3022 2091 3077 idem
2140 3023 2401 3094 episcopi
2450 3027 2509 3078 et
2564 3026 2890 3097 presbyteri
2924 3028 3185 3086 ofﬁcium
3217 3038 3274 3088 et
3304 3036 3579 3092 eumdem

1934 3113 2224 3180 ordinem,
2249 3113 2390 3167 dum
2417 3114 2604 3168 sancti
2626 3116 2833 3171 Petrus
2853 3123 2910 3172 et
2930 3120 3144 3176 Paulus
3169 3123 3578 3193 viverent,cre-

1933 3200 2155 3255 didisse
2179 3201 2482 3268 videatur;
2507 3203 2633 3258 sine
2656 3209 3056 3263 controversia
3078 3215 3275 3267 tamen
3298 3230 3452 3284 sape
3475 3215 3582 3270 do-

1929 3290 2052 3345 cuit
2081 3295 2200 3345 tres
2231 3291 2470 3362 gradus,
2504 3293 2732 3364 triaque
2787 3295 2984 3353 ofﬁcia
3027 3305 3084 3354 et
3115 3303 3354 3358 nomine
3387 3310 3445 3358 et
3474 3322 3578 3376 po-

1930 3384 2138 3434 testate
2170 3379 2452 3435 distincta
2494 3387 2815 3454 antequam
2865 3387 2917 3441 S.
2953 3389 3212 3460 lgnatius
3243 3392 3316 3446 ad
3347 3399 3578 3464 marty-

1927 3470 2085 3523 rium
2115 3468 2450 3537 duceretur,
2485 3473 2804 3528 exstitisse.
2860 3475 2994 3530 Hac
3045 3479 3203 3534 enim
3244 3481 3372 3552 ejus
3400 3483 3579 3538 verba

1929 3564 2068 3615 sunt
2084 3557 2335 3628 epistola
2355 3559 2428 3613 ad
2453 3561 2790 3631 Evagrium:
2813 3585 2837 3615 ιι
2861 3566 2932 3619 Ut
2951 3567 3207 3623 sciamus
3228 3570 3579 3627 traditiones

1928 3650 2282 3720 apostolicas
2329 3655 2598 3721 sumptas
2628 3651 2699 3707 de
2743 3655 2936 3710 Veteri
2983 3662 3385 3729 Testamento,
3419 3663 3577 3734 quod

1926 3741 2120 3793 Aaron
2151 3744 2210 3792 et
2253 3738 2360 3792 ﬁlii
2393 3739 2522 3808 ejus
2553 3745 2728 3810 atque
2780 3743 2967 3799 levita
2998 3747 3059 3800 in
3091 3751 3311 3820 templo
3337 3751 3579 3808 fuerunt

1927 3829 2039 3883 hoc
2071 3828 2182 3882 sibi
2215 3828 2500 3898 episcopi,
2531 3830 2860 3900 presbyteri
2904 3839 2962 3888 et
3011 3836 3244 3892 diaconi
3277 3841 3578 3896 vindicent

1927 3918 1988 3971 in
2019 3917 2298 3972 Ecclesia.
2325 3937 2354 3965 »
2377 3917 2682 3980 Quomodo
2705 3925 2902 3974 autem
2928 3922 3052 3977 hac
3075 3925 3312 3980 traditio
3335 3935 3576 3998 aposto-

1927 4005 2041 4059 lica
2071 4020 2199 4058 esse
2242 4003 2454 4074 potuit,
2487 4005 2784 4074 quomodo
2846 4023 2917 4062 ex
2972 4008 3167 4064 Veteri
3199 4015 3574 4070 Testamento

1927 4094 2260 4164 desumpta,
2285 4093 2332 4147 si
2364 4109 2482 4147 non
2509 4094 2912 4164 apostolorum
2943 4114 3066 4153 avo
3099 4102 3430 4157 exstiterint
3459 4105 3576 4176 epi-

1927 4182 2090 4254 scopi
2112 4181 2474 4253 presbyteris
2495 4183 3358 4256 superiores,quemadmodum
3379 4195 3574 4248 Aaron

1929 4278 1987 4326 et
2015 4271 2210 4326 ofﬁcio
2241 4277 2300 4326 et
2328 4270 2613 4342 dignitate
2647 4272 2784 4327 ﬁliis
2832 4277 3103 4346 superior
3129 4278 3287 4334 fuit?
3314 4283 3430 4336 Aut
3460 4299 3576 4353 qua

1927 4362 2155 4417 ratione
2187 4360 2340 4415 hanc
2383 4367 2645 4416 mentem
2696 4363 3036 4436 Hieronymi
3068 4367 3248 4425 fuisse
3280 4371 3575 4444 quispiam

1928 4449 2354 4522 negaverit,qui
2375 4449 2500 4504 hac
2519 4466 2653 4504 eum
2675 4450 2892 4508 diserte
2912 4455 3218 4526 scripsisse
3233 4460 3305 4514 ad
3322 4463 3572 4518 Matthai

1931 4559 2059 4613 cap.
2081 4558 2244 4608 xxm,
2277 4539 2507 4596 noverit
2529 4558 2541 4595 :
2565 4565 2592 4591 «
2618 4543 2783 4608 Quod
2815 4545 3084 4602 fecerunt
3103 4555 3162 4605 et
3189 4553 3440 4623 apostoli
3472 4572 3578 4626 per

148 4634 356 4690 mines
379 4637 541 4699 sunt,
565 4631 724 4702 quod
748 4648 868 4686 non
893 4631 1265 4702 corriperent
1293 4630 1551 4701 plebem,
1571 4646 1822 4701 arguun-
1855 4604 1900 4670 D
1931 4631 2191 4704 singulas
2222 4631 2553 4702 provincias
2580 4633 2956 4704 presbyteros
2990 4643 3044 4692 et
3078 4604 3385 4714 episdopos
3417 4604 3576 4700 orrdi-

149 4729 293 4787 tur;
348 4726 407 4776 et
463 4720 622 4791 quod
669 4725 900 4775 rectum
931 4725 1018 4774 est
1048 4719 1110 4774 in
1143 4718 1258 4773 illis
1290 4717 1580 4774 laudatur.
1612 4718 1822 4774 Mulier

148 4827 294 4882 ergo
325 4809 550 4865 idcirco
580 4809 757 4864 debet
776 4807 968 4864 velare
992 4807 1337 4879 caput,quia
1359 4823 1479 4862 non
1507 4812 1595 4861 est
1626 4806 1818 4877 imago

152 4901 286 4967 Dei,
343 4897 450 4954 sed
480 4903 547 4954 ut
574 4897 925 4953 ostendatur
953 4896 1239 4968 subjecta.
1273 4898 1342 4951 Et
1372 4896 1512 4966 quia
1542 4896 1821 4966 pravari-

151 4991 317 5048 catio
346 5004 456 5060 per
476 4988 635 5044 illam
661 4989 938 5043 inchoata
956 4988 1182 5052 est,hoc
1205 4986 1358 5058 signi
1383 4986 1558 5041 debet
1580 4986 1820 5053 habere,

152 5082 305 5136 utin
329 5077 594 5134 Ecclesia
610 5082 853 5150 propter
873 5076 1263 5132 reverentiam
1282 5075 1678 5148 episcopalem
1701 5092 1821 5130 non

155 5171 383 5227 habeat
414 5174 592 5240 caput
622 5167 902 5234 liberum,
949 5166 1053 5222 sed
1111 5166 1402 5222 velamine
1436 5171 1680 5234 tectum,
1711 5182 1823 5221 nec

154 5261 383 5316 habeat
414 5262 773 5329 potestatem
795 5254 1100 5326 loquendi,
1125 5256 1264 5326 quia
1287 5254 1598 5326 episcopus
1626 5271 1824 5326 perso-

153 5367 301 5406 nam
329 5348 508 5403 habet
530 5346 766 5403 Christi.
809 5345 981 5411 Quasi
997 5362 1136 5415 ergo
1153 5344 1565 5415 antejudicem
1585 5344 1668 5400 sic
1686 5349 1820 5400 ante

159 5436 691 5511 episcopum,quia
711 5434 962 5490 vicarius
985 5433 1216 5489 Domini
1245 5437 1604 5504 est,propter
1622 5438 1822 5488 reatus

155 5528 476 5599 originem,
524 5524 797 5596 subjecta
845 5522 1022 5578 debet
1050 5523 1254 5578 videri.
1292 5545 1314 5572 ι
1346 5524 1416 5577 Et
1445 5520 1621 5593 paulo
1653 5527 1818 5593 post:

152 5641 182 5669 α
213 5617 364 5683 Quia
385 5616 459 5672 ab
484 5631 605 5669 uno
626 5615 797 5668 Patre
821 5617 961 5669 sunt
981 5612 1203 5680 omnia,
1220 5611 1484 5684 singulos
1513 5611 1824 5684 episcopos

216 5705 265 5742 ⁴⁷
298 5707 324 5763 l
351 5706 488 5761 Cor.
524 5720 625 5772 χιι,
657 5704 748 5758 29.
825 5700 873 5738 ⁸⁸
900 5702 922 5758 Ι
951 5705 1080 5758 Cor.
1115 5717 1154 5770 ι,
1192 5704 1275 5758 12.

1928 4725 2162 4776 nantes.
2187 4741 2212 4768 ››
2239 4719 2396 4774 Idem
2426 4720 2486 4774 in
2518 4721 2954 4779 Commentario
2985 4727 3057 4780 ad
3090 4729 3276 4784 Titum
3302 4748 3314 4784 :
3341 4754 3368 4780 «
3393 4734 3577 4786 Ante-

1930 4827 2109 4880 quam
2145 4809 2362 4863 diaboli
2395 4810 2680 4864 instinctu
2712 4812 2907 4867 studia
2937 4814 2997 4868 in
3027 4817 3308 4886 religione
3342 4820 3572 4891 ﬁerent,

1932 4905 1989 4954 et
2019 4899 2316 4953 diceretur
2340 4898 2401 4952 in
2424 4899 2657 4968 populis
2685 4915 2698 4952 :
2729 4901 2842 4968 Ego
2878 4916 2997 4955 sum
3022 4905 3206 4972 Pauli,
3231 4922 3329 4974 ego
3357 4909 3571 4976 Apollo,

1931 5005 2027 5058 ego
2058 4994 2239 5043 autem
2270 4987 2463 5057 Cephea
2488 4985 2556 5053 ‘3,
2585 4990 2887 5044 communi
2920 4991 3402 5064 presbyterorum
3433 5014 3576 5052 con-

1933 5078 2065 5134 silio
2089 5077 2351 5133 ecclesia
2372 5075 2852 5149 gubernabantur
2872 5094 2884 5131 :
2908 5085 3221 5150 postquam
3243 5100 3377 5140 vero
3400 5103 3579 5142 unus-

1932 5167 2182 5238 quisque
2201 5183 2300 5221 eos
2319 5182 2467 5236 quos
2484 5165 3041 5238 baptizaverat,suos
3058 5173 3283 5240 putavit
3303 5191 3580 5242 esse,non

1931 5255 2168 5318 Christi,
2201 5254 2262 5308 in
2297 5259 2416 5309 toto
2451 5254 2592 5310 orbe
2625 5253 2925 5311 decretum
2959 5263 3064 5326 est,
3091 5265 3156 5313 ut
3178 5277 3332 5315 unus
3355 5263 3424 5318 de
3447 5282 3578 5334 pre-

1934 5343 2186 5415 sbyteris
2219 5343 2442 5398 electus
2474 5353 2972 5416 superponeretur
3015 5350 3261 5408 eateris,
3296 5351 3369 5405 ad
3401 5370 3579 5424 quem

1932 5433 2126 5489 omnis
2156 5431 2436 5485 Ecclesia
2467 5449 2610 5487 cura
2639 5435 3052 5504 pertineret.et
3074 5439 3459 5496 schismntum
3493 5460 3580 5497 se-

1932 5523 2095 5578 mina
2119 5521 2489 5575 tollerentur.
2517 5543 2546 5571 »
2567 5527 2630 5576 Et
2653 5540 2858 5580 rursus
2883 5545 2894 5580 :
2920 5549 2947 5577 «
2972 5529 3135 5592 Quod
3156 5537 3350 5585 autem
3374 5538 3580 5604 postea

1932 5629 2086 5669 unus
2133 5610 2356 5664 electus
2387 5613 2494 5681 est,
2527 5609 2590 5665 in
2634 5612 2969 5671 schismatis
2999 5619 3327 5678 remedium
3356 5621 3577 5682 factum
