3942 6302
317 390 423 454 ιδι

1389 379 1452 442 S.
1501 379 1904 444 IGNATIUS.
1953 415 2029 429 -
2071 377 2686 449 PllOLEGOMENA.

3627 383 3752 443 432
3768 416 3776 425 -

317 533 434 584 est:
460 543 536 582 ne
557 523 966 596 unusquisque
981 520 1058 576 ad
1076 537 1137 576 se
1159 519 1399 575 trahens
1413 519 1628 575 Christi
1643 518 1969 574 Ecclesiam
2003 522 2056 590 Α
2086 526 2357 594 tempora
2387 523 2708 579 discrimen
2737 521 2887 578 illud
2913 523 3072 577 inter
3089 519 3399 592 episcopos
3421 523 3482 573 et
3499 518 3749 591 presby-

318 621 643 688 rumperet.
673 616 816 670 Nam
844 618 901 668 et
929 609 1300 666 Alexandriae
1332 625 1366 664 a
1397 610 1587 663 Marco
1619 607 1977 679 evangelista

319 722 511 778 usque
525 705 597 760 ad
616 701 922 758 Heraclam
939 705 995 754 et
1009 699 1356 768 Dionysium
1379 697 1708 768 episcopos,
1727 696 1975 768 presby-

319 795 432 852 teri
456 809 690 864 semper
710 806 894 845 unum
920 804 988 842 ex
1019 803 1080 841 se
1103 787 1359 842 electum
1383 785 1443 839 in
1466 784 1770 840 excelsiori
1793 784 1977 856 gradu

323 883 678 940 collocatum
709 881 1055 951 episcopum
1100 875 1514 930 nominabant.
1550 897 1578 924 ››
1611 875 1744 929 Haec
1776 874 1974 944 igitur,

323 974 450 1028 sine
483 970 646 1026 omni
704 966 1126 1033 controversia,
1186 966 1242 1020 S.
1297 963 1636 1036 Hieronymi
1680 963 1978 1017 sententia

320 1063 452 1128 fuit,
486 1059 664 1132 quod,
707 1059 846 1113 licet
901 1057 962 1110 in
1017 1055 1250 1126 scriptis
1282 1053 1646 1124 apostolicis,
1679 1052 1975 1123 praecipue

323 1152 465 1206 dum
496 1150 758 1204 viverent
786 1151 995 1202 Petrus
1027 1151 1086 1200 et
1122 1144 1359 1212 Paulus,
1392 1142 1625 1198 nullum
1656 1141 1977 1197 discrimen

324 1242 481 1296 inter
512 1256 609 1294 eos
633 1238 734 1308 qui
762 1234 1022 1307 episcOpi
1045 1238 1103 1288 et
1123 1233 1452 1304 presbyteri
1471 1231 1842 1297 dicebantur,
1863 1228 1978 1300 ipsi

325 1327 687 1400 apparuerit,
733 1326 880 1379 seris
919 1330 1120 1379 tamen
1152 1322 1555 1392 apostolorum
1589 1319 1976 1390 temporibus,

323 1417 414 1472 vel
444 1416 619 1488 paulo
650 1419 786 1469 ante
817 1413 1044 1467 obitum
1077 1411 1227 1465 Petri
1259 1414 1318 1464 et
1346 1408 1630 1476 Pauli,vel
1652 1413 1809 1463 certe
1842 1413 1978 1462 ante

328 1510 583 1562 mortem
608 1505 664 1558 S.
687 1501 952 1569 Joannis,
972 1499 1034 1554 in
1054 1503 1176 1554 toto
1209 1497 1348 1553 orbe
1381 1498 1686 1552 decretum
1718 1500 1894 1561 esset,
1915 1499 1982 1550 ut

327 1611 484 1651 unus
517 1595 1019 1664 superponeretur
1049 1589 1298 1656 caeteris,
1332 1588 1404 1643 ad
1438 1605 1615 1658 quem
1647 1587 1842 1642 omnis
1872 1588 1981 1641 Ec-

329 1684 526 1740 clesiae
551 1699 692 1737 cura
714 1681 1057 1752 pertineret,
1078 1683 1136 1733 et
1157 1679 1257 1748 qui
1281 1678 1590 1748 episcopus
1614 1675 1850 1747 proprie
1873 1691 1980 1729 no-

327 1775 679 1832 minaretur.
703 1772 818 1825 Hoc
841 1787 912 1825 ex
933 1767 1256 1840 apostolica
1277 1766 1593 1821 traditione
1616 1765 1978 1837 profectum;

331 1865 444 1919 hoc
466 1866 706 1934 propter
737 1859 1058 1915 schismata
1089 1863 1353 1928 tempore
1389 1855 1790 1928 apostolorum
1823 1857 1982 1908 certe

337 1958 467 2008 orta
492 1949 896 2005 introductum
929 1946 1162 2013 docuit;
1195 1945 1372 2015 hujus
1403 1945 1488 1999 rei
1517 1943 1890 1998 Alexandriae
1911 1941 1984 1995 ab

337 2043 468 2112 ipso
500 2041 555 2093 S.
589 2042 778 2094 Marco
806 2036 1345 2092 luculentissimum
1385 2034 1678 2088 exstitisse
1713 2032 1987 2086 testimo-

339 2132 506 2186 nium
528 2127 862 2200 perhibuit;
884 2125 1040 2196 quod
1061 2125 1318 2195 primum
1346 2122 1657 2193 singularis
1679 2121 1988 2193 episcopa-

335 2223 432 2272 tus
461 2214 799 2286 exemplum
821 2211 1044 2282 putavit
1069 2226 1082 2276 ;
1111 2214 1168 2264 et
1205 2210 1398 2280 ipsum
1431 2207 1673 2278 quidem
1704 2213 1828 2262 tum
1853 2207 1986 2261 sin-

336 2307 555 2379 gulare.
579 2306 724 2359 Nam
747 2318 820 2356 ex
841 2301 970 2371 ejus
993 2299 1286 2354 sententia
1306 2301 1532 2352 Marcus
1551 2319 1578 2347 «
1599 2302 1868 2351 mortuus
1898 2301 1988 2350 est

334 2401 536 2451 octavo
563 2392 809 2448 Neronis
840 2406 1017 2457 anno,
1042 2394 1099 2443 et
1129 2387 1392 2459 sepultus
1420 2385 1820 2456 Alexandviae,
1854 2401 1988 2440 suc-

332 2486 584 2541 cedente
617 2482 727 2538 sibi
759 2481 1010 2546 Aniano,
1047 2501 1074 2527 »
1105 2483 1174 2533 ut
1200 2478 1381 2532 refert
1408 2478 1469 2531 in
1510 2475 1804 2546 Catalogo.
1841 2475 1986 2530 lnde

329 2575 484 2629 viros
504 2567 709 2627 omnes
727 2567 1185 2642 singulares,qui
1204 2566 1323 2620 illis
1340 2565 1706 2636 temporibus
1723 2564 1985 2620 ecclesiis

327 2664 717 2737 praefuerunt,
748 2675 984 2730 semper
1006 2657 1314 2728 episcopos
1335 2655 1573 2727 proprie
1595 2655 1876 2726 appellat.
1900 2657 1980 2709 De

333 2751 614 2809 Romanis
640 2751 699 2804 in
724 2749 1000 2818 Catalogo
1025 2763 1036 2800 :
1071 2768 1098 2796 α
1131 2745 1406 2801 Clemens
1437 2749 1683 2814 quartus
1711 2748 1846 2815 post
1876 2744 1982 2798 Pe-

328 2848 486 2896 trum
515 2843 712 2896 Roma:
742 2838 1055 2909 episcopus
1081 2853 1094 2889 :
1143 2835 1437 2905 siquidem
1479 2832 1774 2888 secundus
1805 2833 1984 2887 Linus

328 2931 443 2987 fuit
471 2934 531 2984 et
556 2929 767 2984 tertius
789 2926 1007 2982 Cletus.
1034 2944 1060 2976 ι
1095 2923 1274 2994 Cujus
1305 2928 1600 2977 exsortem
1627 2925 1982 2992 potestatem

328 3017 656 3084 indicat,ad
676 3016 846 3071 Isaim
867 3029 1123 3086 capmm:
1149 3035 1176 3063 ‹‹
1202 3013 1476 3066 Clemens
1493 3011 1578 3064 vir
1598 3009 1980 3081 apostolicus,

333 3108 434 3179 qui
455 3113 591 3179 post
610 3109 852 3161 Petrum
884 3107 1211 3159 Romanam
1243 3101 1395 3156 rexit
1423 3098 1984 3168 Ecclesiam,scribit

333 3198 406 3255 ad
431 3196 787 3252 Corinthios.
815 3213 840 3245 ι
865 3195 934 3247 Et
952 3193 1080 3247 liba
1103 3191 1383 3246 adversus
1402 3189 1807 3244 Jovinianum:
1842 3209 1871 3237 «
1894 3187 1982 3242 Ad

2085 617 2243 666 teros
2267 614 2593 684 agnovisse,
2618 613 2719 684 qui
2742 613 2936 668 sciunt
2957 627 3083 665 rem
3107 626 3235 665 esse
3257 609 3745 680 antiquissimam

2084 706 2149 755 ut
2177 702 2294 757 duo
2324 702 2385 756 hi
2417 703 2659 757 ordines
2707 703 2768 755 in
2816 700 3081 755 Ecclesia
3109 699 3333 754 fuerint
3368 697 3661 766 distincti,
3695 699 3746 752 si

2086 789 2456 859 excipiantur
2483 788 2804 859 apostolica
2826 793 3116 857 tempora.
3138 808 3166 836 »

2159 879 2350 943 Quare
2392 895 2525 932 cum
2558 884 2679 932 tres
2712 877 2952 931 ordines
2985 877 3103 930 sive
3132 875 3348 947 gradus
3380 891 3580 930 sacros
3605 881 3751 929 tunc

2083 983 2220 1022 cum
2279 967 2333 1021 S.
2396 967 2663 1039 Ignatius
2722 966 3000 1037 epistolas
3058 965 3368 1036 scripsisse
3415 965 3655 1032 dicitur,
3686 965 3748 1018 in

2082 1057 2431 1112 Christianis
2449 1057 2808 1122 civitatibus,
2827 1072 2895 1110 ac
2917 1055 3253 1126 praesertim
3270 1054 3754 1124 Asiaticis,exsti-

2083 1147 2223 1200 tisse
2247 1162 2479 1200 summo
2502 1151 2766 1200 veterum
2785 1161 3082 1200 consensu
3103 1149 3365 1212 constet;
3387 1159 3521 1198 cum
3546 1160 3752 1214 quam-

2083 1235 2323 1306 plurimi
2357 1234 2625 1306 ejusdem
2659 1233 2858 1290 saeculi
2890 1251 3010 1288 non
3040 1233 3215 1288 aliter
3235 1249 3413 1304 quam
3445 1233 3516 1287 de
3548 1238 3638 1288 tot
3663 1234 3750 1288 di-

2087 1321 2318 1376 stinctis
2349 1327 2406 1375 et
2436 1321 2631 1375 ofﬁcio
2681 1326 2740 1375 et
2769 1321 3012 1375 nomine
3054 1319 3335 1391 gradibus
3376 1319 3555 1374 locuti
3583 1319 3747 1385 sint;

2085 1427 2220 1466 cum
2252 1429 2428 1467 nemo
2459 1428 2723 1483 unquam
2780 1412 3052 1484 ejusdem
3086 1412 3191 1465 aevi
3223 1427 3607 1482 quemquam,
3644 1411 3749 1481 qui

2088 1501 2334 1556 secundi
2367 1501 2594 1556 ordinis
2617 1502 3147 1574 esset,episcopum
3173 1501 3585 1573 appellaverit;
3609 1517 3748 1556 cum

2087 1589 2344 1659 denique
2374 1591 2544 1661 pauci
2577 1590 2687 1656 illi,
2735 1591 2835 1660 qui
2893 1607 2995 1645 eos
3055 1590 3154 1660 qui
3187 1590 3446 1661 episcopi
3486 1591 3750 1660 fuerant,

2085 1683 2222 1749 post
2251 1694 2457 1733 eorum
2489 1684 2768 1748 mortem,
2800 1683 2858 1732 et
2890 1679 3057 1750 quasi
3087 1678 3477 1748 antiquiores,
3514 1683 3750 1733 tantum

2087 1766 2465 1838 presbyteros
2487 1769 2845 1834 vocaverint,
2866 1768 3099 1838 quoties
3122 1773 3320 1823 autem
3345 1767 3584 1823 ordines
3608 1784 3754 1822 cnu-

2087 1854 2379 1922 merandi,
2406 1861 2508 1909 aut
2539 1855 2609 1910 de
2638 1856 2728 1910 sui
2755 1856 3040 1927 temporis
3072 1855 3362 1910 ministris
3394 1855 3754 1928 evangelicis

2091 1943 2376 2014 loquendi
2415 1946 2643 2000 occasio
2687 1962 2748 2000 se
2801 1945 3117 2010 obtulerat,
3150 1945 3324 2000 aliter
3355 1945 3534 2000 locuti
3567 1951 3751 2012 sunt;

2093 2033 2242 2087 ratio
2267 2033 2432 2088 nulla
2454 2038 2719 2105 apparet,
2745 2051 2850 2089 cur
2870 2034 2992 2105 ille,
3016 2035 3116 2104 qui
3142 2051 3208 2089 eo
3233 2033 3409 2089 modo
3434 2034 3760 2089 distinctio-

2093 2138 2229 2176 nem
2253 2122 2530 2178 ordinum
2549 2124 2609 2178 in
2633 2123 2901 2194 epistolis
2920 2124 3044 2177 suis
3066 2128 3223 2178 caste
3243 2129 3301 2177 et
3320 2128 3605 2194 perpetuo
3629 2141 3755 2178 ser-

2092 2212 2261 2279 vavit,
2295 2227 2401 2282 pro
2433 2228 2567 2266 vero
2598 2213 2824 2283 Ignatio
2856 2211 3226 2266 Antiocheno
3269 2211 3373 2266 illo
3403 2218 3462 2266 et
3491 2221 3755 2282 martyre

2092 2317 2214 2354 non
2244 2300 2548 2356 habeatur.
2584 2302 2711 2356 Non
2761 2306 2852 2356 est
2880 2301 3141 2368 hoc,non
3171 2306 3280 2369 est,
3307 2323 3335 2350 «
3371 2318 3548 2372 supra
3575 2319 3753 2356 suum

2093 2390 2396 2460 saeculum,
2442 2407 2623 2461 supra
2671 2390 2884 2445 fratres
2916 2407 3054 2446 suos
3085 2391 3454 2446 venerandos
3487 2393 3754 2462 seipsum

2092 2479 2368 2533 efferre.»
2388 2481 2584 2550 Neque
2608 2478 2812 2535 dubito
2837 2479 2981 2550 quin
3006 2479 3310 2534 verissime
3329 2496 3595 2535 asserere
3613 2498 3756 2552 pos-

2091 2567 2525 2639 sim,lgnatium
2553 2573 2826 2622 nostrum
2849 2574 2974 2622 tum
3003 2569 3264 2640 episcopi
3288 2569 3359 2624 de
3383 2570 3758 2640 primis,tum

2088 2655 2419 2727 presbyteri
2433 2657 2784 2712 vocabulum
2799 2657 2870 2712 de
2886 2657 3444 2713 secundisEcclesiae
3459 2659 3755 2730 cujusque

2089 2745 2630 2817 sacerdotibus,pro
2654 2746 2742 2801 sui
2775 2746 2976 2802 saeculi
2999 2764 3112 2802 usu
3136 2752 3194 2802 et
3215 2763 3756 2818 more,usurpasse,

2090 2849 2211 2888 non
2238 2838 2469 2889 tantum
2501 2835 2564 2889 in
2594 2851 2890 2902 sermone,
2922 2836 3025 2891 sed
3057 2836 3120 2890 in
3151 2835 3650 2908 praeceptionibus
3685 2854 3757 2892 ac

2089 2915 2566 2978 institutionibus
2625 2924 3044 2980 ecclesiasticis
3104 2925 3261 2980 hunc
3312 2941 3540 2980 morem
3573 2931 3755 2995 atque

2087 3027 2260 3066 usum
2292 3011 2653 3068 observasse.
2686 3014 2755 3067 Et
2784 3030 2920 3069 cum
2952 3014 3072 3068 sint
3102 3014 3374 3084 quaedam
3407 3014 3756 3071 hominibus

2087 3100 2221 3155 latae
2254 3118 2321 3157 ac
2352 3102 2669 3173 propositas
2691 3102 2872 3174 leges,
2899 3119 3118 3174 easque
3144 3119 3420 3158 sermone
3454 3103 3756 3173 imprimis

2088 3191 2247 3246 claro
2283 3198 2340 3246 et
2370 3192 2530 3248 facili
2563 3199 2622 3248 et
2649 3194 2972 3265 unicuique
2996 3194 3366 3250 audientium
3386 3194 3554 3250 obvio
3580 3211 3647 3249 ac
3673 3195 3756 3249 fa-

331 3289 440 3343 hOS
473 3292 531 3340 et
551 3286 823 3340 Clemens
847 3297 1153 3337 811008550?
1173 3278 1423 3350 ἃΡοεῑοῙί
1444 3278 1622 3341 Petri.
1648 3277 1816 3348 cujus
1836 3278 1980 3332 Pau—
2009 3266 2052 3330 C
2084 3280 2299 3336 miliari
2333 3281 2564 3352 concipi
2599 3282 2897 3353 scribique
2920 3283 3146 3349 deceat,
3185 3282 3349 3338 nulla
3381 3283 3442 3337 in
3474 3283 3544 3336 iis
3573 3300 3752 3339 voca.

329 3376 424 3433 lus
445 3373 748 3447 apostolus
779 3369 1072 3438 meminit,
1105 3367 1309 3422 scribit
1341 3366 1638 3438 epistolas.
1677 3391 1697 3414 ι
1732 3367 1811 3421 De
1844 3367 1980 3421 Hie-

328 3460 778 3534 rosolymitanis
809 3459 882 3514 ad
928 3458 1160 3513 Galatas
1204 3474 1331 3528 cap'
1366 3473 1418 3521 ις
1467 3479 1493 3504 ‹‹
1529 3455 1632 3510 Hic
1661 3461 1860 3511 autem
1883 3456 1980 3511 Ja—

327 3552 512 3608 cobus
574 3549 888 3620 episcopus
947 3545 1490 3616 Hierosolymorum
1558 3545 1786 3615 primus
1843 3544 1976 3610 fuit,

327 3643 726 3712 cognomento
743 3639 944 3692 Justus
960 3653 972 3702 ;
988 3634 1075 3688 vir
1091 3640 1270 3689 tantae
1284 3634 1614 3688 sanctitatis
1644 3639 1702 3688 et
1718 3633 1978 3688 rumoris

324 3732 390 3785 in
428 3727 670 3800 populo,
729 3732 793 3781 ut
840 3725 1137 3780 fimbriam
1187 3723 1516 3779 vestimenti
1549 3722 1678 3793 ejus
1707 3722 1978 3778 certatim

324 3821 611 3889 cuperent
643 3816 948 3885 attingere.
977 3813 1085 3878 Qui
1118 3817 1176 3867 et
1207 3811 1331 3882 ipse
1363 3816 1568 3882 postea
1596 3810 1667 3864 de
1700 3810 1917 3882 templo
1945 3827 1980 3866 a

324 3907 542 3963 Judmis
567 3904 967 3978 praecipitatus
989 3917 1390 3958 successorem
1413 3899 1616 3955 habuit
1641 3899 1978 3955 Simeonem

327 4013 505 4067 quem
521 4000 578 4050 et
601 3995 794 4065 ipsum
820 3992 1063 4048 tradunt
1078 4007 1180 4061 pro
1203 3989 1454 4044 Domino
1475 3988 1879 4043 cruciﬁxum.»
1897 3989 1978 4042 De

327 4079 800 4148 Antiochenis,in
823 4077 1096 4148 Catalogo
1115 4093 1126 4129 :
1147 4098 1174 4124 «
1200 4075 1458 4147 Ignatius
1474 4073 1859 4128 Antiocheam
1882 4075 1980 4128 Ec-

327 4170 525 4225 clesim
557 4169 766 4224 tertius
799 4173 931 4237 post
955 4167 1190 4220 Petrum
1221 4162 1549 4234 apostolum
1580 4163 1909 4234 episcmpus.
1949 4184 1976 4212 n

330 4260 409 4312 De
440 4257 711 4311 Asianis:
763 4275 792 4303 «
823 4255 1077 4308 Joannes
1126 4251 1427 4322 apostolus
1458 4252 1815 4306 novissimus
1847 4268 1976 4306 om-

324 4347 492 4400 nium
522 4342 758 4413 scripsit
787 4341 1165 4411 Evangelium
1196 4345 1431 4413 rogatus
1461 4341 1533 4395 ab
1569 4341 1720 4396 Asiae
1747 4341 1978 4411 episco-

326 4434 479 4505 pis.»
509 4434 581 4486 Et
611 4432 675 4486 in
706 4430 916 4486 eodem
947 4430 1254 4501 Catalogo:
1288 4453 1315 4482 ‹‹
1346 4431 1704 4502 Polycarpus
1733 4430 1976 4485 Joannis

324 4521 577 4594 apostoli
609 4520 955 4591 discipulus,
983 4525 1040 4575 et
1062 4519 1133 4575 ab
1158 4537 1226 4575 eo
1249 4521 1512 4590 Smyrnae
1536 4520 1848 4590 episcopus
1879 4537 1971 4575 or~

2081 3368 2223 3425 bula
2253 3370 2431 3426 dubia
2463 3371 2794 3427 etobscura
2823 3372 3182 3439 misceri,vel
3215 3372 3559 3443 hujusmodi
3583 3373 3756 3428 deni-

2083 3475 2220 3529 que,
2248 3476 2501 3529 quorum
2532 3460 2786 3515 lectores
2833 3478 2955 3516 non
3009 3463 3214 3516 statim
3247 3461 3576 3534 intelligant
3609 3478 3754 3517 eum

2083 3548 2279 3619 ipsum
2305 3566 2432 3605 esse
2457 3567 2633 3620 quem
2657 3555 2863 3605 auctor
2881 3551 3071 3606 voluit
3090 3551 3476 3620 sensum,hoc
3490 3551 3755 3606 maxime

2083 3636 2409 3692 observavit
2440 3639 2698 3708 lgnatius
2720 3645 2922 3694 noster
2953 3657 2965 3706 ;
2989 3657 3129 3694 nam
3153 3645 3210 3695 et
3232 3656 3441 3695 omnes
3467 3644 3609 3694 tunc
3641 3657 3755 3695 no-

2083 3732 2240 3792 runt,
2276 3727 2518 3782 secundi
2554 3727 2781 3782 ordinis
2813 3728 3183 3783 sacerdotem
3209 3729 3496 3784 anemine
3523 3728 3756 3798 episco-

2082 3831 2223 3885 pum
2246 3816 2438 3870 vocari
2461 3816 2670 3885 solere,
2695 3816 2767 3871 ab
2791 3817 3070 3872 omnibus
3093 3816 3506 3888 presbyterum
3529 3833 3542 3881 ;
3568 3817 3752 3887 primi

2082 3909 2279 3958 autem
2326 3904 2552 3958 ordinis
2583 3904 2950 3960 sacerdotem
2989 3906 3059 3961 ab
3093 3905 3375 3960 omnibus
3403 3906 3755 3977 episcopum

2082 3993 2538 4064 appellari.Cum
2572 3994 2750 4064 igitur
2788 4000 2995 4050 auctor
3026 3995 3412 4066 epistolarum
3447 3995 3518 4050 iis
3550 3996 3752 4050 nomi-

2081 4084 2258 4139 nibus
2285 4083 2359 4139 ad
2385 4085 2663 4140 ordinum
2689 4084 3010 4140 discrimen
3033 4086 3420 4141 indicandum
3453 4090 3751 4156 uteretur,

2078 4172 2330 4228 lectores
2354 4173 2550 4228 statim
2571 4174 2995 4230 intellexerunt
3019 4192 3154 4230 eum
3178 4175 3372 4247 ipsum
3407 4191 3540 4229 esse
3568 4193 3752 4246 quem

2081 4261 2182 4316 ille
2213 4262 2398 4317 voluit
2428 4278 2707 4329 sensum;
2758 4280 2953 4334 neque
3005 4279 3105 4318 eos
3157 4264 3365 4319 sedulo
3401 4280 3648 4320 monere
3682 4282 3753 4320 ac

2080 4350 2314 4419 docere,
2349 4368 2464 4422 quo
2498 4369 2678 4406 sensu
2699 4352 2788 4406 vel
2812 4353 3074 4424 episcopi
3102 4353 3193 4408 vel
3226 4353 3558 4425 presbyteri
3583 4371 3755 4410 voca-

2088 4439 2296 4495 bulum
2328 4439 2580 4511 intelligi
2613 4441 2890 4508 voluerit,
2926 4458 3171 4496 necesse
3202 4442 3613 4497 fuit.Facessat
3642 4443 3756 4514 igi-

2084 4533 2181 4582 tur
2212 4528 2307 4583 hic
2344 4528 2603 4584 Dallzeus
2634 4547 2768 4584 cum
2802 4531 2992 4585 turbis
3023 4536 3082 4585 et
3104 4531 3455 4586 tumultibus
3487 4547 3639 4601 quos
3660 4549 3759 4587 ex-

323 4611 583 4680 dinatus,
614 4610 794 4666 totius
851 4610 1002 4665 Asiae
1057 4610 1335 4683 princeps
1367 4609 1495 4664 fuit.
1532 4629 1559 4656 »
1590 4609 1661 4662 Et
1693 4624 1705 4661 :
1767 4631 1796 4658 «
1828 4610 1880 4664 Cl

2197 4633 2269 4671 .re
2301 4623 2571 4673 conatur.
2607 4620 2955 4690 MagnOpere
3004 4621 3363 4675 commoveri
3394 4637 3459 4675 ac
3493 4625 3754 4676 contur-

321 4700 582 4772 Ignatius
603 4700 912 4770 Smyrnam
932 4699 1194 4755 venisset
1215 4698 1314 4753 ubi
1338 4698 1714 4768 Polycarpus,
1739 4697 1972 4754 auditor

323 4789 588 4858 Joannis,
611 4790 924 4860 episcopus
946 4788 1076 4844 fuit.
1100 4810 1128 4838 ››
1155 4792 1367 4841 Omnes
1399 4785 1577 4857 igitur
1605 4784 1689 4840 illi
1722 4787 1820 4856 qui
1844 4803 1976 4842 con-

323 4877 456 4934 fusa
485 4879 747 4950 episcopi
793 4884 852 4933 et
894 4876 1226 4948 presbyteri
1267 4873 1511 4929 nomina
1542 4873 1604 4927 in
1635 4874 1974 4943 apostolicis

323 4968 558 5040 scriptis
580 4967 973 5035 tradiderunt,
1005 4963 1181 5020 simul
1220 4963 1397 5018 etiam
1430 4961 1756 5017 docuerunt
1787 4963 1872 5019 vel
1901 4965 1973 5020 ab

324 5057 574 5129 origine,
599 5056 684 5111 vel
716 5055 1050 5111 viventibus
1108 5052 1301 5108 adhuc
1358 5054 1526 5106 Petro
1558 5056 1617 5105 et
1645 5052 1846 5122 Paulo,
1879 5054 1974 5109 vel

323 5153 462 5202 ante
521 5146 768 5203 secundi
821 5145 1001 5200 saecul
1057 5143 1319 5211 initium,
1351 5142 1666 5211 superstite
1692 5142 1883 5198 adhuc
1913 5145 1969 5201 S.

315 5237 562 5302 Joanne,
597 5242 715 5290 tres
745 5235 928 5289 fuisse
980 5232 1222 5287 ordines
1278 5247 1496 5297 sacros,
1530 5247 1635 5287 seu
1662 5233 1879 5303 gradus
1910 5233 1970 5287 in

314 5325 592 5380 Ecclesia.
625 5323 792 5389 Quod
822 5323 870 5377 si
902 5323 1012 5376 hoc
1036 5321 1108 5375 ab
1132 5320 1203 5374 iis
1227 5321 1488 5389 positum
1517 5326 1624 5387 est,
1656 5337 1830 5376 nemo
1863 5323 1968 5377 du-

310 5412 529 5468 bitabit
560 5413 718 5468 idem
751 5428 785 5465 a
805 5410 1054 5481 reliquis
1072 5409 1334 5481 agnitum
1359 5408 1560 5477 fuisse,
1587 5411 1684 5480 qui
1713 5411 1884 5466 toties
1908 5413 1969 5468 in

313 5502 369 5555 S.
408 5503 711 5571 Scriptura
769 5500 1182 5571 episcoporum
1241 5498 1600 5553 mentionem
1645 5499 1771 5554 ﬁeri
1805 5501 1968 5556 vide-

310 5594 476 5652 runt,
501 5606 610 5643 nec
641 5605 908 5661 unquam
932 5587 1004 5640 de
1030 5586 1376 5642 confusione
1405 5588 1718 5642 nominum
1750 5590 1971 5659 cogita-

313 5677 676 5741 bant.Quare
697 5678 859 5733 Walo
879 5677 1244 5744 Messalinus,
1263 5677 1360 5747 qui
1385 5692 1589 5730 eorum
1612 5679 1968 5734 sententiam

319 5771 557 5822 secutus
573 5771 825 5822 est.suos
842 5782 1395 5838 nunquamnegasse
1410 5766 1490 5821 ait
1504 5787 1531 5817 «
1548 5766 1789 5837 antiqua
1805 5769 1969 5825 etiam

2081 4707 2427 4762 bariomnes
2441 4706 2716 4763 debuisse
2739 4710 3035 4780 putat,qui
3055 4709 3379 4765 dictantem
3399 4709 3746 4767 audierant:

2093 4797 2480 4866 «Presbyteri,
2504 4796 2722 4852 subditi
2755 4803 2941 4852 estote
2974 4799 3274 4870 episcopo.
3298 4823 3318 4851 ι
3347 4800 3562 4853 Fateor
3587 4801 3761 4870 equi-

2091 4883 2246 4951 dem,
2277 4884 2325 4939 si
2354 4901 2549 4940 mores
2572 4886 3043 4941 Christianorum
3077 4887 3321 4942 secundi
3354 4887 3517 4942 illius
3548 4889 3755 4943 saeculi

2092 4973 2165 5027 ad
2195 4978 2535 5028 nostrorum
2568 4991 2838 5030 normam
2867 4976 3098 5047 exigere
3124 4975 3353 5045 liceret,
3379 4977 3754 5048 quampluri-

2084 5079 2212 5117 mos
2231 5063 2410 5118 etiam
2435 5068 2559 5118 tum
2583 5065 2938 5120 commoveri
2959 5065 3375 5133 voluisse,cum
3401 5067 3756 5138 quempiam

2086 5152 2412 5207 dictantem
2434 5154 2744 5210 audirent:
2770 5178 2797 5205 «
2816 5155 3400 5227 Presbyteri,subditi
3426 5161 3616 5213 estote
3635 5158 3759 5229 epi-

2084 5257 2348 5312 scopo.»
2407 5243 2565 5297 Nihil
2623 5244 2783 5298 enim
2839 5261 2967 5299 esse
3017 5245 3174 5314 quod
3206 5245 3479 5300 homines
3513 5245 3758 5316 aliquos

2080 5330 2310 5400 (quales
2332 5330 2419 5384 illi
2443 5331 2565 5386 sint
2595 5349 2713 5387 non
2745 5332 2962 5402 dicam)
2988 5335 3175 5405 magis
3206 5339 3595 5397 commoveat,
3632 5335 3756 5390 imo

2085 5419 2159 5474 ad
2189 5435 2355 5474 arma
2381 5426 2438 5474 et
2459 5421 2709 5476 fratrum
2733 5423 3204 5478 internecionem
3227 5424 3440 5478 excitet
3466 5429 3524 5477 et
3545 5423 3759 5495 impel-

2079 5506 2372 5577 lat.quam
2397 5509 2546 5564 illud
2571 5511 2834 5577 effatum,
2871 5511 3237 5582 experientia
3267 5512 3448 5567 nimis
3479 5518 3646 5568 certa
3668 5514 3761 5569 di-

2081 5595 2354 5652 dicimus.
2390 5599 2657 5669 Cumque
2690 5599 2804 5654 ista
2833 5600 3110 5668 vidimus,
3136 5617 3256 5656 non
3286 5601 3594 5672 potuimus
3626 5619 3754 5660 non

2079 5685 2192 5740 illa
2225 5687 2280 5741 S.
2316 5687 2590 5759 Cypriani
2649 5688 2710 5743 in
2769 5690 3121 5747 memoriam
3181 5706 3456 5746 revocare
3508 5708 3645 5762 quae
3679 5693 3762 5750 ad

2079 5773 2457 5845 presbyteros
2491 5782 2547 5832 et
2579 5777 2862 5835 diaconos
2906 5780 3120 5837 fratres
3152 5780 3322 5852 epist.
3361 5783 3427 5835 10
3461 5780 3709 5853 scripsit
3742 5799 3760 5841 :
