3942 6302
151 397 274 464 m

887 398 944 460 «ἶ.
992 399 1402 473 PEARSONII
1445 393 1814 460 VINDICIJE
1854 396 2344 458 IGNA’I‘IANIE.
2391 428 2470 442 —-
2511 397 2717 458 PARS
2761 397 2838 458 ΙΙ.

3449 397 3588 460 434

163 554 189 581 ‹‹
219 529 386 597 Quod
419 530 580 586 enim
613 546 738 586 non
767 530 1101 603 periculum
1132 537 1397 590 metuere
1430 532 1714 590 debemus
1747 531 1803 588 (1(

1986 531 2220 600 aretici,
2249 530 2311 585 τὸ
2334 529 2514 606 λεγειν
2545 530 2710 585 αὑτὸν
2741 525 3038 584 ἐπίσκοπον
3068 527 3158 583 καὶ
3211 525 3583 606 πρεσϐύτερον

166 621 394 677 offensa
432 621 940 693 Domini,quando
973 623 1158 696 aliqui
1192 625 1262 680 de
1297 625 1683 697 presbyteris,
1715 639 1826 678 nec

169 712 462 784 Evangelii
495 728 606 767 nec
638 712 753 767 loci
814 712 904 767 sui
964 731 1280 782 memores,
1343 715 1450 770 sed
1493 731 1685 784 neque
1732 713 1826 768 fu-

169 805 362 856 turum
395 801 630 856 Domini
650 801 968 872 judicium,
988 819 1182 874 neque
1207 821 1367 859 nunc
1395 803 1507 858 sibi
1540 803 1820 874 praposi-

168 896 288 945 tum
312 891 661 962 episcopum
695 892 1208 964 cogitantes,quod
1238 909 1544 963 nunquam
1577 891 1822 946 omnino

167 980 267 1034 sub
300 979 783 1036 antecessoribus
823 981 1046 1038 factum
1114 988 1224 1051 est,
1284 987 1477 1038 totum
1533 981 1645 1035 sibi
1693 982 1820 1035 vin-

169 1068 366 1125 dicent
399 1071 426 1124 ‘2
460 1091 489 1119 ››

231 1159 458 1214 Scimus
485 1166 688 1216 autem
719 1166 778 1216 et
809 1161 1052 1217 eosdem
1083 1177 1203 1217 non
1231 1161 1432 1216 minus
1457 1158 1818 1216 commoveri

166 1265 294 1304 sum
321 1248 578 1305 audiunt
607 1249 754 1305 illud
787 1251 843 1306 S.
879 1249 1042 1305 Pauli
1069 1267 1082 1304 :
1116 1251 1303 1306 Omnis
1359 1251 1547 1305 anima
1581 1254 1821 1318 potesta-

168 1340 302 1394 tibus
331 1340 754 1396 sublimioribus
783 1341 1006 1395 subdita
1034 1339 1108 1396 sit
1138 1339 1204 1408 ⁴⁹,
1229 1345 1332 1396 aut
1362 1339 1508 1395 illud
1537 1339 1593 1393 S.
1624 1337 1812 1392 Petri:

169 1430 378 1484 Subditi
408 1435 584 1485 estote
613 1433 736 1498 regi
777 1431 939 1499 quasi
985 1429 1334 1500 praecellenti
1354 1428 1400 1464 ⁵ο
1434 1446 1448 1496 ;
1481 1444 1602 1483 non
1659 1426 1818 1496 quod

168 1519 435 1591 ignorent
467 1536 602 1590 qua
625 1523 950 1590 potestates
983 1519 1386 1585 sublimiores,
1412 1523 1514 1574 aut
1550 1517 1683 1588 quis
1713 1534 1817 1572 rex

171 1609 259 1676 sit,
290 1609 388 1663 sed
425 1608 590 1679 quod
623 1625 753 1679 qua
808 1609 884 1663 sit
939 1609 1233 1680 subjectio
1277 1607 1632 1674 Christiana,
1684 1623 1814 1677 qua

171 1697 502 1752 obedientia
534 1715 609 1752 ex
640 1698 938 1769 Evangelii
970 1697 1200 1769 legibus
1243 1697 1463 1762 debita,
1495 1695 1692 1750 nolint
1722 1696 1814 1750 in-

170 1786 444 1858 telligere.
480 1787 618 1842 Alia
645 1786 888 1842 secundi
922 1785 1812 1853 saculiChristianorummens,

1934 619 2050 675 ἴσον
2085 621 2244 688 εἶναι,
2272 628 2366 676 et:
2400 619 2466 676 Τί
2528 618 2671 676 ἐστιν
2739 619 3036 682 ἐπίσκοπος
3092 620 3230 694 πρὸς
3290 613 3588 694 πρεσϐύτα·

1937 730 2027 784 ρον
2064 728 2077 779 ;
2113 707 2264 764 οὐδὲν
2296 707 2610 764 διαλλάττει
2644 710 2801 772 οὗτος
2833 709 3053 766 τούτου.
3090 711 3225 765 Hac
3277 716 3419 765 sunt
3475 715 3586 766 Ae-

1932 800 2114 855 riana
2147 801 2442 856 hareseos
2474 801 2672 866 elfata,
2705 805 2843 855 ante
2866 805 3145 870 quartum
3196 799 3478 854 saculum
3515 801 3584 856 in

1932 890 2193 945 Ecclesia
2213 890 2499 945 inaudita.
2531 891 2656 945 Non
2680 890 2856 945 aliter
2876 907 2985 944 nos
3009 889 3070 943 in
3091 891 3202 944 hac
3238 907 3300 944 re
3323 890 3584 946 instituti

1931 995 2284 1046 sumus,non
2315 979 2431 1034 alio
2463 979 2676 1034 horum
2705 978 3125 1034 vocabulorum
3148 978 3580 1047 sensuimbuti,

1931 1085 2108 1140 quam
2139 1067 2379 1123 fuerunt
2396 1068 2642 1123 secundi
2673 1067 2873 1123 saculi
2908 1068 3133 1123 fideles.
3155 1068 3372 1123 Eorum
3409 1072 3581 1123 atate

1928 1174 2113 1214 unum
2129 1157 2299 1212 illum
2321 1157 2422 1228 qui
2445 1157 2506 1212 in
2537 1157 2826 1228 cujusque
2840 1157 3102 1212 ecclesia
3123 1157 3282 1212 clero
3306 1174 3581 1213 summus

1929 1251 2075 1312 erat,
2099 1247 2484 1318 episcopum;
2535 1251 2780 1301 cateros
2804 1246 3058 1317 proximi
3098 1245 3170 1300 ab
3201 1246 3314 1302 hoc
3362 1247 3579 1319 gradus

1925 1335 2303 1406 presbyteros
2335 1352 2456 1391 non
2496 1335 2808 1407 episcopos
2865 1334 3054 1390 dictos
3098 1351 3227 1390 esse
3276 1335 3572 1404 novimus,

1927 1430 1985 1480 et
2007 1426 2136 1496 jam
2167 1430 2301 1481 ante
2317 1425 2776 1481 monstravimus
2803 1425 2975 1492 ;satis
3006 1425 3183 1497 igitur
3202 1424 3353 1480 bene
3372 1442 3578 1481 eorum

1925 1519 2261 1587 temporum
2307 1515 2512 1571 fideles
2565 1521 2624 1570 et
2679 1515 3008 1588 presbyteri
3046 1515 3160 1570 hoc
3212 1520 3575 1587 praceptum

1926 1605 1981 1660 S.
2017 1605 2225 1677 Ignatii
2257 1604 2812 1677 intelligebant,nec
2843 1605 2915 1660 ad
2939 1604 3259 1660 cavendam
3291 1606 3574 1660 offensio-

1924 1711 2062 1750 nem
2104 1696 2399 1750 monitore
2430 1695 3098 1766 indigebant.Quoniam
3130 1711 3267 1750 vero
3285 1711 3405 1750 non
3446 1699 3578 1750 tan-

1923 1789 2054 1840 tum
2084 1784 2247 1838 illius
2279 1785 2470 1838 atatis
2501 1801 2697 1849 usum,
2723 1782 2825 1838 sed
2857 1788 2917 1839 et
2945 1782 3346 1855 apostolorum
3381 1784 3575 1838 imita-

173 1875 313 1930 alius
343 1876 585 1931 animus
614 1875 850 1942 fuit;ad
868 1874 1302 1946 subjectionem
1325 1879 1384 1929 et
1413 1873 1811 1930 obedientiam
1841 1906 1890 1972 Β
1926 1875 2146 1928 tionem
2170 1873 2231 1927 in
2263 1873 2612 1929 confusione
2634 1873 2946 1928 nominum
2977 1877 3166 1944 urget,
3197 1872 3574 1944 scriptorem-

169 1966 562 2034 prastandam
593 1965 955 2035 paratissimi
1017 1965 1280 2032 fuerunt,
1331 1963 1546 2034 quibus
1579 1979 1650 2018 ea
1704 1963 1812 2016 tri-

169 2053 390 2110 buenda
425 2059 593 2110 esset
641 2071 762 2108 non
812 2052 1189 2124 ignorabant.
1223 2052 1428 2106 Miram
1483 2051 1662 2123 igitur
1691 2051 1812 2105 illis

170 2145 487 2199 orationem
528 2143 838 2198 substituit
863 2141 1371 2212 Dallaus,eosque
1403 2158 1508 2211 per
1526 2157 1814 2211 prosopo-

168 2233 345 2300 peiam
377 2233 459 2288 sic
494 2231 1056 2286 submurmurantes
1105 2234 1497 2302 reprasentat
1528 2246 1541 2284 :
1575 2251 1603 2279 «
1654 2229 1810 2294 Quos

167 2337 288 2376 vero
319 2321 424 2376 iste
459 2321 640 2376 nobis
668 2320 1017 2392 (dicerent)»
1052 2319 1452 2391 presbyteros,
1491 2322 1594 2372 «et
1631 2334 1808 2388 quem

168 2415 352 2466 narrat
383 2432 411 2459 »
446 2409 795 2481 episcopum
821 2409 848 2463 ‘?
883 2410 1018 2463 Hac
1065 2413 1263 2463 autem
1295 2413 1362 2462 ut
1396 2407 1484 2461 illi
1516 2407 1811 2475 dicerent,

169 2499 258 2568 qui
288 2499 552 2570 quotidie
585 2515 722 2554 cum
782 2497 1142 2570 presbyteris
1198 2502 1256 2552 et
1285 2497 1560 2568 episcopo
1611 2512 1716 2551 suo
1748 2497 1810 2550 in

171 2603 338 2643 unum
371 2587 850 2645 conveniebant?
883 2588 983 2657 qui
1001 2587 1222 2657 optime
1251 2592 1472 2642 norunt
1501 2585 1810 2658 presbyte-

169 2693 255 2731 ros
282 2695 412 2734 suos
447 2695 516 2734 eo
551 2678 796 2733 nomine
824 2677 1053 2732 censeri
1079 2682 1216 2731 tunc
1239 2676 1464 2744 solitos,
1497 2692 1530 2730 a
1568 2675 1806 2730 nemine

169 2773 351 2824 autem
381 2770 694 2842 episcopos
725 2767 883 2823 dici?
915 2769 1047 2822 Hac
1077 2771 1141 2820 ut
1168 2767 1434 2822 dicerent
1451 2766 1804 2837 presbyteri,

172 2858 257 2924 qui
287 2857 477 2914 locum
506 2875 684 2913 suum
743 2874 864 2912 non
909 2855 1282 2928 ignorabant,
1344 2861 1402 2909 et
1455 2871 1643 2910 unum
1693 2855 1805 2910 sibi

169 2948 533 3018 prapositum
565 2947 968 3020 agnoscebant
988 2961 1165 3016 quem
1185 2950 1243 2999 et
1273 2944 1618 3015 episcopum
1641 2960 1806 2999 voca-

167 3030 311 3101 bant,
347 3035 454 3088 sibi
489 3034 640 3088 illud
672 3050 891 3088 nomen
915 3032 1158 3088 minime
1190 3030 1596 3085 vindicantes?
1635 3029 1805 3085 Blon-

167 3119 339 3177 dellus
365 3123 490 3195 ipse
547 3123 770 3178 fatetur
808 3122 991 3176 fuisse
1051 3126 1191 3175 tunc
1247 3119 1533 3192 temporis
1591 3135 1802 3185 unum,

1921 1979 2034 2034 que
2066 1961 2452 2032 epistolarum
2497 1984 2525 2012 «
2559 1962 2771 2016 diversi
2817 1961 2889 2017 ab
2948 1961 3232 2033 apostolis
3277 1963 3572 2017 sermonis

1921 2054 2248 2122 hominem,
2269 2075 2296 2103 »
2311 2054 2428 2109 imo
2451 2076 2479 2104 ‹‹
2513 2054 2819 2126 apostolici
2855 2054 3149 2110 sermonis
3170 2059 3567 2110 correctorem

1919 2148 1979 2197 et
2007 2142 2452 2198 emendatorem
2483 2165 2512 2192 ››
2535 2143 2816 2214 appellat,
2848 2143 3100 2214 ideoque
3133 2161 3268 2199 eum
3287 2144 3570 2200 charissi-

1919 2249 2080 2287 mum
2113 2237 2291 2302 atque
2323 2232 2909 2287 observantissimum
2939 2234 3346 2304 apostolorum
3395 2233 3568 2288 disci-

1918 2323 2124 2394 pulum
2164 2323 2456 2393 Ignatium
2506 2339 2633 2378 esse
2692 2328 2903 2395 negat;
2941 2340 3135 2395 opera
3165 2325 3423 2394 pretium
3468 2339 3563 2378 me

1917 2412 2210 2467 facturum
2241 2412 2460 2483 putavi,
2496 2412 2545 2466 si
2589 2412 2966 2468 ostenderem
3022 2429 3199 2484 porro
3257 2413 3384 2467 hac
3415 2411 3568 2466 nihil

1917 2501 2196 2573 ponderis
2226 2507 2568 2574 argumento
2599 2501 3040 2572 addere,neque
3072 2501 3565 2574 quemquam,qui

1917 2591 2161 2646 secundi
2184 2590 2385 2646 saculi
2419 2595 2477 2644 et
2491 2607 2688 2646 mores
2713 2596 2774 2645 et
2801 2591 3087 2663 loquendi
3116 2591 3360 2647 modum
3393 2607 3567 2646 nove-

1916 2682 2014 2748 rit,
2046 2679 2136 2734 vel
2161 2679 2369 2734 leviter
2399 2696 2634 2735 movere
2666 2696 2863 2751 posse.

1986 2768 2426 2824 Observandum
2460 2769 2620 2823 enim
2669 2774 2758 2823 est
2797 2768 2990 2840 primo
3047 2769 3282 2824 nullum
3316 2769 3558 2824 secundi

1915 2857 2004 2913 vel
2030 2857 2208 2912 etiam
2241 2857 2400 2911 tertii
2424 2857 2626 2912 saculi
2657 2857 3009 2929 scriptorem
3064 2857 3124 2912 in
3151 2857 3387 2929 scriptis
3417 2873 3560 2929 apo-

1914 2946 2138 3002 stolicis
2171 2947 2419 3002 confusa
2451 2962 2580 3001 esse
2600 2947 2843 3002 nomina
2861 2947 3121 3018 episcopi
3154 2947 3557 3020 etpresbyteri

1915 3036 2279 3092 observasse.
2304 3035 2470 3100 Quod
2496 3037 2543 3090 si
2576 3052 2778 3091 verum
2836 3036 2934 3105 sit,
2966 3036 3136 3091 fateri
3168 3052 3411 3092 necesse
3443 3041 3553 3104 est,

1913 3142 2014 3180 eos
2046 3124 2438 3196 apostolicum
2460 3141 2796 3181 sermonem
2820 3125 3040 3180 imitari
3064 3141 3183 3180 non
3214 3125 3555 3197 potuissein

169 3226 323 3278 quem
354 3212 459 3266 in«
481 3228 841 3282 unoquoque
871 3216 1022 3266 catu
1053 3209 1342 3280 primatus
1355 3208 1752 3281 contingebat,
1771 3231 1800 3259 »
1837 3255 1880 3321 Ο
1914 3230 1984 3269 ea
2012 3231 2281 3285 re,quam
2303 3215 2416 3286 ipsi
2447 3232 2568 3270 non
2622 3215 2916 3271 viderunt.
2952 3216 3165 3270 Verum
3195 3219 3393 3270 autem
3426 3231 3554 3270 esse

174 3300 246 3321 ---Σ
337 3302 472 3321 ,κεκμ
505 3320 530 3321 ,,
576 3301 729 3321 __1L-
753 3301 854 3321 j__-_
893 3298 1681 3321 _____-:J:-I:-----_-A-_l_.s:_
1706 3298 1794 3321 1--..
1915 3320 1920 3321 ,
1957 3309 1968 3321 ι
2019 3320 2022 3321 ,
2085 3320 2092 3321 ,
2123 3303 2168 3321 ιγ
2274 3319 2320 3321 id
2380 3305 2417 3321 ιι
2537 3320 2540 3321 ,
2671 3320 2676 3321 ,
2715 3303 2729 3321 ι
2819 3311 2830 3321 ι
2895 3307 2909 3321 Α
2933 3311 2943 3321 ι
3051 3320 3058 3321 ,
3100 3304 3155 3321 ἸΙ
3222 3303 3237 3321 1
3261 3305 3271 3314 ο
3419 3304 3429 3314 ⁸
3477 3320 3482 3321 ,
3505 3303 3516 3321 9

170 3300 250 3352 cui
279 3323 304 3348 «
336 3302 539 3372 prima
565 3301 861 3356 cathedra
893 3298 1363 3372 prasidialisque
1377 3299 1684 3369 potestatis
1697 3298 1798 3369 jus

170 3397 509 3447 reservatum
545 3396 655 3458 est,
682 3403 711 3440 ἡ
735 3391 836 3462 qui
865 3412 894 3441 α
924 3389 1158 3461 collegii
1187 3388 1445 3460 primum
1464 3388 1799 3444 membrum

173 3481 221 3530 et
239 3478 613 3535 honorarium
631 3484 865 3550 caput,»
898 3479 999 3550 qui
1032 3499 1060 3528 «
1080 3477 1428 3549 presbyterii
1446 3477 1798 3548 prapositus

173 3572 222 3620 et
246 3560 481 3643 ἔξαρχος,
517 3575 580 3625 et
611 3568 748 3623 cleri
775 3569 954 3623 totius
1011 3571 1188 3638 caput
1218 3588 1247 3616 »
1277 3565 1408 3634 fuit,
1432 3567 1533 3637 qui
1565 3588 1592 3616 ‹‹
1627 3584 1661 3622 a
1684 3568 1796 3621 Do-

174 3657 316 3710 mino
333 3658 456 3728 ipso
477 3659 540 3714 in
563 3657 838 3712 Asiaticis
858 3655 1136 3711 Ecclesiis
1155 3677 1183 3705 »
1199 3655 1444 3727 angelus
1461 3655 1653 3710 dictus
1675 3661 1794 3725 est;

177 3759 241 3798 an
269 3745 418 3802 hunc
438 3747 800 3819 presbyteri,
837 3745 935 3815 qui
969 3744 1078 3800 sub
1109 3744 1212 3798 illo
1244 3749 1528 3815 tanquam
1561 3744 1668 3799 sub
1700 3761 1799 3800 ca-

178 3833 279 3900 pite
300 3835 584 3901 vivebant,
648 3850 1072 3907 recpgnoscere
1132 3849 1252 3888 non
1289 3838 1631 3904 potuerunt,
1665 3849 1796 3888 cum

179 3934 293 3978 eum
324 3925 666 3996 episcopum
691 3923 1050 3994 appellatum
1069 3922 1539 3978 audirent.Certe
1555 3922 1800 3977 Ambro-

179 4009 381 4082 siaster,
413 4014 588 4084 cujus
611 4012 952 4068 testimonio
975 4012 1253 4066 innititur
1273 4011 1567 4066 Blondelli
1588 4017 1646 4066 et
1672 4011 1799 4067 Sal-

178 4102 328 4155 masii
358 4102 426 4158 de
451 4104 649 4174 primo
681 4102 1026 4174 presbytero
1060 4101 1378 4166 sententia,
1401 4101 1644 4156 nomina
1673 4101 1801 4172 epi-

179 4190 319 4260 scopi
343 4198 398 4246 et
427 4192 762 4264 presbyteri
795 4191 983 4246 divisa
1012 4196 1069 4245 et
1118 4189 1400 4246 distincta
1450 4189 1634 4246 fuisse
1665 4195 1802 4245 ante

182 4290 378 4334 annum
408 4280 647 4352 Trajani
691 4280 988 4335 decimum
1041 4284 1295 4334 testatur
1327 4296 1341 4334 :
1383 4301 1410 4328 «
1447 4279 1637 4335 Beatis
1666 4296 1802 4334 vero

184 4369 442 4434 apostolis
475 4369 922 4440 decedentibus,
959 4368 1041 4422 illi
1071 4368 1172 4440 qui
1203 4373 1336 4440 post
1378 4367 1515 4422 illos
1545 4368 1803 4424 ordinati

183 4461 301 4508 sunt
324 4464 386 4512 ut
412 4465 736 4530 praessent
753 4458 1052 4524 Ecclesiis,
1081 4457 1198 4512 illis
1249 4457 1459 4529 primis
1507 4458 1804 4529 exaquari

1910 3309 1977 3359 ut
2007 3303 2461 3371 credam,multa
2480 3303 3069 3375 persuadent.Atque
3097 3303 3553 3376 illudimprimis

1905 3393 2220 3448 observatu
2250 3392 2514 3465 dignum,
2545 3394 2701 3449 inter
2749 3395 2980 3450 Gracos
3037 3395 3241 3449 Patres
3288 3393 3549 3465 primum

1905 3481 1959 3535 S.
1995 3481 2505 3553 Chrysostomum,
2553 3483 2710 3538 inter
2763 3483 3000 3539 Latinos
3057 3487 3159 3538 aut
3203 3481 3548 3538 Ambrosia-

1904 3576 2114 3641 strum,
2146 3577 2248 3627 aut
2278 3573 2702 3644 Hieronymum
2725 3573 2942 3629 diserte
2964 3572 3551 3642 tradidisse,confusa

1904 3676 2032 3716 esse
2059 3661 2303 3715 nomina
2333 3661 2593 3732 episcopi
2626 3666 2684 3716 et
2703 3661 3030 3733 presbyteri
3070 3662 3132 3716 in
3154 3661 3388 3733 scriptis
3406 3678 3547 3732 apo-

1903 3751 2354 3822 stolicis.Neque
2387 3751 2548 3806 enim
2580 3767 2941 3821 quemquam
2974 3767 3083 3806 nos
3105 3753 3548 3822 scimus,neque

1902 3841 2010 3896 viri
2044 3841 2200 3896 docti
2231 3839 2562 3910 quianobis
2593 3840 3173 3909 dissentiunt,adhuc
3187 3857 3550 3911 quemquam

1903 3931 2309 3998 nominarunt,
2343 3930 2444 4000 qui
2476 3928 2634 3983 idem
2659 3936 2794 3984 ante
2831 3945 2930 3984 eos
2961 3929 3365 3984 afﬁrmaverit.
3395 3931 3468 3983 At
3490 3929 3552 3982 hi

1905 4025 2177 4092 vergente
2200 4019 2328 4090 jam
2376 4017 2450 4074 ad
2484 4019 2665 4073 finem
2696 4023 2906 4089 quarto
2965 4017 3178 4073 saculo
3221 4016 3552 4088 scripsere;

1907 4115 1967 4165 et
2005 4115 2140 4163 ante
2182 4125 2284 4163 eos
2362 4107 2601 4179 scripsit
2656 4107 3043 4179 Epiphanius,
3096 4107 3196 4177 qui
3255 4106 3554 4161 contraria

1908 4197 2110 4254 omnia
2139 4197 2360 4252 docuit.
2393 4198 2539 4252 Cum
2577 4197 2739 4252 enim
2769 4197 2980 4251 Aerius
3012 4212 3083 4251 ex
3114 4211 3387 4250 sermone
3409 4211 3554 4265 apo-

1909 4288 2118 4343 stolico
2167 4287 2488 4353 docuisset,
2547 4283 2679 4339 εἶνὰι
2743 4284 2835 4338 τὸν
2894 4283 3055 4339 αὐτὸν
3088 4283 3400 4353 ἐπίσκοπον,
3457 4284 3551 4337 τὸν

1908 4375 2069 4430 αὐτὸν
2101 4369 2487 4449 πρεσϐύτερον,
2521 4376 2634 4432 hoc
2665 4394 2738 4432 ex
2760 4375 3024 4431 haretici
3056 4375 3391 4448 ignorantia
3413 4391 3552 4448 pro-

1908 4467 2130 4524 fectum
2159 4467 2390 4536 asserit,
2441 4467 2542 4537 qui
2595 4484 2717 4523 non
2751 4467 3162 4523 observaverat
3195 4484 3263 4522 ex
3291 4466 3554 4538 antiquis

183 4558 284 4598 non
314 4553 598 4618 Poterant.
657 4565 848 4619 neque
906 4545 1333 4602 ῐῐιίΓδουιοΓυῐΠ
1392 4546 1800 4602 testimonium
1912 4557 2198 4622 historiis,
2231 4556 2292 4612 in
2321 4555 2618 4628 aliquibus
2675 4556 2943 4612 ecclesiis
3000 4557 3071 4611 ab
3117 4556 3343 4627 origine
3371 4555 3556 4612 fuisse

184 4630 396 4717 habere,
426 4637 528 4693 sed
552 4639 613 4692 in
635 4638 840 4693 multis
862 4636 996 4692 aliis
1017 4635 1330 4690 inferiores
1361 4634 1477 4689 illis
1509 4652 1637 4690 esse
1654 4635 1808 4690 vide-
1836 4628 1882 4693 D
1915 4645 2313 4717 presbyteros,
2340 4645 2606 4701 nondum
2651 4645 2988 4701 constitutis
3019 4646 3332 4716 episcopis,
3366 4645 3428 4699 in
3454 4643 3557 4700 ali-

185 4716 406 4778 bantur:
466 4742 637 4798 grave
696 4726 1181 4780 existimaverunt
1237 4723 1637 4795 apostolorum
1688 4724 1800 4779 sibi

184 4807 453 4869 vindicare
476 4815 1004 4887 nuncupationem.
1039 4813 1377 4870 Diviserunt
1400 4830 1540 4885 ergo
1557 4814 1803 4872 nomina

189 4893 376 4966 ipsa,et
402 4901 540 4971 illis,
561 4904 621 4959 id
655 4910 743 4959 est
764 4902 1130 4976 presbyteris
1153 4917 1373 4957 nomen
1392 4901 1798 4972 reliquerunt:

190 4984 274 5039 alii
306 5005 428 5045 vero
459 4994 722 5065 episcopi
755 4999 894 5048 sunt
933 4991 1285 5062 nuncupati,
1318 4991 1498 5062 hique
1532 4996 1590 5046 et
1644 4991 1806 5046 ordi-

196 5077 428 5137 nationis
458 5085 687 5154 praditi
712 5087 1024 5154 potestate,
1058 5083 1138 5137 ita
1167 5087 1232 5137 ut
1259 5081 1605 5154 plenissime
1624 5082 1806 5139 iidem

194 5178 605 5236 cognoscerent.
637 5173 814 5244 Atqui
846 5178 903 5227 et
935 5172 1247 5244 episcopus
1271 5171 1580 5243 presbyter
1614 5177 1724 5242 est,
1749 5175 1809 5227 et

193 5257 470 5330 presbyter
487 5263 818 5334 episcopus.
849 5264 939 5316 An
969 5277 1155 5316 unum
1180 5260 1574 5330 eumdemque
1614 5261 1808 5316 homi-

195 5355 312 5398 nem
334 5347 420 5402 bic
443 5351 551 5404 sibi
582 5357 638 5405 et
668 5351 882 5422 subjici
916 5355 974 5405 et
1004 5366 1259 5421 praesse
1291 5349 1415 5403 vult
1443 5349 1470 5402 ‘?
1503 5370 1529 5397 »
1563 5350 1806 5413 Qualem

197 5433 493 5492 orationem
550 5440 984 5510 primitivorum
1035 5438 1284 5492 fratrum
1311 5443 1410 5492 aut
1433 5438 1810 5508 presbytero-

199 5535 312 5577 rum
335 5529 562 5584 nomine
593 5531 811 5602 promit
840 5530 934 5584 hic
957 5545 1162 5584 eorum
1191 5529 1486 5584 Tertullus
1507 5529 1519 5583 Ι
1544 5531 1668 5585 Non
1687 5531 1812 5585 hac

199 5623 380 5669 eorum
410 5621 737 5691 temporum
787 5625 887 5676 aut
931 5618 1246 5674 hominum
1307 5624 1462 5688 sunt,
1517 5618 1620 5674 sed
1649 5618 1812 5676 Aerii

261 5696 302 5764 ⁴9
322 5704 474 5762 Rom.
496 5725 616 5778 xm,
647 5709 699 5766 1.
732 5709 777 5745 ⁸ο
802 5709 828 5764 Ι
855 5710 1011 5764 Petr.
1044 5717 1110 5777 ιι,
1136 5707 1222 5766 13.

1910 4734 2126 4806 quibus
2156 4734 2756 4805 episcopos,nondum
2790 4734 3006 4790 additis
3031 4733 3561 4806 presbyteris:qua

1909 4823 2088 4879 unica
2109 4823 2518 4879 observatione
2550 4823 2678 4878 tolli
2707 4823 2934 4894 putavit
2966 4823 3368 4893 promiscuam
3390 4821 3559 4876 illam

1911 4913 2222 4969 nominum
2241 4912 2853 4983 usurpationem.Hac
2884 4915 3082 4965 autem
3102 4916 3309 4965 contra
3327 4909 3560 4964 hareti-

1914 5018 2047 5058 cum
2070 5000 2315 5072 protulit
2334 4999 2716 5070 Epiphanius,
2750 5003 2816 5054 ut
2845 4999 2907 5053 in
2939 4998 3303 5070 exponendis
3336 5003 3564 5070 aposto-

1916 5091 1989 5145 lis
2013 5089 2164 5146 fade
2191 5089 2524 5159 deceptum,
2559 5093 2616 5142 et
2637 5087 3017 5157 antiquorum
3037 5093 3562 5143 monumentorum

1917 5181 2210 5252 ignarum.
2245 5177 2508 5233 Credidit
2536 5178 2735 5247 itaque
2757 5176 3122 5247 Epiphanius
3150 5183 3379 5233 veteres
3392 5179 3559 5233 Chri-

1919 5270 2144 5324 stianos
2173 5267 2346 5322 aliter
2377 5265 2705 5338 apostolum
2735 5265 3120 5320 intellexisse.
3153 5265 3425 5322 Nondum
3459 5268 3565 5339 igi-

1922 5364 2016 5412 tur
2047 5357 2143 5412 illa
2173 5357 2499 5428 apostolica
2527 5355 2839 5410 nominum
2872 5355 3139 5409 confusio
3200 5355 3259 5408 in
3303 5356 3568 5414 Ecclesia

1920 5448 2121 5519 agnita
2153 5451 2417 5514 est,teste
2449 5443 2795 5516 Epiphanio.
2831 5445 3028 5513 Neque
3060 5459 3195 5497 vero
3236 5443 3397 5499 illius
3429 5463 3567 5501 sen-

1920 5536 2120 5591 tentia
2150 5535 2275 5590 ulla
2305 5535 2546 5606 vestigia
2569 5539 2797 5589 exstare
2829 5538 2971 5604 puto
3031 5533 3188 5605 apud
3247 5535 3568 5606 scriptores

1923 5622 2357 5681 ecclesiasticos
2369 5621 2699 5696 Epiphanio
2713 5621 3017 5695 aliquanto
3033 5622 3421 5695 antiquiores.
3444 5626 3569 5685 Imo
