3942 6302
355 398 472 462 435

1424 397 1487 460 S.
1537 393 1932 460 IGNATIUB.
1981 427 2057 439 —
2101 387 2725 458 PROLEGOMINA.

3645 390 3776 453 488

361 534 606 593 secundi
639 539 696 590 et
725 535 884 590 tertii
917 535 1114 590 surculi
1139 532 1456 606 scriptores
1488 535 1849 592 contrarium
1889 551 1996 606 po-
2032 537 2080 603 Α
2115 548 2411 604 Ριηωειιιῐιο
2444 549 2550 605 per
2579 529 3058 602 Ecclesiam,quas
3089 544 3267 604 snper
3286 527 3456 586 illum
3473 529 3776 586 aedificata

360 627 480 682 tius
514 625 787 680 statuisse
812 623 1058 696 putandi
1087 630 1243 679 sunt.

431 714 631 768 Tradit
661 715 912 769 Dallaeus
943 715 1178 785 Ephesi,
1221 714 1398 770 unius
1430 713 1616 785 urbis,
1650 714 1853 785 plures
1881 730 2001 768 non

360 803 670 875 primi,sed
702 803 1174 874 secundigradus
1204 805 1552 876 praepositos
1584 805 2000 876 episcoporum

361 892 602 946 nomine
634 892 976 964 signiﬁcari,
1028 895 1153 948 Act.
1215 911 1310 957 xx,
1359 896 1446 946 28.
1507 895 1863 963 Veteresque
1922 893 2006 946 ita

359 984 550 1040 locum
583 987 1002 1058 interpretatos
1061 987 1308 1042 asserit:
1358 985 1627 1041 nominat
1656 986 2004 1056 Chrysosto—

358 1090 543 1142 mum,
568 1074 1024 1141 Theodoretum,
1058 1074 1505 1146 Hieronymum,
1537 1075 1708 1140 alios,
1757 1073 1860 1128 sed
1914 1072 2005 1127 his

359 1165 660 1218 neminem
695 1165 1076 1219 vetustiorem
1107 1165 1398 1219 nominat.
1459 1163 1613 1217 Nihil
1672 1164 1851 1235 igitur
1879 1163 2006 1218 llth

360 1252 432 1306 ad
465 1253 710 1308 secundi
745 1259 846 1307 aut
877 1252 1036 1306 tertii
1085 1252 1286 1308 saeculi
1344 1252 1700 1307 sententiam
1758 1252 2004 1306 faciunt.

360 1343 721 1404 Atlrenaius
753 1359 874 1396 non
904 1341 1127 1411 putavit
1171 1341 1411 1395 eosdem
1457 1342 1610 1396 viros
1668 1358 1735 1395 eo
1780 1341 1894 1396 loci
1951 1345 2010 1395 et

361 1429 671 1501 episcopos
701 1431 884 1485 fuisse
914 1430 1102 1484 dictos
1135 1436 1192 1485 et
1221 1430 1616 1501 presbyteros,
1651 1435 1709 1485 et
1733 1430 1806 1485 ad
1832 1430 2007 1485 unius

361 1518 529 1574 urbis
560 1519 874 1575 ecclesiam
895 1519 1274 1590 pertinuisse.
1309 1520 1401 1573 Sic
1441 1520 1599 1574 enim
1632 1520 1753 1589 ille,
1786 1519 1887 1575 lib.
1923 1537 2006 1579 ιιι,

363 1625 488 1680 cap.
518 1610 582 1662 14
612 1627 624 1664 :
661 1633 688 1659 «
725 1611 790 1662 ln
822 1609 1015 1663 Mileto
1057 1609 1217 1663 enim
1241 1609 1583 1665 convocatis
1615 1609 1906 1681 episcopis
1953 1615 2011 1664 et

361 1698 746 1770 presbyteris,
781 1699 880 1769 qui
917 1703 1086 1753 erant
1115 1698 1187 1753 ab
1217 1699 1446 1769 Epheso
1469 1705 1527 1754 et
1551 1717 1584 1755 a
1614 1699 1862 1770 reliquis
1883 1717 2012 1770 pro-

361 1789 540 1844 ximis
573 1789 930 1846 civitatibus.
968 1812 994 1838 ››
1027 1791 1388 1845 Convocavit
1419 1791 1473 1846 S.
1507 1791 1726 1846 Paulus
1785 1796 1841 1845 et
1868 1791 2009 1862 epi-

2112 639 2351 677 omnem
2380 622 2628 694 gradum
2691 619 2918 678 ordinis
2963 621 3053 676 sui
3111 619 3183 675 de
3225 622 3603 693 monogamia
3643 626 3776 676 erat

2113 713 2490 767 collocatura.
2529 733 2556 761 »
2607 713 2948 781 Iterumque
2995 726 3123 782 cap.
3160 711 3218 764 11
3265 728 3278 766 :
3313 732 3341 761 ‹‹
3374 709 3573 776 Qualis
3604 726 3667 764 es
3699 709 3764 764 id

2114 801 2562 857 matrimonium
2596 800 2925 872 postulans,
2955 800 3112 871 quod
3146 799 3230 854 eis
3261 815 3295 854 a
3326 799 3540 870 quibus
3564 805 3769 870 postu-

2113 891 2202 946 las
2255 907 2375 945 non
2435 891 2574 946 licet
2631 889 2848 945 habere
2883 906 2896 945 :
2931 889 3003 946 ab
3060 890 3337 961 episcopo
3385 905 3766 961 monogamo,

2114 998 2148 1034 a
2178 980 2546 1052 presbyteris
2577 983 2636 1034 et
2663 979 2931 1035 diaconis
2963 978 3234 1051 ejusdem
3250 980 3668 1044 sacramenti,a
3689 979 3770 1032 vi-

2115 1070 2250 1125 duis
2273 1087 2526 1140 quarum
2559 1073 2780 1124 sectam
2813 1069 3101 1124 recusasti
3126 1069 3153 1122 ?
3181 1089 3208 1116 »
3232 1069 3459 1122 Pariter
3478 1073 3539 1122 et
3566 1069 3772 1139 Orige-

2117 1175 2224 1215 nes
2242 1158 2572 1214 observavit
2593 1157 2883 1214 secundas
2904 1157 3144 1229 nuptias
3166 1156 3442 1212 omnibus
3461 1155 3771 1211 ordinibus

2119 1247 2537 1303 ecclesiasticis
2576 1247 2978 1319 particulatim
3029 1263 3155 1300 esse
3209 1250 3470 1318 negatas,
3504 1263 3642 1298 κατα
3667 1243 3770 1310 τήν

2116 1339 2214 1390 τοῦ
2247 1334 2590 1392 Ἀποστόλου
2621 1333 2746 1410 περὶ
2778 1339 2888 1389 τῶν
2915 1332 3381 1403 ἐκκλησιαπικῶν
3431 1333 3769 1407 πραγμάτων

2116 1445 2174 1480 νο
2184 1423 2832 1498 μοθεσίαν,‹‹εοοιιῐιᾶιιιῐι
2851 1426 3009 1498 leges
3022 1424 3094 1479 ab
3115 1424 3389 1495 Apostolo
3406 1424 3478 1480 de
3491 1424 3671 1479 rebus
3690 1440 3774 1479 ec-

2119 1515 2663 1582 clesiasticislatas;
2691 1537 2716 1564 ››
2731 1514 2965 1570 nullum
2988 1513 3333 1569 ordinemin
3345 1513 3604 1569 Ecclesia
3622 1530 3771 1581 esse,

2120 1609 2213 1664 cui
2247 1625 2315 1664 ea
2345 1607 2439 1663 lex
2473 1609 2783 1680 speciatim
2839 1607 3187 1680 priescripta
3242 1623 3364 1662 non
3405 1607 3483 1662 sit
3518 1623 3530 1660 :
3562 1602 3769 1662 Οὐδένα

2118 1697 2224 1769 γὰρ
2253 1699 2363 1750 τῶν
2415 1695 2520 1749 ἀπὸ
2574 1697 2674 1763 τῆς
2733 1694 3060 1765 Ἐκκλησίας
3121 1694 3398 1769 ὑπεροχήν
3456 1714 3575 1748 τινα
3623 1694 3772 1769 παρὰ

2117 1783 2245 1846 τοὺς
2275 1782 2521 1845 πολλοὺς
2555 1784 2629 1846 ὡς
2660 1782 2712 1838 ἐν
2769 1779 3075 1857 συμϐόλοις
3116 1782 3449 1861 ἀνειληφότα
3509 1781 3768 1859 βούλεται

363 1895 574 1950 scopos
607 1883 666 1933 et
695 1879 1093 1950 presbyteros,
1127 1895 1195 1934 ex
1250 1880 1546 1934 sententia
1593 1879 1819 1950 lrenaai,
1849 1885 1907 1934 et
1937 1879 1998 1934 al:

2181 1874 2398 1934 Παῦλος
2431 1870 2683 1948 δευτέρου
2715 1878 3068 1946 πεπειρᾶσθαι
3101 1873 3304 1948 γάμου.
3340 1896 3368 1924 ‹‹
3401 1875 3480 1929 Ex
3513 1874 3585 1929 iis
3609 1875 3766 1930 enim

361 1967 588 2038 Epheso
621 1972 680 2022 et
723 1966 794 2021 ab
827 1967 959 2022 aliis
1010 1968 1162 2022 Asia)
1224 1968 1601 2023 civitatibus:
1651 1985 1771 2023 non
1828 1968 2008 2040 igitur

359 2057 536 2112 unius
566 2056 752 2126 urbis,
786 2062 887 2113 aut
915 2057 1072 2112 solos
1099 2057 1345 2113 secundi
1378 2058 1605 2113 ordinis
1655 2059 2007 2129 praapositos

359 2147 714 2216 convocavit,
731 2152 832 2201 aut
863 2148 1169 2218 episcopos
1199 2147 1534 2218 appellavit.
1567 2149 1732 2202 Hunc
1763 2147 2003 2218 quidem

356 2239 637 2292 Actorum
695 2236 892 2291 locum
942 2242 1152 2307 quarto
1205 2236 1423 2291 saeculo
1509 2240 1567 2290 et
1619 2236 2003 2307 sequentibus

355 2325 622 2388 laudant,
657 2331 714 2380 et
745 2326 912 2395 quasi
935 2325 1183 2380 fundum
1227 2342 1346 2380 sura
1405 2326 1716 2380 sententiae
1773 2331 2005 2397 ponunt

356 2415 832 2486 Chrysostomus,
866 2416 1258 2486 Hieronymus
1289 2415 1527 2485 aliique,
1559 2415 1631 2469 de
1681 2431 1800 2469 una
1854 2414 2001 2470 urbe

355 2504 648 2576 prtecipue
670 2504 1327 2576 disputanteerenmus
1361 2504 1604 2559 secundi
1638 2505 1835 2559 saeculi
1856 2504 2001 2559 scri-

354 2599 506 2664 ptor,
540 2593 820 2664 apostolis
851 2592 1311 2664 apostolicisque
1340 2592 1525 2646 multo
1555 2592 1816 2665 propior,
1849 2591 2000 2645 nihil

353 2683 468 2737 tale
500 2681 586 2737 vel
621 2683 952 2738 somniavit.
986 2682 1095 2738 Illa
1123 2683 1323 2755 igitur,
1376 2699 1552 2753 quam
1583 2682 1808 2751 volunt,
1859 2697 1998 2753 apo-

358 2770 569 2826 stolica
590 2771 900 2825 nominum
957 2771 1217 2842 episcopi
1249 2775 1308 2824 et
1354 2771 1686 2843 presbyteri
1728 2771 1999 2830 confusio

352 2862 582 2916 Irenaeo
613 2860 961 2934 fuitignota.

422 2950 670 3006 Multum
701 2950 786 3004 illi
837 2950 1027 3005 ﬁdunt
1087 2949 1280 3005 verbis
1331 2951 1601 3022 Apostoli
1661 2951 1734 3007 ad
1779 2953 1996 3021 Titum,

353 3040 522 3110 quasi
555 3040 761 3095 eadem
789 3040 1032 3094 omnino
1082 3045 1376 3110 praecepta
1436 3040 1572 3095 data
1619 3041 1840 3096 fuerint
1873 3043 1999 3113 epi-

353 3147 528 3201 scopo
560 3134 618 3184 et
657 3129 1024 3201 presbytero,
1077 3128 1342 3200 adeoque
1381 3129 1543 3184 idem
1585 3129 1673 3183 illi
1708 3129 1822 3185 duo
1855 3131 1993 3186 sint.

351 3221 424 3273 At
443 3220 717 3274 Clemens
736 3217 1171 3273 Alexandrinus
1189 3218 1362 3272 aliter
1376 3219 1550 3289 plane
1573 3219 1777 3287 sensit,
1812 3221 2000 3276 multa

350 3324 538 3378 eaque
567 3308 847 3362 distincte
870 3307 1143 3377 episcopo
1176 3312 1234 3361 et
1262 3271 1605 3378 presbytero
1621 3271 1996 3380 data'praace-
2034 3271 2077 3340 Β

348 3402 449 3468 pta
478 3397 539 3450 in
563 3396 863 3466 Scriptura
885 3395 1232 3456 observavit,
1274 3412 1394 3450 non
1431 3396 1628 3451 minus
1653 3415 1829 3468 quam
1869 3399 1996 3455 dia—

351 3485 516 3539 conis
543 3489 602 3537 et
630 3483 840 3539 viduis.
863 3484 955 3537 Sic
987 3483 1146 3538 enim
1178 3483 1277 3538 ille
1311 3485 1605 3555 Pwdagogi
1625 3486 1726 3541 lib.
1751 3505 1828 3554 ιιι,
1865 3505 1992 3560 cap.

353 3576 419 3625 l2
453 3589 465 3625 :
500 3569 700 3644 Μυρίαι
733 3567 788 3623 δὲ
818 3565 938 3624 ὅσαι
993 3571 1262 3635 ὑποθῆκαι
1303 3571 1377 3632 εἰς
1434 3574 1714 3647 πρόσωπα“
1770 3572 1995 3629 ἐκλεκτὰ

352 3657 1136 3736 διατείνουσαι,ἐγγεγράφαται
1171 3665 1289 3721 ταῖς
1325 3656 1542 3736 βίϐλοις
1573 3669 1692 3726 ταῖς
1722 3661 1920 3738 ἁγίαις·
1939 3665 1995 3718 αἱ

355 3748 470 3820 μὲν,
502 3742 914 3823 πρεσϐοτέροις,
947 3749 1000 3802 dri
1034 3745 1112 3816 δὲ,
1145 3749 1482 3810 ἐπισκόποις·
1525 3751 1580 3804 αἱ
1611 3749 1991 3823 δὲ,διακόνοις’

351 3836 542 3907 ἄλλαι,
570 3840 793 3917 χήραις.
824 3861 851 3890 ‹‹
879 3839 1142 3894 Plurima
1173 3847 1470 3912 praecepta
1501 3858 1630 3912 quae
1668 3843 1742 3898 ad
1773 3843 1993 3898 electas

351 3947 637 4001 personas
668 3930 992 4002 pertinent,
1027 3930 1087 3983 in
1120 3931 1340 3984 sanctis
1372 3931 1540 3985 libris
1573 3933 1792 4004 scripta
1814 3939 1992 4001 sunt;

347 4021 471 4075 haec
503 4019 741 4091 quidem
778 4018 1162 4090 presbyteris,
1196 4019 1312 4073 alia
1356 4036 1492 4074 vero
1526 4021 1839 4093 episcopis,
1876 4022 1995 4077 alia

273 4167 276 4169 λ
347 4110 632 4176 diaconis,
666 4109 784 4163 alia
811 4109 1020 4162 viduis.
1058 4130 1085 4157 ››
1117 4109 1379 4171 Quatuor
1409 4109 1641 4165 diversa
1667 4111 1991 4167 electarum

344 4215 734 4272 personarum
769 4213 985 4269 genera
1043 4204 1354 4252 enumerat
1386 4213 1399 4264 ;
1432 4199 1754 4271 unicuique
1786 4203 1990 4272 generi

343 4289 586 4360 propria
615 4291 910 4357 praacepta
965 4284 1209 4339 ascribit
1237 4304 1251 4351 ;
1287 4287 1594 4360 episcopos
1625 4307 1745 4344 non
1791 4289 1992 4345 minus

345 4393 380 4431 a
408 4373 792 4446 presbyteris,
842 4388 1020 4442 quam
1077 4373 1452 4444 presbyteros
1483 4393 1515 4431 a
1547 4377 1835 4443 diaconis,
1889 4383 1995 4432 aut

345 4461 627 4516 diaconos
648 4475 683 4513 a
706 4457 894 4512 viduis
925 4457 1251 4530 distinguit.
1283 4461 1409 4515 Non
1441 4462 1618 4534 igitur
1670 4463 1830 4516 novit
1859 4463 1991 4518 Cle-

344 4565 516 4607 mens
537 4547 702 4603 illam
732 4547 1138 4602 confusionem
1170 4550 1475 4604 nominum
1510 4551 1569 4604 in
1591 4551 1988 4621 praeceptisab

344 4638 626 4711 Apostolo
659 4637 830 4707 datis,
865 4654 1042 4707 quam
1074 4639 1383 4694 observare
1417 4638 1527 4693 sibi
1557 4639 1713 4694 visus
1749 4645 1836 4693 est
1859 4640 1996 4696 Hie-
2028 4637 2074 4702 D

342 4743 648 4800 ronymus,
680 4727 782 4797 qui
829 4728 982 4782 hanc
1049 4727 1184 4782 inde
1234 4727 1679 4784 conclusionem
1736 4727 1985 4786 elicuit:

347 4843 368 4869 ι
405 4818 567 4874 Idem
599 4822 690 4872 est
719 4833 854 4889 ergo
905 4817 1214 4887 presbyter
1241 4818 1340 4887 qui
1369 4822 1427 4871 et
1459 4817 1790 4888 episcopus.
1828 4839 1856 4868 »
1888 4819 1984 4873 Di-

343 4908 496 4965 citur
524 4905 928 4978 particulatim
959 4911 1018 4960 et
1043 4905 1318 4960 distincte
1354 4905 1424 4959 ab
1457 4906 1723 4975 apostolo
1756 4906 1828 4961 de
1867 4909 1984 4978 epi-

345 4997 559 5068 scopis,
591 4994 956 5066 presbyteris
988 4999 1044 5048 et
1072 4993 1357 5059 diaconis,
1401 5009 1502 5048 eos
1535 5010 1662 5049 esse
1713 5001 1984 5066 oportere

339 5087 494 5141 viros
523 5085 702 5140 unius
733 5083 953 5138 uxoris.
988 5081 1407 5146 Tertullianus,
1431 5083 1531 5152 qui
1593 5087 1711 5138 tres
1743 5084 1984 5140 ordines

340 5176 591 5246 agnovit,
639 5174 960 5244 unicuique
988 5173 1210 5227 dictum
1243 5173 1353 5226 hoc
1385 5173 1656 5246 intelligit
1686 5192 1748 5228 ;‹‹
1782 5177 1861 5230 De
1896 5193 1984 5232 ec-

339 5266 684 5322 clesiasticis
744 5263 1051 5318 ordinibus
1093 5261 1395 5332 agebatur,
1457 5263 1661 5333 quales
1721 5265 1983 5321 ordinari

338 5365 653 5432 oporteret.
689 5355 1008 5427 Oportebat
1029 5355 1209 5426 igitur
1237 5371 1477 5409 omnem
1532 5358 1862 5414 communis
1893 5357 1983 5411 di-

338 5450 603 5518 sciplinae
625 5448 877 5501 formam
896 5460 1002 5498 sua
1020 5443 1208 5497 fronte
1241 5446 1488 5515 proponi
1515 5463 1528 5514 ;
1564 5447 1822 5502 edictum
1846 5463 1985 5517 quo-

336 5536 653 5594 dammodo
700 5536 964 5590 futurum
1031 5533 1320 5588 universis
1367 5535 1430 5590 in
1504 5536 1918 5608 praisessione,
1951 5557 1981 5586 »

333 5629 411 5682 De
439 5626 808 5692 monogamia.
833 5638 961 5694 cap.
990 5623 1075 5679 12.
1098 5622 1169 5678 Et
1195 5640 1402 5681 rursus
1427 5641 1556 5697 cap.
1581 5627 1615 5680 8
1641 5641 1653 5679 :
1686 5643 1713 5679 ιι
1742 5627 1982 5681 Petrum

334 5713 530 5777 solum
558 5712 792 5768 invenio
824 5711 1100 5768 maritum
1133 5729 1241 5786 per
1269 5730 1503 5771 socrum
1529 5731 1983 5787 ;monogamum

2118 1962 2219 2034 qui
2249 1963 2526 2018 Ecclesiae
2547 1980 2766 2019 nomen
2799 1963 3426 2032 dederunt,neminem
3452 1964 3551 2034 qui
3576 1963 3769 2035 digni-

2117 2058 2299 2108 tatem
2333 2054 2594 2124 aliquam
2625 2072 2746 2126 praa
2779 2054 3181 2126 multis,quasi
3214 2054 3275 2109 in
3299 2053 3606 2125 symbolis,
3631 2053 3764 2109 fue-

2115 2143 2192 2198 rit
2213 2148 2588 2212 consecutus,
2625 2143 2842 2197 Paulus
2867 2143 3158 2198 secundas
3187 2143 3422 2214 nuptias
3462 2149 3767 2214 expertum

2113 2231 2298 2287 fuisse
2330 2232 2472 2289 vult.
2510 2255 2536 2282 »
2569 2234 2640 2287 Ut
2670 2232 2783 2286 hoc
2814 2233 3214 2304 particulatim
3247 2232 3317 2288 de
3343 2233 3588 2306 singulis
3607 2233 3768 2288 ordi-

2112 2322 2289 2377 nibus
2321 2317 2523 2377 verum
2559 2338 2687 2376 esse
2737 2322 3029 2388 ostendat,
3065 2339 3170 2393 pro
3229 2322 3521 2394 episcopis
3572 2322 3715 2377 citat
3744 2322 3766 2377 Ι

2113 2411 2260 2466 Tim.
2287 2427 2367 2480 ιιι,
2389 2415 2444 2477 2,
2473 2429 2578 2482 pro
2610 2411 2872 2466 diaconis
2905 2411 3262 2467 versiculum
3302 2415 3387 2477 12,
3430 2429 3534 2482 pro
3575 2411 3765 2466 viduis

2111 2500 2303 2555 ITim.
2327 2517 2379 2568 v,
2411 2503 2463 2564 9,
2495 2517 2600 2571 pro
2633 2499 2994 2572 presbyteris
3045 2500 3300 2571 denique
3349 2501 3457 2555 Tit.
3518 2517 3555 2565 ι,
3609 2503 3658 2554 5.
3693 2501 3768 2554 At

2115 2589 2160 2643 si
2186 2589 2446 2661 episcopi
2479 2589 2587 2644 sub
2621 2589 2983 2661 presbyteris
3008 2590 3626 2657 continerentur,satis
3640 2594 3769 2644 erat

2110 2677 2383 2733 laudasse
2405 2679 2728 2750 Epistolam
2759 2679 2830 2734 ad
2859 2680 3050 2734 Titum
3069 2697 3082 2744 ;
3101 2678 3148 2734 si
3179 2679 3509 2751 presbyteri
3523 2678 3630 2734 sub
3644 2679 3767 2749 epi-

2113 2767 2651 2838 scopis,contentus
2684 2784 2811 2822 esse
2843 2773 3076 2838 poterat
3097 2767 3227 2823 loco
3255 2769 3328 2823 ad
3360 2768 3758 2823 Timotheum.

2111 2855 2246 2910 Haec
2277 2855 2456 2926 igitur
2485 2855 2560 2910 ad
2588 2856 2782 2910 Titum
2813 2856 2868 2910 S.
2893 2856 3061 2910 Pauli
3094 2857 3270 2912 verba
3299 2861 3418 2911 tam
3449 2856 3767 2928 diligenter

2110 2950 2244 3015 post
2274 2945 2503 3016 reliqua
2533 2944 2807 3011 laudans,
2832 2962 3007 3000 suum
3031 2946 3244 3016 cuique
3269 2946 3462 3001 ordini
3486 2946 3764 3002 distincte

2108 3041 2473 3107 praeceptum
2506 3034 2576 3090 ab
2604 3035 2883 3106 Apostolo
2917 3035 3119 3090 datum
3147 3036 3328 3091 fuisse
3361 3036 3766 3108 innuit,magi-

2113 3125 2300 3177 atrum
2359 3139 2531 3177 suum
2583 3121 2950 3178 Clementem
3008 3133 3284 3194 Sequens,
3316 3123 3416 3178 ubi
3470 3123 3644 3195 plene
3691 3125 3764 3180 de

2108 3213 2420 3283 praeceptis
2452 3212 2736 3283 loquitur,
2762 3212 2824 3266 in
2853 3213 3198 3282 Padagogo;
3233 3219 3292 3268 et
3323 3213 3626 3285 suppleas,
3662 3214 3766 3268 ubi

2109 3299 2307 3355 minus
2337 3299 2536 3371 plene,
2588 3301 2650 3354 in
2706 3301 2912 3355 Strom.
2965 3318 3022 3355 ιιι
3058 3318 3071 3356 :
3132 3299 3240 3356 Ναὶ
3302 3300 3396 3372 μὲν
3429 3299 3516 3354 καὶ
3547 3300 3635 3354 τὸν
3665 3306 3768 3369 τῆς

2109 3391 2236 3462 μιᾶς
2267 3390 2522 3461 γυναικὸς
2573 3384 2742 3462 ἄνδρα
2799 3389 2939 3442 πάνυ
3000 3385 3314 3464 διαδὲχεται
3373 3385 3468 3443 κᾶν
3528 3384 3768 3464 πρεσϐύ-

2102 3495 2258 3549 τερος
2314 3476 2374 3550 ᾖ,
2429 3476 2525 3532 κᾶν
2583 3474 2855 3546 διάκονος,
2918 3477 3014 3533 κᾶν
3076 3478 3288 3548 λαϊκὸς,
3375 3477 3764 3548 ἀνεπιλήπτως

2104 3568 2269 3642 γάμῳ
2309 3567 2616 3639 χρώμενος,
2652 3573 2708 3623 et
2737 3569 2891 3623 tertii
2921 3570 3121 3624 saeculi
3145 3571 3500 3626 sententiam
3541 3586 3765 3641 repres-

2105 3663 2366 3713 sentans.
2393 3659 2447 3712 S.
2483 3657 2647 3713 Pauli
2689 3658 2761 3713 ad
2787 3658 2981 3713 Titum
3015 3659 3195 3714 verba
3223 3660 3586 3732 presbyteris
3617 3661 3765 3714 assi-

2105 3752 2263 3819 gnat,
2295 3745 2397 3801 illa
2428 3746 2502 3801 ad
2533 3747 2904 3802 Timotheum
2941 3747 3218 3821 episcopo
3266 3755 3546 3817 reservat,
3584 3748 3764 3820 plane

2103 3840 2169 3890 ut
2199 3840 2332 3906 post
2362 3851 2499 3889 eum
2554 3836 2868 3907 Gregorius
2925 3836 3320 3893 Nazianzenus
3379 3839 3438 3892 in
3493 3837 3763 3892 oratione

2105 3924 2175 3978 de
2209 3923 2485 3979 laudibus
2517 3923 2571 3978 S.
2606 3925 2946 3980 Athanasii:
2980 3925 3158 3980 Τοῦτο
3191 3921 3268 3994 δὲ,
3299 3924 3351 3980 ἐν
3385 3926 3473 3986 οἷς
3502 3925 3761 3997 Τιμοθέῳ

2102 4012 2238 4086 πρὸς
2270 4010 2432 4066 αὐτὸν
2461 4012 2684 4090 γράφων
2747 4018 3057 4086 νομοθετεῖ,
3097 4019 3284 4069 τυπῶν
3315 4018 3394 4087 τῷ
3453 4012 3606 4091 λόγῳ
3663 4015 3760 4069 τὸν

2103 4100 2406 4170 ἐπισκοπῆς
2436 4103 2898 4176 προστησόμενον.
2939 4127 2965 4154 ‹‹
3009 4105 3253 4174 Partim,
3302 4106 3364 4160 in
3417 4104 3630 4176 quibus
3680 4105 3758 4161 ad

2101 4191 2471 4246 Timotheum
2505 4193 2773 4247 scribens
2795 4193 2954 4265 leges
2986 4194 3272 4262 fert,eum
3305 4194 3405 4266 qui
3429 4194 3490 4249 in
3525 4194 3757 4266 episco-

2101 4287 2243 4352 patu
2273 4282 2623 4353 prmsideret
2653 4283 2994 4340 efformans.
3029 4305 3058 4334 »

2172 4390 2298 4442 Non
2330 4388 2508 4460 igitur
2538 4393 2785 4460 apparet
2807 4393 3170 4460 quemquam
3204 4389 3447 4446 secundi
3478 4395 3580 4446 aut
3596 4391 3759 4446 tertii

2101 4477 2302 4532 saeculi
2335 4477 2738 4533 Christianum
2772 4480 3256 4534 communionem
3283 4481 3594 4536 nominum
3618 4482 3761 4553 epi-

2102 4567 2261 4637 scopi
2285 4571 2342 4622 et
2374 4564 2703 4638 presbyteri
2760 4567 2822 4622 in
2889 4569 3124 4638 scriptis
3178 4569 3520 4641 apostolicis
3550 4569 3760 4626 obser-

2102 4671 2289 4711 vasse.
2324 4657 2470 4711 Nam
2518 4656 2782 4711 Justinus
2823 4663 3048 4728 martyr
3105 4659 3202 4711 τοῦ
3260 4661 3606 4731 προεστῶτος
3653 4663 3760 4728 τῆς

2103 4741 2453 4812 Ἐκκλησίας,
2483 4749 2766 4815 tanquam
2800 4744 3118 4817 singularis
3173 4750 3232 4801 et
3260 4748 3511 4802 exsertis
3548 4747 3764 4803 Eccle-

2103 4831 2204 4886 siae
2237 4832 2507 4900 rectoris,
2542 4839 2601 4888 et
2630 4833 3017 4889 diaconorum
3051 4834 3294 4905 quidem
3316 4836 3626 4903 meminit;
3657 4853 3764 4892 no-

2101 4937 2240 4974 men
2293 4927 2495 4976 autem
2555 4923 2816 4994 episcopi
2859 4923 2950 4978 vel
2981 4923 3311 4996 presbyteri
3343 4925 3553 4980 nullibi
3589 4924 3650 4979 in
3686 4926 3762 4979 iis

2100 5025 2232 5079 quas
2267 5016 2610 5082 supersunt,
2642 5011 2878 5083 scriptis
2927 5015 3255 5085 usurpavit.
3312 5014 3496 5068 Nimis
3552 5018 3762 5070 autem

2100 5102 2372 5152 coactum
2401 5105 2508 5165 est,
2537 5101 2693 5170 quod
2725 5116 2758 5155 a
2816 5101 3126 5157 Blondello
3186 5103 3248 5158 in
3302 5103 3582 5172 Apologia
3625 5103 3760 5158 sine

2096 5183 2220 5239 ullo
2276 5186 2662 5242 fundamento
2716 5187 2854 5243 inde
2914 5191 3221 5255 asseritur,
3281 5189 3456 5244 binos
3521 5194 3761 5245 tantum

2097 5274 2414 5330 Christiani
2475 5276 2617 5330 cleri
2661 5276 2875 5349 gradus
2935 5294 2969 5333 δ,
3019 5279 3248 5334 Iustino
3307 5277 3568 5351 agnosci.
3629 5280 3761 5333 Non

2097 5365 2256 5418 enim
2286 5364 2365 5418 ibi
2398 5365 2638 5420 ordines
2659 5365 2935 5421 Ecclesira
2962 5373 3293 5436 enumerat,
3317 5385 3438 5423 non
3465 5368 3536 5424 de
3549 5368 3768 5441 guber-

2097 5453 2339 5508 natione
2362 5455 2562 5525 populi
2595 5455 2748 5527 agit;
2782 5455 3247 5512 celebrationem
3271 5461 3505 5512 tantum
3537 5458 3765 5513 eucha-

2097 5542 2279 5597 ristiaa
2306 5544 2639 5600 solemnem
2671 5545 2945 5617 explicat,
2998 5553 3056 5601 et
3089 5564 3220 5619 quae
3248 5548 3309 5602 in
3355 5545 3457 5602 illa
3506 5547 3772 5604 admini-

2097 5633 2342 5689 stranda
2374 5635 2659 5707 episcopi,
2694 5651 2824 5708 quae
2885 5634 3276 5694 diaconorum
3323 5641 3526 5710 partes
3557 5635 3775 5699 essent

2097 5719 2359 5793 exponit.
2405 5721 2570 5786 Quod
2623 5721 2822 5781 autem
2869 5729 3073 5798 partes
3132 5724 3394 5803 episcopi
3439 5724 3771 5803 aliquando
