3942 6302
173 384 289 446 ιὸτ

909 386 967 449 J.
1016 385 1432 450 PEARSONII
1477 385 1846 450 VlNDlCl/E
1886 379 2364 450 IGNATIANJE.
2414 418 2491 430 —
2534 385 2741 447 PARS
2786 384 2861 446 ιι.

3482 385 3601 449 438

173 519 242 574 ab
272 519 403 590 ipso
436 518 888 590 peragerentur,
909 517 1230 590 aliquando
1262 521 1334 576 ab
1357 521 1460 577 illo
1489 521 1835 594 presbytero
1865 521 1920 590 Α
1948 519 2022 576 de
2073 520 2367 592 episcopis
2434 516 2603 589 quasi
2635 517 2708 573 de
2738 513 3102 590 presbyteris
3145 518 3237 573 est
3282 515 3532 575 locutus.
3571 541 3600 570 η

172 608 715 673 demandarentur,
740 607 874 663 ideo
903 612 1249 682 προεστῶτος
1279 611 1554 683 generale
1586 610 1838 667 vocabu-

173 698 294 753 lum
326 697 614 753 adhibuit
641 714 654 764 ;
679 697 962 754 diaconos
994 705 1192 754 autem
1219 701 1456 772 proprie
1489 701 1839 768 enuntiavit,

172 787 310 858 quia
343 804 563 842 eorum
596 793 792 859 partes
825 788 897 843 ab
925 789 1069 859 ipsis
1097 806 1334 861 semper
1384 791 1837 863 peragebantur.

171 878 432 931 lrenaeus
463 877 663 932 locum
697 877 1053 948 palmarium
1083 879 1259 934 aliter
1280 879 1523 934 omnino
1548 879 1842 934 intellexit

171 972 224 1021 ct
256 966 559 1037 exposuit,
587 966 820 1037 reliqua
849 966 903 1020 S.
941 967 1256 1039 Scriptura;
1308 968 1459 1035 loca,
1520 985 1650 1040 quas
1701 985 1837 1038 pro-

173 1055 655 1110 adversariorum
679 1056 976 1110 sententia
989 1056 1422 1125 aﬂ’erunturme
1445 1055 1687 1128 quidem
1709 1057 1841 1111 teti-

172 1144 269 1214 git.
294 1142 578 1198 Clemens
611 1143 1050 1200 Alexandrinus
1072 1144 1203 1200 loca
1227 1144 1299 1200 de
1330 1144 1544 1200 ofﬁciis
1575 1143 1836 1216 episcopi

173 1236 230 1287 et
257 1232 598 1304 presbyteri
629 1233 710 1288 ita
743 1233 1073 1288 secundum
1104 1233 1353 1289 nomina
1405 1234 1466 1288 in
1517 1233 1836 1304 Scripturis

175 1321 455 1378 distincta
490 1323 805 1390 intellexit,
824 1329 892 1379 ut
920 1330 1216 1396 praecepta
1247 1324 1347 1380 illa
1401 1324 1662 1397 plurima
1714 1341 1835 1380 non

175 1413 376 1469 minus
405 1413 485 1468 de
505 1413 816 1485 episcopis
847 1421 907 1470 et
939 1415 1506 1486 presbyteris,quam
1532 1414 1603 1469 de
1637 1415 1833 1470 diaco-

172 1501 260 1556 nis
289 1507 348 1556 et
376 1502 580 1557 viduis
617 1502 849 1558 diversa
877 1503 1300 1574 pronuntiarit.
1335 1503 1742 1558 Tertullianus
1776 1508 1835 1558 et

173 1589 452 1662 Origenes
488 1591 941 1647 distinctionem
964 1593 1277 1646 nominum
1311 1592 1466 1664 apud
1489 1591 1834 1664 Apostolum

173 1681 315 1736 adeo
356 1687 644 1738 accurate
686 1683 1099 1750 observabant,
1131 1689 1196 1737 ut
1225 1699 1333 1738 sua
1364 1683 1564 1738 omnia
1595 1682 1667 1737 ad
1701 1699 1833 1738 eam

176 1769 517 1842 dirigerent.
545 1773 678 1828 Non
713 1773 890 1845 igitur
921 1778 1169 1844 apparet
1200 1772 1390 1827 ullum
1415 1773 1572 1827 intra
1622 1774 1723 1826 100
1778 1779 1835 1826 et

1954 609 2148 665 Secuti
2177 613 2317 665 sunt
2343 608 2522 680 igitur
2541 607 2795 679 apostoli
2817 623 3045 663 morem
3096 606 3381 678 loquendi
3423 624 3458 663 a
3503 625 3603 679 po-

1949 700 2092 770 pulo
2135 698 2468 754 Christiano
2510 702 2882 769 usurpatum,
2917 713 2990 752 ex
3043 697 3340 752 sententia
3395 698 3600 753 Hiero-

1950 788 2114 860 nymi
2151 805 2164 853 ;
2196 792 2262 841 ut
2283 787 2584 858 apostolos
2613 787 2834 841 imitari
2865 787 2925 841 in
2968 787 3076 842 hac
3105 803 3171 840 re
3226 786 3378 841 nihil
3437 786 3600 842 aliud

1951 878 2050 943 sit,
2085 893 2265 947 quam
2299 875 2626 931 secundum
2657 875 2956 948 vulgatum
2987 875 3048 930 in
3080 875 3338 932 Ecclesia
3368 892 3599 931 morem

1949 967 2229 1038 loquendi
2263 967 2543 1022 scribere.
2582 965 2663 1020 llli
2713 967 2891 1036 igitur
2919 967 3174 1022 maxime
3205 966 3419 1022 imitati
3451 981 3598 1038 apo-

1949 1057 2132 1112 stolos
2162 1061 2322 1123 sunt,
2356 1056 2458 1126 qui
2486 1055 2815 1110 secundum
2855 1071 2976 1111 sum
2999 1055 3190 1110 astatis
3237 1070 3597 1120 sermonem,

1947 1162 2068 1201 non
2099 1145 2462 1216 apostolica,
2513 1145 2897 1215 scripserunt.
2930 1144 3037 1208 Qui
3071 1144 3595 1216 Hieronymianam

1949 1237 2306 1292 sententiam
2337 1251 2498 1291 nunc
2530 1238 2854 1306 exponunt,
2905 1250 3156 1305 eamque
3215 1234 3388 1289 nobis
3441 1233 3594 1305 obji-

1945 1326 2136 1391 ciunt,
2163 1325 2370 1380 volunt
2398 1340 2468 1380 ex
2497 1323 2656 1379 illius
2691 1327 2892 1379 mente
2934 1323 3134 1379 nullos
3189 1322 3595 1394 apostolorum

1947 1419 2212 1487 tempore
2243 1420 2460 1487 praeter
2488 1430 2592 1469 seu
2625 1430 2803 1486 supra
2830 1414 3209 1485 presbyteros
3237 1413 3422 1469 fuisse
3453 1429 3596 1469 con-

1946 1505 2204 1569 stitutos,
2239 1509 2524 1575 tanquam
2578 1502 2876 1574 legitimos
2937 1506 2994 1558 et
3036 1501 3305 1558 distincti
3365 1501 3592 1558 ordinis

1943 1598 2048 1648 aut
2075 1593 2291 1663 gradus
2321 1592 2892 1664 episcopos;postea
2927 1592 3127 1663 igitur,
3187 1613 3216 1640 «
3277 1606 3412 1647 cum
3470 1596 3592 1647 toto

1943 1681 2084 1736 orbe
2115 1682 2412 1736 decretum
2444 1687 2552 1745 est,
2586 1687 2651 1735 ut
2677 1697 2833 1736 unus
2874 1680 2945 1736 de
2977 1679 3338 1752 presbyteris
3368 1679 3591 1736 electus

1943 1776 2446 1842 superponeretur
2480 1769 2737 1836 cmteris,
2767 1769 2841 1824 ad
2867 1785 3045 1840 quem
3077 1769 3271 1824 omnis
3319 1768 3592 1825 Ecclesim

179 1859 358 1914 multo
388 1860 598 1933 plures
621 1878 812 1918 annos
842 1866 976 1934 post
1004 1861 1059 1918 S.
1102 1861 1312 1933 lgnatii
1364 1861 1716 1933 martyrium
1771 1859 1831 1915 in
1861 1891 1911 1958 Β
1943 1876 2085 1915 cura
2115 1860 2461 1931 pertineret,
2496 1881 2524 1908 υ
2559 1858 2856 1930 postulare
2884 1874 3005 1914 non
3037 1863 3288 1930 possunt
3315 1863 3382 1913 ut
3439 1859 3589 1914 scri-

179 1950 583 2020 apostolorum
600 1951 834 2022 scriptis
853 1952 1006 2006 hanc
1020 1952 1328 2006 nominum
1343 1950 1825 2005 communionem

180 2035 543 2096 observasse.
595 2040 1046 2110 Iniquissimum
1095 2045 1293 2095 autem
1352 2043 1460 2108 est,
1520 2054 1828 2094 sermones

181 2127 418 2183 secundi
443 2129 652 2184 saeculi
684 2129 756 2184 ad
788 2146 1059 2184 normam
1107 2127 1406 2200 opinionis
1453 2133 1664 2198 quarto
1721 2128 1824 2183 de-

180 2230 335 2272 mum
366 2217 594 2273 seculo
628 2222 772 2273 ortas
801 2218 1055 2289 exigere.

241 2325 537 2381 Secundo.
571 2326 756 2380 Nemo
789 2340 993 2380 eorum
1039 2325 1306 2379 omnium
1349 2323 1449 2395 qui
1481 2323 1825 2379 communia

176 2415 426 2487 episcOpi
461 2421 522 2471 et
554 2415 886 2487 presbyteri
919 2415 1164 2470 nomina
1223 2415 1283 2469 in
1341 2413 1438 2471 SS.
1499 2413 1822 2486 Scripturis

170 2503 340 2559 fuisse
374 2505 697 2577 putabant,
723 2505 784 2559 in
815 2521 882 2560 eo
917 2505 1210 2560 sermonis
1242 2520 1458 2575 genere
1519 2503 1822 2575 apostolos

176 2600 400 2650 secutus
432 2599 544 2662 est,
581 2598 684 2649 aut
713 2592 896 2649 alium
956 2609 1318 2665 quemquam
1368 2598 1638 2648 secutum
1692 2609 1822 2647 esse

181 2681 334 2737 dixit.
371 2684 474 2738 Hic
505 2682 801 2738 habemus
823 2681 1224 2738 adversarium
1255 2680 1428 2736 nobis
1453 2681 1626 2753 plane
1680 2697 1820 2736 con-

177 2771 975 2842 sentientem.Epistolarum,
1008 2770 1222 2841 inquit,
1257 2771 1509 2841 scriptor
1530 2791 1558 2819 «
1581 2770 1696 2824 duo
1719 2769 1821 2824 illa

176 2858 395 2914 nomina
451 2860 635 2932 plane
697 2860 907 2916 eodem
967 2876 1146 2914 sensu
1185 2859 1418 2930 accipit,
1453 2874 1568 2929 quo
1599 2875 1632 2913 a
1663 2859 1820 2914 tertii

178 2948 366 3003 saeculi
391 2954 452 3004 et
482 2950 867 3020 sequentium
911 2948 1262 3004 Christianis
1315 2946 1390 3003 ad
1445 2947 1572 3002 hinc
1625 2964 1817 3018 usque

181 3039 439 3109 tempora
471 3044 718 3110 accepta
743 3038 924 3094 fuisse
956 3043 1014 3093 et
1055 3038 1275 3093 scimus
1303 3041 1362 3092 et
1392 3035 1648 3092 libenter
1676 3053 1819 3092 con-

179 3126 451 3183 cedimus.
475 3150 502 3178 »
530 3132 604 3183 At
630 3128 730 3198 qui
755 3127 1236 3182 communionem
1262 3126 1473 3182 horum
1505 3126 1818 3180 nominum

177 3213 232 3269 in
283 3215 446 3272 libris
505 3217 851 3288 apostolicis
901 3215 1194 3288 reperisse
1227 3232 1288 3270 se
1337 3215 1645 3286 putabant,
1677 3220 1813 3272 ante

176 3311 436 3375 quartum
489 3307 775 3362 saeculum
827 3322 950 3361 non
1008 3306 1401 3361 exstiterunt:
1462 3305 1533 3360 ad
1583 3322 1813 3360 morem

174 3393 366 3464 Ignatii
392 3395 576 3468 igitur
603 3394 786 3450 locuti
821 3398 996 3461 sunt;
1031 3398 1090 3449 et
1119 3410 1231 3448 nec
1262 3393 1373 3465 ipsi
1426 3393 1816 3449 imitabantur

176 3484 456 3552 apostolos
489 3485 553 3539 in
585 3485 697 3539 hoc
719 3483 1005 3555 loquendi
1037 3483 1213 3538 modo
1244 3500 1258 3550 ;
1292 3499 1402 3538 nec
1449 3499 1811 3555 quemquam

177 3588 365 3629 eorum
397 3575 671 3630 omnium
703 3575 804 3645 qui
836 3579 971 3628 ante
1006 3590 1068 3629 se
1096 3574 1482 3645 scripserunt,
1515 3573 1812 3646 apostolos

179 3676 238 3714 eo
264 3678 436 3719 sensu
457 3668 734 3734 acceptos
792 3663 1092 3718 imitatum
1150 3662 1333 3718 fuisse
1396 3662 1809 3731 observabant,

179 3757 268 3804 aut
295 3753 576 3825 neglectae
606 3752 961 3807 imitationis
992 3750 1370 3807 accusabant.
1398 3752 1459 3805 B.
1484 3751 1812 3807 Theodore-

179 3843 380 3912 tus,qui
401 3839 1066 3912 existimavitapostolis
1099 3840 1277 3911 ipsos,
1312 3857 1413 3895 eos
1444 3841 1544 3912 qui
1567 3841 1811 3896 secundi

183 3932 388 3988 ordinis
416 3939 639 4003 essent,
671 3949 832 3988 nunc
873 3932 1274 4004 presbyteros,
1307 3949 1469 3987 nunc
1500 3933 1809 4004 episcopos

181 4021 510 4092 appellasse,
555 4039 658 4078 eos
717 4027 915 4076 autem
959 4021 1059 4092 qui
1090 4020 1255 4092 primi
1303 4021 1530 4076 ordinis
1588 4027 1806 4092 essent,

180 4113 450 4179 apostolos
480 4112 706 4168 dixisse
738 4127 752 4178 ;
784 4127 895 4166 nec
926 4111 1050 4183 ipse
1074 4109 1374 4182 apostolos
1397 4111 1664 4166 imitatus
1695 4115 1802 4180 est,

177 4213 351 4270 neque
377 4217 742 4272 quemquam
774 4200 1123 4270 scriptorem
1167 4198 1635 4254 ecclesiasticum
1667 4216 1806 4271 apo-

177 4289 428 4346 stolicum
459 4306 804 4347 sermonem
835 4295 1106 4344 secutum
1152 4304 1280 4344 esse
1327 4288 1646 4344 arbitratus
1679 4295 1803 4357 est;

177 4376 265 4430 sed
306 4396 510 4436 omnes
556 4378 813 4450 apostoli
880 4394 1098 4434 nomen
1155 4378 1298 4449 ipsis
1341 4378 1578 4450 proprie
1637 4377 1806 4433 dictis

175 4468 432 4534 apostolis
459 4483 828 4537 resenvasse,
854 4468 1110 4538 episcopi
1145 4471 1344 4523 autem
1377 4484 1597 4524 nomen
1628 4469 1805 4538 primi

177 4555 377 4613 ordinis
408 4559 817 4615 sacerdotibus
832 4558 1166 4630 assignasse
1201 4556 1519 4628 perhibuit.
1541 4557 1595 4613 S.
1630 4558 1806 4630 Chry-

1940 1955 2140 2020 ptores
2171 1947 2578 2014 ecclesiastici,
2635 1953 2797 2004 tanta
2835 1947 2897 2003 in
2955 1964 3019 2003 re
3075 1948 3203 2019 ipsa
3259 1947 3584 2004 mutatione

1927 2038 2106 2107 facta,
2153 2037 2635 2094 communionem
2684 2036 2995 2094 nominum
3034 2037 3383 2093 retinerent.
3439 2039 3571 2108 Ipse

1931 2127 2253 2183 Salmasius
2283 2127 2344 2182 in
2375 2130 2700 2199 Apparatu:
2735 2149 2764 2178 ‹‹
2796 2128 2882 2183 ΑΙ)
2913 2145 2982 2184 eo
3019 2135 3282 2201 tempore
3330 2143 3445 2200 quo
3503 2143 3574 2184 ex

1929 2232 2050 2273 uno
2091 2217 2297 2272 ordine
2357 2216 2748 2289 presbyterali
2792 2223 2851 2273 et
2897 2217 3220 2290 episcopali
3269 2217 3386 2272 duo
3429 2216 3568 2273 facti

1930 2313 2088 2377 sunt,
2149 2325 2368 2364 nomen
2425 2309 2754 2382 presbyteri
2796 2309 2923 2365 dari
2973 2310 3230 2366 desitum
3289 2314 3377 2366 est
3445 2310 3571 2381 epi-

1927 2417 2127 2472 scopo.
2167 2400 2223 2454 Si
2283 2399 2585 2455 distinctio
2632 2400 2945 2456 nominum
2994 2401 3173 2456 simul
3211 2417 3570 2458 munerum-

1928 2507 2043 2560 que
2072 2495 2130 2545 et
2158 2489 2406 2562 proinde
2439 2491 2617 2545 etiam
2649 2491 2927 2546 ordinum
2957 2490 3115 2546 inter
3157 2491 3571 2564 presbyterum

1927 2581 1986 2632 et
2012 2578 2353 2648 episcopum
2383 2577 2537 2632 facta
2569 2583 2678 2645 est,
2712 2599 2739 2627 »
2771 2583 2838 2633 ut
2869 2578 3040 2634 docet
3073 2578 3415 2647 Salmasius,
3449 2595 3571 2633 non

1925 2666 1997 2722 de
2028 2667 2360 2721 imitatione
2381 2667 2674 2722 sermonis
2704 2667 3146 2739 apostolici,sed
3167 2667 3238 2723 de
3261 2669 3346 2723 rei
3376 2673 3571 2723 muta-

1927 2756 2086 2811 tione
2101 2772 2255 2826 quaai
2272 2755 2494 2810 endum
2517 2761 2607 2811 est
2629 2771 2644 2822 ;
2667 2773 2785 2827 qua
2801 2757 3380 2827 mutata,secundum
3404 2757 3566 2812 illius

1924 2843 2306 2912 sententiam,
2339 2845 2591 2900 imitatio
2624 2845 3029 2917 apostolorum
3053 2862 3182 2902 esse
3202 2861 3325 2901 non
3355 2845 3566 2918 potuit.

1995 2935 2331 3000 Quinetiam
2359 2935 2532 2990 tertio
2555 2935 2986 2990 observandum
3017 2940 3106 2991 est
3125 2935 3391 2992 nondum
3422 2951 3566 2990 con-

1921 3029 2076 3080 stare
2104 3024 2348 3080 nomina
2377 3023 2636 3096 epiSCOpi
2665 3029 2722 3080 et
2747 3024 3074 3095 presbyteri
3131 3025 3192 3080 in
3224 3025 3565 3097 apostolicis

1921 3114 2178 3186 scriptis,
2209 3114 2310 3170 ubi
2342 3114 2412 3170 de
2446 3114 2660 3169 ofﬁciis
2683 3113 3099 3170 ecclesiasticis
3142 3115 3354 3186 agitur,
3383 3131 3560 3185 syno-

1926 3219 2106 3274 nyma
2119 3219 2268 3259 esse.
2289 3204 2456 3258 Certe
2471 3209 2820 3276 argumenta
2841 3219 2972 3274 quas
2997 3204 3280 3259 hactenus
3309 3204 3565 3260 adducta

1923 3297 2210 3361 sunt,non
2238 3293 2293 3347 id
2327 3293 2566 3348 credere
2598 3309 2707 3348 nos
2737 3293 3070 3349 necessario
3092 3298 3306 3366 cogunt
3333 3311 3347 3360 ;
3379 3298 3438 3349 et
3465 3310 3568 3365 po-

1923 3381 2040 3438 tius
2070 3382 2376 3455 probabile
2406 3389 2493 3439 est
2512 3383 2693 3440 talem
2720 3383 2932 3439 harum
2961 3400 3169 3440 vocum
3201 3384 3567 3440 communio-

1918 3489 2056 3528 nem
2081 3475 2142 3528 in
2163 3473 2566 3545 apostolorum
2580 3473 2817 3546 scriptis
2837 3474 3084 3530 minime
3109 3490 3236 3530 esse
3254 3474 3565 3530 admitten-

1919 3561 2451 3633 dam.Primo,quia
2478 3563 2525 3617 si
2549 3563 2836 3636 originem
2861 3562 3039 3634 hujus
3057 3563 3563 3636 interpretationis

1920 3667 2278 3720 qumramus,
2327 3652 2588 3722 primum
2643 3652 2910 3706 omnium
2943 3653 3043 3722 qui
3097 3652 3258 3707 illam
3289 3652 3363 3708 ad
3393 3669 3561 3708 suam

1919 3739 2278 3794 sententiam
2307 3739 2776 3796 conﬁrmandam
2797 3740 3310 3811 protulit,Aerium
3333 3741 3563 3797 haereti-

1917 3845 2052 3883 cum
2083 3829 2264 3884 fuisse
2296 3829 2930 3900 comperiemus;cujus
2947 3829 3244 3884 sententia
3265 3831 3563 3902 quampri-

1915 3934 2080 3974 mum
2104 3917 2404 3989 publicata
2435 3922 2541 3986 est,
2583 3934 2618 3972 a
2637 3918 2692 3971 S.
2716 3916 3045 3988 Epiphanio
3085 3918 3286 3973 statim
3317 3919 3559 3989 explosa

1916 4012 2025 4062 est.
2059 4006 2345 4077 Secundo,
2370 4005 2455 4060 illi
2482 4005 2777 4074 catholici,
2803 4005 2903 4077 qui
2934 4004 3206 4060 eamdem
3236 4012 3443 4077 postea
3473 4008 3559 4064 in-

1916 4094 2536 4168 terpretationem,sed
2567 4095 2630 4150 in
2663 4095 2844 4150 alium
2869 4094 3072 4163 ﬁnem,
3107 4094 3360 4166 amplexi
3395 4101 3554 4166 sunt,

1915 4187 2034 4242 sive
2064 4191 2311 4253 veteres,
2337 4188 2458 4243 sive
2489 4185 2810 4243 modernos
2858 4185 3218 4252 consideres,
3250 4202 3558 4257 nunquam

1913 4277 1977 4331 in
2008 4293 2078 4332 ea
2108 4277 2458 4348 explicanda
2481 4277 2818 4332 consentire
2840 4275 3244 4348 potuerunt.Si
3259 4275 3419 4331 modi
3441 4293 3558 4332 om-

1914 4382 2020 4421 nes
2040 4365 2543 4436 excutiantur,qui
2565 4363 2638 4419 ad
2669 4364 3152 4422 communionem
3175 4365 3429 4422 duorum
3458 4383 3559 4422 no-

1914 4455 2144 4511 minum
2164 4454 2572 4526 explicandam
2591 4454 2684 4511 vel
2705 4455 3024 4528 excogitari
3038 4453 3126 4510 vel
3143 4455 3283 4529 ﬁngi
3305 4457 3553 4528 possint,

1913 4545 2006 4599 vix
2027 4561 2213 4600 unum
2239 4549 2341 4599 aut
2362 4543 2613 4600 alterum
2637 4543 3108 4615 invenies,quem
3138 4561 3314 4600 nemo
3341 4545 3558 4618 ample-

179 4627 1024 4720 sostomusﬂheophylactus‘et
1042 4627 1436 4702 (Ecuinenius
1452 4662 1550 4701 eos
1567 4647 1665 4718 qui
1685 4627 1806 4719 ep'i-
1837 4627 1881 4692 D
1913 4651 2020 4689 xus
2053 4639 2160 4702 est,
2191 4633 2421 4690 nullum
2455 4651 2596 4689 sane
2624 4634 2686 4690 in
2716 4651 2832 4705 quo
2865 4639 3004 4703 tres,
3035 4635 3124 4690 vel
3157 4635 3272 4691 duo
3302 4635 3552 4692 fortasse

179 4737 318 4805 scopi
340 4744 524 4808 erant,
569 4737 640 4792 ab
664 4737 947 4808 apostolis
976 4752 1100 4790 non
1130 4738 1361 4790 tantum
1400 4735 1800 4807 presbyteros,

182 4823 269 4877 sed
291 4830 345 4879 et
369 4827 650 4884 diaconos
681 4827 868 4882 dictos
899 4827 1081 4881 fuisse
1122 4825 1450 4897 putabant;
1499 4826 1802 4881 neminem

181 4913 358 4969 tamen
386 4917 809 4972 existimabant
844 4915 1005 4970 hunc
1041 4930 1378 4969 sermonem
1410 4914 1800 4985 apostolicum

180 5010 420 5060 secutum
442 5023 592 5062 esse.
651 5005 791 5070 Quis
850 5005 1009 5060 enim
1064 5020 1332 5075 unquam
1365 5004 1542 5075 primi
1575 5004 1801 5060 ordinis

179 5095 530 5162 praepositum
550 5094 860 5150 diaconum
878 5093 1238 5166 appellavit?
1259 5093 1656 5164 Hieronymus
1675 5093 1798 5165 ipse

179 5182 444 5238 neminem
471 5190 606 5256 post
640 5184 935 5255 apostolos
995 5199 1332 5238 sermonem
1389 5183 1795 5254 apostolicum

178 5265 442 5329 imitatum
473 5291 600 5330 esse
628 5274 1000 5341 existimavit,
1024 5272 1128 5329 sed
1156 5289 1649 5344 unumquemque
1707 5273 1798 5328 sui

182 5359 433 5429 temporis
464 5365 524 5420 in
553 5363 850 5435 loquendo
881 5380 1108 5419 morem
1150 5368 1446 5435 spectasse
1481 5377 1494 5428 ;
1527 5379 1601 5416 ne
1656 5377 1797 5433 apo-

1912 4734 2338 4799 convenerunt,
2372 4729 2420 4785 si
2453 4729 2586 4784 illos
2617 4731 2895 4802 excipias,
2921 4731 3020 4800 qui
3048 4730 3250 4785 omnia
3288 4730 3360 4785 ab
3419 4731 3551 4786 aliis

1912 4837 1983 4877 ex
2009 4819 2275 4892 professo
2297 4819 3168 4890 transcripserunt.Quicunque
3183 4821 3553 4875 communio-

1913 4927 2052 4965 nem
2084 4910 2294 4964 horum
2327 4907 2580 4962 duorum
2610 4907 2923 4961 nominum
2951 4913 3148 4962 mente
3190 4908 3550 4979 concipiunt,

1911 5015 2154 5054 necesse
2179 5000 2268 5052 est
2287 5000 2352 5051 ut
2383 5001 2482 5050 aut
2501 5011 2688 5049 unum
2711 4995 2978 5050 ordinem
3008 4999 3240 5050 tantum
3270 4995 3334 5049 in
3364 4996 3552 5052 eccle-

1913 5088 2017 5144 siis
2050 5085 2454 5159 apostolorum
2498 5082 2755 5155 primum
2788 5099 2928 5138 cura
2958 5088 3017 5137 et
3044 5084 3392 5140 auctoritate
3420 5085 3552 5140 fun-

1910 5176 2084 5242 datis,
2120 5181 2222 5232 aut
2250 5175 2396 5231 duos
2441 5173 2733 5229 exstitisse
2781 5178 3136 5244 supponant.
3188 5175 3258 5228 Et
3313 5174 3553 5244 quidem

1911 5267 2012 5338 qui
2035 5267 2188 5321 hanc
2219 5264 2703 5321 communionem
2735 5263 3046 5318 nominum
3078 5267 3348 5332 tuentur,
3373 5264 3434 5317 in
3466 5263 3553 5318 di-

1910 5372 2104 5410 versas
2129 5355 2198 5409 de
2231 5371 2481 5410 numero
2512 5353 2787 5409 ordinum
2821 5357 2961 5408 tunc
2984 5352 3271 5423 temporis
3302 5352 3556 5408 existen-

1908 5446 2056 5500 tium
2080 5444 2408 5499 sententias
2431 5443 2598 5498 divisi
2618 5444 3001 5498 sunt.0mnes
3025 5447 3550 5514 agnoscunt,post-

1908 5551 2086 5608 quam
2118 5533 2257 5589 Novi
2289 5532 2544 5588 FtheI‘lS
2571 5533 2706 5587 libri
2733 5532 2957 5588 exarati
2986 5537 3143 5601 sunt,
3167 5531 3366 5602 aliquo
3397 5537 3554 5590 tem-

1903 5625 2065 5699 poris
2094 5621 2590 5688 intervallo,duos
2621 5620 2862 5678 ordines
2887 5637 2992 5678 seu
3021 5619 3236 5695 gradus
3269 5621 3552 5680 ecclesia-

1904 5713 2053 5773 ticos
2083 5719 2142 5771 et
2172 5711 2392 5783 ofﬁcio,
2425 5715 2484 5768 et
2506 5710 2792 5784 dignitate
2847 5710 3181 5782 distinctos,
3240 5709 3360 5768 sive
3407 5712 3547 5785 jure

183 5447 341 5504 stolos
366 5453 598 5522 quidem
622 5454 783 5524 ipsos
807 5451 1224 5509 aliterlocutos
1255 5469 1382 5507 esse
1435 5452 1678 5523 putavit.
1712 5452 1798 5506 Ita

186 5536 323 5592 enim
350 5539 409 5595 in
439 5542 873 5598 Commentario
905 5543 966 5596 in
1016 5541 1341 5614 Epistolam
1371 5541 1446 5596 ad
1475 5541 1666 5595 Titum
1697 5539 1794 5594 lo-

185 5624 362 5694 ίῖιιίῑιπ
389 5647 402 5683 ε
433 5648 454 5678 ι
473 5632 624 5699 Quia
651 5631 890 5688 eosdem
921 5631 1228 5704 episcopos
1261 5647 1328 5687 eo
1350 5635 1618 5703 tempore
1646 5645 1795 5700 quos

184 5714 237 5768 et
259 5717 616 5792 presbyteros
631 5719 1364 5794 appellabant,propterea
1382 5718 1796 5776 indifferenter
