3942 6302
144 415 284 477 441

896 412 954 475 1.
1005 411 1421 509 reiasoml
1468 409 1812 478 VINDIGIA

1955 412 2360 476 ιΝΑΤΙΑΝιΕ.
2407 448 2484 458 -
2525 413 2738 477 PARS
2783 411 2862 477 II.

3459 418 3585 482 442

159 556 281 618 ret,
307 546 712 604 incertissima
735 552 822 603 est
846 548 1369 606 etinvalidissima.
1403 551 1459 606 S.
1491 550 1830 622 Chrysosto-
1862 565 1916 631 Α
1947 547 2325 605 doctissimus
2356 548 2529 604 ﬁnxit
2575 552 2634 605 et
2679 548 2945 604 omnium
3000 551 3227 622 primus
3274 551 3588 619 formavit;

166 655 348 696 mus:
385 638 652 700 Ἐνταῦθα
685 637 966 707 ζητήσειεν
1005 637 1066 691 ἄν
1097 659 1180 700 τις
1229 637 1476 704 εἷκὸτῶς,
1526 639 1578 692 τί
1631 635 1836 708 δήποτε

167 724 425 800 οὐδαμοῦ
456 730 536 798 τῷ
566 723 764 799 κλήρῳ
789 725 1008 804 γράφων
1041 725 1316 802 ἀλλαχοῦ,
1363 728 1466 782 οὐκ
1511 727 1562 781 ἐν
1612 727 1830 802 Ῥώμῃ,

163 817 272 870 οὐκ
317 813 373 868 ἐν
432 815 706 889 Κορίνθῳ,
747 814 846 869 οὐκ
893 814 945 869 ἐν
999 814 1231 892 Ἐφέσῳ,
1289 814 1437 871 ἀλλὰ
1486 819 1644 890 κοινῇ
1702 820 1832 869 πᾶσι

158 909 286 965 τοῖς
329 903 529 976 ἁγίοις,
561 901 596 971 ἤ
630 907 746 963 τοῖς
793 908 1032 970 πιστοῖς,
1063 901 1100 972 ἤ
1131 909 1247 965 τοῖς
1297 901 1698 980 ἠγαπημένοις,
1751 903 1834 960 ἐν-

162 997 345 1057 ταῦθα
375 997 456 1064 τῷ
480 990 678 1065 κλήρῳ
729 992 962 1068 γράφει;
1017 1017 1044 1045 ‹‹
1080 995 1184 1049 Hic
1230 995 1367 1065 jure
1407 996 1541 1066 quis
1585 1001 1828 1066 quaerat,

165 1085 318 1157 quid
353 1084 597 1140 demum
628 1083 728 1151 sit,
759 1084 916 1154 quod
950 1101 1084 1140 cum
1132 1101 1437 1156 nunquam
1483 1086 1558 1140 ad
1605 1086 1832 1141 clerum

159 1174 311 1230 alibi
347 1173 676 1245 scripserit,
708 1190 830 1228 non
859 1173 933 1228 ad
964 1176 1318 1242 Romanum,
1353 1191 1474 1230 non
1505 1174 1579 1230 ad
1626 1176 1828 1230 Corin-

164 1265 466 1332 thiacum,
499 1279 619 1318 non
652 1262 726 1318 ad
756 1263 1138 1334 Ephesiuum,
1174 1262 1277 1319 sed
1334 1265 1728 1320 communiter
1756 1266 1829 1320 ad

163 1369 385 1409 omnes
411 1357 672 1421 sanctos,
695 1352 786 1406 vel
810 1351 1128 1420 ﬁdeles,vel
1153 1352 1422 1423 dilectos,
1453 1354 1580 1409 hinc
1602 1353 1676 1408 ad
1707 1355 1828 1410 cle-

161 1461 305 1499 rum
331 1441 590 1498 scribit?
611 1464 640 1492 ››
663 1443 797 1497 Haec
819 1441 1136 1497 difﬁcultas
1159 1447 1266 1498 est.
1296 1461 1473 1514 quam
1504 1443 1588 1498 sic
1618 1444 1828 1500 tollere

156 1540 427 1588 conatur
457 1549 471 1587 :
501 1532 626 1588 *Οτι
655 1529 809 1587 αὐτοὶ
854 1531 942 1584 καὶ
995 1530 1336 1601 ἀπέστειλαν,
1387 1532 1474 1586 καὶ
1519 1531 1824 1610 ἓκαρποφό-

158 1642 366 1695 ρησαν,
399 1620 491 1675 καὶ
535 1619 688 1675 αὐτοὶ
720 1616 966 1693 ἔπεμψαν
1017 1620 1153 1696 πρὸς
1203 1619 1360 1675 αὐτὸν
1418 1622 1511 1676 τὸν
1559 1620 1827 1698 Ἐπαφρό-

157 1710 346 1769 διτον.
384 1737 411 1762 ‹‹
447 1713 613 1779 Quod
644 1713 728 1768 illi
761 1712 1040 1768 collectas
1089 1713 1359 1778 fecerint,
1406 1720 1464 1768 et
1509 1715 1582 1769 ad
1630 1715 1824 1786 ipsum

153 1803 636 1877 Epaphroditum
668 1803 961 1857 miserint.
998 1824 1025 1851 »
1063 1805 1135 1857 At
1165 1803 1276 1857 hoc
1308 1803 1599 1858 incertum
1635 1820 1648 1870 ;
1705 1804 1825 1860 imo

156 1894 369 1966 potius
392 1892 759 1948 contrarium
785 1896 1012 1946 certum
1036 1896 1155 1960 est;
1180 1908 1314 1946 cum
1337 1892 1639 1963 apostolus
1669 1909 1823 1964 saepe

157 1987 474 2056 agnoscat,
507 1981 570 2035 iu
601 1981 711 2036 hac
741 1997 803 2035 re
837 1980 1187 2036 charitatem
1237 1981 1503 2036 omnium
1553 1980 1627 2036 ad
1673 1998 1820 2052 quos

157 2072 395 2136 scribit,
422 2087 617 2141 neque
640 2069 824 2125 ullam
848 2070 1002 2124 inter
1023 2069 1256 2138 fratres,
1279 2087 1383 2125 seu
1405 2071 1821 2142 Philippesios,

156 2167 216 2216 et
247 2177 463 2217 eorum
496 2159 723 2214 clerum
751 2159 1169 2227 differentiam,
1212 2159 1273 2214 iu
1325 2160 1677 2215 necessariis
1708 2159 1823 2214 mi-

154 2249 497 2306 nistrandis
518 2247 922 2304 autmitteudo
937 2247 1337 2320 Epaphrodito
1354 2248 1822 2305 observet.Nulla

161 2340 474 2394 enimvero
505 2353 680 2393 causa
716 2342 802 2392 est
832 2337 974 2391 satis
1000 2337 1164 2407 justa
1194 2354 1300 2393 cur
1343 2338 1438 2394 hic
1487 2339 1820 2410 apostolum

160 2428 236 2483 ad
269 2428 501 2483 clerum
555 2426 860 2497 scripsisse
910 2427 1246 2482 necessario
1295 2431 1643 2496 statuamus,
1685 2445 1820 2482 cum

157 2519 272 2572 hoc
306 2517 382 2571 ab
420 2532 489 2571 eo
523 2532 833 2586 nunquam
865 2515 1011 2570 alias
1043 2516 1264 2571 factum
1299 2517 1412 2584 sit;
1455 2533 1594 2572 nam
1642 2517 1823 2572 verba

152 2606 257 2662 illa
291 2603 387 2658 σὺν
435 2602 765 2664 ἐπισκόποις
824 2603 911 2657 καὶ
975 2599 1247 2665 διακόνοις
1301 2622 1422 2661 non
1481 2608 1819 2663 necessario

154 2713 295 2752 cum
322 2695 550 2750 sanctis
583 2695 685 2765 qui
719 2699 888 2750 erant
917 2695 1204 2767 Philippis
1235 2696 1698 2768 coujuuguutur,
1717 2696 1820 2752 sed

156 2804 298 2842 cum
339 2785 514 2840 Paulo
538 2791 592 2840 et
616 2785 920 2841 Timotheo
945 2787 1222 2859 conjungi
1246 2793 1513 2858 possunt.
1537 2790 1726 2860 Atque
1757 2789 1822 2844 iu

167 2893 308 2932 eum
343 2874 587 2930 modum
620 2873 746 2930 haec
766 2874 942 2930 verba
965 2876 1181 2946 accipit
1199 2876 1654 2946 Ambrosiaster,
1687 2878 1826 2933 scri-

162 2972 303 3038 ptor
331 2964 477 3019 satis
503 2969 744 3019 acutus:
775 2985 802 3015 ‹‹
827 2965 932 3029 Qui
960 2971 1086 3020 sunt
1114 2965 1408 3036 Philippis,
1438 2967 1654 3037 quibus
1687 2967 1825 3022 scri-

161 3055 251 3110 bit
283 3054 604 3126 signiﬁcat,
639 3071 760 3108 cum
792 3055 1058 3124 episcopis
1089 3061 1141 3109 et
1185 3055 1524 3123 diaconibus,
1574 3056 1686 3111 hoc
1734 3061 1825 3111 est

164 3161 302 3198 cum
340 3142 521 3198 Paulo
554 3149 611 3197 et
640 3142 964 3210 Timotheo,
996 3144 1096 3214 qui
1117 3145 1321 3215 utique
1346 3145 1606 3217 episc0pi
1629 3150 1820 3211 erant,

1851 1937 1898 2002 B

1943 638 2106 694 nulla
2127 656 2236 694 vox
2268 642 2356 693 est
2385 638 2445 693 in
2467 638 2752 709 epistolis,
2787 656 2917 710 quae
2957 639 3058 695 illo
3091 642 3372 712 temporis
3403 642 3590 698 inter-

1939 727 2092 783 vallo
2115 733 2253 783 nata
2272 727 2475 792 fuisse,
2498 727 2722 782 nullius
2744 728 2900 782 vocis
2921 745 3128 784 sensus
3151 731 3250 801 qui
3275 737 3413 786 tunc
3445 738 3588 787 tem-

1939 819 2100 890 poris
2126 820 2384 889 primum
2407 818 2671 889 erupisse
2698 818 2946 884 dicatur,
2979 820 3147 875 nulla
3170 821 3449 892 loquendi
3474 822 3588 876 for.

1939 908 2100 962 mula
2131 925 2261 978 qua)
2292 925 2414 962 non
2447 908 2502 962 S.
2538 907 2745 980 lgnatii
2777 914 3007 963 aetatem
3040 909 3211 964 ferat.
3241 911 3467 965 Nomen
3497 911 3583 963 αἱ-

1940 999 2213 1068 ρεσιωτῶν
2245 995 2398 1051 male
2433 996 2704 1068 exagitat,
2739 998 2898 1067 quod
2932 1003 3128 1052 tamen
3153 1000 3340 1054 nostri
3373 1000 3586 1070 lguatii

1938 1102 2058 1140 non
2080 1091 2207 1154 est;
2232 1085 2437 1140 Latina
2467 1101 2588 1140 non
2605 1091 2794 1158 urget,
2828 1087 3181 1142 Hammoudi
3210 1088 3587 1160 responsioni

1938 1175 2324 1245 acquiescens
2352 1193 2365 1241 ;
2391 1178 2450 1230 et
2470 1173 2711 1245 quidem
2741 1176 3059 1246 sapienter.
3083 1176 3227 1231 Nam
3250 1183 3308 1232 et
3326 1177 3380 1232 S.
3405 1177 3588 1248 Chry-

1938 1270 2234 1320 sostomus
2265 1263 2326 1318 in
2355 1281 2476 1320 una
2505 1263 2760 1336 epistola
2791 1268 2878 1330 15,
2907 1265 2967 1320 in
2990 1282 3109 1336 qua
3128 1271 3413 1337 tanquam
3435 1265 3586 1321 alter

1936 1354 2196 1426 Ignatius
2222 1353 2589 1427 μακροτέρους
2621 1356 2729 1407 τῶν
2763 1350 2982 1427 δρόμων
3016 1352 3140 1415 τοὺς
3172 1350 3429 1416 διαύλους
3479 1355 3585 1411 de-

1937 1443 2161 1509 scribit,
2194 1443 2301 1498 has
2332 1443 2626 1516 ejusmodi
2656 1460 2824 1499 voces
2855 1443 3053 1511 habet,
3078 1439 3362 1519 δρουγγὸς,
3401 1441 3582 1516 μίλια,

1937 1527 2232 1598 λεκτικιον,
2269 1527 2534 1605 βούρδων,
2592 1529 2914 1598 κάστελλον,
2971 1531 3214 1606 βικαρία,
3271 1530 3579 1606 τριϐοῦνος,

1937 1618 2056 1694 ῥήξ,
2091 1637 2236 1691 quas
2285 1621 2443 1693 apud
2501 1621 3009 1694 elegantissimum
3072 1623 3582 1694 tersissimumque

1936 1710 2285 1782 scriptorem
2319 1726 2442 1765 non
2490 1712 2764 1781 quaesivit
2811 1713 3120 1768 Meursius.
3175 1713 3287 1767 Sed
3345 1716 3586 1768 movent

1935 1816 2071 1855 eum
2096 1822 2122 1850 ι(
2145 1799 2390 1854 nomina
2410 1800 2566 1854 varie
2591 1801 2918 1872 composita
2941 1820 2954 1868 ;
2979 1807 3037 1857 et
3059 1802 3329 1872 miriﬁca,
3345 1803 3584 1872 quibus,

1933 1895 1997 1944 ut
2027 1889 2130 1957 ait,
2165 1889 2428 1960 epistolaa
2472 1887 2546 1944 ad
2586 1889 2890 1944 fastidium
2941 1896 3190 1946 scatent.
3227 1913 3254 1940 »
3302 1891 3586 1946 Producit

1929 1979 2129 2050 itaque
2143 1978 2954 2052 quamplurima,colligitque
2968 1985 3254 2052 tauquam
3277 1977 3438 2052 ἐσμὸν
3459 1977 3582 2033 ἀτό-

1928 2088 2045 2121 πων
2092 2066 2181 2121 καὶ
2231 2065 2570 2144 διαστρόφων
2633 2067 2935 2141 ὀνομάτων,
2992 2076 3094 2126 aut
3128 2072 3392 2125 τοσοῦτον
3451 2068 3578 2144 βόρ-
3627 2094 3630 2096 τ

1929 2149 2089 2230 ϐορον
2123 2157 2490 2230 συνερανίσας,
2523 2163 2591 2213 ut
2619 2157 2881 2229 loquitur
2911 2159 3221 2216 Luciauus.
3259 2161 3329 2216 Ut
3375 2164 3574 2215 autem

1928 2246 2206 2317 epistolas
2227 2247 2318 2302 his
2343 2253 2570 2303 scatere
2591 2247 2886 2315 ostendat,
2919 2249 3104 2304 multa
3129 2249 3572 2321 interpolatoris

1927 2342 2028 2392 aut
2059 2337 2282 2392 ﬁctoris
2332 2336 2612 2392 vocabula
2659 2336 2732 2392 iis
2781 2355 2911 2409 quae
2959 2339 3030 2394 ab
3081 2345 3319 2395 auctore
3368 2342 3607 2394 nostro'

1926 2431 2210 2498 usurpata
2231 2431 2389 2495 sunt,
2417 2427 2734 2495 admiscet;
2766 2427 2968 2498 qualia
2989 2435 3128 2484 sunt
3153 2445 3166 2482 :
3199 2427 3576 2503 πνευματοφό-

1927 2533 2040 2586 ρος,
2099 2512 2620 2586 ἀξιομνημόνευτος,
2678 2512 3064 2586 ἆξιεπαίνετος,
3136 2513 3571 2591 χριστόληπτος,

1927 2601 2379 2676 ἀνθρωπομίμος,
2425 2600 2978 2678 χρηματολαίλαπες,
3031 2611 3090 2660 et
3136 2612 3342 2678 postea
3389 2627 3576 2661 κακεν-

1924 2691 2156 2765 τρεχής,
2227 2687 2805 2766 μεγαλορῥημοσύναι.
2855 2695 3003 2758 Quid
3062 2695 3219 2766 quod
3277 2690 3572 2769 ἂνυστέρη-

1925 2800 2017 2842 τος
2046 2781 2202 2835 inter
2227 2797 2399 2836 voces
2431 2781 2681 2836 miriﬁce
2713 2783 3068 2853 compositas
3113 2790 3480 2854 numeretur,
3515 2790 3574 2840 et

1926 2871 2082 2925 inter
2102 2869 2346 2925 nomina
2367 2869 2732 2926 substantiva
2749 2867 3219 2944 ἂκαυχησία,ᾳιιεθ
3240 2873 3387 2928 nihil
3408 2874 3572 2930 aliud

1926 2968 2150 3024 habent
2178 2984 2358 3038 quam
2389 2967 2421 3020 ἃ
2451 2967 2769 3038 στερητικὸν
2801 2969 3111 3040 praeﬁxum
3137 2989 3151 3036 ;
3175 2987 3310 3028 cum
3332 2971 3394 3026 iu
3417 2974 3570 3028 Novo

1926 3060 2300 3112 Testamento
2323 3056 2529 3113 eadem
2554 3058 2843 3128 particula
2871 3058 3109 3114 vocibus
3131 3059 3370 3115 aliunde
3393 3061 3572 3116 etiam

1929 3152 1986 3202 et
2007 3147 2172 3218 prius
2195 3147 2542 3219 compositis
2565 3147 2890 3220 sepissime
2914 3147 3186 3217 addatur,
3211 3149 3415 3219 quales
3438 3155 3577 3205 sunt

167 3231 354 3287 simul
386 3237 446 3286 et
473 3231 825 3302 signiﬁcavit
854 3237 912 3286 et
941 3231 1223 3288 diaconos
1255 3235 1356 3304 qui
1401 3234 1812 3290 ministrabant

1955 3234 2382 3311 ιγενεαλόγητος,
2429 3231 2776 3312 ἀδιαφθορία,
2833 3234 3215 3306 ἀκαταστασία,
3270 3236 3578 3310 ἀκατάγνω-

162 3324 233 3378 ei.
268 3321 357 3377 Ad
391 3321 626 3392 plebem
651 3323 810 3376 enim
845 3322 1070 3378 scribit.
1104 3325 1247 3379 Nam
1280 3325 1326 3379 si
1361 3325 1652 3396 episcopis
1685 3325 1812 3380 scri-

1955 3304 2076 3393 τος,
2164 3304 2580 3397 ἂξλὲτανόητοςξ
2642 3304 3058 3400 ἔινεκδιήγητος,
3151 3304 3574 3402 ἀνεξιχνίασπος,

160 3413 418 3480 beret,et
439 3411 553 3466 loci
585 3412 768 3482 ipsius
794 3413 1070 3484 episcopo
1095 3413 1474 3469 scribendum
1525 3420 1668 3480 erat,
1702 3431 1823 3470 non

161 3501 400 3556 duobus
422 3501 511 3556 vel
535 3500 744 3568 tribus,
769 3500 920 3556 sicut
943 3507 1001 3556 et
1022 3501 1095 3556 ad
1122 3503 1312 3557 Titum
1337 3509 1394 3557 et
1425 3503 1820 3560 Timotheum.

232 3592 370 3646 Haec
394 3608 530 3646 cum
565 3591 686 3646 siut
712 3596 977 3647 veterum
1002 3591 1394 3648 fundamenta
1416 3592 1630 3663 quibus
1661 3609 1824 3647 com-

156 3681 504 3736 munionem
521 3681 825 3736 nominum
843 3681 1227 3751 apostolicam
1247 3686 1822 3752 superstruunt,quaa

160 3770 390 3825 nullam
424 3770 668 3824 omnino
703 3769 1120 3824 certitudinem
1152 3787 1270 3842 prae
1295 3787 1356 3825 se
1379 3771 1664 3838 ferunt,et
1687 3786 1822 3825 cum

165 3860 286 3914 sint
316 3876 388 3914 ex
417 3859 585 3930 praxi
620 3863 676 3913 et
707 3859 1134 3914 consuetudine
1167 3859 1467 3914 inferioris
1498 3859 1692 3929 aetatis
1717 3859 1824 3914 de-

158 3947 452 4014 ducta,ad
483 3948 678 4019 prima
706 3947 982 4003 Ecclesiae
1012 3953 1281 4020 tempora
1305 3965 1426 4004 non
1448 3949 1820 4021 pertingant;

173 4038 307 4108 quis
330 4054 454 4091 non
479 4037 636 4092 videt
658 4037 1012 4092 imitationis
1040 4038 1375 4108 apostolica;
1398 4039 1460 4092 in
1480 4055 1594 4094 usu
1608 4039 1820 4093 horum

160 4127 480 4182 verborum
506 4126 922 4181 necessitatem
942 4143 1186 4196 prosrus
1209 4143 1560 4183 evanescere
1581 4127 1608 4182 ?
1623 4133 1682 4182 et
1702 4127 1824 4199 pal-

159 4217 419 4273 marium
443 4222 861 4287 argumentum
885 4215 1126 4270 tandem
1149 4216 1212 4271 in
1233 4217 1489 4272 nihilum
1507 4222 1708 4289 aperte
1731 4234 1819 4272 re-

157 4307 301 4379 digi,
336 4305 498 4376 quod
530 4305 707 4360 etiam
739 4304 841 4360 illa
870 4306 1294 4362 communione
1325 4306 1650 4378 apostolica
1681 4323 1817 4362 con-

157 4412 329 4454 cessa
359 4411 564 4450 revera
593 4394 762 4449 nulla
792 4395 842 4448 vi
876 4393 1107 4465 pollet?

782 4483 1012 4537 CAPUT
1050 4483 1191 4537 XIV.

158 4575 328 4636 Nulla
359 4573 626 4628 vocabula
654 4572 944 4627 ostendunt
998 4571 1140 4626 hunc
1187 4571 1508 4642 scriptorem
1555 4574 1652 4628 diu
1690 4579 1816 4642 post

1927 3411 2360 3485 ἂνεξερεύνητος,
2394 3412 2936 3490 ἂπροσωπολήπτης,
2985 3416 3232 3488 aliaeque
3263 3418 3574 3489 quamplu-

1925 3502 2092 3557 rimas
2113 3506 2141 3556 ?
2171 3503 2323 3567 Quin
2353 3509 2411 3558 et
2442 3505 2601 3559 inter
2630 3504 2755 3559 haac
2791 3498 3144 3578 βεϐαιοσύνην
3179 3506 3375 3561 attulit
3403 3507 3574 3578 quasi

1926 3591 2146 3664 grande
2179 3592 2550 3659 vocabulum,
2587 3592 2747 3664 quod
2778 3594 3043 3665 ejusdem
3075 3595 3279 3651 formas
3311 3602 3399 3651 est
3437 3613 3572 3651 cum

1927 3680 2237 3736 tritissima
2285 3699 2424 3737 voce
2483 3679 2821 3750 δικαιοσύνη,
2879 3700 3072 3754 neque
3126 3686 3313 3756 magis
3352 3685 3573 3758 grande

1927 3786 2102 3840 quam
2129 3770 2276 3826 illud
2299 3788 2334 3825 a
2364 3771 2418 3825 S.
2453 3771 2634 3826 Paulo
2667 3788 2786 3826 non
2816 3773 3002 3827 semel
3039 3780 3413 3844 usurpatum,
3444 3771 3574 3845 ἄγα-

1926 3859 2162 3928 θωσύνη.
2197 3859 2295 3914 His
2344 3859 2522 3931 igitur
2571 3860 2879 3930 expuuctis
2928 3877 3214 3915 numerus
3261 3863 3570 3932 decrescit,

1924 3950 2161 4020 reliqua
2185 3963 2325 4003 sane
2346 3954 2412 4003 ut
2441 3948 2598 4002 varie
2629 3949 2956 4018 composita
2986 3949 3126 4013 sint,
3158 3967 3278 4003 non
3311 3957 3450 4005 sunt
3480 3956 3570 4004 ta-

1924 4056 2063 4095 men
2087 4039 2231 4093 adeo
2254 4037 2524 4092 miriﬁca.
2561 4037 2699 4102 Quis
2731 4037 2889 4091 enim
2913 4054 3176 4108 unquam
3199 4039 3572 4109 compositio-

1922 4145 2028 4182 nes
2059 4127 2120 4181 in
2152 4127 2351 4182 Graeca
2379 4125 2584 4197 lingua
2613 4125 2861 4180 miratus
2892 4131 2999 4192 est,
3035 4141 3212 4196 quam
3235 4141 3441 4181 omnes
3463 4143 3568 4181 no-

1923 4223 2061 4273 runt
2079 4216 2319 4272 vocibus
2340 4215 2683 4285 compositis
2703 4214 2933 4270 maxime
2955 4214 3568 4286 abundare‘Hndeque

1922 4323 2052 4362 eam
2084 4305 2378 4377 praecipue
2409 4303 2673 4375 linguam
2700 4303 2772 4359 ob
2803 4309 3191 4371 venustatem,
3216 4304 3568 4377 elegantiam

1922 4401 1982 4451 et
2008 4394 2418 4450 felicissimam
2449 4393 2762 4449 verborum
2788 4393 3021 4465 copiam
3052 4395 3361 4466 praedicari
3392 4411 3568 4451 nemo

1920 4485 2172 4557 ignorat.
2204 4485 2335 4555 Ipse
2361 4483 2563 4539 Cicero
2594 4482 3024 4553 elegantiarum
3074 4485 3336 4556 optimus
3358 4484 3568 4556 judex,

1921 4583 1979 4632 et
2008 4577 2068 4632 iu
2101 4577 2261 4632 omni
2293 4574 2576 4647 loquendi
2612 4592 2828 4648 genere
2859 4576 3033 4632 facile
3059 4577 3307 4648 primus,
3328 4594 3462 4632 cum
3494 4577 3570 4632 ad

228 4647 521 4736 [quatiunt
536 4645 755 4736 vifisse.
796 4645 1302 4736 Veces'compps‘i‘tw
1322 4646 1678 4736 impostulrfzm
1700 4661 1810 4736 nep

1955 4667 2199 4734 itticum,
2233 4665 2539 4732 scriberet,
2564 4665 2664 4735 qui
2687 4665 2885 4720 Graeca
2907 4664 3176 4721 doctrina
3195 4666 3450 4721 maxime
3473 4665 3570 4721 de-

231 4720 401 4772 olent.
473 4715 745 4784 Exempla
804 4731 872 4769 ea:
929 4717 1074 4770 Novo
1120 4717 1473 4780 Testamento,
1544 4716 1812 4770 Clemente

235 4792 504 4854 Romano,
537 4788 810 4841 Cicerone.
846 4785 1080 4842 Poeticae
1097 4802 1206 4840 non
1230 4793 1376 4841 sunt.
1411 4788 1473 4842 Si
1502 4803 1621 4856 qua
1664 4801 1814 4844 rarae

230 4864 344 4916 sint
376 4865 475 4913 aut
502 4873 677 4922 nocte,
711 4856 916 4927 optime
943 4859 1162 4926 Ignatio
1200 4860 1544 4912 conveniunt.
1604 4860 1811 4913 Nume-

231 4947 327 4986 rus
384 4945 571 4985 vocum
628 4929 696 4982 ab
754 4929 924 4998 ἄξιος,
991 4929 1239 4998 exemplo
1321 4929 1716 4999 Xenophontis,
1780 4946 1814 4985 a

234 5003 387 5074 φέρω
416 5002 697 5074 communi
722 4999 1090 5074 omniumAusu
1139 5000 1473 5074 defenditur.
1515 5001 1811 5074 Verborum

231 5070 579 5130 immodestia
608 5070 908 5138 refellitur.
943 5070 1366 5142 conjectura__de
1393 5076 1582 5140 ﬁctore
1619 5073 1807 5142 rejici-

234 5155 345 5201 tur.
381 5144 683 5217 Usurpatio
712 5157 904 5217 vocum
933 5137 1112 5217 φύσις,
1164 5149 1242 5217 et_
1265 5137 1412 5217 ᾄδειν
1469 5137 1808 5212 defenditur.

233 5219 461 5274 Phrases
492 5215 698 5284 aliquae
725 5213 1084 5283 explicantur
1111 5231 1176 5269 ac
1205 5213 1594 5283 defenduntur.

229 5305 432 5378 Capite
464 5307 530 5357 27
562 5303 753 5358 multa
782 5301 896 5357 alia
928 5302 1086 5357 hunc
1131 5303 1480 5374 scriptorem
1527 5303 1812 5359 vocabula

160 5395 256 5452 diu
285 5400 419 5468 post
450 5393 749 5465 Ignatium
771 5392 986 5447 vixisse
1020 5391 1232 5448 docere
1263 5410 1435 5464 posse
1458 5393 1807 5461 arbitratur;

157 5503 258 5558 ego
287 5502 425 5540 vero
457 5481 851 5539 asserendum
883 5498 1012 5537 esse
1043 5498 1163 5537 non
1194 5481 1397 5537 dubito
1420 5482 1482 5537 in
1505 5482 1809 5554 scriptoris

158 5592 431 5633 sermone
464 5573 619 5628 nihil
651 5571 898 5626 omnino
930 5571 1246 5639 contineri,
1281 5571 1437 5642 quod
1472 5589 1591 5627 aavo
1639 5573 1807 5644 Igna-

155 5667 307 5723 tiano
335 5664 542 5721 minus
574 5677 758 5734 quam
813 5660 1148 5716 Eusebiano
1199 5666 1505 5734 congruat.
1558 5662 1806 5717 Ducenti

149 5757 280 5824 anni
303 5759 444 5814 sunt
459 5771 496 5813 a
526 5753 584 5809 S.
607 5750 840 5824 Iguatio
864 5749 940 5810 ad
962 5749 1313 5824 scriptorem
1337 5767 1498 5823 eum,
1513 5767 1692 5823 quem
1721 5751 1808 5807 vir

1923 4754 2275 4824 lectabatur,
2309 4771 2380 4808 ex
2411 4770 2481 4809 ea
2505 4753 2702 4826 lingua
2733 4755 2840 4810 has
2868 4771 3038 4809 voces
3073 4755 3300 4828 selegit,
3351 4755 3566 4827 quibus

1923 4844 2202 4916 epistolas
2236 4859 2370 4899 suas
2402 4847 2734 4911 exornaret,
2771 4847 2829 4898 et
2855 4843 2976 4898 viro
3007 4845 3265 4899 maximo
3306 4845 3570 4915 gratissi-

1921 4950 2048 4988 mas
2108 4933 2391 4999 efﬁceret,
2451 4930 2750 4999 ὀξύπεινος,
2819 4929 3117 5004 καχὲκτης,
3193 4928 3567 5005 ἂὸικαίαρχοι,

1920 5016 2314 5095 ἡμερὸλεγδον,
2374 5015 2688 5093 νεμανδρία,
2759 5017 3298 5094 ὑπομεμψιμοίρους,
3365 5019 3570 5074 νεόκτι-

1922 5129 2042 5178 στα,
2102 5103 2536 5181 ψευδησιόδειον,
2602 5112 3092 5182 φαινοπροσωπεῖν,
3175 5118 3564 5183 πειθαναγκην,

1921 5194 2346 5268 ἀνηθοποίητον,
2377 5192 2747 5260 κοιλιολυσία,
2781 5194 3234 5271 ἃπεραντολογία,
3285 5195 3565 5273 ἀνεμοφό-

1921 5306 2084 5360 ρητα,
2143 5281 2604 5360 ἆναντιφωνησία,
2658 5282 3036 5361 ῥωπογραςρία,
3093 5283 3460 5362 πεπλοραιρία,
3508 5291 3568 5343 et

1920 5373 1993 5430 ad
2024 5374 2301 5439 Quietum
2332 5371 2597 5439 fratrem,
2640 5370 3106 5442 μουσοπάτακτος,
3139 5370 3435 5429 ἃντίεκτον.

1991 5481 2259 5552 Optimus
2295 5477 2700 5536 Hammoudus
2752 5478 3080 5537 adduxerat
3123 5499 3192 5538 ex
3239 5483 3334 5538 SS.
3387 5483 3561 5551 Luca,

1918 5570 2123 5638 Paulo,
2156 5572 2329 5625 Petro
2363 5574 2420 5623 et
2448 5569 2670 5624 Joanne
2702 5585 2873 5624 voces
2902 5587 3022 5625 non
3054 5571 3255 5627 minus
3302 5572 3459 5627 varie
3509 5574 3568 5628 et

1917 5659 2166 5714 mirifice
2185 5658 2572 5730 compositas;
2594 5657 2697 5714 sed
2709 5658 3028 5730 respondet
3044 5661 3300 5718 Dallaaus
3315 5677 3414 5717 eas
3437 5677 3568 5721 esse

1918 5747 2326 5823 paucissimas.
2357 5749 2524 5806 Certe
2553 5746 2894 5806 Blondellus
2923 5751 2990 5805 27
3011 5749 3360 5824 adduxerat,
3391 5751 3566 5811 llam-
