3942 6302
404 441 522 502 M3

1552 436 1616 498 S.
1663 432 2057 498 lGNATlUS.
2104 467 2182 480 —
2225 432 2857 496 PllOLEGOMENA.

3685 430 3813 490 444

403 573 659 630 mondus
691 575 756 628 10
786 576 1036 641 tantum,
1070 571 1173 626 sed
1203 569 1448 638 addidit,
1485 575 1619 638 etc.,
1654 570 1811 641 quod
1855 570 2050 642 plures
2081 570 2132 636 Α
2163 570 2391 624 ratione
2423 569 2728 625 asseritur.
2765 569 2844 623 Ne
2875 582 2996 622 una
3026 563 3264 637 quidem
3296 574 3404 618 Vox
3435 577 3468 619 a
3489 561 3711 618 Dallaeo
3748 580 3820 618 ex

405 664 673 735 ejusdem
704 663 1014 718 commatis
1064 662 1124 715 iu
1182 663 1335 716 Novo
1385 662 1756 715 Testamento
1807 659 2050 714 cuilibet

405 753 589 808 obvias
623 758 839 810 essent.
873 752 1160 817 Quoniam
1191 768 1325 805 vero
1356 749 1429 804 de
1460 751 1754 821 paucitate
1797 765 2051 820 conque-

405 844 557 898 ritur
585 859 597 908 ;
631 843 722 898 has
754 843 932 897 etiam
964 858 1131 897 voces
1158 841 1230 895 ad
1261 840 1561 896 cumulum
1588 839 1892 906 accedant,
1918 837 2049 912 ἀγα-

405 931 647 1001 Θοποιία,
681 931 1101 1004 αἱματεκχυσια,
1157 927 1616 1003 ἀλεκτοροφωνία,
1665 925 2048 1001 ἀλλοτριοεπί-

406 1041 630 1092 σκοπος,
692 1019 1156 1094 ἀνθρωποκτόνος,
1216 1014 1642 1092 ἀποκαραδοκία,
1699 1016 2050 1090 ἀποσυνάγω-

404 1130 523 1187 γος,
555 1110 957 1185 ἀργυροκόπος,
989 1108 1396 1183 ἆρσενοκοίτης,
1431 1101 1768 1178 δεξιολάϐος,
1803 1105 2050 1177 δευτερό-

403 1219 642 1274 πρωτος,
706 1196 1094 1272 δικαιοκρισία,
1157 1196 1596 1270 ἒθελοθρησκεία,
1647 1196 2048 1267 εὖπερίστατος,

403 1286 782 1358 καλλιέλαιος,
814 1287 1163 1359 κωμὸπολις,
1200 1283 1528 1363 μογιλάλος,
1561 1284 1885 1363 οἷ’νοφλυγία
1917 1285 2048 1340 ὀλο-

406 1377 632 1451 κληρία,
690 1372 1062 1451 σητόϐρωτος,
1119 1371 1618 1451 σκωληκόϐρωτος,
1669 1373 2046 1452 τροποφορὲω,

407 1468 772 1544 φρεναπάτης,
834 1466 1304 1539 ὑπερεκπεροσῶς,
1354 1462 1755 1543 ψευὸάδελφος,
1837 1485 2050 1538 καρπο-

406 1554 595 1631 φόρος,
654 1554 1197 1633 καρποφορούμενον,
1249 1553 1639 1628 θανατηφόρος,
1697 1555 1813 1609 Jac.
1865 1571 1942 1623 In,
1993 1557 2044 1621 8,

407 1645 607 1717 (quam
637 1662 841 1700 vocem
872 1645 932 1698 in
964 1645 1185 1717 Ignatio
1218 1649 1419 1699 nostro
1452 1661 1603 1715 aegre
1631 1644 1744 1699 fert
1774 1642 2048 1698 Blondel-

406 1734 524 1805 lus)
553 1728 998 1808 παραδιατριϐαί,
1031 1733 1114 1789 vel
1144 1727 1580 1807 διαπαρατριϐαί,
1606 1740 1856 1802 utroque
1889 1733 2045 1786 enim

406 1823 581 1878 modo
613 1823 828 1895 legitur
855 1824 879 1877 Ι
909 1824 1057 1879 Tim.
1101 1841 1172 1888 vx,
1203 1825 1254 1891 5,
1288 1839 1423 1877 cum
1454 1815 1730 1894 διατριϐὴ,
1765 1827 1822 1876 et
1872 1841 2047 1893 παρα-

2161 660 2384 731 lgnatio
2418 666 2621 714 nostro
2653 659 2926 723 adducta,
2959 655 3115 729 apud
3145 654 3359 719 ullum,
3393 653 3625 725 opinor,
3655 657 3814 707 vete-

2159 766 2285 804 rem
2317 754 2551 820 poetam
2584 754 2811 814 exstat;
2847 749 2958 802 imo
2994 763 3062 802 ex
3091 745 3166 799 iis
3198 744 3490 816 pleraeque
3533 745 3615 798 ita
3670 748 3814 796 sunt

2158 840 2522 908 compositae,
2553 844 2619 894 ut
2651 855 2684 893 a
2715 837 2877 909 poesi
2918 836 3094 908 plane
3142 834 3520 890 abhorreant.
3570 829 3809 900 Ἀξιονό-

2163 948 2386 1000 μαστος,
2475 928 2738 999 ἄξιόθεος,
2843 924 3321 998 ἂξιομακάριστος,
3417 933 3810 996 θεομακαριος,

2159 1016 2749 1091 θεὸμακαριστότατος,
2795 1013 3110 1090 ἃγιοφόρος,
3161 1010 3583 1085 ἂξιεπίτευκτος,
3641 1007 3812 1064 πολυ-

2159 1107 2437 1182 αγάπητος
2473 1114 2530 1163 et
2555 1107 2776 1164 similia
2807 1105 2962 1178 apud
2994 1121 3170 1176 quem
3221 1109 3455 1175 poetam
3507 1103 3816 1173 reperien-

2159 1198 2307 1253 tur?
2338 1200 2532 1253 Poetaa
2565 1197 2724 1252 enim
2757 1196 2818 1249 in
2852 1193 3384 1266 compositionibus
3417 1193 3684 1247 brevium
3705 1192 3818 1263 syl-

2159 1289 2427 1344 labarum
2459 1289 2683 1343 coitum
2715 1286 2956 1349 evitant,
2992 1283 3260 1354 adeoque
3290 1283 3500 1337 breves
3523 1283 3584 1336 in
3606 1280 3813 1354 longas

2161 1383 2414 1434 mutant.
2447 1380 2737 1432 Caeterum
2771 1377 2831 1430 in
2859 1375 3016 1430 Novo
3049 1375 3420 1429 Testamento
3445 1389 3566 1426 non
3597 1370 3818 1425 desunt

2159 1467 2438 1523 vocabula
2469 1467 2717 1538 poeticas
2749 1465 3021 1533 originis.
3064 1464 3117 1518 S.
3150 1465 3361 1517 Petrus
3408 1461 3480 1516 de
3540 1477 3686 1516 cane
3739 1460 3814 1515 ad

2158 1559 2443 1612 vomitum
2471 1556 2761 1611 redeunte
2790 1554 3040 1624 loquens
3072 1570 3205 1608 cum
3236 1545 3426 1624 ἔμετον
3458 1567 3529 1606 ex
3554 1550 3691 1604 LXX
3723 1549 3816 1604 di-

2159 1663 2291 1703 cere
2323 1646 2600 1717 potuerit,
2637 1644 2783 1699 dixit
2813 1640 3062 1714 ἐξέραμα,
3099 1641 3255 1713 quod
3287 1658 3356 1696 ex
3379 1638 3664 1694 versiculo
3697 1638 3809 1694 ali-

2159 1753 2272 1807 quo
2286 1734 2639 1806 parmmiaco
2659 1733 2928 1788 hausisse
2950 1731 3198 1796 videtur,
3222 1735 3286 1784 ut
3308 1736 3365 1784 et
3386 1728 3536 1783 illud
3561 1725 3806 1794 κύλισμα

2161 1818 2454 1898 βορϐόρου.
2487 1823 2647 1878 ldem
2672 1814 3130 1894 ἐγκομϐώσασθαι
3156 1819 3342 1885 dixit;
3378 1817 3533 1889 quod
3558 1817 3803 1871 verbum

402 1908 565 1984 τριϐή
601 1913 815 1995 Graecis
847 1913 988 1968 satis
1019 1917 1172 1967 notae
1205 1912 1342 1978 sint,
1374 1904 1775 1995 παραδιατριϐή
1811 1911 1900 1965 vel
1932 1906 2034 1963 δια-

2236 1913 2311 1968 ud
2355 1918 2557 1985 poetas
2588 1909 2961 1966 solummodo
2996 1909 3260 1964 invenire
3291 1907 3483 1978 potuit
3537 1907 3808 1970 Photius,

381 1993 715 2074 ’παρατριϐή
749 2018 868 2056 non
899 2002 1063 2057 item.
1097 1992 1529 2074 Διαπαρατριϐαί
1558 2005 1754 2054 autem
1787 1999 2050 2070 antiqui-

391 2090 498 2146 tus
523 2090 804 2162 scriptum
831 2091 1010 2144 fuisse
1029 2107 1149 2144 non
1171 2094 1402 2144 tantum
1425 2089 1607 2144 codex
1621 2089 2054 2143 vetustissimus

408 2180 868 2246 Alexandrinus,
904 2185 963 2234 et
991 2179 1329 2250 Stephanici
1363 2193 1594 2246 omnes,
1627 2184 1686 2232 et
1715 2178 2056 2248 Chrysosto-

410 2269 490 2324 mi
523 2275 581 2323 et
609 2268 958 2322 Theodoreti
981 2267 1271 2322 editiones
1303 2268 1599 2334 evincunt,
1622 2267 1724 2320 sed
1747 2267 1927 2321 etiam
1956 2284 2052 2321 ex-

407 2355 736 2428 positiones
767 2355 895 2426 ejus
925 2354 1081 2409 vocis
1113 2371 1243 2425 quae
1284 2371 1443 2409 nunc
1491 2353 1647 2425 apud
1697 2354 2053 2424 Hesychium

409 2449 662 2510 exstant;
697 2450 754 2499 et
783 2443 1042 2510 Suidam,
1077 2444 1434 2515 Hesychius:
1471 2436 1902 2515 Διαπεριτριϐαί,
1926 2443 2050 2515 lege

397 2548 472 2587 "ex
502 2533 834 2588 litterarum
863 2533 1040 2598 serie,
1073 2525 1528 2605 Διαπαρατριϐαἱ,
1552 2528 2049 2606 ἐνδελεχισμοὶ,ὲν-

397 2619 699 2697 δελέχειαι.
736 2623 941 2678 Suidas
967 2640 978 2678 :
1007 2616 1456 2697 Maratocupreni,
1486 2619 2049 2696 Evds).éyeiat.Aliun-

399 2715 470 2770 de
504 2720 702 2770 autem
736 2714 822 2769 illi
851 2732 970 2770 non
1003 2715 1343 2770 habuerunt
1378 2731 1555 2785 quam
1587 2731 1659 2769 ex
1687 2715 1798 2769 hoc
1829 2713 1958 2769 loco
1992 2714 2046 2768 S.

396 2807 583 2862 Pauli.
604 2806 753 2871 Quid
784 2806 941 2876 quod
966 2805 1373 2861 Andronicum
1398 2811 1456 2860 et
1478 2805 1715 2860 Iunium
1742 2810 1909 2860 vocet
1935 2824 2050 2857 συν-

395 2891 794 2972 αιχμαλώτους
825 2912 983 2960 suos,
1030 2912 1164 2950 cum
1213 2896 1337 2967 ipse
1389 2899 1609 2961 tamen,
1665 2899 1732 2949 ut
1778 2894 2049 2949 observat

399 2985 877 3055 Clirysostomus,
897 2981 1257 3058 αἰχμάλωτος
1282 3000 1403 3038 non
1431 2981 1654 3038 fuerit?
1685 2984 1740 3038 Si
1770 2984 1859 3038 haa
1877 2999 2047 3038 voces

399 3075 558 3128 varie
590 3075 930 3145 compositae
964 3073 1080 3129 illis
1112 3073 1408 3129 addantur
1437 3090 1584 3145 quas
1614 3073 2044 3141 Hammondus,

400 3168 501 3218 aut
530 3180 639 3218 nos
669 3168 805 3218 ante
837 3162 1298 3227 numeravimus,
1332 3177 1533 3232 paucaa
1558 3177 1675 3215 non
1700 3165 1900 3224 erunt;
1927 3160 2045 3214 imo

2163 2003 2579 2075 Epicharmum
2612 2000 2837 2056 Scilicet
2893 2003 2950 2054 et
2998 1998 3422 2070 Apollodorum
3456 1997 3809 2068 Carystium.

2159 2094 2308 2159 Quid
2342 2103 2540 2148 autem
2565 2092 2663 2147 ille
2685 2090 2774 2146 de.
2803 2091 2838 2145 S
2861 2092 3033 2145 Petro
3051 2088 3428 2161 judicaverit,
3451 2086 3622 2142 velim
3645 2086 3812 2142 intel-

2157 2181 2346 2253 ligant
2373 2182 2460 2236 illi
2495 2182 2594 2253 qui
2627 2181 2918 2253 Ignatium
2953 2184 3221 2233 nostrum
3253 2177 3400 2232 adeo
3434 2191 3633 2232 severe
3681 2180 3804 2230 tra-

2158 2276 2321 2326 ctant
2350 2287 2362 2325 :
2394 2270 2454 2326 Ὀ
2500 2269 2593 2342 μὶν
2627 2269 2728 2344 γὰρ
2783 2267 3048 2342 μακάριος
3095 2265 3186 2320 καὶ
3227 2270 3525 2340 κορυφαῖος
3583 2261 3805 2337 Πέτρος,

2158 2356 2313 2414 οὐδὲν
2342 2359 2464 2432 περὶ
2498 2359 2598 2426 τήν
2658 2356 2895 2434 ἐκλογὴν
2953 2360 3062 2411 τῶν
3127 2354 3466 2425 Ἐλλήνικῶν
3523 2352 3804 2427 ὀνομάτων

2153 2445 2499 2520 οπουδάζων,
2527 2447 2729 2516 ταύτην
2784 2451 2903 2508 τοῖς
2949 2447 3141 2500 ἑαυτοῦ
3189 2441 3497 2522 παρείληφε
3543 2443 3809 2517 γράμμα-

2157 2540 2261 2591 σίν*
2296 2535 2357 2592 οὒ
2388 2537 2491 2612 γὰρ
2523 2537 2652 2612 ἠχώ
2681 2557 2797 2590 τινα
2826 2535 2917 2589 καὶ
2947 2535 3148 2611 τέχνην
3194 2534 3482 2608 ῥημάτων,
3534 2528 3661 2585 οὖδὶ
3709 2529 3806 2585 λε-

2155 2624 2336 2698 ξιδίων
2369 2626 2543 2703 ψόφον
2585 2625 2674 2680 καὶ
2731 2623 3006 2682 κτύπον...
3069 2622 3216 2678 ἄ).λά
3272 2625 3466 2697 ψυχῶν
3527 2620 3805 2694 σωτηρίας

2152 2722 2269 2779 τοῖς
2297 2713 2595 2790 ἀκροαταῖς
2653 2713 2884 2769 ἐνθεῖναι
2941 2709 3202 2792 φροντίδα
3252 2710 3477 2775 ἐτίθετο.
3529 2712 3805 2765 «Beatus

2155 2805 2315 2863 enim
2342 2812 2400 2860 et
2431 2805 2774 2877 coryphaeus
2806 2806 3036 2872 Petrus,
3069 2803 3303 2858 nullum
3358 2803 3420 2856 in
3471 2803 3810 2856 Grecorum

2153 2897 2465 2951 nominum
2497 2895 2784 2950 electione
2817 2894 3076 2949 studium
3102 2909 3354 2965 ponens,
3403 2891 3557 2946 hanc
3603 2903 3808 2946 vocem

2152 2979 2603 3059 ἐγκομϐώσασθαι
2637 2984 2760 3040 suis
2783 2983 3020 3056 scriptis
3049 2982 3320 3037 inseruit.
3340 2983 3466 3036 Non
3485 2980 3644 3036 enim
3659 2979 3807 3034 echo

2153 3080 2255 3132 aut
2275 3074 2592 3130 artiﬁcium
2621 3073 2955 3139 verborum,
2984 3088 3176 3144 neque
3202 3070 3624 3126 vocabulorum
3652 3069 3810 3124 soni-

2153 3169 2300 3235 tum,
2333 3164 2436 3219 sed
2467 3163 2802 3220 animarum
2835 3162 3089 3218 salutem
3121 3159 3490 3217 auditoribus
3538 3159 3805 3214 inserere

399 3252 852 3324 quamplurimas
885 3255 1103 3317 essent,
1139 3250 1186 3304 si
1219 3266 1427 3304 omnes
1458 3266 1528 3304 ex
1549 3249 1783 3320 scriptis
1814 3254 2044 3320 aposto-
2084 3282 2126 3349 Ο
2159 3271 2362 3310 curam
2394 3253 2623 3309 habuit.
2654 3275 2682 3303 ››

395 3340 526 3396 licis
559 3346 1036 3412 excerperentur.
1063 3339 1271 3393 Mirum
1299 3338 1477 3410 igitur
1500 3337 1684 3392 videri
1708 3353 1828 3392 non
1847 3338 2041 3407 debet,

396 3433 446 3490 si
477 3434 584 3487 viri
615 3432 922 3504 apostolici
955 3439 1054 3487 aut
1084 3430 1295 3486 iisdem
1319 3436 1421 3485 aut
1449 3431 1742 3486 similibus
1762 3431 2052 3503 composi-

398 3521 664 3576 tionibus
694 3525 1004 3576 uterentur
1034 3537 1047 3586 ;
1080 3520 1411 3591 praesertim
1435 3536 1570 3574 cum
1603 3519 2049 3592 Grmcmlingum

403 3609 551 3664 adeo
585 3614 783 3664 essent
803 3608 1128 3664 familiares
1152 3614 1254 3663 aut
1275 3608 1497 3664 eaedem
1521 3614 1620 3663 aut
1650 3609 1876 3664 similes
1899 3626 2052 3665 com-

401 3698 750 3770 positiones.
776 3698 954 3753 Unica
977 3697 1078 3752 illa
1100 3697 1422 3752 Clementis
1445 3698 1693 3753 Romani
1709 3698 2051 3770 epistola,ut

404 3803 565 3842 nunc
595 3791 802 3854 exstat,
838 3787 886 3842 si
919 3786 1048 3842 loca
1079 3804 1147 3842 ex
1195 3787 1514 3858 Scripturis
1558 3793 1834 3858 excerpta
1877 3804 2049 3860 sepo-

399 3893 527 3943 nas,
564 3876 868 3948 epistolico
901 3893 1076 3948 opere
1106 3877 1318 3949 Ignatii
1351 3876 1536 3931 multo
1564 3876 2050 3944 brevior,talibus

399 3966 932 4039 compositionibus
961 3965 1148 4038 magis
1179 3971 1385 4020 scatet.
1408 3965 1621 4030 Quales
1668 3971 1806 4020 sunt
1837 3982 1848 4020 :
1882 3965 2047 4039 Ἀγα-

395 4053 645 4125 θοποιία,
705 4055 1081 4132 ἆγιοπρεπεῖς,
1141 4052 1556 4129 ἀδελφοκτονία,
1616 4049 2049 4127 ἀμϐλυωπῆσαι,

400 4143 908 4220 ἀναζωπυρησάτω,
941 4143 1310 4220 ἀξιαγαπτηός
1332 4148 1531 4215 (quam
1563 4161 1764 4201 vocem
1796 4145 1857 4200 in
1879 4145 2046 4218 lgna-

400 4235 486 4290 tio
515 4234 798 4306 culpant),
831 4230 1227 4307 ἀντοφθαλμεῖ,
1282 4232 1662 4306 ἆπροσκόπως,
1712 4234 2046 4310 ἂπροσωπο-

403 4317 656 4390 λήπτως,
688 4319 1088 4387 αὐτεπαίνετος,
1124 4317 1578 4390 αὖτομολοῦντες,
1640 4317 2044 4396 δικαιοπραγία,

406 4404 919 4481 δωδεκάσκηπτρον,
979 4405 1402 4482 ἐργοπαρέκτης,
1490 4408 1866 4484 ἓτεροκλινεῖς,
1929 4410 2044 4464 ἓτε-

406 4495 732 4571 ρογνώμων,
819 4493 1199 4570 εὐπρόσδεκτα,
1286 4497 1592 4574 θεοστυγία,
1693 4496 2042 4575 κοινωφελές,

397 4587 767 4660 κυοφοροῦσα,
805 4581 1201 4657 λειποτακτεῖν,
1256 4585 1637 4660 ματαιοπονία,
1694 4585 2044 4663 μεγαλοῤῥη-

407 4681 615 4748 μονεῖν,
721 4699 807 4750 μω
815 4675 1186 4750 μοσκοπηθέν,
1302 4677 1628 4750 οἶκουργεῖν,
1731 4682 2042 4755 πτεροφυεῖ,

405 4762 997 4840 προοδοιπορήσαντες,
1058 4762 1471 4844 ῥιψοκινδύνως,
1525 4763 2043 4840 χρησμοδοτεῖσθαι,

409 4851 767 4932 φυλλορροεῖ,
799 4852 1153 4934 φιλαδελφία,
1183 4862 1241 4912 et
1270 4872 1304 4911 a
1332 4859 1435 4908 πᾶν
1468 4855 1792 4925 composita
1842 4873 2046 4927 qualn-

403 4946 679 5019 plurima,
713 4946 784 5003 de
817 4947 1030 5018 quibus
1051 4945 1343 5018 agendum
1368 4948 1590 5015 postea.
1621 4945 1698 4999 De
1725 4945 2049 5001 multitudi-

411 5053 484 5092 ne
515 5053 722 5092 vocum
757 5037 913 5092 varie
961 5035 1422 5107 compositamm
1479 5032 1686 5090 frivola
1736 5034 1908 5106 plane
1959 5041 2049 5091 est

406 5126 672 5197 exceptio
706 5131 762 5180 et
793 5126 1013 5181 criticis
1052 5124 1273 5180 nostris
1329 5123 1590 5195 indigna,
1641 5123 1711 5179 de
1763 5125 2046 5196 qualitate

401 5215 590 5271 multo
621 5214 829 5286 magis.

472 5305 688 5377 Objicit
724 5305 885 5360 enim
918 5303 1179 5359 secundo
1211 5301 1463 5356 Dallaaus
1484 5303 1766 5359 vocabula
1790 5306 1918 5361 haec
1936 5305 2046 5361 mi-

407 5396 571 5452 riﬁce
603 5395 932 5466 composita
963 5409 1092 5448 esse
1119 5392 1369 5464 poetica,
1403 5391 1560 5462 quod
1601 5400 1801 5464 aperte
1832 5394 2049 5450 falsum

407 5491 517 5544 est.
532 5486 810 5539 Veterum
829 5481 1070 5554 quidem
1091 5481 1611 5554 grammaticorum
1631 5485 1926 5540 sententia
1939 5491 2046 5541 est:

409 5573 575 5630 Ξὲναι
608 5570 874 5636 συνθέσεις
904 5573 1148 5640 ποιητῶν
1179 5565 1534 5641 τολμήματα,
1569 5577 1628 5626 et
1657 5572 1731 5627 ad
1763 5573 2016 5629 orationi

406 5661 544 5735 ὕψος
565 5677 736 5717 voces
764 5660 1029 5733 poeticas
1060 5657 1378 5731 aliquando
1399 5665 1709 5732 usurpatas
1736 5661 1930 5718 facere
1947 5679 2052 5719 no-

406 5750 814 5813 taruntcritici
827 5755 1081 5819 veteres;
1100 5748 1204 5807 sed
1215 5747 1365 5806 tales
1387 5764 1513 5807 esse
1533 5749 1868 5821 Iguatianas
1887 5750 2051 5810 nulla

2229 3346 2304 3399 At
2336 3344 2381 3398 si
2413 3343 2646 3414 poetica
2675 3358 2794 3396 non
2827 3341 2968 3407 sint,
3001 3357 3135 3396 rara
3177 3345 3380 3396 tamen
3429 3342 3565 3393 sunt
3613 3342 3669 3392 ct
3718 3337 3817 3392 in-

2155 3433 2389 3488 usitata.
2425 3433 2714 3486 Fortasse.
2740 3431 2920 3485 Multa
2951 3430 3191 3502 quidem
3210 3428 3493 3485 vocabula
3516 3427 3814 3500 ejusmodi

2157 3527 2314 3592 sunt,
2344 3526 2409 3576 ut
2428 3521 2534 3576 sub
2556 3520 2724 3574 initio
2748 3519 3182 3575 Christianismi
3206 3535 3325 3574 non
3348 3517 3652 3590 potuerint
3683 3533 3808 3572 non

2155 3627 2285 3666 esse
2317 3611 2621 3678 tnusitata,
2655 3627 2784 3680 quae
2817 3626 2889 3665 ex
2920 3609 3205 3682 religione
3237 3608 3571 3663 Christiana
3625 3606 3806 3678 origi-

2155 3715 2293 3754 nem
2326 3698 2725 3770 sumpseruni,
2759 3703 2823 3753 ut
2854 3697 3216 3773 σαρκόφόρος,
3248 3690 3530 3772 θεοφόρος,
3582 3712 3812 3768 χριστο-

2155 3785 2343 3863 φόρος,
2375 3787 2664 3865 ναοφόρος,
2695 3787 3100 3860 χριστώνυμος.
3161 3785 3322 3841 Talia
3370 3783 3813 3856 quamplurima

2155 3879 2217 3933 in
2247 3880 2401 3933 Novo
2433 3879 2809 3933 Testamento
2842 3881 3092 3944 exstant,
3129 3893 3259 3948 quae
3290 3892 3425 3931 cum
3455 3875 3650 3946 prima
3672 3890 3815 3946 apo-

2155 3967 2444 4022 stolorum
2476 3967 2899 4038 praedicatione
2931 3971 3070 4021 nata
3101 3970 3258 4034 sunt,
3291 3971 3357 4019 ut
3386 3959 3810 4036 ψευδόχριστος,

2155 4054 2528 4130 ἆντίχριστος,
2589 4050 2982 4132 ψευδάδελφος,
3040 4053 3398 4124 κατανάθεμα.
3454 4054 3572 4107 Hoc
3632 4059 3691 4106 et
3745 4053 3808 4106 in

2155 4147 2332 4202 sectis
2354 4145 2844 4218 philosophorum
2871 4160 3104 4216 semper
3128 4143 3500 4199 observatum
3523 4147 3634 4211 est,
3659 4165 3686 4191 α
3715 4143 3813 4196 Ze-

2153 4253 2229 4292 no
2258 4235 2530 4308 plurimis
2563 4235 2727 4289 novis
2757 4233 2949 4289 verbis
2979 4251 3120 4289 usus
3153 4238 3273 4299 est;
3307 4249 3456 4288 nova
3503 4232 3664 4287 enim
3717 4231 3810 4287 di-

2153 4325 2340 4381 cebat.
2367 4346 2395 4374 »
2423 4323 2585 4396 Apud
2601 4324 2885 4378 Arianum
2915 4323 3265 4394 scriptorem
3289 4322 3430 4376 satis
3453 4321 3807 4393 castigatum

2153 4431 2320 4470 voces
2351 4413 2501 4468 mire
2534 4412 2894 4484 compositas
2925 4411 3210 4474 invenies,
3244 4427 3374 4481 quaa
3424 4427 3458 4464 a
3501 4410 3708 4465 stoicis
3741 4429 3812 4466 ex

2150 4505 2418 4576 ipsorum
2449 4502 2721 4558 doctrina
2752 4507 2892 4556 sunt
2921 4500 3286 4572 excogitatas,
3320 4504 3384 4554 ut
3408 4495 3814 4573 μικρόδουλονν

2152 4601 2208 4651 et
2242 4588 2676 4667 μεγαλόδουλον,
2725 4589 3088 4665 θεοχόλωτοι,
3144 4585 3556 4662 ὑποληψείδιον,
3608 4590 3812 4646 ἀναπο-

2153 4683 2526 4756 τευκτότερον,
2617 4679 3072 4754 ἃπεκλεγὸμενον,
3160 4677 3694 4756 ἂπεριπτωτότερον,
3758 4689 3816 4739 et

2156 4773 2392 4829 similia.
2429 4772 2714 4843 Loquitur
2741 4771 3002 4843 Ignatius
3051 4776 3118 4826 ut
3164 4770 3532 4826 Christianus
3567 4787 3580 4838 ;
3630 4772 3815 4827 verba

2156 4862 2333 4917 habet
2363 4879 2482 4917 suae
2512 4860 2786 4932 religioni
2819 4861 3081 4932 propria,
3108 4863 3166 4914 et
3186 4875 3220 4913 a
3249 4857 3524 4930 gentibus
3555 4860 3812 4916 minime

2157 4956 2442 5024 usurpata
2469 4967 2480 5016 ;
2516 4951 2673 5021 quod
2705 4949 2791 5003 illi
2823 4949 2960 5004 vitio
2987 4949 3132 5003 verti
3166 4965 3287 5003 non
3317 4947 3509 5003 debet.
3531 4949 3818 5006 Demodi-

2158 5058 2260 5096 cus
2291 5039 2446 5112 apud
2475 5039 2787 5095 Platonem
2817 5038 2985 5109 quasi
3019 5037 3280 5109 agricola
3307 5036 3574 5108 loquitur
3601 5055 3614 5092 :
3649 5037 3814 5112 Ἐμοὶ

2161 5129 2274 5202 μὲν,
2307 5129 2352 5182 ὦ
2381 5127 2681 5201 Σώκρατες,
2722 5126 2756 5195 ἢ
2801 5125 2998 5180 τούτου
3045 5129 3143 5180 τοῦ
3193 5122 3384 5184 παιδὸς
3435 5122 3542 5180 εἴτε
3590 5126 3811 5204 φυτείαν

2158 5215 2266 5273 εἴτε
2295 5213 2646 5272 παιδοποιίαν
2679 5216 2787 5290 χρὴ
2818 5216 2998 5292 φάναι.
3046 5215 3134 5270 Ad
3189 5232 3318 5286 qua
3361 5214 3536 5270 verba
3585 5216 3810 5290 Diony-

2159 5309 2282 5364 sius
2323 5306 2807 5362 Halicarnasseus
2839 5305 3040 5360 critice
3071 5305 3339 5359 observat
3367 5320 3380 5358 :
3416 5304 3598 5359 Τοῦτο
3654 5300 3715 5358 δὲ
3746 5306 3812 5359 οὐ

2161 5397 2272 5470 χρὴ
2303 5393 2571 5468 νομίζειν,
2604 5394 2686 5449 ὅτι
2723 5392 2937 5469 μεγᾶλῃ
2971 5397 3038 5466 τῇ
3071 5395 3221 5466 φωνῇ
3257 5394 3464 5466 χρῆται
3499 5395 3526 5446 ὁ
3556 5389 3815 5463 Πλάτων,

2159 5482 2286 5539 ἀλλ’
2317 5481 2532 5538 ἐπειδὰν
2567 5485 2594 5538 ὁ
2627 5481 2939 5555 Δημόδικος
2968 5479 3247 5556 ἐργατικὸς
3276 5481 3363 5535 καὶ
3396 5483 3638 5557 γεωργὸς
3694 5505 3819 5557 φω-

2156 5573 2247 5634 νάς
2281 5570 2474 5645 ἀφίησι
2515 5579 2615 5641 τῆς
2669 5570 2893 5646 τέχνης.
2957 5572 3145 5626 «Non
3186 5571 3524 5627 existimare
3575 5578 3816 5644 oportet

2158 5663 2365 5736 grandi
2395 5680 2533 5718 voce
2560 5663 2649 5718 uti
2678 5662 3006 5731 Platonem,
3040 5659 3144 5716 sed
3178 5660 3552 5729 Demodicus,
3605 5667 3816 5736 utpote

2160 5751 2438 5824 agricola,
2477 5750 2656 5808 verba
2711 5766 2832 5809 suae
2888 5749 3032 5808 artis
3063 5750 3286 5809 mittit.
3319 5770 3352 5803 κ
3392 5750 3520 5808 Imo
3566 5753 3627 5807 et
3671 5752 3820 5810 Novi
