3942 6302
112 449 258 512 H5

858 445 916 509 ι.
969 442 1390 510 PEARSONII
1432 431 1812 508 VINDICUE
1857 445 2357 510 lGNATIANB.
2405 479 2478 494 —
2522 444 2732 508 PARS
2773 441 2860 508 II.

3425 432 3545 495 4'48

81 673 90 680 ⁸
119 582 396 640 Fmdcris
412 581 737 654 scriptores
757 597 904 635 nova
917 581 1097 636 etiam
1115 580 1305 636 obiter
1323 579 1784 635 vocabulausur-
1813 580 1866 646 Α
1901 596 2032 638 rum
2060 580 2512 637 similitudinem
2540 595 2712 635 voces
2743 575 2951 633 codem
2983 570 3159 629 modo
3183 568 3542 641 compositas

117 691 308 747 passe
331 690 368 729 a
388 672 688 728 veteribus
713 688 864 744 saepe
887 671 1259 728 observatum
1280 675 1386 726 est.
1419 673 1589 726 Notat
1639 673 1780 726 Gre-

116 765 335 837 gorius
359 764 664 834 Nyssenus
686 759 740 820 S.
773 762 1136 832 Mattbaaum,
1159 761 1259 817 ubi
1293 762 1377 817 ait
1402 761 1478 832 μή
1517 759 1784 833 ﬁat“:er-

119 855 375 928 γὴσητε,
409 851 510 919 τὴν
554 849 709 920 ξένην
768 849 968 919 ταύτην
1009 857 1109 919 τῆς
1174 849 1370 920 λέξεως
1427 848 1780 920 καινοτομίαν

117 941 502 1016 ἐξευρηκέναι,
537 965 564 991 ‹‹
598 942 972 1014 peregrinam
1003 945 1062 996 et
1117 958 1326 996 novam
1359 940 1512 996 hanc
1571 939 1776 994 dictio-

115 1049 272 1088 nem
293 1032 686 1104 excogitasse.
720 1052 748 1080 »
778 1031 936 1086 Idem
960 1030 1031 1086 de
1049 1047 1186 1085 voce
1208 1027 1484 1088 ἑπιοῦσιος
1516 1029 1787 1083 observat

121 1123 426 1194 Origenes
457 1121 519 1176 in
540 1120 690 1176 libro
711 1122 788 1176 De
826 1123 1074 1176 oratione
1103 1119 1370 1175 nondum
1393 1119 1550 1174 edito
1576 1134 1589 1174 :
1625 1119 1786 1191 Πρῶ-

116 1231 224 1264 τον
260 1208 356 1263 οὖν
386 1209 590 1279 ἱστὲον,
622 1209 706 1264 ’ότι
737 1209 770 1279 ἠ
832 1205 975 1281 λὲξῖς
1033 1209 1066 1278 ἡ
1125 1205 1399 1269 ὲπιοόσιος
1454 1207 1580 1282 παρ’
1611 1201 1785 1260 οὐδενὶ

117 1305 244 1354 τῶν
273 1298 565 1370 Ἑλλήνων
600 1296 722 1354 οὐδὲ
759 1305 868 1354 τῶν
900 1303 1081 1378 σοφῶν
1112 1297 1448 1372 ὠνόμασται,
1482 1293 1607 1352 οὐδὲ
1633 1294 1686 1350 ὲν
1717 1293 1786 1370 τῇ

117 1390 241 1444 τῶν
274 1388 514 1444 ἰδιωτῶν
540 1388 790 1460 συνηθείᾳ
843 1386 1145 1464 τέτριπται,
1198 1385 1327 1442 ἀλλ’
1376 1381 1516 1442 ἶοικε
1567 1384 1784 1440 πεπλά-

122 1491 258 1544 σθαι
291 1479 400 1534 ὑπὸ
426 1484 533 1535 τῶν
568 1476 991 1556 εὖαγγελιστῶν.
1026 1502 1053 1531 ‹‹
1085 1480 1351 1536 Primum
1384 1479 1562 1550 igitur
1591 1477 1785 1533 scien-

119 1572 300 1637 dum,
337 1571 497 1642 quod
538 1569 890 1627 vocabulum
942 1567 1217 1628 ἒπιούσιος
1271 1567 1425 1639 apud
1482 1567 1784 1623 neminem

121 1663 477 1716 Graecorum
511 1668 612 1716 aut
669 1661 1026 1733 sapientium
1057 1657 1447 1726 nominatum,
1479 1673 1673 1728 neque
1725 1657 1784 1711 in

119 1751 287 1823 vulgi
324 1768 604 1807 sermone
625 1751 929 1808 communi
962 1751 1246 1805 usitatum
1273 1755 1362 1803 est
1386 1765 1399 1814 ;
1428 1747 1531 1803 sed
1553 1747 1785 1803 videtur

123 1842 204 1897 ab
232 1843 613 1916 evangelistis
645 1843 962 1899 confictum
991 1858 1140 1898 esse.
1163 1863 1190 1890 »
1216 1841 1377 1895 Idem
1405 1839 1474 1894 de
1498 1856 1635 1894 voce
1652 1857 1784 1910 περ-

1901 671 1974 726 ad
2004 689 2202 728 veram
2232 671 2607 727 sanctitatem
2631 686 2697 724 ac
2729 667 2903 739 plane
2927 665 3225 720 internam
3248 658 3543 730 excogita-

1897 763 1978 818 vit
2007 768 2064 817 et
2085 761 2392 832 usurpavit
2421 759 2892 834 Ignatius.Quam
2922 753 3110 809 multa
3140 755 3278 807 sunt
3303 767 3433 820 quas
3466 764 3540 802 ex

1899 869 2018 908 una
2044 869 2182 908 voce
2212 854 2315 904 πᾶν
2349 851 2409 906 in
2441 849 2618 905 unica
2675 845 2928 918 epistola
2973 841 3222 899 arcessit
3265 839 3541 895 Clemens

1898 943 2199 996 Romanus
2233 940 2244 994 Ι
2277 935 2658 1012 παμμεγέθης,
2691 932 3227 1009 παμμεγεθέστατος,
3267 924 3541 999 παμπλή-

1899 1030 2018 1099 θης,
2053 1027 2332 1102 πανάγιος,
2374 1025 2692 1101 πανάρετος,
2749 1020 3163 1094 παντοκράτωρ,
3232 1033 3541 1088 παντοκρα-

1896 1117 2141 1193 τορικός,
2175 1116 2602 1185 παντοποιητής,
2631 1110 3039 1182 παντεπόπτης.

1969 1228 2148 1283 Plura
2175 1227 2355 1299 igitur
2374 1221 2718 1297 hujusmodi
2749 1237 2929 1293 quam
2945 1235 3130 1275 unum
3143 1221 3246 1272 aut
3262 1215 3536 1281 alterum,

1896 1318 1970 1375 ab
2001 1317 2241 1390 optimis
2268 1313 2656 1387 scriptoribus
2685 1317 2742 1368 et
2766 1312 2828 1366 in
2858 1326 3035 1382 opere
3065 1305 3349 1364 laudabili
3370 1321 3540 1360 usur-

1896 1414 2034 1481 pata
2063 1409 2244 1463 fuisse
2270 1411 2335 1462 ut
2357 1403 2712 1461 concederet
2733 1402 2981 1458 Dallaaus
3004 1414 3248 1454 necesse
3266 1394 3378 1450 fuit
3400 1411 3414 1461 ;
3433 1391 3537 1447 sed

1898 1480 2036 1555 sunt
2065 1497 2170 1553 illa
2190 1495 2514 1568 epistolicis
2565 1493 2772 1562 multo,
2805 1496 2870 1546 ut
2900 1489 3025 1562 ipse
3059 1486 3310 1560 judicat,
3342 1480 3541 1539 mode-

1897 1589 2097 1644 stiora.
2133 1587 2394 1642 Modesta
2413 1585 2716 1640 enimvero
2748 1586 2888 1635 sunt
2935 1578 3038 1633 illa
3093 1573 3377 1631 vocabula
3406 1588 3536 1643 qua)

1896 1678 1995 1735 alii
2018 1680 2401 1748 usurparunt,
2436 1671 2790 1728 immodesta
2821 1685 2950 1740 quae
2981 1668 3236 1738 scriptor
3275 1661 3539 1735 epistoli-

1895 1785 2019 1824 cus.
2054 1769 2126 1822 At
2155 1765 2364 1832 multa,
2391 1768 2458 1818 ut
2515 1760 2905 1825 ostendimus,
2940 1756 3148 1813 eadem
3200 1758 3338 1810 sunt
3370 1768 3384 1806 :
3429 1767 3537 1823 par

1895 1856 2144 1931 proinde
2177 1855 2238 1910 in
2269 1854 2340 1909 iis
2364 1852 2676 1908 modestia.
2710 1850 2848 1914 Quae
2905 1846 2976 1902 ab
3037 1845 3170 1900 aliis
3227 1847 3362 1898 ante
3396 1857 3530 1895 eum

122 1929 420 2026 περεύεται
453 1931 1035 2026 veterum-judicium
1065 1930 1195 2026 fuit:
1228 1931 1298 1984 Et
1327 1928 1786 2026 q110_d0_1_>ii0imr
1813 1964 1858 2026 Β
1889 1928 2109 2019 scripta
2138 1962 2259 2000 non
2293 1944 2587 2006 videntur,
2608 1943 2766 1996 certe
2816 1935 3175 1992 immodesta
3201 1949 3324 1988 non
3368 1933 3528 1986 sunt.

117 2021 362 2093 Ignatio
394 2027 620 2089 nostro,
653 2021 1058 2077 celeberrimis
1089 2020 1228 2074 viris
1271 2018 1779 2089 scriptoribusquo

115 2111 370 2182 optimis
402 2111 700 2182 objectum
731 2111 912 2167 fuisse
943 2110 1306 2183 legimus.lta
1326 2106 1778 2164 Marcellinusin

113 2201 254 2255 Vita
286 2199 690 2272 Thucydidis:
722 2197 910 2261 Ὅλως
940 2198 1226 2278 ἐφευρετής
1258 2195 1368 2252 ἐστι
1419 2199 1618 2251 καινῶν
1649 2194 1774 2250 ὀνο-

115 2287 333 2361 μάτων.
369 2314 397 2340 ‹‹
431 2293 544 2346 Per
575 2296 760 2346 totum
791 2289 1066 2345 inventor
1093 2295 1184 2344 est
1201 2304 1408 2344 vocum
1431 2304 1772 2343 novarum.»

108 2381 194 2431 De
227 2379 627 2450 Xenophonte
657 2378 890 2443 Suidas,
912 2379 974 2433 V.
1007 2375 1258 2451 Ἀγοιάνε
1293 2374 1478 2436 Ὀλως
1508 2371 1774 2429 πολλὰτᾶ

101 2464 560 2539 γλωσσηματικᾶ
589 2468 716 2541 παρ’
744 2465 912 2538 αὐτῷ.
949 2468 1204 2526 Galenus
1244 2465 1346 2521 lib.
1377 2483 1396 2520 I
1451 2467 1510 2520 in
1555 2467 1770 2536 Hippo-

104 2565 323 2612 cratem
357 2559 426 2612 de
455 2559 728 2625 articulis,
761 2557 830 2612 de
864 2556 1074 2613 eodem
1110 2555 1243 2611 :Kai
1298 2553 1401 2629 γὰρ
1454 2551 1654 2616 ἐκεῖνος
1693 2552 1767 2608 εἶ’-

103 2665 209 2720 ne?
241 2666 332 2706 τις
361 2644 451 2699 καὶ
484 2643 656 2707 ἄλλος
709 2643 1025 2720 ἑρμηνεύων
1081 2642 1384 2704 πολιτικῶς
1424 2643 1578 2717 ’ὁμως
1627 2663 1769 2718 παρ-

107 2729 392 2805 εμϐἁλλει
452 2733 726 2796 πολλάκις
798 2733 1258 2808 γλωσσηματικά.
1346 2734 1770 2790 Glossematica

107 2831 321 2880 autem
345 2831 488 2881 sunt
517 2843 671 2896 rara,
709 2827 994 2882 inusitata
1023 2832 1080 2881 et
1111 2826 1445 2899 peregrina.

183 2916 492 2980 Quaeritur
521 2916 679 2987 quod
710 2922 830 2972 tam
876 2918 1065 2972 multa
1093 2917 1165 2972 ab
1196 2933 1314 2972 uno
1344 2915 1629 2972 vocabulo
1660 2917 1768 2972 ha-

107 3004 277 3074 beat,
311 3011 380 3059 ut
409 3022 444 3060 a
474 3007 622 3080 φέρω
656 3012 712 3061 et
735 3006 807 3061 ab
839 3006 1010 3075 ἄξιος,
1041 3023 1176 3062 cum
1207 3005 1373 3063 nulla
1414 3006 1765 3078 compositio

107 3093 494 3165 frequentior
522 3101 582 3151 et
611 3095 806 3151 tritior
835 3097 911 3152 sit
931 3097 1087 3168 apud
1117 3096 1372 3168 optimos
1412 3101 1470 3152 et
1499 3095 1765 3167 vulgares

110 3183 360 3239 Graeciaa
417 3185 755 3256 scriptores.
815 3183 1213 3260 Ἀξιαγάπητος
1263 3185 1494 3258 Ignatii,
1554 3184 1658 3240 sed
1709 3189 1767 3238 et

1891 2041 2034 2095 Nam
2066 2036 2232 2091 illam
2252 2031 2690 2090 immodestiam
2703 2027 2793 2084 vel
2823 2027 2886 2082 in
2907 2023 3335 2096 compositione
3366 2019 3527 2075 velin

1888 2124 2320 2199 significatione
2349 2121 2673 2177 consistere
2697 2115 3014 2173 dicendum
3047 2118 3154 2169 est.
3187 2116 3254 2166 In
3295 2125 3530 2180 compo-

1884 2215 2098 2270 sitione
2129 2213 2520 2268 immodestus
2537 2207 2653 2264 dici
2674 2224 2793 2262 non
2815 2209 3010 2278 potest
3031 2200 3413 2276 epistolarum
3426 2213 3528 2253 au-

1882 2311 2045 2361 ctor:
2081 2319 2214 2360 cum
2245 2308 2346 2358 aut
2376 2301 2582 2356 eadem
2613 2303 2715 2354 aut
2743 2295 2920 2368 plane
2950 2292 3163 2348 similis
3180 2288 3529 2360 compositio

1882 2394 1944 2450 in
1974 2395 2104 2451 aliis
2135 2394 2326 2464 iisque
2348 2389 2588 2462 Optimis
2610 2383 2998 2458 scriptoribus
3048 2381 3411 2437 observetur.
3438 2377 3524 2432 Si-

1879 2483 2178 2557 gniﬁcatio
2207 2486 2405 2537 autem
2437 2495 2665 2543 vocum,
2698 2475 2746 2530 si
2779 2491 2910 2544 quas
2940 2472 3089 2528 forte
3133 2469 3204 2526 ab
3259 2469 3386 2541 ipso
3415 2483 3524 2539 pu-

1881 2555 2080 2628 tentur
2101 2571 2462 2643 excogitataa,
2481 2565 2833 2623 immodesta
2853 2560 3082 2618 censeri
3103 2576 3224 2614 non
3246 2558 3440 2621 debet,
3475 2555 3523 2609 si

1877 2680 1972 2718 res
2004 2664 2130 2734 ipsa
2151 2661 2244 2716 his
2275 2656 2614 2714 nominibus
2636 2655 2915 2710 denotata
2934 2649 3161 2705 {uerita
3181 2647 3365 2702 sacris
3379 2643 3524 2700 scri-

1879 2751 2150 2824 ptoribus
2179 2749 2415 2805 tradita.
2435 2748 2615 2802 Docet
2643 2745 2698 2798 S.
2732 2741 2949 2796 Paulus
2981 2737 3280 2792 Christum
3303 2734 3365 2788 in
3387 2749 3525 2787 san-

1881 2818 1992 2897 ctis
2015 2839 2284 2895 habitare
2306 2837 2349 2873 ⁵¹
2379 2853 2392 2890 :
2427 2833 2670 2891 eosdem
2702 2831 2882 2902 igitur
2929 2825 3193 2900 Ignatius
3221 2818 3521 2899 χριστοφόο

1876 3196 2150 3251 Ostendit
2179 3191 2495 3266 Apostolus
2526 3189 2763 3262 impios,
2808 3186 2948 3242 dum
2998 3183 3216 3248 vivunt,
3249 3182 3519 3234 mortuos

107 3273 440 3380 Clementis
486 3276 784 3380 Ro'mani;
833 3271 1286 3347 ἀξιοθαύμαστος,
1339 3271 1767 3346 ἂξιομνημόνευ·

1934 3301 2008 3340 ise
2039 3283 2087 3318 ⁵³
2119 3265 2249 3340 eosi
2270 3282 2368 3337 ille
2420 3276 2785 3356 νεκροφόρους
2843 3273 3116 3329 nominat
3147 3283 3327 3324 sensu
3353 3265 3518 3320 Chri-

1939 3374 1948 3380 .
2312 3373 2342 3380 ,-
2473 3370 2484 3380 .
2833 3363 2891 3380 ιιι
2922 3360 3188 3380 οιοκ,-ηξ--
3222 3353 3498 3380 Ξ..ι-11,ι..ιι

105 3381 229 3433 τος,
289 3360 801 3436 ἁξιοπρεπὲστατος,
861 3362 1472 3438 ἀξιομακαριστότατος,
1522 3360 1764 3430 ἀξιέπαι-

1934 3333 2007 3340 ,-,
2123 3333 2218 3340 η-
2270 3333 2364 3337 --η
2516 3333 2526 3354 ,
2659 3333 2668 3352 ,
2772 3333 2782 3336 _

1936 3374 2094 3441 iano,
2123 3389 2257 3428 cum
2305 3370 2488 3428 (ἐπ’ωοὶ
2529 3333 2606 3424 ea‘
2643 3382 2784 3422 voce
2833 3360 3191 3419 libitinarios
3222 3353 3522 3412 intellexe-

101 3471 199 3512 νος
230 3452 392 3524 apud
406 3453 807 3523 nostrum,sed
831 3460 889 3509 et
915 3455 1071 3526 apud
1101 3452 1770 3526 Xenophontemlegun-

102 3545 209 3597 tur
241 3560 256 3609 ;
293 3542 452 3613 apud
481 3560 659 3614 quem
691 3549 751 3598 et
779 3545 904 3600 hanc
933 3549 1222 3616 praaterea
1253 3544 1524 3616 legimus,
1559 3540 1773 3616 ἆξιάγα-

102 3651 256 3702 στος,
320 3629 692 3701 ἀξιάκουστος,
746 3631 1123 3706 ἀξιακρόατος,
1181 3630 1570 3701 ἀξιεπαίνετος,
1626 3632 1764 3706 ἀξιε-

105 3739 334 3795 ραστος,
366 3714 711 3790 διξιοϐίωτος,
781 3720 1082 3796 ἀξιόεργος,
1141 3719 1466 3794 ἀξιοθέατος,
1517 3721 1770 3792 ἀξιόκτη-

103 3830 223 3880 τος,
274 3807 734 3884 ἀξιολογώτερος,
791 3807 1082 3880 ἀξιόνικος,
1135 3809 1471 3879 ἀξιόπιστος,
1529 3809 1769 3880 ἀξιόσκε-

105 3920 268 3969 πτος,
322 3896 808 3968 ἆξιοσποόδαστος,
869 3900 1317 3976 ἀξιοτεκμαρτος,
1379 3897 1762 3978 ἀξιοφίλητος,

104 3989 577 4067 ἀξιοχρεώτατος.
612 3991 940 4062 Xenophon
967 3997 1188 4057 tamen,
1223 3991 1391 4063 cujus
1444 4007 1624 4064 opera
1670 3992 1762 4048 his

103 4080 419 4136 vocabulis
450 4086 700 4147 scatent,
729 4098 764 4136 a
792 4080 1088 4137 veteribus
1118 4082 1340 4137 criticis
1377 4081 1611 4156 καθαρὸς
1642 4086 1758 4143 τοῖς

104 4169 365 4242 ὀνόμασι,
399 4168 488 4222 καὶ
520 4169 716 4246 σαφὴς,
749 4168 839 4223 καὶ
871 4167 1118 4244 ἐναργής,
1151 4194 1180 4220 (ί
1241 4189 1426 4244 purus
1473 4176 1534 4227 et
1590 4189 1761 4244 pers-

98 4261 318 4330 picuus
347 4277 376 4310 ι
401 4256 705 4330 judicatus
737 4263 855 4314 est:
881 4260 1054 4332 cujus
1075 4277 1411 4317 sermonem
1439 4262 1582 4333 ipsa
1619 4263 1760 4318 Gra-

100 4350 198 4404 tim
221 4347 594 4413 Quintiliano
615 4348 855 4404 finxisse
871 4349 1222 4406 videbantur
1245 4368 1259 4419 ;
1301 4351 1362 4406 in
1386 4368 1500 4423 quo
1535 4356 1593 4407 et
1629 4352 1759 4424 «ju-

100 4437 477 4494 cunditatem
510 4437 906 4494 inaliectatam
940 4461 969 4488 »
1010 4439 1299 4496 observat.
1360 4441 1697 4514 Composita
1727 4458 1760 4496 a

1877 3462 2251 3518 rint.Monuit
2272 3463 2328 3518 S.
2354 3460 2571 3516 Paulus
2593 3453 2958 3512 Christianos
2980 3455 3047 3508 ut
3075 3449 3334 3504 viverent
3357 3441 3519 3513 ἀξίως

1875 3555 1974 3605 τοῦ
2005 3553 2140 3605 Θιοῦ
2163 3550 2232 3619 ⁵⁸,
2260 3567 2361 3605 eos
2392 3548 2494 3620 qui
2552 3547 2636 3602 ita
2659 3545 2928 3599 vixerant
2956 3539 3215 3612 Ignatius
3245 3531 3519 3603 ἀξιοϐἐους

1875 3645 2061 3696 vocat.
2095 3642 2398 3706 Quamam,
2430 3636 2661 3705 amabo,
2695 3634 2756 3688 in
2800 3632 2892 3686 his
2927 3626 3248 3692 vocabulis,
3280 3623 3330 3678 si
3388 3637 3517 3678 rem

1875 3729 2064 3802 ipsam
2078 3735 2136 3786 et
2151 3728 2641 3799 signiﬁcationem
2661 3726 2911 3795 spectes,
2925 3714 3301 3772 immodestia
3328 3712 3356 3766 ‘2
3387 3728 3516 3767 om-

1873 3801 2017 3875 nino
2034 3819 2219 3874 nulla.
2234 3820 2492 3889 Apparet
2511 3812 2754 3869 tandem
2787 3826 2855 3864 ex
2880 3808 2972 3862 his
2994 3801 3292 3861 vocabulis
3316 3804 3516 3889 tanto-

1872 3925 2012 3981 pere
2065 3888 2393 3978 deturpatis
2441 3902 2672 3976 poetica
2729 3914 2857 3955 esse
2915 3895 3101 3955 nulla,
3160 3888 3516 3945 immodesta

1872 3999 2056 4068 nulla,
2089 4014 2224 4052 rara
2278 3995 2519 4067 quidem
2578 3997 2636 4046 et
2684 3988 2967 4044 inusitata
2999 3978 3465 4055 perpaucissima
3500 3992 3514 4040 ;

1871 4103 2123 4159 eamque
2153 4085 2591 4141 accusationem
2647 4095 2769 4135 non
2817 4077 2880 4130 in
2938 4078 3262 4136 auctorem,
3304 4067 3406 4122 sed
3454 4065 3516 4118 in

1869 4176 2272 4236 Christianum
2303 4171 2591 4237 recidere,
2613 4169 2712 4240 qui
2743 4181 2880 4222 cum
2909 4160 3120 4236 Ignatii
3151 4159 3424 4224 novus,et
3452 4159 3520 4208 ut

1869 4266 2131 4338 loquitur
2152 4262 2569 4325 Tertullianus,
2600 4259 2914 4313 hesternus
2943 4251 3076 4321 fuit,
3134 4263 3283 4303 nova
3339 4258 3516 4299 voca-

1869 4355 2010 4412 bula
2040 4354 2290 4427 peperit.

1939 4426 2082 4502 Cum
2117 4445 2187 4500 de
2219 4441 2469 4515 singulis
2498 4444 2619 4495 tam
2653 4435 2829 4505 male,
2860 4433 3164 4488 videamus
3185 4444 3260 4484 an
3284 4426 3356 4482 de
3381 4440 3515 4480 con-

101 4526 256 4605 ερὲρω
289 4525 448 4598 apud
481 4527 710 4582 Graecos
738 4544 892 4598 pene
940 4527 1177 4584 infinita
1203 4535 1361 4596 sunt,
1413 4535 1472 4584 et
1500 4513 1562 4584 in
1593 4530 1756 4585 omni
1859 4535 2085 4607 junctis
2110 4513 3030 4602 melius'disputaverit.Quatuor
3059 4520 3188 4592 ejus
3218 4513 3518 4587 composi-

101 4633 310 4671 rerum
337 4631 556 4689 genere
581 4616 832 4671 maxime
864 4617 1370 4689 usitatalgnatius
1401 4635 1532 4690 quas
1557 4618 1756 4688 habet,

1868 4625 2050 4680 tionis
2080 4640 2251 4679 voces
2281 4623 2343 4676 in
2376 4636 2498 4676 una
2527 4616 2822 4674 sententia
2863 4609 3206 4676 observavit,
3239 4602 3515 4681 Θεοφόροι,

102 4710 229 4763 fere
260 4705 614 4777 religionem
647 4709 705 4760 et
731 4706 1198 4762 Christianorum
1238 4708 1610 4764 sanctitatem
1631 4723 1762 4780 spe-

1934 4712 1960 4765 ,ἱ
1989 4713 2270 4790 ναοφόροι,
2302 4707 2685 4784 χριστοφόροι,
2717 4701 3037 4780 ἀγνοιρόροι,
3092 4712 3310 4767 easque
3368 4709 3516 4749 nau-

104 4798 306 4863 ctant;
332 4809 521 4864 eaque
543 4793 870 4865 compluria
898 4797 1302 4867 composuisse
1320 4813 1441 4852 non
1463 4797 1760 4852 immerito

104 4883 344 4941 censeri
377 4881 737 4953 debet,quod
763 4883 824 4938 in
855 4885 1166 4954 gentilium
1199 4886 1381 4941 sacris
1412 4902 1495 4942 ea;
1517 4903 1760 4958 compo-

106 4974 363 5030 sitiones
394 4972 878 5043 frequentissime
920 4974 1381 5047 usurpabantur.
1433 4976 1497 5030 In
1547 4975 1761 5030 ritibus

101 5078 316 5118 eorum
341 5061 770 5132 superstitiosis
798 5063 1019 5135 ubique
1045 5069 1385 5133 occurrunt,
1417 5062 1756 5142 ἀνθεσφόροι,

101 5151 439 5228 ἀρρηφόροι,
501 5148 862 5228 δαφνηφόροι,
925 5148 1301 5230 δειπνοφόροι,
1363 5150 1759 5228 διονυσιφόροι,

101 5237 452 5317 διφροφόροι,
486 5237 793 5315 ὶρῥηφόροι
837 5246 896 5296 et
925 5239 1229 5316 ἒρσιφόροι,
1263 5239 1588 5319 ὀσχονρόροι,
1623 5240 1758 5298 Θαλ-

101 5328 360 5406 λονρόροι,
393 5328 753 5405 θεσμοφόροι,
785 5329 1094 5408 ἱεροφόροι,
1140 5333 1465 5408 κανηφόροι,
1498 5332 1756 5409 κιστοφό-

103 5440 213 5494 ροι,
247 5417 595 5495 λικνοφόροι,
659 5415 1050 5496 λουτροφόροι,
1092 5421 1518 5498 ναρθηκοφόροι,
1555 5419 1760 5477 πεπλο-

104 5508 286 5586 φόροι,
319 5506 620 5585 πυρφόροι,
670 5508 1036 5586 σκαφηφόροι,
1093 5511 1433 5586 σκιροφόροι,
1492 5531 1755 5592 στεφανηο

107 5593 287 5676 (ρόροι,
315 5595 666 5674 ὑδριαφόροι,
702 5602 759 5652 et
819 5592 1139 5678 ὑδροφόροι,
1199 5601 1502 5678 φωσφόροι.
1536 5603 1624 5658 Ad
1655 5619 1758 5659 eo-

1874 4819 2036 4858 seam
2069 4782 2364 4857 eiicituras
2396 4782 2640 4871 putavit,
2679 4793 2766 4847 vir
2800 4793 3094 4848 emunctae
3126 4786 3306 4852 naris,
3338 4787 3404 4836 ut
3433 4782 3517 4836 vi-

1871 4891 2064 4960 detur,
2099 4895 2243 4962 quot
2274 4893 2361 4944 tot
2397 4869 2667 4960 ejusdem
2725 4875 3171 4950 compositionis
3229 4869 3515 4926 vocabula

1872 4958 2058 5036 simul
2077 4958 2482 5035 enuntientur.
2516 4977 2589 5029 At
2619 4973 2733 5028 duo
2765 4963 3081 5041 Apostolus
3111 4959 3288 5018 simul
3313 4958 3512 5031 posuit

1872 5064 2179 5136 ὁλοτελεῖς,
2210 5063 2301 5119 καὶ
2334 5061 2668 5136 ὁλόκληρον,
2698 5059 2946 5114 lThess.
2990 5071 3042 5122 v,
3082 5055 3181 5116 25;
3226 5047 3340 5103 tria
3396 5047 3518 5136 Xef

1869 5159 2135 5229 nopbon,
2167 5132 2710 5232 ιριλανθρωπότατος,
2753 5144 2842 5201 καὶ
2900 5138 3394 5222 φιλομαθέστατος,
3421 5132 3512 5188 καὶ

1869 5219 2323 5325 φιλοτιμότατος.
2355 5219 2625 5325 Justinus
2681 5219 2923 5308 martyri
2954 5228 3286 5325 Apologia}
3329 5242 3342 5279 :
3405 5219 3512 5325 Κᾶν

1871 5309 1974 5390 ἀπὸ
2006 5309 2328 5406 Κρίσκεντος
2381 5331 2476 5382 τοῦ
2523 5323 2836 5403 φιλοψόωοο
2901 5319 2991 5376 καὶ
3043 5313 3417 5397 φιλοκόμποιν
3452 5309 3515 5365 οὐ

1867 5424 1972 5498 γὰρ
2008 5404 2309 5501 φιλόσοφον
2342 5417 2511 5472 εἰπεῖν
2561 5415 2704 5482 ἄξιον
2764 5411 2858 5466 τὸν
2918 5406 3105 5481 ἄνδρα.
3164 5409 3234 5463 Et.
3264 5404 3462 5460 statim
3498 5416 3512 5455 :

1979 5488 2243 5588 προέφην,
2276 5505 2339 5562 οὒ
2371 5504 2672 5585 φιλόσοφος
2703 5498 2848 5556 ἀλλὰ
2878 5494 3182 5588 ,φιλόδοξος
3240 5493 3376 5588 ἀνὴρ
3408 5488 3514 5545 δεί-

1867 5580 2080 5671 κνυται,
2109 5580 2166 5660 ές
2197 5619 2258 5673 γε
2292 5580 2432 5672 μηδὲ
2460 5595 2523 5650 τὸ
2583 5580 2927 5666 Σωκρατικὸν
2986 5583 3295 5658 ἀξιέραστον
3327 5580 3385 5636 δν
3416 5599 3515 5637 το·

173 5755 214 5793 ιι
244 5753 464 5830 Ephes.
495 5761 587 5822 in,
622 5750 710 5804 17.
741 5746 790 5785 ⁵²
817 5750 842 5804 Ι
869 5751 982 5808 Cor
1009 5767 1086 5824 v1,
1120 5751 1206 5811 19.
1229 5752 1279 5790 ⁵³
1307 5755 1477 5813 Rom.
1509 5769 1584 5822 νι,
1605 5749 1664 5814 ’2.
1691 5747 1768 5801 ’τί

1934 5774 1956 5825 ι,
1982 5753 2067 5809 ιο.
