3942 6302
385 366 508 424 447

1492 363 1556 424 S.
1602 357 1997 424 IGNATIUS.
2046 388 2120 400 —
2163 345 2795 414 PBOLEGOMENA.

3670 350 3816 442 _,448

398 501 491 569 μᾷ.
523 496 833 570 Gregorius
855 496 1256 555 Naziansenus
1287 515 1298 552 :
1335 496 1449 565 Τὴν
1485 489 1882 568 ὁμότιμον,καὶ
1908 490 1955 562 δι

2252 504 2267 541 s
2299 483 2516 557 passim
2548 485 2832 554 usurpata
2870 479 2996 551 ipse
3028 496 3176 535 nove
3205 485 3471 553 usurpat,
3509 485 3566 536 et
3585 490 3809 555 praeter

397 607 590 663 φρονα,
620 589 710 642 καὶ
738 587 1048 664 ὁμόψυχον.
1085 589 1276 644 Alibi:
1312 586 1417 642 Καὶ
1450 586 1669 660 πτωχοὶ
1738 583 1828 638 τὸν
1880 578 2042 658 φιλό-

397 696 622 750 πτωχον
652 677 851 731 καὶτὸν
893 676 1169 753 φιλόξενον
1205 677 1257 731 οἱ
1301 677 1462 746 ξένοι,
1521 675 1613 730 καὶ
1670 670 1897 750 ἀδελφοὶ
1953 665 2044 723 τὸν

399 763 760 840 φιλάδελφον.
797 770 1056 822 Rursus:
1116 761 1454 826 Φιλόπαιδες
1513 760 1678 840 ἄμφω
1732 761 1821 815 καὶ
1882 756 2045 836 φιλό-

398 874 639 930 χριστοι,
698 857 758 908 τὸ
816 852 1272 928 παραδοξότατον,
1336 852 1550 926 μᾶλλον
1599 849 1656 905 δὲ
1685 849 2044 927 φιλόχριστοι

398 942 432 1012 ἢ
468 940 812 1015 φιλόπαιδες.
847 948 1107 1010 Quatuor
1136 945 1315 1000 simul
1347 943 1683 1015 Simplicius
1716 942 1777 995 in
1810 939 2044 1010 Epicte-

404 1039 565 1091 tum:
596 1031 720 1088 Ὃδε
757 1035 850 1107 μὲν
883 1030 1184 1110 φιλήδονος
1211 1031 1378 1087 ἔσται·
1440 1030 1530 1086 ὅδε.
1559 1030 1650 1085 καὶ
1683 1027 2042 1108 φιλοχρήμα-

399 1144 516 1193 τος,
548 1122 637 1177 καὶ
670 1121 841 1184 ἄλλος
874 1120 1217 1200 φιλόμουσος
1248 1121 1338 1176 καὶ
1397 1119 1728 1199 φιλόσοφος.
1773 1117 2045 1172 Clemens

403 1217 740 1270 Romanus:
775 1213 846 1267 Οὐ
874 1213 1064 1273 πάντες
1096 1212 1228 1266 εἰσὶν
1278 1207 1541 1288 ἔπαρχοι,
1575 1205 1698 1264 οὐδὲ
1725 1205 2045 1281 χιλίαρχοι,

405 1299 529 1356 οὐδὲ
560 1303 971 1376 ἑκατόνταρχοι,
1015 1298 1141 1355 οὐδὲ
1197 1301 1686 1374 πεντηκόνταρχοι.
1747 1297 2046 1368 Epictetus

403 1393 530 1462 ipse
557 1391 712 1462 apud
739 1392 1033 1446 Stobaeum
1063 1393 1345 1462 quinque,
1387 1385 1565 1449 οὐδεὶς
1621 1383 2046 1464 φιλοχρήματος

403 1475 492 1529 καὶ
520 1473 839 1554 φιλήδονος,
872 1476 961 1530 καὶ
994 1474 1284 1553 φιλόδοξος
1318 1473 1731 1554 φιλάνθρωπος,
1764 1469 1911 1524 ἀλλᾶ
1945 1468 2046 1541 μό-

405 1586 495 1626 νος
526 1566 553 1619 ὁ
585 1563 910 1641 φιλόκαλος.

480 1657 792 1727 Ilucusque
823 1656 1187 1728 argumentis
1202 1655 1655 1727 nihilpromovit
1682 1648 2049 1706 virdoctissi-

408 1763 538 1800 mus
568 1763 580 1812 ;
614 1745 918 1801 videamus
951 1746 1094 1817 quid
1126 1747 1486 1816 conjecturis
1530 1743 1734 1815 possit.
1771 1763 1799 1790 «
1856 1739 2046 1805 Ratio,

2150 577 2404 633 aliorum
2436 574 2954 642 morem.»Ergone
2973 571 3232 640 Ignatius
3267 587 3396 627 esse
3419 588 3538 626 non
3554 574 3802 644 potuit?

2149 669 2238 720 An
2273 665 2380 720 soli
2415 663 2579 735 plani
2609 668 2667 717 et
2697 663 2930 716 ﬁctores
2963 660 3244 716 vocabula
3276 677 3422 716 nove
3462 668 3521 717 et
3578 668 3804 734 praeter

2151 755 2405 812 aliorum
2438 769 2666 808 morem
2697 757 2986 823 usurpant
3015 751 3041 806 ?
3070 751 3291 806 Planus
3324 753 3501 824 igitur
3529 753 3800 822 fuit,non

2151 845 2542 918 Thucydides,
2577 845 2677 914 qui
2709 841 3073 912 ἆποσίμωσιν,
3138 848 3196 897 et
3223 839 3519 915 κωλῦμην,
3552 851 3610 899 et
3660 845 3806 898 ἀπο..

2149 933 2387 1011 τείχισιν
2421 952 2538 989 non
2576 932 2902 988 secundum
2934 933 3187 987 aliorum
3220 949 3446 987 morem
3469 936 3804 1005 usurpavit.

2151 1026 2300 1089 Quot
2331 1024 2646 1094 scriptores
2675 1023 2856 1076 Graeci
2916 1027 3073 1090 sunt,
3103 1022 3203 1092 qui
3257 1022 3428 1078 aliter
3453 1041 3623 1079 voces
3654 1042 3808 1079 non-

2151 1113 2348 1168 nullas
2379 1115 2735 1182 acceperunt
2756 1126 2931 1180 quam
2956 1109 3027 1164 ab
3060 1110 3189 1165 aliis
3207 1116 3459 1182 accepta)
3494 1113 3682 1167 sunt?
3701 1115 3808 1167 Vix

2154 1202 2416 1272 aliquem
2449 1201 2604 1254 inter
2633 1205 2858 1256 veteres
2891 1201 3067 1255 etiam
3117 1199 3474 1256 clarissimos
3529 1207 3806 1258 auctores

2153 1290 2700 1362 nominabis,quem
2733 1307 2851 1344 non
2885 1289 3271 1344 observarunt
3301 1293 3672 1362 grammatici
3708 1311 3812 1364 pe-

2155 1381 2597 1450 culiarialiquo
2620 1398 2797 1435 sensu
2855 1380 3055 1450 aliqua
3114 1380 3397 1436 vocabula
3457 1400 3805 1454 usurpasse.

2151 1470 2431 1534 Quaenam
2465 1476 2684 1536 autem,
2718 1474 2819 1524 aut
2875 1475 3019 1540 quot
3046 1469 3148 1524 illa
3179 1477 3317 1525 sunt
3373 1473 3594 1541 passim
3626 1490 3812 1527 usur-

2153 1562 2449 1629 pata,quaa
2472 1563 2676 1613 noster
2698 1574 2843 1612 nove
2860 1559 3202 1630 usurpavit?
3218 1560 3341 1613 Duo
3359 1565 3776 1638 tantumgamq
3791 1605 3806 1629 ,

2157 1653 2213 1700 et
2269 1643 2431 1716 ᾄδωε
2491 1647 2732 1701 tertium
2795 1647 2954 1701 enim
3011 1642 3224 1719 ἄρχειν,
3278 1649 3499 1702 fictoris
3557 1656 3666 1704 est.
3730 1654 3810 1704 At

2155 1735 2311 1810 φύσις
2337 1742 2404 1791 ut
2428 1743 2517 1792 est
2532 1754 2641 1791 vox
2667 1737 2996 1804 tritissima,
3032 1737 3113 1791 ita
3143 1737 3301 1792 vario
3350 1755 3588 1810 semper
3618 1741 3805 1812 signi-

408 1835 621 1906 inquit,
654 1852 759 1890 cur
801 1837 914 1890 ista
936 1840 1056 1890 tam
1091 1835 1258 1890 avide
1287 1840 1528 1904 tamque
1551 1831 1812 1887 studiose
1854 1843 2051 1884 conse-
2079 1841 2126 1905 B
2159 1827 2334 1881 ﬁcatu
2392 1827 2547 1897 apud
2615 1826 2868 1897 optimos
2919 1827 3238 1898 scriptores
3294 1829 3568 1897 sumitur,
3621 1831 3808 1885 etiam

409 1931 598 1980 ctatus
623 1925 853 1994 sit,non
883 1930 970 1979 est
1000 1924 1272 1980 obscura.
1303 1924 1594 1978 Nimirum
1646 1921 1746 1991 qui
1772 1933 2051 1987 magnum

407 2015 596 2069 virum
622 2013 1018 2069 simulandum
1042 2013 1213 2067 ﬁnxit
1238 2015 1309 2073 (si
1332 2012 1384 2066 ei
1405 2011 1714 2066 credamus
1765 2009 1862 2078 qui
1887 2007 2057 2060 ficto-

407 2121 533 2160 rem
557 2105 749 2174 ipsum
769 2102 1487 2174 ﬁnxit),putavitaliquam
1503 2099 1822 2171 lgnatianaa
1835 2096 2058 2166 magni-

412 2193 634 2247 tudinis
649 2193 905 2264 speciem
921 2192 1305 2263 praebiturum
1323 2206 1657 2245 sermonem
1673 2204 1740 2241 ex
1753 2187 2058 2257 hujusmo-

412 2283 471 2337 di
491 2283 583 2336 vel
609 2281 935 2353 priscis,vel
955 2282 1104 2335 raris
1124 2282 1212 2335 vel
1245 2280 1583 2352 grandibus,
1616 2277 1706 2332 vel
1736 2275 2056 2332 audacibus

415 2371 608 2425 verbis
639 2376 950 2426 structum.
986 2392 1013 2420 »
1043 2369 1395 2424 Praeclarum
1455 2384 1596 2422 sane
1654 2370 2056 2421 commentum

417 2466 474 2516 et
497 2459 852 2514 hariolatore
879 2460 1120 2528 dignum
1157 2458 1168 2512 ἓ
1202 2457 1351 2523 Quid
1383 2457 1540 2512 enim
1566 2457 1592 2511 ?
1623 2473 1698 2511 an
1757 2454 2062 2526 Ignatiana

416 2549 761 2621 magnitudo
785 2566 853 2604 ex
882 2547 1089 2620 grandi
1115 2565 1388 2602 sermone
1418 2546 1756 2614 conﬂata,et
1776 2543 2058 2598 fortitudo

419 2638 776 2694 sanctissimi
801 2637 1075 2708 martyris
1095 2654 1164 2692 ex
1183 2636 1371 2691 verbis
1392 2634 1714 2690 audacibus
1735 2633 2062 2704 composita

423 2730 679 2802 cuipiam
702 2730 882 2784 videri
909 2731 1099 2800 potuit
1115 2730 1243 2784 ?An
1267 2729 1399 2784 ideo
1422 2729 1734 2800 quisquam
1758 2743 1892 2781 eum
1923 2725 2060 2779 forti

423 2820 678 2875 etalacri
702 2819 900 2874 animo
934 2819 1007 2874 ad
1038 2819 1543 2874 ferocissimarum
1588 2817 1912 2872 bestiarum
1959 2829 2063 2869 ora

419 2923 769 2979 properasse
799 2912 1055 2978 putaret,
1084 2906 1241 2978 quod
1255 2907 1616 2961 Christianos
1637 2911 1737 2959 aut
1765 2901 2060 2978 Θεοφόρους

415 3003 520 3051 aut
549 2994 977 3074 χριστοιρόρους,
1013 3001 1114 3050 aut
1149 2993 1448 3071 ναοφόρους
1483 2995 1870 3060 nominasset,
1905 2990 2064 3062 quod

413 3084 807 3158 πραῦπάοειαν,
840 3089 943 3140 aut
1003 3078 1383 3156 βεϐαιοσῦνην,
1435 3090 1537 3139 aut
1596 3081 1934 3154 ἀκαυχησίαν
1969 3081 2063 3134 in-

412 3174 682 3230 credibili
715 3175 964 3230 audacia
1002 3175 1063 3227 in
1095 3174 1360 3245 epistolis
1386 3172 1735 3244 scripserit?
1763 3171 2053 3240 Pleraque

410 3266 536 3319 haec
561 3265 801 3334 quidem
823 3281 857 3318 a
884 3263 1189 3318 Blondello
1221 3268 1422 3318 notata
1452 3268 1590 3317 sunt
1614 3280 1627 3328 ;
1661 3261 1766 3317 sed
1799 3266 1864 3315 ut
1883 3265 2053 3332 putre

411 3354 770 3409 fermentum
793 3353 865 3407 ab
885 3353 1108 3424 Ignatio
1123 3351 1502 3419 amoliretur;
1521 3367 1714 3421 neque
1729 3350 1890 3405 enim
1908 3349 2054 3405 adeo

409 3439 1194 3508 insanivit,utadlgnatianaz
1213 3440 1636 3511 magnitudinis
1655 3439 1896 3511 speciem
1911 3456 2057 3510 prae-

413 3529 668 3584 bendam
703 3529 825 3583 haec
856 3529 1179 3600 excogitata
1209 3545 1336 3585 esse
1368 3529 1610 3584 diceret.
1646 3528 1902 3584 Grandia
1930 3528 2056 3582 hmc

413 3634 532 3672 non
568 3634 694 3671 esse
725 3617 1007 3673 vocabula
1030 3624 1131 3673 aut
1153 3619 1399 3674 audacia
1429 3635 1605 3690 supra
1637 3619 1918 3673 evicimus
1952 3635 1965 3685 ;
2000 3621 2059 3671 et

413 3705 692 3775 frequens
723 3705 1144 3778 plerarumque
1170 3725 1312 3763 usus
1351 3708 1506 3779 apud
1535 3708 1852 3779 scriptores
1883 3707 2057 3762 casti-

418 3795 751 3867 gatissimos
777 3796 934 3851 idem
966 3802 1235 3854 testatur.
1266 3798 1556 3854 Fictorem
1605 3803 1806 3853 autem
1857 3797 2057 3852 nescio

418 3903 594 3958 quem
627 3903 696 3941 ea
725 3886 1090 3954 adhibuisse,
1123 3887 1279 3959 quod
1309 3889 1504 3960 prisca
1542 3892 1863 3959 putaret,et
1886 3891 2058 3941 aetate

419 3993 525 4031 sua
553 3991 951 4045 rara,omnem
980 3982 1283 4048 stuporem
1311 3982 1571 4049 superat.
1603 3979 1692 4031 An
1722 3977 1850 4032 haec
1889 3993 2057 4031 exco-

419 4067 601 4138 gitare
625 4066 795 4121 ﬁctor
818 4065 908 4120 vel
939 4065 1152 4138 fungus
1180 4067 1389 4138 potuit,
1448 4070 1514 4121 ut
1569 4066 1850 4139 lgnatius,
1884 4083 2060 4136 quem

421 4156 702 4211 simulare
725 4155 926 4224 voluit,
960 4171 1113 4209 unus
1162 4156 1233 4210 de
1292 4155 1478 4210 cascis
1537 4154 1835 4211 videretur
1858 4155 1885 4209 ‘?
1917 4156 2061 4209 Cum

423 4268 451 4294 «
475 4244 668 4315 prisca
699 4243 895 4312 audio,
927 4244 1075 4298 mihi
1104 4249 1412 4299 versantur
1439 4250 1574 4299 ante
1605 4245 1806 4300 oculos
1828 4243 2063 4315 Ulysses

426 4341 485 4390 et
514 4336 740 4402 Nestor,
774 4351 1027 4404 quorum
1052 4341 1192 4390 aetas
1223 4335 1380 4390 mille
1412 4337 1533 4391 fere
1555 4339 1660 4390 200
1691 4336 1863 4391 annis
1885 4351 2067 4390 saecu-

425 4423 550 4480 lum
580 4423 952 4494 Ignatianum
976 4425 1417 4491 antecedebat,»
1449 4432 1514 4480 ut
1542 4425 1682 4480 olim
1704 4425 1826 4479 ille.
1851 4426 1937 4478 An
1961 4423 2065 4496 πρὸ

427 4509 629 4588 χιλίων
663 4509 796 4565 ἐτῶν
831 4508 1160 4587 διαλέγεται,
1194 4520 1260 4570 ut
1279 4515 1362 4570 ait
1393 4515 1684 4570 Lucianus
1705 4513 1733 4568 ‘2
1753 4516 1841 4566 Αιι
1864 4535 1892 4561 ‹‹
1921 4511 2066 4566 duo-

2159 1916 2524 1970 Christianos
2576 1921 2634 1969 et
2672 1932 2891 1970 sacros.
2944 1916 3105 1970 Unde
3157 1919 3431 1988 anonymi
3489 1918 3810 1989 cujusdam

2161 2004 2686 2060 commentariolus
2717 2005 3008 2060 conﬂatus
3039 2011 3148 2074 est,
3181 2008 3280 2077 qui
3321 2007 3383 2062 in
3441 2008 3816 2064 Bibliotheca

2162 2093 2648 2162 Vi‘ndoboniensi,
2677 2098 2825 2148 teste
2860 2093 3190 2161 Lambecio,
3249 2112 3354 2150 ms.
3415 2102 3624 2166 exstat,
3671 2115 3814 2152 cum

2167 2183 2276 2238 hoc
2309 2183 2524 2238 titulo:
2591 2182 2649 2236 ἹΙ
2712 2181 2869 2258 φύσις
2922 2183 3143 2255 ὁσαχῶς
3191 2187 3261 2256 τῇ
3323 2184 3440 2254 θείᾳ
3494 2184 3814 2259 παρείληπ-

2166 2292 2256 2327 ται
2288 2275 2494 2348 Γραφῇ.
2529 2275 2670 2337 Quot
2699 2273 2872 2328 mod-is
2921 2271 3078 2344 φύσις
3131 2276 3190 2328 in
3247 2276 3304 2330 S.
3364 2277 3654 2345 Scriptura
3714 2295 3814 2332 ac-

2160 2365 2419 2432 cipiatur.
2445 2362 2614 2426 Quid,
2648 2379 2869 2432 quaeso,
2917 2363 3209 2434 significat
3263 2367 3419 2441 φύσις
3477 2367 3631 2436 apud
3673 2369 3817 2438 Epi-

2162 2452 2447 2522 phanium
2479 2451 2691 2506 haeresi
2723 2453 2781 2504 31
2827 2452 2926 2506 ubi
2957 2454 3072 2508 ait:
3128 2451 3227 2514 Εἰς
3284 2454 3496 2528 Κύπρον
3554 2451 3610 2508 δὲ
3670 2453 3816 2526 ἕλη-

2165 2541 2346 2605 λυθὼς
2378 2541 2451 2601 ὡς
2490 2541 2745 2616 ναυάγιον
2811 2541 3046 2603 ὑποστὰς
3105 2541 3257 2619 φύσει
3319 2549 3646 2615 σωματικῶς
3707 2552 3815 2614 τῆς

2165 2631 2395 2691 πίστεως
2427 2628 2609 2701 ἐξέστη
2649 2649 2662 2696 ;
2693 2635 2857 2685 Certe
2889 2633 3158 2686 Petavius
3209 2649 3328 2688 non
3360 2633 3522 2702 vidit,
3558 2652 3694 2689 cum
3728 2637 3819 2692 ita

2165 2722 2338 2776 vertit
2365 2739 2378 2776 ε
2414 2744 2440 2771 ‹‹
2470 2720 2578 2775 Sed
2603 2720 2676 2775 ad
2708 2720 2960 2792 Cyprum
2987 2721 3217 2777 delatus
3247 2723 3384 2778 ﬁdei
3408 2724 3817 2796 naufragium,

2165 2811 2321 2867 velut
2343 2810 2604 2881 corporis
2634 2809 3127 2878 fecisset,ibidem
3154 2829 3418 2883 passus.»
3454 2814 3603 2878 Quid
3634 2817 3819 2885 paulo

2168 2900 2352 2974 post?
2385 2899 2524 2973 Ἐγὼ
2557 2894 2612 2951 δὲ
2669 2895 2819 2952 ἆτινα
2877 2899 3028 2975 φύσει
3086 2900 3372 2974 ἀναγκαῖον
3431 2901 3822 2978 εἶναιὴγησάο

2173 3012 2281 3065 μην
2314 2989 2390 3051 εἷς
2418 2987 2719 3066 τούμφανὲς
2743 2987 2943 3059 ἐλθεῖν,
3002 2991 3151 3054 ταῦθ’
3207 2991 3576 3066 ὑπηγόρευσα.
3637 2998 3826 3053 Peta-

2169 3079 2296 3133 vius
2325 3079 2483 3133 enim
2515 3094 2723 3132 rursus
2745 3078 2982 3132 omisit:
3019 3100 3047 3128 ‹‹
3078 3080 3194 3151 Ego
3226 3097 3360 3136 vero
3412 3098 3480 3136 ea
3527 3081 3826 3139 duntaxat

2170 3168 2448 3239 proposui
2485 3184 2614 3237 qum
2646 3166 2706 3220 in
2738 3167 3001 3222 medium
3034 3169 3280 3239 proferri
3310 3176 3582 3241 oportere
3614 3172 3821 3227 duxi.»

2169 3257 2320 3322 Quid
2351 3256 2610 3326 denique
2640 3256 2851 3311 haresi
2883 3259 2944 3310 5i
2981 3257 3009 3312 7
3061 3256 3258 3313 Ὁπότε
3315 3255 3372 3313 δὲ
3431 3260 3494 3313 οὐ
3557 3255 3820 3335 δέχονται

2163 3345 2316 3421 φύσει
2345 3344 2411 3398 τὰ
2444 3337 2632 3418 βιϐλία
2680 3343 2744 3396 τὰ
2801 3344 2906 3398 ἀπὸ
2961 3349 3058 3398 τοῦ
3126 3346 3278 3419 ἁοίου
3336 3349 3591 3402 Ἰωάννου
3648 3371 3819 3422 κεκη-

2165 3430 2420 3508 ρυγμένα.
2457 3455 2486 3482 ‹‹
2517 3433 2631 3489 Sed
2663 3450 2798 3488 cum
2847 3435 3152 3490 universos
3181 3437 3424 3492 Joannis
3455 3438 3643 3495 libros
3676 3457 3816 3512 pro-

2162 3524 2289 3596 prie
2319 3523 2649 3594 rejiciant.»
2675 3524 2758 3578 ita
2790 3523 3027 3580 tandem
3059 3527 3440 3594 Petavius,an
3472 3534 3633 3583 recte
3656 3530 3816 3585 ?Sed

2165 3613 2423 3683 lgnatius
2454 3617 2675 3678 noster,
2710 3618 2935 3668 natura;
2964 3636 2991 3663 ‹‹
3024 3616 3264 3670 nomine
3295 3617 3388 3671 bis
3417 3618 3642 3673 abusus
3676 3626 3771 3674 est
3801 3636 3814 3687 ;

2167 3717 2408 3757 sensum
2433 3703 2485 3756 ei
2517 3701 2717 3756 nescio
2751 3703 3514 3774 quem,inquit,abstrusum
3548 3715 3610 3762 et
3631 3725 3667 3763 a
3688 3709 3814 3764 vul-

2165 3791 2289 3863 gari
2320 3807 2430 3845 usu
2461 3796 2755 3846 remotum
2787 3793 3098 3864 afﬁngens.
3135 3816 3163 3844 »
3199 3796 3414 3850 Locum
3446 3813 3517 3851 ex
3549 3799 3817 3868 Epistola

2166 3881 2240 3937 ad
2265 3880 2548 3951 Ephesios
2580 3879 2840 3951 adducit,
2869 3881 2929 3935 in
2961 3899 3097 3952 quo,
3128 3884 3432 3955 nimirum,
3469 3910 3497 3936 «
3523 3890 3821 3944 extrican-

2167 3969 2240 4024 do
2271 3969 2488 4024 sudant
2508 3969 2922 4041 interpretes.»
2953 3971 3190 4027 Possem
3214 3975 3437 4045 pariter
3457 3993 3525 4030 ex
3551 3978 3609 4032 S.
3633 3978 3817 4034 Paulo

2165 4060 2363 4115 locum
2403 4057 2718 4124 adducere,
2751 4061 2772 4113 Ι
2800 4061 3017 4127 Cor.x1,
3057 4063 3145 4131 14,
3177 4062 3249 4118 de
3281 4082 3397 4135 quo
3428 4082 3550 4121 non
3602 4068 3823 4123 sudant

2168 4154 2397 4204 tantum
2422 4147 2525 4203 sed
2557 4153 2615 4201 et
2652 4147 3052 4219 digladiantur
3072 4151 3176 4204 viri
3202 4152 3679 4211 doctissimi.Sed
3705 4175 3820 4213 non

2169 4258 2317 4312 opus
2348 4247 2438 4296 est
2464 4257 2476 4294 :
2509 4239 2881 4311 apertissima
2905 4240 3062 4296 enim
3093 4241 3326 4298 fallacia
3356 4245 3451 4298 hic
3479 4247 3676 4302 utitur
3697 4249 3824 4303 Dal-

2167 4339 2315 4393 Iasus
2368 4347 2381 4385 :
2442 4326 2865 4401 πολυαγάπητον
2921 4325 3097 4401 ὄνομα
3175 4329 3435 4400 κέκτησθε
3518 4335 3680 4410 φύσει
3755 4333 3826 4390 δι-

2171 4417 2319 4489 καῖᾳ,
2356 4437 2485 4490 quas
2517 4419 2726 4474 recitat
2756 4419 2931 4475 verba
2952 4423 3138 4476 nostri
3165 4422 3403 4492 quidem
3436 4432 3597 4493 sunt,
3623 4428 3736 4482 sed
3766 4431 3824 4483 in

2175 4513 2259 4566 eis
2291 4509 2646 4566 extricandis
2681 4527 2799 4565 non
2827 4511 3042 4566 sudant
3071 4512 3446 4585 interpretes.
3498 4516 3827 4590 Interpola-

431 4583 623 4658 decim
645 4603 878 4659 tabulas
906 4583 1188 4674 loquitur,
1228 4627 1247 4653 ιι
1286 4609 1350 4658 ut
1371 4602 1638 4658 Seneca?
1667 4621 1687 4648 ι
1715 4599 1927 4654 Sordes
1940 4616 2065 4654 ver-
2099 4583 2142 4647 Ῑ)
2173 4604 2266 4654 tor
2290 4616 2394 4670 pro
2427 4598 2857 4671 ποΛυαγάπητον
2889 4600 3194 4656 substituit
3223 4583 3350 4675 ipro
3411 4621 3516 4659 suo
3577 4583 3824 4663 arbitrio

431 4692 664 4759 borum,
697 4697 754 4748 et
781 4693 955 4749 hians
985 4692 1357 4764 compositio,
1417 4696 1474 4744 et
1516 4687 1806 4745 inconditi
1863 4704 2070 4743 sensus

429 4781 698 4837 redolent
727 4783 1140 4854 antiquitatem
1169 4802 1182 4850 ;
1211 4803 1237 4830 »
1287 4779 1390 4834 sed
1413 4795 1592 4849 quam
1618 4778 1645 4832 εἰ
1688 4793 1808 4831 non
1838 4781 2070 4832 aetatem

430 4870 685 4942 Trajani.
718 4871 831 4926 Sed
851 4886 1045 4940 neque
1075 4870 1271 4941 prisca
1302 4867 1402 4922 illa
1427 4866 1619 4921 fictori
1649 4864 1832 4919 videri
1862 4870 2070 4936 potue-

430 4965 590 5016 runt.
615 4960 830 5032 Aliqua
852 4977 922 5014 ex
953 4959 1072 5013 illis
1103 4959 1353 5013 fortasse
1411 4971 1562 5010 nova
1619 4959 1760 5009 tunc
1817 4953 1932 5009 dici
1964 4971 2070 5025 po-

431 5054 693 5116 tuerunt,
725 5054 928 5120 utpote
960 5053 1093 5120 post
1149 5045 1668 5100 Christianismum
1699 5050 1846 5112 orta,
1878 5044 2074 5114 prisca

431 5139 609 5211 plane
633 5137 1132 5195 nulla.Accusavit
1152 5137 1278 5191 haac
1300 5135 1428 5207 ipsa
1455 5135 1619 5205 prius
1649 5140 1714 5189 ut
1743 5152 2074 5203 nova,nunc

432 5233 498 5283 ut
528 5229 722 5300 prisca
743 5228 999 5300 exagitat
1023 5245 1035 5293 ;
1056 5242 1252 5296 neque
1286 5240 1358 5279 ex
1379 5224 1450 5278 iis
1482 5239 1612 5292 quae
1643 5241 1808 5290 nova,
1833 5224 1922 5279 vel
1942 5241 2073 5295 quas

430 5318 625 5389 prisca
650 5317 959 5371 videantur
989 5313 1468 5370 ostendit.Fictor
1496 5328 1635 5367 sane
1658 5318 1722 5368 ut
1743 5314 1986 5383 antiqua
2018 5318 2075 5367 et

434 5407 740 5472 inusitata,
769 5402 1046 5482 θεοφόρον,
1095 5401 1460 5477 χριστοφόρον
1485 5407 1543 5456 et
1605 5402 1823 5457 similia
1851 5402 2074 5474 Ignatio

436 5512 771 5566 supponere
802 5510 923 5549 non
955 5491 1163 5564 potuit,
1199 5506 1333 5545 cum
1378 5489 1692 5561 scriptores
1743 5496 1876 5562 post
1915 5493 2077 5562 Igna-

437 5584 606 5654 tium,
639 5589 774 5640 ante
806 5581 1143 5651 Eusebium,
1175 5596 1244 5636 ea
1270 5580 1703 5651 usurpaverint.

511 5672 623 5727 Sed
647 5696 674 5723 ‹‹
709 5677 768 5729 et
797 5671 1066 5746 quaedam
1093 5669 1268 5728 verba
1294 5686 1402 5743 per
1434 5686 1495 5727 se
1528 5670 1752 5742 optima
1780 5673 1839 5728 et
1893 5670 2079 5731 omni-

2179 4685 2584 4756 πολυπόθητον·
2618 4687 2775 4742 unde
2810 4689 3080 4744 Usserius
3111 4696 3170 4745 et
3198 4691 3427 4759 Junius,
3457 4710 3593 4748 cum
3624 4713 3828 4753 veram

2178 4777 2498 4832 lectionem
2529 4793 2649 4831 non
2679 4777 2980 4848 vidissent,
3017 4785 3220 4850 argute
3243 4781 3421 4835 nimis
3445 4781 3514 4837 de
3545 4787 3829 4855 etymolo.

2179 4865 2273 4938 gia
2317 4863 2579 4940 Ἐφεσίων
2641 4864 3014 4921 disserebant
3063 4884 3076 4933 ;
3136 4885 3267 4938 qua)
3331 4869 3574 4940 quidem
3622 4875 3828 4931 Isaaco

2185 4954 2387 5009 Vossio
2428 4954 2640 5009 merito
2692 4955 2892 5009 minus
2950 4955 3286 5026 placebant.
3320 4959 3470 5024 Quid
3526 4960 3687 5034 φύσει
3748 4961 3830 5017 δι-

2181 5041 2305 5113 καίᾳ
2339 5049 2514 5112 esset,
2546 5049 2759 5099 neutra
2799 5060 2936 5114 pars
2985 5044 3291 5102 dubitabat
3319 5065 3331 5114 ;
3391 5054 3644 5121 uterque
3679 5054 3831 5110 Lati-

2183 5149 2294 5188 nus
2314 5133 2609 5203 interpres
2631 5139 2836 5187 natura
2856 5133 3010 5203 justa
3031 5134 3289 5189 reddidit
3313 5153 3327 5202 ;
3360 5137 3506 5192 adeo
3530 5142 3731 5195 omnis
3765 5160 3833 5198 ex

2183 5220 2462 5277 vocabulo
2495 5220 2651 5298 φύσις
2683 5221 2861 5276 sudor
2892 5222 3192 5279 abstersus
3224 5231 3330 5279 est.
3364 5227 3452 5280 Ad
3499 5229 3834 5287 Trallenses

2184 5328 2254 5367 ea
2279 5328 2418 5366 voce
2442 5312 2656 5366 iterum
2699 5312 2906 5382 utitur,
2967 5310 3028 5364 οὐ
3075 5312 3210 5366 κατὰ
3240 5314 3461 5387 χρῆσιν,
3522 5315 3670 5372 ἀλλὰ
3699 5321 3836 5375 κατὰ

2185 5399 2367 5476 φύσιν,
2399 5400 2458 5455 id
2489 5406 2598 5469 est,
2627 5399 2746 5452 καθ’
2797 5395 2926 5471 ἕξιν·
2978 5417 3116 5456 nam
3184 5406 3468 5479 φυσιοῦται
3509 5405 3543 5472 ἡ
3604 5404 3740 5476 ἓξις,
3778 5416 3838 5465 ut

2181 5493 2448 5563 loquitur
2468 5493 2736 5548 Clemens
2765 5493 3221 5550 Alexandrinus.
3271 5495 3420 5550 Satis
3473 5507 3680 5569 aperte
3710 5502 3837 5558 haec

2188 5586 2246 5637 et
2277 5583 2578 5655 eleganter
2617 5582 2774 5638 dicta
2805 5588 2980 5650 sunt;
3014 5601 3145 5655 qua:
3179 5589 3376 5640 tamen
3405 5587 3686 5646 archaica
3709 5608 3835 5648 esse

2187 5671 2312 5729 vult
2336 5689 2547 5732 censor
2567 5676 2625 5728 et
2661 5673 2936 5744 mirifica,
2968 5689 3105 5732 cum
3163 5674 3285 5732 sint
3337 5674 3514 5748 plane
3576 5680 3838 5754 vulgaria
