  <div class='ocr_page' id='page_1' title='image "/cluster/home/n/w/nwhite01/storage/ocr_20150623/5/pst.000005711819/232.png"; bbox 0 0 3942 6302; ppageno 0'>
   <div class='ocr_carea' id='block_1_1' title="bbox 135 396 224 457">
    <p class='ocr_par' dir='ltr' id='par_1_1' title="bbox 135 396 224 457">
     <span class='ocr_line' id='line_1_1' title="bbox 135 396 224 457; baseline 0.011 -1"><span class='ocrx_word' id='word_1_1' title='bbox 135 396 224 457; x_wconf 72' lang='grc'>449</span> 
     </span>
    </p>
   </div>
   <div class='ocr_carea' id='block_1_2' title="bbox 805 380 2764 447">
    <p class='ocr_par' dir='ltr' id='par_1_2' title="bbox 805 380 2764 447">
     <span class='ocr_line' id='line_1_2' title="bbox 805 380 2764 447; baseline -0.002 -1"><span class='ocrx_word' id='word_1_2' title='bbox 805 385 862 446; x_wconf 90' lang='lat' dir='ltr'>J.</span> <span class='ocrx_word' id='word_1_3' title='bbox 908 383 1329 447; x_wconf 85' lang='lat' dir='ltr'>PEARSONII</span> <span class='ocrx_word' id='word_1_4' title='bbox 1371 382 1746 445; x_wconf 74' lang='lat' dir='ltr'>VINDICLE</span> <span class='ocrx_word' id='word_1_5' title='bbox 1789 380 2270 444; x_wconf 66' lang='lat' dir='ltr'>IGNATIANE.</span> <span class='ocrx_word' id='word_1_6' title='bbox 2319 413 2402 430; x_wconf 91' lang='lat'>—</span> <span class='ocrx_word' id='word_1_7' title='bbox 2436 382 2640 444; x_wconf 81' lang='lat' dir='ltr'>PARS</span> <span class='ocrx_word' id='word_1_8' title='bbox 2685 383 2764 443; x_wconf 90' lang='lat' dir='ltr'>II.</span> 
     </span>
    </p>
   </div>
   <div class='ocr_carea' id='block_1_3' title="bbox 3377 384 3510 447">
    <p class='ocr_par' dir='ltr' id='par_1_3' title="bbox 3377 384 3510 447">
     <span class='ocr_line' id='line_1_3' title="bbox 3377 384 3510 447; baseline 0.023 -3"><span class='ocrx_word' id='word_1_9' title='bbox 3377 384 3510 447; x_wconf 65' lang='lat'>450’</span> 
     </span>
    </p>
   </div>
   <div class='ocr_carea' id='block_1_4' title="bbox 139 514 3503 592">
    <p class='ocr_par' dir='ltr' id='par_1_4' title="bbox 139 514 3503 592">
     <span class='ocr_line' id='line_1_4' title="bbox 139 514 3503 592; baseline -0.004 -4"><span class='ocrx_word' id='word_1_10' title='bbox 139 537 181 588; x_wconf 86' lang='lat' dir='ltr'>et</span> <span class='ocrx_word' id='word_1_11' title='bbox 201 528 404 586; x_wconf 85' lang='lat' dir='ltr'>usitata.</span> <span class='ocrx_word' id='word_1_12' title='bbox 433 525 502 580; x_wconf 94' lang='lat' dir='ltr'>In</span> <span class='ocrx_word' id='word_1_13' title='bbox 535 519 948 592; x_wconf 86' lang='lat' dir='ltr'>antiquissima</span> <span class='ocrx_word' id='word_1_14' title='bbox 965 518 1245 575; x_wconf 75' lang='lat' dir='ltr'>Barnabas</span> <span class='ocrx_word' id='word_1_15' title='bbox 1274 517 1558 590; x_wconf 87' lang='lat' dir='ltr'>epistola:</span> <span class='ocrx_word' id='word_1_16' title='bbox 1586 539 1604 565; x_wconf 78' lang='grc' dir='ltr'><strong><em>α</em></strong></span> <span class='ocrx_word' id='word_1_17' title='bbox 1626 517 1732 571; x_wconf 85' lang='lat' dir='ltr'>Su-</span> <span class='ocrx_word' id='word_1_18' title='bbox 1761 517 1817 584; x_wconf 68' lang='grc' dir='ltr'><strong>Α</strong></span> <span class='ocrx_word' id='word_1_19' title='bbox 1917 516 1996 572; x_wconf 90' lang='lat' dir='ltr'>De</span> <span class='ocrx_word' id='word_1_20' title='bbox 2035 516 2578 572; x_wconf 70' lang='lat' dir='ltr'>«nexusverborum</span> <span class='ocrx_word' id='word_1_21' title='bbox 2602 514 2854 571; x_wconf 84' lang='lat' dir='ltr'>miriﬁca</span> <span class='ocrx_word' id='word_1_22' title='bbox 2875 515 3140 572; x_wconf 79' lang='lat' dir='ltr'>ratione»</span> <span class='ocrx_word' id='word_1_23' title='bbox 3158 515 3274 573; x_wconf 93' lang='lat' dir='ltr'>late</span> <span class='ocrx_word' id='word_1_24' title='bbox 3300 516 3503 589; x_wconf 78' lang='lat' dir='ltr'>dispu-</span> 
     </span>
    </p>
   </div>
   <div class='ocr_carea' id='block_1_5' title="bbox 141 605 1739 694">
    <p class='ocr_par' dir='ltr' id='par_1_5' title="bbox 141 605 1739 694">
     <span class='ocr_line' id='line_1_5' title="bbox 141 605 1739 694; baseline -0.01 -19"><span class='ocrx_word' id='word_1_25' title='bbox 141 637 223 694; x_wconf 85' lang='lat' dir='ltr'>pra</span> <span class='ocrx_word' id='word_1_26' title='bbox 254 616 479 673; x_wconf 90' lang='lat' dir='ltr'>modum</span> <span class='ocrx_word' id='word_1_27' title='bbox 498 612 797 668; x_wconf 87' lang='lat' dir='ltr'>exhilaror</span> <span class='ocrx_word' id='word_1_28' title='bbox 818 610 1005 665; x_wconf 84' lang='lat' dir='ltr'>beatis</span> <span class='ocrx_word' id='word_1_29' title='bbox 1028 614 1084 662; x_wconf 89' lang='lat' dir='ltr'>et</span> <span class='ocrx_word' id='word_1_30' title='bbox 1105 607 1402 680; x_wconf 61' lang='lat' dir='ltr'>praeclaris</span> <span class='ocrx_word' id='word_1_31' title='bbox 1433 605 1739 678; x_wconf 86' lang='lat' dir='ltr'>spiritibus</span> 
     </span>
    </p>
   </div>
   <div class='ocr_carea' id='block_1_6' title="bbox 144 697 1744 777">
    <p class='ocr_par' dir='ltr' id='par_1_6' title="bbox 144 697 1744 777">
     <span class='ocr_line' id='line_1_6' title="bbox 144 697 1744 777; baseline -0.009 -13"><span class='ocrx_word' id='word_1_32' title='bbox 144 708 314 764; x_wconf 79' lang='lat' dir='ltr'>vestris</span> <span class='ocrx_word' id='word_1_33' title='bbox 342 703 496 777; x_wconf 87' lang='lat' dir='ltr'>quod</span> <span class='ocrx_word' id='word_1_34' title='bbox 518 703 603 758; x_wconf 89' lang='lat' dir='ltr'>sic</span> <span class='ocrx_word' id='word_1_35' title='bbox 627 700 956 756; x_wconf 79' lang='lat' dir='ltr'>naturalem</span> <span class='ocrx_word' id='word_1_36' title='bbox 980 699 1226 771; x_wconf 84' lang='lat' dir='ltr'>gratiam</span> <span class='ocrx_word' id='word_1_37' title='bbox 1251 697 1563 768; x_wconf 88' lang='lat' dir='ltr'>accepistis</span> <span class='ocrx_word' id='word_1_38' title='bbox 1587 713 1601 762; x_wconf 87' lang='lat'><strong>;</strong></span> <span class='ocrx_word' id='word_1_39' title='bbox 1630 717 1656 743; x_wconf 88' lang='lat'>»</span> <span class='ocrx_word' id='word_1_40' title='bbox 1685 699 1744 749; x_wconf 89' lang='lat' dir='ltr'>et</span> 
     </span>
    </p>
   </div>
   <div class='ocr_carea' id='block_1_7' title="bbox 146 787 1745 862">
    <p class='ocr_par' dir='ltr' id='par_1_7' title="bbox 146 787 1745 862">
     <span class='ocr_line' id='line_1_7' title="bbox 146 787 1745 862; baseline -0.009 -7"><span class='ocrx_word' id='word_1_41' title='bbox 146 807 307 855; x_wconf 85' lang='lat' dir='ltr'>tamen</span> <span class='ocrx_word' id='word_1_42' title='bbox 336 796 528 852; x_wconf 90' lang='lat' dir='ltr'>statim</span> <span class='ocrx_word' id='word_1_43' title='bbox 561 793 742 859; x_wconf 82' lang='lat' dir='ltr'>addit,</span> <span class='ocrx_word' id='word_1_44' title='bbox 777 815 802 840; x_wconf 88' lang='lat'><strong>«</strong></span> <span class='ocrx_word' id='word_1_45' title='bbox 841 792 979 862; x_wconf 88' lang='lat' dir='ltr'>quia</span> <span class='ocrx_word' id='word_1_46' title='bbox 1008 808 1141 845; x_wconf 85' lang='lat' dir='ltr'>vere</span> <span class='ocrx_word' id='word_1_47' title='bbox 1173 789 1340 844; x_wconf 88' lang='lat' dir='ltr'>video</span> <span class='ocrx_word' id='word_1_48' title='bbox 1374 789 1436 844; x_wconf 90' lang='lat' dir='ltr'>in</span> <span class='ocrx_word' id='word_1_49' title='bbox 1456 787 1619 842; x_wconf 83' lang='lat' dir='ltr'>vobis</span> <span class='ocrx_word' id='word_1_50' title='bbox 1650 787 1745 841; x_wconf 90' lang='lat' dir='ltr'>in—</span> 
     </span>
    </p>
   </div>
   <div class='ocr_carea' id='block_1_8' title="bbox 147 875 1746 956">
    <p class='ocr_par' dir='ltr' id='par_1_8' title="bbox 147 875 1746 956">
     <span class='ocr_line' id='line_1_8' title="bbox 147 875 1746 956; baseline -0.011 -12"><span class='ocrx_word' id='word_1_51' title='bbox 147 890 308 944; x_wconf 78' lang='lat' dir='ltr'>fusum</span> <span class='ocrx_word' id='word_1_52' title='bbox 336 885 606 956; x_wconf 81' lang='lat' dir='ltr'>spiritum</span> <span class='ocrx_word' id='word_1_53' title='bbox 639 881 709 936; x_wconf 86' lang='lat' dir='ltr'>ab</span> <span class='ocrx_word' id='word_1_54' title='bbox 740 880 986 935; x_wconf 87' lang='lat' dir='ltr'>honesto</span> <span class='ocrx_word' id='word_1_55' title='bbox 1008 879 1166 933; x_wconf 84' lang='lat' dir='ltr'>fonte</span> <span class='ocrx_word' id='word_1_56' title='bbox 1195 878 1318 933; x_wconf 88' lang='lat' dir='ltr'>Dei.</span> <span class='ocrx_word' id='word_1_57' title='bbox 1356 899 1383 926; x_wconf 91' lang='grc'><strong>››</strong></span> <span class='ocrx_word' id='word_1_58' title='bbox 1434 875 1746 948; x_wconf 82' lang='lat' dir='ltr'>Gregorius</span> 
     </span>
    </p>
   </div>
   <div class='ocr_carea' id='block_1_9' title="bbox 149 957 1748 1041">
    <p class='ocr_par' dir='ltr' id='par_1_9' title="bbox 149 957 1748 1041">
     <span class='ocr_line' id='line_1_9' title="bbox 149 957 1748 1041; baseline -0.01 -10"><span class='ocrx_word' id='word_1_59' title='bbox 149 978 493 1032; x_wconf 78' lang='lat' dir='ltr'>Nazianzenus</span> <span class='ocrx_word' id='word_1_60' title='bbox 515 971 782 1026; x_wconf 90' lang='lat' dir='ltr'>oratione</span> <span class='ocrx_word' id='word_1_61' title='bbox 811 970 910 1024; x_wconf 79' lang='lat'>13:</span> <span class='ocrx_word' id='word_1_62' title='bbox 946 966 1137 1041; x_wconf 82' lang='grc' dir='ltr'>Χρόνῳ</span> <span class='ocrx_word' id='word_1_63' title='bbox 1168 965 1256 1019; x_wconf 73' lang='grc' dir='ltr'>καὶ</span> <span class='ocrx_word' id='word_1_64' title='bbox 1307 964 1456 1040; x_wconf 78' lang='grc' dir='ltr'>λόγῳ</span> <span class='ocrx_word' id='word_1_65' title='bbox 1511 957 1748 1037; x_wconf 76' lang='grc' dir='ltr'>βεϐαιω-</span> 
     </span>
    </p>
   </div>
   <div class='ocr_carea' id='block_1_10' title="bbox 149 1047 1747 1134">
    <p class='ocr_par' dir='ltr' id='par_1_10' title="bbox 149 1047 1747 1134">
     <span class='ocr_line' id='line_1_10' title="bbox 149 1047 1747 1134; baseline -0.009 -17"><span class='ocrx_word' id='word_1_66' title='bbox 149 1064 213 1117; x_wconf 76' lang='grc' dir='ltr'>Θὲν</span> <span class='ocrx_word' id='word_1_67' title='bbox 235 1060 353 1117; x_wconf 79' lang='grc' dir='ltr'>ἅπαν</span> <span class='ocrx_word' id='word_1_68' title='bbox 381 1058 584 1114; x_wconf 80' lang='grc' dir='ltr'>καλλὸν</span> <span class='ocrx_word' id='word_1_69' title='bbox 619 1058 776 1134; x_wconf 72' lang='grc' dir='ltr'>φύσις</span> <span class='ocrx_word' id='word_1_70' title='bbox 808 1055 1142 1124; x_wconf 74' lang='grc' dir='ltr'>καθίσταται,</span> <span class='ocrx_word' id='word_1_71' title='bbox 1172 1054 1410 1126; x_wconf 72' lang='grc' dir='ltr'>καθάπερ</span> <span class='ocrx_word' id='word_1_72' title='bbox 1461 1051 1550 1105; x_wconf 80' lang='grc' dir='ltr'>καὶ</span> <span class='ocrx_word' id='word_1_73' title='bbox 1606 1052 1642 1119; x_wconf 75' lang='grc' dir='ltr'>ἡ</span> <span class='ocrx_word' id='word_1_74' title='bbox 1695 1047 1747 1102; x_wconf 83' lang='grc' dir='ltr'>ἐν</span> 
     </span>
    </p>
   </div>
   <div class='ocr_carea' id='block_1_11' title="bbox 149 1141 1750 1227">
    <p class='ocr_par' dir='ltr' id='par_1_11' title="bbox 149 1141 1750 1227">
     <span class='ocr_line' id='line_1_11' title="bbox 149 1141 1750 1227; baseline -0.007 -21"><span class='ocrx_word' id='word_1_75' title='bbox 149 1155 256 1224; x_wconf 69' lang='grc' dir='ltr'>ἡμῖν</span> <span class='ocrx_word' id='word_1_76' title='bbox 288 1151 477 1227; x_wconf 75' lang='grc' dir='ltr'>ἀγάπη.</span> <span class='ocrx_word' id='word_1_77' title='bbox 515 1171 542 1198; x_wconf 96' lang='grc'>‹‹</span> <span class='ocrx_word' id='word_1_78' title='bbox 577 1151 804 1203; x_wconf 88' lang='lat' dir='ltr'>Bonum</span> <span class='ocrx_word' id='word_1_79' title='bbox 845 1162 1020 1201; x_wconf 91' lang='lat' dir='ltr'>omne</span> <span class='ocrx_word' id='word_1_80' title='bbox 1078 1152 1347 1216; x_wconf 90' lang='lat' dir='ltr'>tempore</span> <span class='ocrx_word' id='word_1_81' title='bbox 1406 1159 1473 1198; x_wconf 90' lang='lat' dir='ltr'>ac</span> <span class='ocrx_word' id='word_1_82' title='bbox 1521 1141 1750 1197; x_wconf 84' lang='lat' dir='ltr'>ratione</span> 
     </span>
    </p>
   </div>
   <div class='ocr_carea' id='block_1_12' title="bbox 151 1229 1753 1302">
    <p class='ocr_par' dir='ltr' id='par_1_12' title="bbox 151 1229 1753 1302">
     <span class='ocr_line' id='line_1_12' title="bbox 151 1229 1753 1302; baseline -0.011 -3"><span class='ocrx_word' id='word_1_83' title='bbox 151 1243 522 1298; x_wconf 82' lang='lat' dir='ltr'>confirmatum</span> <span class='ocrx_word' id='word_1_84' title='bbox 574 1239 637 1294; x_wconf 91' lang='lat' dir='ltr'>in</span> <span class='ocrx_word' id='word_1_85' title='bbox 667 1243 942 1293; x_wconf 89' lang='lat' dir='ltr'>naturam</span> <span class='ocrx_word' id='word_1_86' title='bbox 983 1235 1214 1301; x_wconf 86' lang='lat' dir='ltr'>transit,</span> <span class='ocrx_word' id='word_1_87' title='bbox 1247 1239 1314 1288; x_wconf 92' lang='lat' dir='ltr'>ut</span> <span class='ocrx_word' id='word_1_88' title='bbox 1344 1237 1402 1288; x_wconf 91' lang='lat' dir='ltr'>et</span> <span class='ocrx_word' id='word_1_89' title='bbox 1432 1249 1501 1287; x_wconf 88' lang='lat' dir='ltr'>ea</span> <span class='ocrx_word' id='word_1_90' title='bbox 1528 1248 1658 1302; x_wconf 57' lang='lat' dir='ltr'>quas</span> <span class='ocrx_word' id='word_1_91' title='bbox 1690 1229 1753 1283; x_wconf 90' lang='lat' dir='ltr'>in</span> 
     </span>
    </p>
   </div>
   <div class='ocr_carea' id='block_1_13' title="bbox 151 1318 1753 1391">
    <p class='ocr_par' dir='ltr' id='par_1_13' title="bbox 151 1318 1753 1391">
     <span class='ocr_line' id='line_1_13' title="bbox 151 1318 1753 1391; baseline -0.01 -3"><span class='ocrx_word' id='word_1_92' title='bbox 151 1334 292 1389; x_wconf 87' lang='lat' dir='ltr'>nobis</span> <span class='ocrx_word' id='word_1_93' title='bbox 324 1338 406 1386; x_wconf 91' lang='lat' dir='ltr'>est</span> <span class='ocrx_word' id='word_1_94' title='bbox 435 1329 714 1385; x_wconf 89' lang='lat' dir='ltr'>charitas.</span> <span class='ocrx_word' id='word_1_95' title='bbox 752 1349 780 1377; x_wconf 85' lang='lat'>»</span> <span class='ocrx_word' id='word_1_96' title='bbox 807 1327 1062 1382; x_wconf 88' lang='lat' dir='ltr'>Verbum</span> <span class='ocrx_word' id='word_1_97' title='bbox 1095 1325 1274 1379; x_wconf 89' lang='lat' dir='ltr'>etiam</span> <span class='ocrx_word' id='word_1_98' title='bbox 1313 1318 1458 1391; x_wconf 80' lang='grc' dir='ltr'>ᾅδειν</span> <span class='ocrx_word' id='word_1_99' title='bbox 1510 1327 1753 1388; x_wconf 82' lang='lat' dir='ltr'>cantare,</span> 
     </span>
    </p>
   </div>
   <div class='ocr_carea' id='block_1_14' title="bbox 153 1407 1758 1493">
    <p class='ocr_par' dir='ltr' id='par_1_14' title="bbox 153 1407 1758 1493">
     <span class='ocr_line' id='line_1_14' title="bbox 153 1407 1758 1493; baseline -0.01 -16"><span class='ocrx_word' id='word_1_100' title='bbox 153 1439 250 1477; x_wconf 90' lang='lat' dir='ltr'>non</span> <span class='ocrx_word' id='word_1_101' title='bbox 277 1421 492 1493; x_wconf 90' lang='lat' dir='ltr'>vulgari</span> <span class='ocrx_word' id='word_1_102' title='bbox 527 1424 584 1473; x_wconf 89' lang='lat' dir='ltr'>et</span> <span class='ocrx_word' id='word_1_103' title='bbox 612 1417 896 1489; x_wconf 88' lang='lat' dir='ltr'>legitimo,</span> <span class='ocrx_word' id='word_1_104' title='bbox 931 1415 1032 1470; x_wconf 90' lang='lat' dir='ltr'>sed</span> <span class='ocrx_word' id='word_1_105' title='bbox 1063 1415 1296 1486; x_wconf 91' lang='lat' dir='ltr'>poetico</span> <span class='ocrx_word' id='word_1_106' title='bbox 1329 1427 1512 1466; x_wconf 88' lang='lat' dir='ltr'>sensu</span> <span class='ocrx_word' id='word_1_107' title='bbox 1560 1407 1758 1480; x_wconf 88' lang='lat' dir='ltr'>posuit</span> 
     </span>
    </p>
   </div>
   <div class='ocr_carea' id='block_1_15' title="bbox 152 1503 1758 1584">
    <p class='ocr_par' dir='ltr' id='par_1_15' title="bbox 152 1503 1758 1584">
     <span class='ocr_line' id='line_1_15' title="bbox 152 1503 1758 1584; baseline -0.01 -16"><span class='ocrx_word' id='word_1_108' title='bbox 152 1531 236 1584; x_wconf 88' lang='lat' dir='ltr'>pro</span> <span class='ocrx_word' id='word_1_109' title='bbox 287 1513 572 1567; x_wconf 78' lang='lat' dir='ltr'>celebrare.</span> <span class='ocrx_word' id='word_1_110' title='bbox 629 1507 932 1578; x_wconf 91' lang='lat' dir='ltr'>Duplicem</span> <span class='ocrx_word' id='word_1_111' title='bbox 992 1505 1232 1576; x_wconf 88' lang='lat' dir='ltr'>quidem</span> <span class='ocrx_word' id='word_1_112' title='bbox 1290 1503 1448 1556; x_wconf 91' lang='lat' dir='ltr'>hunc</span> <span class='ocrx_word' id='word_1_113' title='bbox 1516 1514 1758 1584; x_wconf 89' lang='lat' dir='ltr'>sensum</span> 
     </span>
    </p>
   </div>
   <div class='ocr_carea' id='block_1_16' title="bbox 152 1583 1757 1675">
    <p class='ocr_par' dir='ltr' id='par_1_16' title="bbox 152 1583 1757 1675">
     <span class='ocr_line' id='line_1_16' title="bbox 152 1583 1757 1675; baseline -0.012 -17"><span class='ocrx_word' id='word_1_114' title='bbox 152 1583 436 1675; x_wconf 77' lang='lat' dir='ltr'>agnoscunt</span> <span class='ocrx_word' id='word_1_115' title='bbox 492 1595 884 1672; x_wconf 81' lang='lat' dir='ltr'>grammatici,</span> <span class='ocrx_word' id='word_1_116' title='bbox 930 1600 996 1650; x_wconf 90' lang='lat' dir='ltr'>ut</span> <span class='ocrx_word' id='word_1_117' title='bbox 1054 1594 1448 1648; x_wconf 87' lang='lat' dir='ltr'>Ammonius:</span> <span class='ocrx_word' id='word_1_118' title='bbox 1505 1589 1579 1643; x_wconf 88' lang='grc' dir='ltr'>Τὸ</span> <span class='ocrx_word' id='word_1_119' title='bbox 1611 1583 1757 1657; x_wconf 76' lang='grc' dir='ltr'>ᾅδειν</span> 
     </span>
    </p>
   </div>
   <div class='ocr_carea' id='block_1_17' title="bbox 151 1675 1760 1763">
    <p class='ocr_par' dir='ltr' id='par_1_17' title="bbox 151 1675 1760 1763">
     <span class='ocr_line' id='line_1_17' title="bbox 151 1675 1760 1763; baseline -0.011 -17"><span class='ocrx_word' id='word_1_120' title='bbox 151 1691 258 1745; x_wconf 74' lang='grc' dir='ltr'>ποτὲ</span> <span class='ocrx_word' id='word_1_121' title='bbox 289 1690 373 1763; x_wconf 75' lang='grc' dir='ltr'>μὲν</span> <span class='ocrx_word' id='word_1_122' title='bbox 399 1689 458 1743; x_wconf 81' lang='grc' dir='ltr'>τὸ</span> <span class='ocrx_word' id='word_1_123' title='bbox 494 1685 725 1762; x_wconf 72' lang='grc' dir='ltr'>ψάλλειν</span> <span class='ocrx_word' id='word_1_124' title='bbox 760 1681 947 1754; x_wconf 80' lang='grc' dir='ltr'>δηλοῖ,</span> <span class='ocrx_word' id='word_1_125' title='bbox 982 1681 1148 1737; x_wconf 78' lang='grc' dir='ltr'>ἐνίοτε</span> <span class='ocrx_word' id='word_1_126' title='bbox 1180 1678 1237 1735; x_wconf 73' lang='grc' dir='ltr'>δὲ</span> <span class='ocrx_word' id='word_1_127' title='bbox 1263 1679 1328 1734; x_wconf 85' lang='grc' dir='ltr'>τὸ</span> <span class='ocrx_word' id='word_1_128' title='bbox 1350 1677 1631 1755; x_wconf 60' lang='grc' dir='ltr'>φημίζειν</span> <span class='ocrx_word' id='word_1_129' title='bbox 1657 1675 1760 1731; x_wconf 87' lang='lat' dir='ltr'>sed</span> 
     </span>
    </p>
   </div>
   <div class='ocr_carea' id='block_1_18' title="bbox 157 1763 1762 1852">
    <p class='ocr_par' dir='ltr' id='par_1_18' title="bbox 157 1763 1762 1852">
     <span class='ocr_line' id='line_1_18' title="bbox 157 1763 1762 1852; baseline -0.012 -16"><span class='ocrx_word' id='word_1_130' title='bbox 157 1798 309 1836; x_wconf 88' lang='lat' dir='ltr'>unam</span> <span class='ocrx_word' id='word_1_131' title='bbox 335 1779 824 1852; x_wconf 80' lang='lat' dir='ltr'>signiﬁcationem</span> <span class='ocrx_word' id='word_1_132' title='bbox 873 1773 1141 1844; x_wconf 66' lang='lat' dir='ltr'>poeticas,</span> <span class='ocrx_word' id='word_1_133' title='bbox 1198 1771 1447 1826; x_wconf 87' lang='lat' dir='ltr'>alteram</span> <span class='ocrx_word' id='word_1_134' title='bbox 1502 1763 1762 1852; x_wconf 87' lang='lat' dir='ltr'>pedestri</span> 
     </span>
    </p>
   </div>
   <div class='ocr_carea' id='block_1_19' title="bbox 1847 605 3497 676">
    <p class='ocr_par' dir='ltr' id='par_1_19' title="bbox 1847 605 3497 676">
     <span class='ocr_line' id='line_1_19' title="bbox 1847 605 3497 676; baseline 0.002 -16"><span class='ocrx_word' id='word_1_135' title='bbox 1847 611 1934 660; x_wconf 88' lang='lat' dir='ltr'>tat</span> <span class='ocrx_word' id='word_1_136' title='bbox 1963 605 2049 660; x_wconf 91' lang='lat' dir='ltr'>vir</span> <span class='ocrx_word' id='word_1_137' title='bbox 2077 606 2736 675; x_wconf 89' lang='lat' dir='ltr'>doctissimus,eamque</span> <span class='ocrx_word' id='word_1_138' title='bbox 2755 626 2775 655; x_wconf 79' lang='grc' dir='ltr'>ι</span> <span class='ocrx_word' id='word_1_139' title='bbox 2811 605 2885 660; x_wconf 90' lang='lat' dir='ltr'>ad</span> <span class='ocrx_word' id='word_1_140' title='bbox 2905 605 3069 661; x_wconf 89' lang='lat' dir='ltr'>illam</span> <span class='ocrx_word' id='word_1_141' title='bbox 3091 623 3268 676; x_wconf 91' lang='lat' dir='ltr'>quam</span> <span class='ocrx_word' id='word_1_142' title='bbox 3303 629 3330 656; x_wconf 84' lang='lat'><strong>»</strong></span> <span class='ocrx_word' id='word_1_143' title='bbox 3353 608 3497 663; x_wconf 90' lang='lat' dir='ltr'>scri-</span> 
     </span>
    </p>
   </div>
   <div class='ocr_carea' id='block_1_20' title="bbox 1850 694 3504 768">
    <p class='ocr_par' dir='ltr' id='par_1_20' title="bbox 1850 694 3504 768">
     <span class='ocr_line' id='line_1_20' title="bbox 1850 694 3504 768; baseline 0.002 -18"><span class='ocrx_word' id='word_1_144' title='bbox 1850 702 1984 768; x_wconf 91' lang='lat' dir='ltr'>ptor</span> <span class='ocrx_word' id='word_1_145' title='bbox 2009 718 2036 746; x_wconf 85' lang='lat'><strong>«</strong></span> <span class='ocrx_word' id='word_1_146' title='bbox 2069 700 2396 750; x_wconf 90' lang='lat' dir='ltr'>assectatur</span> <span class='ocrx_word' id='word_1_147' title='bbox 2426 711 2704 766; x_wconf 89' lang='lat' dir='ltr'>pompam</span> <span class='ocrx_word' id='word_1_148' title='bbox 2736 694 2986 749; x_wconf 91' lang='lat' dir='ltr'>multum</span> <span class='ocrx_word' id='word_1_149' title='bbox 3008 695 3202 751; x_wconf 86' lang='lat' dir='ltr'>facere</span> <span class='ocrx_word' id='word_1_150' title='bbox 3221 697 3504 754; x_wconf 73' lang='lat' dir='ltr'>narbitra-</span> 
     </span>
    </p>
   </div>
   <div class='ocr_carea' id='block_1_21' title="bbox 1851 783 3500 856">
    <p class='ocr_par' dir='ltr' id='par_1_21' title="bbox 1851 783 3500 856">
     <span class='ocr_line' id='line_1_21' title="bbox 1851 783 3500 856; baseline 0.002 -16"><span class='ocrx_word' id='word_1_151' title='bbox 1851 791 1966 840; x_wconf 91' lang='lat' dir='ltr'>tur.</span> <span class='ocrx_word' id='word_1_152' title='bbox 2002 784 2319 839; x_wconf 88' lang='lat' dir='ltr'>Videamus</span> <span class='ocrx_word' id='word_1_153' title='bbox 2369 788 2567 836; x_wconf 89' lang='lat' dir='ltr'>autem</span> <span class='ocrx_word' id='word_1_154' title='bbox 2604 799 2877 852; x_wconf 76' lang='lat' dir='ltr'>quaenam</span> <span class='ocrx_word' id='word_1_155' title='bbox 2918 783 3023 837; x_wconf 91' lang='lat' dir='ltr'>illa</span> <span class='ocrx_word' id='word_1_156' title='bbox 3054 784 3173 838; x_wconf 90' lang='lat' dir='ltr'>sint</span> <span class='ocrx_word' id='word_1_157' title='bbox 3207 802 3338 856; x_wconf 68' lang='lat' dir='ltr'>quae</span> <span class='ocrx_word' id='word_1_158' title='bbox 3353 786 3500 842; x_wconf 90' lang='lat' dir='ltr'>adeo</span> 
     </span>
    </p>
   </div>
   <div class='ocr_carea' id='block_1_22' title="bbox 1855 873 3507 948">
    <p class='ocr_par' dir='ltr' id='par_1_22' title="bbox 1855 873 3507 948">
     <span class='ocr_line' id='line_1_22' title="bbox 1855 873 3507 948; baseline -0.001 -17"><span class='ocrx_word' id='word_1_159' title='bbox 1855 875 2187 948; x_wconf 90' lang='lat' dir='ltr'>pompatice</span> <span class='ocrx_word' id='word_1_160' title='bbox 2205 873 2468 944; x_wconf 85' lang='lat' dir='ltr'>loquitur</span> <span class='ocrx_word' id='word_1_161' title='bbox 2486 873 2744 943; x_wconf 88' lang='lat' dir='ltr'>Ignatius</span> <span class='ocrx_word' id='word_1_162' title='bbox 2759 874 3403 946; x_wconf 83' lang='lat' dir='ltr'>noster.«Evangelium</span> <span class='ocrx_word' id='word_1_163' title='bbox 3423 876 3507 932; x_wconf 82' lang='lat' dir='ltr'>di-</span> 
     </span>
    </p>
   </div>
   <div class='ocr_carea' id='block_1_23' title="bbox 1857 963 3501 1040">
    <p class='ocr_par' dir='ltr' id='par_1_23' title="bbox 1857 963 3501 1040">
     <span class='ocr_line' id='line_1_23' title="bbox 1857 963 3501 1040; baseline -0.001 -20"><span class='ocrx_word' id='word_1_164' title='bbox 1857 967 1944 1020; x_wconf 92' lang='lat' dir='ltr'>xit</span> <span class='ocrx_word' id='word_1_165' title='bbox 1974 965 2188 1019; x_wconf 88' lang='lat' dir='ltr'>Christi</span> <span class='ocrx_word' id='word_1_166' title='bbox 2222 979 2483 1018; x_wconf 91' lang='lat' dir='ltr'>carnem.</span> <span class='ocrx_word' id='word_1_167' title='bbox 2512 983 2540 1012; x_wconf 84' lang='lat'><strong>»</strong></span> <span class='ocrx_word' id='word_1_168' title='bbox 2564 963 2748 1027; x_wconf 90' lang='lat' dir='ltr'>Quam</span> <span class='ocrx_word' id='word_1_169' title='bbox 2777 963 3109 1033; x_wconf 90' lang='lat' dir='ltr'>pompatice</span> <span class='ocrx_word' id='word_1_170' title='bbox 3133 963 3145 1017; x_wconf 88' lang='lat'>!</span> <span class='ocrx_word' id='word_1_171' title='bbox 3177 964 3501 1040; x_wconf 74' lang='grc' dir='ltr'>προσφυγὼν</span> 
     </span>
    </p>
   </div>
   <div class='ocr_carea' id='block_1_24' title="bbox 1859 1047 3504 1128">
    <p class='ocr_par' dir='ltr' id='par_1_24' title="bbox 1859 1047 3504 1128">
     <span class='ocr_line' id='line_1_24' title="bbox 1859 1047 3504 1128; baseline 0.001 -20"><span class='ocrx_word' id='word_1_172' title='bbox 1859 1050 2179 1128; x_wconf 79' lang='grc' dir='ltr'>Εὗαγγελίῳ</span> <span class='ocrx_word' id='word_1_173' title='bbox 2209 1051 2284 1112; x_wconf 81' lang='grc' dir='ltr'>ὡς</span> <span class='ocrx_word' id='word_1_174' title='bbox 2319 1047 2474 1124; x_wconf 85' lang='grc' dir='ltr'>σαρκὶ</span> <span class='ocrx_word' id='word_1_175' title='bbox 2518 1051 2772 1122; x_wconf 77' lang='grc' dir='ltr'>Χριστοῦ·</span> <span class='ocrx_word' id='word_1_176' title='bbox 2833 1053 2958 1105; x_wconf 89' lang='lat' dir='ltr'>Non</span> <span class='ocrx_word' id='word_1_177' title='bbox 3011 1052 3104 1107; x_wconf 87' lang='lat' dir='ltr'>his</span> <span class='ocrx_word' id='word_1_178' title='bbox 3160 1054 3354 1109; x_wconf 82' lang='lat' dir='ltr'>verbis</span> <span class='ocrx_word' id='word_1_179' title='bbox 3412 1054 3504 1108; x_wconf 82' lang='lat' dir='ltr'>di—</span> 
     </span>
    </p>
   </div>
   <div class='ocr_carea' id='block_1_25' title="bbox 1861 1140 3504 1216">
    <p class='ocr_par' dir='ltr' id='par_1_25' title="bbox 1861 1140 3504 1216">
     <span class='ocr_line' id='line_1_25' title="bbox 1861 1140 3504 1216; baseline 0.001 -17"><span class='ocrx_word' id='word_1_180' title='bbox 1861 1150 2015 1199; x_wconf 92' lang='lat' dir='ltr'>serte</span> <span class='ocrx_word' id='word_1_181' title='bbox 2047 1142 2422 1214; x_wconf 87' lang='lat' dir='ltr'>Evangelium</span> <span class='ocrx_word' id='word_1_182' title='bbox 2443 1140 2656 1194; x_wconf 84' lang='lat' dir='ltr'>Christi</span> <span class='ocrx_word' id='word_1_183' title='bbox 2680 1156 2919 1195; x_wconf 90' lang='lat' dir='ltr'>carnem</span> <span class='ocrx_word' id='word_1_184' title='bbox 2943 1141 3110 1210; x_wconf 85' lang='lat' dir='ltr'>dixit,</span> <span class='ocrx_word' id='word_1_185' title='bbox 3144 1143 3247 1198; x_wconf 90' lang='lat' dir='ltr'>sed</span> <span class='ocrx_word' id='word_1_186' title='bbox 3276 1145 3504 1216; x_wconf 85' lang='lat' dir='ltr'>fugien-</span> 
     </span>
    </p>
   </div>
   <div class='ocr_carea' id='block_1_26' title="bbox 1865 1230 3503 1302">
    <p class='ocr_par' dir='ltr' id='par_1_26' title="bbox 1865 1230 3503 1302">
     <span class='ocr_line' id='line_1_26' title="bbox 1865 1230 3503 1302; baseline 0.001 -13"><span class='ocrx_word' id='word_1_187' title='bbox 1865 1235 2000 1289; x_wconf 92' lang='lat' dir='ltr'>dum</span> <span class='ocrx_word' id='word_1_188' title='bbox 2023 1237 2228 1288; x_wconf 90' lang='lat' dir='ltr'>monet</span> <span class='ocrx_word' id='word_1_189' title='bbox 2260 1231 2332 1286; x_wconf 89' lang='lat' dir='ltr'>ad</span> <span class='ocrx_word' id='word_1_190' title='bbox 2366 1230 2743 1302; x_wconf 89' lang='lat' dir='ltr'>Evangelium</span> <span class='ocrx_word' id='word_1_191' title='bbox 2795 1233 3080 1301; x_wconf 87' lang='lat' dir='ltr'>tanquam</span> <span class='ocrx_word' id='word_1_192' title='bbox 3133 1232 3207 1287; x_wconf 88' lang='lat' dir='ltr'>ad</span> <span class='ocrx_word' id='word_1_193' title='bbox 3264 1250 3503 1290; x_wconf 89' lang='lat' dir='ltr'>carnem</span> 
     </span>
    </p>
   </div>
   <div class='ocr_carea' id='block_1_27' title="bbox 1863 1318 3505 1389">
    <p class='ocr_par' dir='ltr' id='par_1_27' title="bbox 1863 1318 3505 1389">
     <span class='ocr_line' id='line_1_27' title="bbox 1863 1318 3505 1389; baseline -0.001 -11"><span class='ocrx_word' id='word_1_194' title='bbox 1863 1323 2104 1378; x_wconf 82' lang='lat' dir='ltr'>Christi.</span> <span class='ocrx_word' id='word_1_195' title='bbox 2138 1324 2228 1376; x_wconf 90' lang='lat' dir='ltr'>An</span> <span class='ocrx_word' id='word_1_196' title='bbox 2259 1319 2526 1375; x_wconf 86' lang='lat' dir='ltr'>Christus</span> <span class='ocrx_word' id='word_1_197' title='bbox 2555 1335 2616 1374; x_wconf 90' lang='lat' dir='ltr'>se</span> <span class='ocrx_word' id='word_1_198' title='bbox 2649 1318 2840 1374; x_wconf 84' lang='lat' dir='ltr'>furem</span> <span class='ocrx_word' id='word_1_199' title='bbox 2873 1318 3039 1389; x_wconf 87' lang='lat' dir='ltr'>dixit,</span> <span class='ocrx_word' id='word_1_200' title='bbox 3073 1338 3208 1376; x_wconf 91' lang='lat' dir='ltr'>cum</span> <span class='ocrx_word' id='word_1_201' title='bbox 3239 1323 3365 1378; x_wconf 75' lang='lat' dir='ltr'>haec</span> <span class='ocrx_word' id='word_1_202' title='bbox 3421 1323 3505 1377; x_wconf 91' lang='lat' dir='ltr'>lo-</span> 
     </span>
    </p>
   </div>
   <div class='ocr_carea' id='block_1_28' title="bbox 1865 1404 3505 1480">
    <p class='ocr_par' dir='ltr' id='par_1_28' title="bbox 1865 1404 3505 1480">
     <span class='ocr_line' id='line_1_28' title="bbox 1865 1404 3505 1480; baseline -0.007 -14"><span class='ocrx_word' id='word_1_203' title='bbox 1865 1417 2056 1480; x_wconf 89' lang='lat' dir='ltr'>cutus,</span> <span class='ocrx_word' id='word_1_204' title='bbox 2090 1415 2179 1464; x_wconf 89' lang='lat' dir='ltr'>est</span> <span class='ocrx_word' id='word_1_205' title='bbox 2207 1409 2327 1476; x_wconf 83' lang='grc' dir='ltr'>ἣκω</span> <span class='ocrx_word' id='word_1_206' title='bbox 2359 1406 2446 1460; x_wconf 75' lang='grc' dir='ltr'>ἐπὶ</span> <span class='ocrx_word' id='word_1_207' title='bbox 2479 1406 2536 1459; x_wconf 76' lang='grc' dir='ltr'>σὲ</span> <span class='ocrx_word' id='word_1_208' title='bbox 2566 1406 2641 1466; x_wconf 85' lang='grc' dir='ltr'>ὡς</span> <span class='ocrx_word' id='word_1_209' title='bbox 2672 1404 2937 1476; x_wconf 75' lang='grc' dir='ltr'>κλέπτης,</span> <span class='ocrx_word' id='word_1_210' title='bbox 2982 1411 3204 1465; x_wconf 84' lang='lat' dir='ltr'>«venio</span> <span class='ocrx_word' id='word_1_211' title='bbox 3226 1411 3299 1465; x_wconf 79' lang='lat' dir='ltr'>ad</span> <span class='ocrx_word' id='word_1_212' title='bbox 3331 1417 3408 1478; x_wconf 61' lang='lat' dir='ltr'>te,</span> <span class='ocrx_word' id='word_1_213' title='bbox 3437 1429 3505 1467; x_wconf 76' lang='lat' dir='ltr'>eo</span> 
     </span>
    </p>
   </div>
   <div class='ocr_carea' id='block_1_29' title="bbox 1865 1495 3508 1573">
    <p class='ocr_par' dir='ltr' id='par_1_29' title="bbox 1865 1495 3508 1573">
     <span class='ocr_line' id='line_1_29' title="bbox 1865 1495 3508 1573; baseline 0.001 -18"><span class='ocrx_word' id='word_1_214' title='bbox 1865 1500 2041 1555; x_wconf 91' lang='lat' dir='ltr'>modo</span> <span class='ocrx_word' id='word_1_215' title='bbox 2073 1516 2188 1570; x_wconf 89' lang='lat' dir='ltr'>quo</span> <span class='ocrx_word' id='word_1_216' title='bbox 2220 1498 2316 1552; x_wconf 87' lang='lat' dir='ltr'>fur</span> <span class='ocrx_word' id='word_1_217' title='bbox 2337 1497 2535 1551; x_wconf 88' lang='lat' dir='ltr'>venire</span> <span class='ocrx_word' id='word_1_218' title='bbox 2559 1495 2754 1551; x_wconf 80' lang='lat' dir='ltr'>solet?</span> <span class='ocrx_word' id='word_1_219' title='bbox 2777 1519 2804 1546; x_wconf 83' lang='grc'><strong>››</strong></span> <span class='ocrx_word' id='word_1_220' title='bbox 2824 1503 2910 1552; x_wconf 89' lang='lat' dir='ltr'>An</span> <span class='ocrx_word' id='word_1_221' title='bbox 2933 1497 3136 1554; x_wconf 90' lang='lat' dir='ltr'>lunam</span> <span class='ocrx_word' id='word_1_222' title='bbox 3159 1501 3508 1573; x_wconf 86' lang='lat' dir='ltr'>sanguinem</span> 
     </span>
    </p>
   </div>
   <div class='ocr_carea' id='block_1_30' title="bbox 1868 1586 3513 1662">
    <p class='ocr_par' dir='ltr' id='par_1_30' title="bbox 1868 1586 3513 1662">
     <span class='ocr_line' id='line_1_30' title="bbox 1868 1586 3513 1662; baseline 0.001 -19"><span class='ocrx_word' id='word_1_223' title='bbox 1868 1589 2018 1644; x_wconf 86' lang='lat' dir='ltr'>dixit</span> <span class='ocrx_word' id='word_1_224' title='bbox 2047 1589 2103 1642; x_wconf 93' lang='lat' dir='ltr'>S.</span> <span class='ocrx_word' id='word_1_225' title='bbox 2159 1589 2437 1654; x_wconf 87' lang='lat' dir='ltr'>Joannes,</span> <span class='ocrx_word' id='word_1_226' title='bbox 2495 1602 2628 1640; x_wconf 91' lang='lat' dir='ltr'>cum</span> <span class='ocrx_word' id='word_1_227' title='bbox 2657 1586 2760 1641; x_wconf 90' lang='lat' dir='ltr'>illa</span> <span class='ocrx_word' id='word_1_228' title='bbox 2789 1587 3047 1658; x_wconf 87' lang='lat' dir='ltr'>scripsit,</span> <span class='ocrx_word' id='word_1_229' title='bbox 3093 1590 3130 1657; x_wconf 76' lang='grc' dir='ltr'>ἡ</span> <span class='ocrx_word' id='word_1_230' title='bbox 3163 1587 3367 1660; x_wconf 71' lang='grc' dir='ltr'>σελήνη</span> <span class='ocrx_word' id='word_1_231' title='bbox 3401 1588 3513 1662; x_wconf 80' lang='grc' dir='ltr'>ἐγὲ-</span> 
     </span>
    </p>
   </div>
   <div class='ocr_carea' id='block_1_31' title="bbox 1867 1673 3514 1751">
    <p class='ocr_par' dir='ltr' id='par_1_31' title="bbox 1867 1673 3514 1751">
     <span class='ocr_line' id='line_1_31' title="bbox 1867 1673 3514 1751; baseline 0.002 -21"><span class='ocrx_word' id='word_1_232' title='bbox 1867 1696 1987 1730; x_wconf 84' lang='grc' dir='ltr'>νετο</span> <span class='ocrx_word' id='word_1_233' title='bbox 2020 1675 2094 1736; x_wconf 74' lang='grc' dir='ltr'>ὡς</span> <span class='ocrx_word' id='word_1_234' title='bbox 2126 1673 2287 1745; x_wconf 69' lang='grc' dir='ltr'>αἷμα,</span> <span class='ocrx_word' id='word_1_235' title='bbox 2321 1697 2347 1725; x_wconf 87' lang='grc'>‹‹</span> <span class='ocrx_word' id='word_1_236' title='bbox 2386 1676 2546 1730; x_wconf 88' lang='lat' dir='ltr'>Luna</span> <span class='ocrx_word' id='word_1_237' title='bbox 2579 1675 2730 1730; x_wconf 87' lang='lat' dir='ltr'>facta</span> <span class='ocrx_word' id='word_1_238' title='bbox 2761 1680 2849 1729; x_wconf 88' lang='lat' dir='ltr'>est</span> <span class='ocrx_word' id='word_1_239' title='bbox 2870 1680 3154 1748; x_wconf 89' lang='lat' dir='ltr'>tanquam</span> <span class='ocrx_word' id='word_1_240' title='bbox 3186 1681 3514 1751; x_wconf 80' lang='lat' dir='ltr'>sanguis?»</span> 
     </span>
    </p>
   </div>
   <div class='ocr_carea' id='block_1_32' title="bbox 1871 1763 3513 1839">
    <p class='ocr_par' dir='ltr' id='par_1_32' title="bbox 1871 1763 3513 1839">
     <span class='ocr_line' id='line_1_32' title="bbox 1871 1763 3513 1839; baseline 0.001 -18"><span class='ocrx_word' id='word_1_241' title='bbox 1871 1769 1957 1821; x_wconf 92' lang='lat' dir='ltr'>An</span> <span class='ocrx_word' id='word_1_242' title='bbox 1989 1781 2123 1820; x_wconf 91' lang='lat' dir='ltr'>cum</span> <span class='ocrx_word' id='word_1_243' title='bbox 2151 1763 2567 1834; x_wconf 90' lang='lat' dir='ltr'>Philippenses</span> <span class='ocrx_word' id='word_1_244' title='bbox 2594 1763 2942 1835; x_wconf 88' lang='lat' dir='ltr'>Polycarpus</span> <span class='ocrx_word' id='word_1_245' title='bbox 2981 1766 3159 1836; x_wconf 88' lang='lat' dir='ltr'>jubet</span> <span class='ocrx_word' id='word_1_246' title='bbox 3214 1768 3513 1839; x_wconf 89' lang='lat' dir='ltr'>subjectos</span> 
     </span>
    </p>
   </div>
   <div class='ocr_carea' id='block_1_33' title="bbox 151 1851 3512 1966">
    <p class='ocr_par' dir='ltr' id='par_1_33' title="bbox 151 1851 3512 1966">
     <span class='ocr_line' id='line_1_33' title="bbox 151 1851 3512 1966; baseline -0.004 -42"><span class='ocrx_word' id='word_1_247' title='bbox 151 1869 368 1923; x_wconf 86' lang='lat' dir='ltr'>orationi</span> <span class='ocrx_word' id='word_1_248' title='bbox 399 1869 967 1936; x_wconf 91' lang='lat' dir='ltr'>competere,nemo,</span> <span class='ocrx_word' id='word_1_249' title='bbox 1001 1861 1231 1931; x_wconf 89' lang='lat' dir='ltr'>opinor,</span> <span class='ocrx_word' id='word_1_250' title='bbox 1265 1856 1457 1912; x_wconf 90' lang='lat' dir='ltr'>adhuc</span> <span class='ocrx_word' id='word_1_251' title='bbox 1507 1851 1758 1908; x_wconf 84' lang='lat' dir='ltr'>monuit.</span> <span class='ocrx_word' id='word_1_252' title='bbox 1796 1901 1840 1966; x_wconf 76' lang='grc' dir='ltr'>Β</span> <span class='ocrx_word' id='word_1_253' title='bbox 1873 1873 2000 1912; x_wconf 90' lang='lat' dir='ltr'>esse</span> <span class='ocrx_word' id='word_1_254' title='bbox 2031 1855 2393 1928; x_wconf 86' lang='lat' dir='ltr'>presbyteris</span> <span class='ocrx_word' id='word_1_255' title='bbox 2426 1861 2483 1909; x_wconf 89' lang='lat' dir='ltr'>et</span> <span class='ocrx_word' id='word_1_256' title='bbox 2512 1855 2801 1924; x_wconf 91' lang='lat' dir='ltr'>diaconis,</span> <span class='ocrx_word' id='word_1_257' title='bbox 2835 1855 2909 1916; x_wconf 84' lang='grc' dir='ltr'>ὡς</span> <span class='ocrx_word' id='word_1_258' title='bbox 2958 1861 3074 1927; x_wconf 85' lang='grc' dir='ltr'>Θεῷ</span> <span class='ocrx_word' id='word_1_259' title='bbox 3130 1857 3218 1911; x_wconf 76' lang='grc' dir='ltr'>καὶ</span> <span class='ocrx_word' id='word_1_260' title='bbox 3276 1861 3512 1934; x_wconf 77' lang='grc' dir='ltr'>Χριστῷ,</span> 
     </span>
     <span class='ocr_line' id='line_1_34' title="bbox 153 1942 3483 1966; baseline 0 0"><span class='ocrx_word' id='word_1_261' title='bbox 153 1958 200 1966; x_wconf 74' lang='grc' dir='ltr'>..Δ</span> <span class='ocrx_word' id='word_1_262' title='bbox 275 1959 287 1966; x_wconf 85' lang='grc'><strong>-</strong></span> <span class='ocrx_word' id='word_1_263' title='bbox 421 1963 428 1966; x_wconf 69' lang='grc'>.</span> <span class='ocrx_word' id='word_1_264' title='bbox 475 1958 511 1966; x_wconf 87' lang='grc'>.-</span> <span class='ocrx_word' id='word_1_265' title='bbox 723 1959 731 1966; x_wconf 89' lang='grc'>.</span> <span class='ocrx_word' id='word_1_266' title='bbox 855 1947 882 1958; x_wconf 63' lang='grc' dir='ltr'><strong><em>ν</em></strong></span> <span class='ocrx_word' id='word_1_267' title='bbox 924 1947 980 1966; x_wconf 68' lang='lat' dir='ltr'>)I“</span> <span class='ocrx_word' id='word_1_268' title='bbox 1318 1947 1545 1966; x_wconf 32' lang='lat' dir='ltr'>,l-l___s__</span> <span class='ocrx_word' id='word_1_269' title='bbox 1610 1942 1758 1966; x_wconf 68' lang='lat' dir='ltr'>-_-_.J</span> <span class='ocrx_word' id='word_1_270' title='bbox 1888 1965 1896 1966; x_wconf 33' lang='grc' dir='ltr'><em>κ</em></span> <span class='ocrx_word' id='word_1_271' title='bbox 1930 1947 2271 1966; x_wconf 45' lang='lat' dir='ltr'>,_AL__A______</span> <span class='ocrx_word' id='word_1_272' title='bbox 2339 1946 2518 1966; x_wconf 58' lang='lat'>11---...</span> <span class='ocrx_word' id='word_1_273' title='bbox 2588 1944 2728 1966; x_wconf 65' lang='grc' dir='ltr'>,ΙΞ-ΞΑ</span> <span class='ocrx_word' id='word_1_274' title='bbox 2817 1950 2912 1966; x_wconf 76' lang='lat' dir='ltr'>-__L</span> <span class='ocrx_word' id='word_1_275' title='bbox 2978 1945 3055 1966; x_wconf 68' lang='lat'>.12-</span> <span class='ocrx_word' id='word_1_276' title='bbox 3082 1965 3093 1966; x_wconf 32' lang='grc' dir='ltr'><em>κ</em></span> <span class='ocrx_word' id='word_1_277' title='bbox 3118 1965 3168 1966; x_wconf 28' lang='grc' dir='ltr'>κῇ</span> <span class='ocrx_word' id='word_1_278' title='bbox 3186 1964 3217 1966; x_wconf 34' lang='grc' dir='ltr'>μ-</span> <span class='ocrx_word' id='word_1_279' title='bbox 3355 1950 3409 1966; x_wconf 70' lang='lat' dir='ltr'>nl</span> <span class='ocrx_word' id='word_1_280' title='bbox 3473 1950 3483 1960; x_wconf 76' lang='lat'>&#39;</span> 
     </span>
    </p>
   </div>
   <div class='ocr_carea' id='block_1_34' title="bbox 153 1942 1764 2022">
    <p class='ocr_par' dir='ltr' id='par_1_34' title="bbox 153 1942 1764 2022">
     <span class='ocr_line' id='line_1_35' title="bbox 153 1942 1764 2022; baseline -0.01 -10"><span class='ocrx_word' id='word_1_281' title='bbox 153 1958 208 2012; x_wconf 84' lang='lat' dir='ltr'>Et</span> <span class='ocrx_word' id='word_1_282' title='bbox 228 1959 357 2014; x_wconf 92' lang='lat' dir='ltr'>adeo</span> <span class='ocrx_word' id='word_1_283' title='bbox 416 1958 593 2011; x_wconf 92' lang='lat' dir='ltr'>tritus</span> <span class='ocrx_word' id='word_1_284' title='bbox 651 1959 740 2008; x_wconf 89' lang='lat' dir='ltr'>est</span> <span class='ocrx_word' id='word_1_285' title='bbox 788 1947 885 2004; x_wconf 75' lang='grc' dir='ltr'>τοῖ’)</span> <span class='ocrx_word' id='word_1_286' title='bbox 917 1947 1060 2021; x_wconf 75' lang='grc' dir='ltr'>ᾅδειν</span> <span class='ocrx_word' id='word_1_287' title='bbox 1118 1967 1224 2022; x_wconf 92' lang='lat' dir='ltr'>pro</span> <span class='ocrx_word' id='word_1_288' title='bbox 1274 1947 1566 2012; x_wconf 80' lang='lat' dir='ltr'>celebrare,</span> <span class='ocrx_word' id='word_1_289' title='bbox 1608 1942 1764 2014; x_wconf 89' lang='lat' dir='ltr'>apud</span> 
     </span>
    </p>
   </div>
   <div class='ocr_carea' id='block_1_35' title="bbox 154 2034 1768 2120">
    <p class='ocr_par' dir='ltr' id='par_1_35' title="bbox 154 2034 1768 2120">
     <span class='ocr_line' id='line_1_36' title="bbox 154 2034 1768 2120; baseline -0.011 -17"><span class='ocrx_word' id='word_1_290' title='bbox 154 2048 317 2102; x_wconf 89' lang='lat' dir='ltr'>omnis</span> <span class='ocrx_word' id='word_1_291' title='bbox 345 2047 575 2120; x_wconf 80' lang='lat' dir='ltr'>generis</span> <span class='ocrx_word' id='word_1_292' title='bbox 605 2043 922 2114; x_wconf 88' lang='lat' dir='ltr'>scriptores</span> <span class='ocrx_word' id='word_1_293' title='bbox 948 2057 1111 2108; x_wconf 77' lang='lat' dir='ltr'>usus,</span> <span class='ocrx_word' id='word_1_294' title='bbox 1140 2045 1205 2094; x_wconf 89' lang='lat' dir='ltr'>ut</span> <span class='ocrx_word' id='word_1_295' title='bbox 1254 2035 1526 2107; x_wconf 89' lang='lat' dir='ltr'>exempla</span> <span class='ocrx_word' id='word_1_296' title='bbox 1583 2034 1646 2087; x_wconf 92' lang='lat' dir='ltr'>in</span> <span class='ocrx_word' id='word_1_297' title='bbox 1705 2047 1768 2085; x_wconf 87' lang='lat' dir='ltr'>re</span> 
     </span>
    </p>
   </div>
   <div class='ocr_carea' id='block_1_36' title="bbox 154 2122 1766 2208">
    <p class='ocr_par' dir='ltr' id='par_1_36' title="bbox 154 2122 1766 2208">
     <span class='ocr_line' id='line_1_37' title="bbox 154 2122 1766 2208; baseline -0.009 -19"><span class='ocrx_word' id='word_1_298' title='bbox 154 2142 254 2190; x_wconf 89' lang='lat' dir='ltr'>tam</span> <span class='ocrx_word' id='word_1_299' title='bbox 274 2145 402 2192; x_wconf 90' lang='lat' dir='ltr'>nota</span> <span class='ocrx_word' id='word_1_300' title='bbox 431 2136 698 2208; x_wconf 87' lang='lat' dir='ltr'>proferre</span> <span class='ocrx_word' id='word_1_301' title='bbox 731 2130 967 2203; x_wconf 88' lang='lat' dir='ltr'>pudeat.</span> <span class='ocrx_word' id='word_1_302' title='bbox 1003 2130 1191 2184; x_wconf 91' lang='lat' dir='ltr'>Verba</span> <span class='ocrx_word' id='word_1_303' title='bbox 1220 2127 1503 2183; x_wconf 90' lang='lat' dir='ltr'>inusitata</span> <span class='ocrx_word' id='word_1_304' title='bbox 1546 2129 1605 2179; x_wconf 86' lang='lat' dir='ltr'>et</span> <span class='ocrx_word' id='word_1_305' title='bbox 1661 2122 1766 2176; x_wconf 87' lang='lat' dir='ltr'>ob-</span> 
     </span>
    </p>
   </div>
   <div class='ocr_carea' id='block_1_37' title="bbox 157 2210 1768 2290">
    <p class='ocr_par' dir='ltr' id='par_1_37' title="bbox 157 2210 1768 2290">
     <span class='ocr_line' id='line_1_38' title="bbox 157 2210 1768 2290; baseline -0.009 -12"><span class='ocrx_word' id='word_1_306' title='bbox 157 2241 300 2280; x_wconf 87' lang='lat' dir='ltr'>scura</span> <span class='ocrx_word' id='word_1_307' title='bbox 319 2225 568 2280; x_wconf 72' lang='lat' dir='ltr'>Dallazus</span> <span class='ocrx_word' id='word_1_308' title='bbox 601 2227 721 2276; x_wconf 88' lang='lat' dir='ltr'>tam</span> <span class='ocrx_word' id='word_1_309' title='bbox 754 2221 1096 2290; x_wconf 84' lang='lat' dir='ltr'>frequenter</span> <span class='ocrx_word' id='word_1_310' title='bbox 1125 2217 1348 2289; x_wconf 91' lang='lat' dir='ltr'>Ignatio</span> <span class='ocrx_word' id='word_1_311' title='bbox 1380 2219 1583 2270; x_wconf 91' lang='lat' dir='ltr'>nostro</span> <span class='ocrx_word' id='word_1_312' title='bbox 1619 2210 1768 2282; x_wconf 91' lang='lat' dir='ltr'>obji-</span> 
     </span>
    </p>
   </div>
   <div class='ocr_carea' id='block_1_38' title="bbox 159 2301 1768 2381">
    <p class='ocr_par' dir='ltr' id='par_1_38' title="bbox 159 2301 1768 2381">
     <span class='ocr_line' id='line_1_39' title="bbox 159 2301 1768 2381; baseline -0.009 -13"><span class='ocrx_word' id='word_1_313' title='bbox 159 2316 241 2381; x_wconf 88' lang='lat' dir='ltr'>cit,</span> <span class='ocrx_word' id='word_1_314' title='bbox 261 2322 319 2370; x_wconf 91' lang='lat' dir='ltr'>ut</span> <span class='ocrx_word' id='word_1_315' title='bbox 342 2313 546 2371; x_wconf 88' lang='lat' dir='ltr'>credas</span> <span class='ocrx_word' id='word_1_316' title='bbox 581 2313 750 2368; x_wconf 91' lang='lat' dir='ltr'>illum</span> <span class='ocrx_word' id='word_1_317' title='bbox 781 2327 902 2365; x_wconf 92' lang='lat' dir='ltr'>non</span> <span class='ocrx_word' id='word_1_318' title='bbox 936 2309 1109 2364; x_wconf 89' lang='lat' dir='ltr'>aliter</span> <span class='ocrx_word' id='word_1_319' title='bbox 1128 2307 1434 2379; x_wconf 89' lang='lat' dir='ltr'>scripsisse</span> <span class='ocrx_word' id='word_1_320' title='bbox 1465 2301 1768 2375; x_wconf 86' lang='lat' dir='ltr'>epistolas,</span> 
     </span>
    </p>
   </div>
   <div class='ocr_carea' id='block_1_39' title="bbox 162 2391 1772 2474">
    <p class='ocr_par' dir='ltr' id='par_1_39' title="bbox 162 2391 1772 2474">
     <span class='ocr_line' id='line_1_40' title="bbox 162 2391 1772 2474; baseline -0.01 -15"><span class='ocrx_word' id='word_1_321' title='bbox 162 2421 312 2474; x_wconf 85' lang='lat' dir='ltr'>quam</span> <span class='ocrx_word' id='word_1_322' title='bbox 339 2405 472 2460; x_wconf 91' lang='lat' dir='ltr'>olim</span> <span class='ocrx_word' id='word_1_323' title='bbox 511 2402 871 2458; x_wconf 81' lang='lat' dir='ltr'>Alexarchus</span> <span class='ocrx_word' id='word_1_324' title='bbox 903 2397 1216 2454; x_wconf 87' lang='lat' dir='ltr'>Cassandri</span> <span class='ocrx_word' id='word_1_325' title='bbox 1274 2395 1457 2450; x_wconf 88' lang='lat' dir='ltr'>frater</span> <span class='ocrx_word' id='word_1_326' title='bbox 1512 2391 1772 2463; x_wconf 89' lang='lat' dir='ltr'>scripsit,</span> 
     </span>
    </p>
   </div>
   <div class='ocr_carea' id='block_1_40' title="bbox 157 2485 1773 2566">
    <p class='ocr_par' dir='ltr' id='par_1_40' title="bbox 157 2485 1773 2566">
     <span class='ocr_line' id='line_1_41' title="bbox 157 2485 1773 2566; baseline -0.009 -17"><span class='ocrx_word' id='word_1_327' title='bbox 157 2495 300 2564; x_wconf 86' lang='lat' dir='ltr'>cujus</span> <span class='ocrx_word' id='word_1_328' title='bbox 329 2493 574 2566; x_wconf 88' lang='lat' dir='ltr'>epistola</span> <span class='ocrx_word' id='word_1_329' title='bbox 605 2491 760 2564; x_wconf 88' lang='lat' dir='ltr'>apud</span> <span class='ocrx_word' id='word_1_330' title='bbox 779 2490 1128 2544; x_wconf 81' lang='lat' dir='ltr'>Athenaeum</span> <span class='ocrx_word' id='word_1_331' title='bbox 1161 2485 1259 2540; x_wconf 90' lang='lat' dir='ltr'>lib.</span> <span class='ocrx_word' id='word_1_332' title='bbox 1294 2501 1354 2538; x_wconf 83' lang='grc' dir='ltr'>ιιι</span> <span class='ocrx_word' id='word_1_333' title='bbox 1379 2486 1773 2552; x_wconf 89' lang='lat' dir='ltr'>exstat,quam</span> 
     </span>
    </p>
   </div>
   <div class='ocr_carea' id='block_1_41' title="bbox 157 2570 1774 2654">
    <p class='ocr_par' dir='ltr' id='par_1_41' title="bbox 157 2570 1774 2654">
     <span class='ocr_line' id='line_1_42' title="bbox 157 2570 1774 2654; baseline -0.008 -18"><span class='ocrx_word' id='word_1_334' title='bbox 157 2599 218 2636; x_wconf 91' lang='lat' dir='ltr'>ne</span> <span class='ocrx_word' id='word_1_335' title='bbox 248 2583 510 2654; x_wconf 82' lang='lat' dir='ltr'>Pythium</span> <span class='ocrx_word' id='word_1_336' title='bbox 544 2580 788 2653; x_wconf 88' lang='lat' dir='ltr'>quidem</span> <span class='ocrx_word' id='word_1_337' title='bbox 817 2576 1185 2632; x_wconf 83' lang='lat' dir='ltr'>intellexisse</span> <span class='ocrx_word' id='word_1_338' title='bbox 1219 2571 1406 2629; x_wconf 91' lang='lat' dir='ltr'>critici</span> <span class='ocrx_word' id='word_1_339' title='bbox 1464 2570 1774 2644; x_wconf 87' lang='lat' dir='ltr'>putabant,</span> 
     </span>
    </p>
   </div>
   <div class='ocr_carea' id='block_1_42' title="bbox 153 2658 1778 2745">
    <p class='ocr_par' dir='ltr' id='par_1_42' title="bbox 153 2658 1778 2745">
     <span class='ocr_line' id='line_1_43' title="bbox 153 2658 1778 2745; baseline -0.008 -20"><span class='ocrx_word' id='word_1_340' title='bbox 153 2679 205 2725; x_wconf 85' lang='lat' dir='ltr'>ut</span> <span class='ocrx_word' id='word_1_341' title='bbox 229 2673 464 2729; x_wconf 73' lang='lat' dir='ltr'>Dallzeus</span> <span class='ocrx_word' id='word_1_342' title='bbox 494 2671 833 2745; x_wconf 88' lang='lat' dir='ltr'>Ignatianas</span> <span class='ocrx_word' id='word_1_343' title='bbox 866 2667 1148 2740; x_wconf 89' lang='lat' dir='ltr'>epistolas</span> <span class='ocrx_word' id='word_1_344' title='bbox 1180 2665 1375 2736; x_wconf 90' lang='lat' dir='ltr'>prisca</span> <span class='ocrx_word' id='word_1_345' title='bbox 1394 2662 1582 2717; x_wconf 74' lang='lat' dir='ltr'>Loxiaa</span> <span class='ocrx_word' id='word_1_346' title='bbox 1606 2658 1778 2730; x_wconf 86' lang='lat' dir='ltr'>Apol-</span> 
     </span>
    </p>
   </div>
   <div class='ocr_carea' id='block_1_43' title="bbox 154 2747 1778 2832">
    <p class='ocr_par' dir='ltr' id='par_1_43' title="bbox 154 2747 1778 2832">
     <span class='ocr_line' id='line_1_44' title="bbox 154 2747 1778 2832; baseline -0.007 -19"><span class='ocrx_word' id='word_1_347' title='bbox 154 2758 273 2815; x_wconf 89' lang='lat' dir='ltr'>linis</span> <span class='ocrx_word' id='word_1_348' title='bbox 301 2763 536 2817; x_wconf 90' lang='lat' dir='ltr'>oracula</span> <span class='ocrx_word' id='word_1_349' title='bbox 567 2759 844 2832; x_wconf 88' lang='lat' dir='ltr'>appellat.</span> <span class='ocrx_word' id='word_1_350' title='bbox 879 2757 1040 2812; x_wconf 82' lang='lat' dir='ltr'>illius</span> <span class='ocrx_word' id='word_1_351' title='bbox 1071 2753 1331 2827; x_wconf 64' lang='lat' dir='ltr'>epistola)</span> <span class='ocrx_word' id='word_1_352' title='bbox 1365 2750 1671 2821; x_wconf 91' lang='lat' dir='ltr'>inscriptio</span> <span class='ocrx_word' id='word_1_353' title='bbox 1695 2747 1778 2802; x_wconf 86' lang='lat' dir='ltr'>sic</span> 
     </span>
    </p>
   </div>
   <div class='ocr_carea' id='block_1_44' title="bbox 154 2836 1774 2921">
    <p class='ocr_par' dir='ltr' id='par_1_44' title="bbox 154 2836 1774 2921">
     <span class='ocr_line' id='line_1_45' title="bbox 154 2836 1774 2921; baseline -0.012 -14"><span class='ocrx_word' id='word_1_354' title='bbox 154 2851 286 2921; x_wconf 85' lang='lat' dir='ltr'>apud</span> <span class='ocrx_word' id='word_1_355' title='bbox 311 2852 656 2906; x_wconf 68' lang='lat' dir='ltr'>Athenaeum</span> <span class='ocrx_word' id='word_1_356' title='bbox 682 2847 1014 2919; x_wconf 85' lang='lat' dir='ltr'>concipitur</span> <span class='ocrx_word' id='word_1_357' title='bbox 1047 2862 1058 2899; x_wconf 96' lang='lat'>:</span> <span class='ocrx_word' id='word_1_358' title='bbox 1096 2841 1430 2915; x_wconf 73' lang='grc' dir='ltr'>Ἀλέξαρχος</span> <span class='ocrx_word' id='word_1_359' title='bbox 1462 2839 1488 2893; x_wconf 86' lang='grc' dir='ltr'>ὁ</span> <span class='ocrx_word' id='word_1_360' title='bbox 1545 2836 1774 2910; x_wconf 77' lang='grc' dir='ltr'>μάρμων</span> 
     </span>
    </p>
   </div>
   <div class='ocr_carea' id='block_1_45' title="bbox 158 2931 1778 3013">
    <p class='ocr_par' dir='ltr' id='par_1_45' title="bbox 158 2931 1778 3013">
     <span class='ocr_line' id='line_1_46' title="bbox 158 2931 1778 3013; baseline -0.007 -21"><span class='ocrx_word' id='word_1_361' title='bbox 158 2939 371 3011; x_wconf 77' lang='grc' dir='ltr'>πρόμοις</span> <span class='ocrx_word' id='word_1_362' title='bbox 399 2942 601 3013; x_wconf 79' lang='grc' dir='ltr'>γαθεῖν.</span> <span class='ocrx_word' id='word_1_363' title='bbox 635 2937 1018 2993; x_wconf 90' lang='lat' dir='ltr'>Casaubonus</span> <span class='ocrx_word' id='word_1_364' title='bbox 1067 2934 1335 2989; x_wconf 87' lang='lat' dir='ltr'>observat</span> <span class='ocrx_word' id='word_1_365' title='bbox 1390 2931 1451 2984; x_wconf 91' lang='lat' dir='ltr'>in</span> <span class='ocrx_word' id='word_1_366' title='bbox 1499 2946 1612 2984; x_wconf 88' lang='lat' dir='ltr'>ms.</span> <span class='ocrx_word' id='word_1_367' title='bbox 1672 2942 1778 2998; x_wconf 89' lang='lat' dir='ltr'>pro</span> 
     </span>
    </p>
   </div>
   <div class='ocr_carea' id='block_1_46' title="bbox 164 3017 1781 3103">
    <p class='ocr_par' dir='ltr' id='par_1_46' title="bbox 164 3017 1781 3103">
     <span class='ocr_line' id='line_1_47' title="bbox 164 3017 1781 3103; baseline -0.006 -22"><span class='ocrx_word' id='word_1_368' title='bbox 164 3029 370 3102; x_wconf 70' lang='grc' dir='ltr'>μάρμων</span> <span class='ocrx_word' id='word_1_369' title='bbox 400 3031 512 3103; x_wconf 90' lang='lat' dir='ltr'>legi</span> <span class='ocrx_word' id='word_1_370' title='bbox 552 3027 798 3102; x_wconf 75' lang='grc' dir='ltr'>μάρκων,</span> <span class='ocrx_word' id='word_1_371' title='bbox 833 3030 998 3098; x_wconf 89' lang='lat' dir='ltr'>putat</span> <span class='ocrx_word' id='word_1_372' title='bbox 1031 3023 1250 3096; x_wconf 75' lang='grc' dir='ltr'>μάρκων</span> <span class='ocrx_word' id='word_1_373' title='bbox 1282 3021 1617 3093; x_wconf 84' lang='lat' dir='ltr'>significare</span> <span class='ocrx_word' id='word_1_374' title='bbox 1667 3017 1781 3072; x_wconf 88' lang='lat' dir='ltr'>im-</span> 
     </span>
    </p>
   </div>
   <div class='ocr_carea' id='block_1_47' title="bbox 154 3107 1779 3187">
    <p class='ocr_par' dir='ltr' id='par_1_47' title="bbox 154 3107 1779 3187">
     <span class='ocr_line' id='line_1_48' title="bbox 154 3107 1779 3187; baseline -0.009 -15"><span class='ocrx_word' id='word_1_375' title='bbox 154 3125 482 3187; x_wconf 86' lang='lat' dir='ltr'>peratorem,</span> <span class='ocrx_word' id='word_1_376' title='bbox 516 3133 719 3187; x_wconf 83' lang='lat' dir='ltr'>regem</span> <span class='ocrx_word' id='word_1_377' title='bbox 747 3134 758 3182; x_wconf 92' lang='lat'><strong>;</strong></span> <span class='ocrx_word' id='word_1_378' title='bbox 792 3115 1195 3185; x_wconf 87' lang='lat' dir='ltr'>conjecturam</span> <span class='ocrx_word' id='word_1_379' title='bbox 1221 3111 1417 3164; x_wconf 85' lang='lat' dir='ltr'>ﬁrmat</span> <span class='ocrx_word' id='word_1_380' title='bbox 1447 3108 1640 3162; x_wconf 82' lang='lat' dir='ltr'>verbis</span> <span class='ocrx_word' id='word_1_381' title='bbox 1668 3107 1779 3159; x_wconf 84' lang='lat' dir='ltr'>He-</span> 
     </span>
    </p>
   </div>
   <div class='ocr_carea' id='block_1_48' title="bbox 157 3195 1782 3280">
    <p class='ocr_par' dir='ltr' id='par_1_48' title="bbox 157 3195 1782 3280">
     <span class='ocr_line' id='line_1_49' title="bbox 157 3195 1782 3280; baseline -0.007 -20"><span class='ocrx_word' id='word_1_382' title='bbox 157 3208 354 3278; x_wconf 81' lang='lat' dir='ltr'>sychii:</span> <span class='ocrx_word' id='word_1_383' title='bbox 389 3207 636 3280; x_wconf 73' lang='grc' dir='ltr'>Μάρκος,</span> <span class='ocrx_word' id='word_1_384' title='bbox 672 3203 887 3272; x_wconf 78' lang='grc' dir='ltr'>ἐντολή.</span> <span class='ocrx_word' id='word_1_385' title='bbox 923 3200 1331 3257; x_wconf 85' lang='lat' dir='ltr'>Infelicissime</span> <span class='ocrx_word' id='word_1_386' title='bbox 1393 3197 1612 3252; x_wconf 87' lang='lat' dir='ltr'>omnia.</span> <span class='ocrx_word' id='word_1_387' title='bbox 1672 3195 1782 3249; x_wconf 85' lang='lat' dir='ltr'>Ne-</span> 
     </span>
    </p>
   </div>
   <div class='ocr_carea' id='block_1_49' title="bbox 1871 1944 3516 2018">
    <p class='ocr_par' dir='ltr' id='par_1_49' title="bbox 1871 1944 3516 2018">
     <span class='ocr_line' id='line_1_50' title="bbox 1871 1944 3516 2018; baseline 0.002 -18"><span class='ocrx_word' id='word_1_388' title='bbox 1871 1947 2280 2018; x_wconf 80' lang='lat' dir='ltr'>presbyterum</span> <span class='ocrx_word' id='word_1_389' title='bbox 2339 1946 2525 2000; x_wconf 90' lang='lat' dir='ltr'>Deum</span> <span class='ocrx_word' id='word_1_390' title='bbox 2582 1944 2750 2012; x_wconf 85' lang='lat' dir='ltr'>dixit,</span> <span class='ocrx_word' id='word_1_391' title='bbox 2813 1950 2915 1999; x_wconf 91' lang='lat' dir='ltr'>aut</span> <span class='ocrx_word' id='word_1_392' title='bbox 2970 1945 3284 2003; x_wconf 89' lang='lat' dir='ltr'>diaconum</span> <span class='ocrx_word' id='word_1_393' title='bbox 3353 1950 3516 2005; x_wconf 88' lang='lat' dir='ltr'>Chri-</span> 
     </span>
    </p>
   </div>
   <div class='ocr_carea' id='block_1_50' title="bbox 1873 2032 3518 2108">
    <p class='ocr_par' dir='ltr' id='par_1_50' title="bbox 1873 2032 3518 2108">
     <span class='ocr_line' id='line_1_51' title="bbox 1873 2032 3518 2108; baseline 0.002 -18"><span class='ocrx_word' id='word_1_394' title='bbox 1873 2034 2089 2090; x_wconf 83' lang='lat' dir='ltr'>stum?</span> <span class='ocrx_word' id='word_1_395' title='bbox 2144 2033 2312 2089; x_wconf 88' lang='lat' dir='ltr'>Nullo</span> <span class='ocrx_word' id='word_1_396' title='bbox 2358 2033 2554 2087; x_wconf 93' lang='lat' dir='ltr'>modo.</span> <span class='ocrx_word' id='word_1_397' title='bbox 2609 2032 2698 2092; x_wconf 75' lang='lat' dir='ltr'>‘Qc</span> <span class='ocrx_word' id='word_1_398' title='bbox 2754 2034 3209 2091; x_wconf 91' lang='lat' dir='ltr'>similitudinem</span> <span class='ocrx_word' id='word_1_399' title='bbox 3258 2037 3518 2108; x_wconf 89' lang='lat' dir='ltr'>aliquam</span> 
     </span>
    </p>
   </div>
   <div class='ocr_carea' id='block_1_51' title="bbox 1875 2121 3520 2194">
    <p class='ocr_par' dir='ltr' id='par_1_51' title="bbox 1875 2121 3520 2194">
     <span class='ocr_line' id='line_1_52' title="bbox 1875 2121 3520 2194; baseline 0.001 -14"><span class='ocrx_word' id='word_1_400' title='bbox 1875 2123 2231 2180; x_wconf 85' lang='lat' dir='ltr'>denotat.Ad</span> <span class='ocrx_word' id='word_1_401' title='bbox 2254 2121 2634 2193; x_wconf 88' lang='lat' dir='ltr'>Evangelium</span> <span class='ocrx_word' id='word_1_402' title='bbox 2656 2121 2826 2194; x_wconf 81' lang='lat' dir='ltr'>fugit,</span> <span class='ocrx_word' id='word_1_403' title='bbox 2882 2139 2950 2178; x_wconf 91' lang='lat' dir='ltr'>ac</span> <span class='ocrx_word' id='word_1_404' title='bbox 2999 2125 3046 2178; x_wconf 91' lang='lat' dir='ltr'>si</span> <span class='ocrx_word' id='word_1_405' title='bbox 3097 2126 3170 2180; x_wconf 88' lang='lat' dir='ltr'>ad</span> <span class='ocrx_word' id='word_1_406' title='bbox 3223 2127 3520 2182; x_wconf 89' lang='lat' dir='ltr'>Christum</span> 
     </span>
    </p>
   </div>
   <div class='ocr_carea' id='block_1_52' title="bbox 1875 2209 3524 2288">
    <p class='ocr_par' dir='ltr' id='par_1_52' title="bbox 1875 2209 3524 2288">
     <span class='ocr_line' id='line_1_53' title="bbox 1875 2209 3524 2288; baseline 0.001 -21"><span class='ocrx_word' id='word_1_407' title='bbox 1875 2215 2248 2267; x_wconf 88' lang='lat' dir='ltr'>incarnatum</span> <span class='ocrx_word' id='word_1_408' title='bbox 2295 2210 2574 2282; x_wconf 81' lang='lat' dir='ltr'>fugeret;</span> <span class='ocrx_word' id='word_1_409' title='bbox 2633 2211 2695 2264; x_wconf 92' lang='lat' dir='ltr'>in</span> <span class='ocrx_word' id='word_1_410' title='bbox 2767 2209 2871 2265; x_wconf 88' lang='lat' dir='ltr'>illo</span> <span class='ocrx_word' id='word_1_411' title='bbox 2945 2213 3106 2268; x_wconf 90' lang='lat' dir='ltr'>enim</span> <span class='ocrx_word' id='word_1_412' title='bbox 3186 2215 3524 2288; x_wconf 78' lang='lat' dir='ltr'>depingitur</span> 
     </span>
    </p>
   </div>
   <div class='ocr_carea' id='block_1_53' title="bbox 1876 2300 3522 2375">
    <p class='ocr_par' dir='ltr' id='par_1_53' title="bbox 1876 2300 3522 2375">
     <span class='ocr_line' id='line_1_54' title="bbox 1876 2300 3522 2375; baseline 0.002 -19"><span class='ocrx_word' id='word_1_413' title='bbox 1876 2302 2229 2368; x_wconf 90' lang='lat' dir='ltr'>incarnatio,</span> <span class='ocrx_word' id='word_1_414' title='bbox 2290 2301 2428 2364; x_wconf 88' lang='lat' dir='ltr'>vita,</span> <span class='ocrx_word' id='word_1_415' title='bbox 2487 2300 2683 2371; x_wconf 87' lang='lat' dir='ltr'>passio</span> <span class='ocrx_word' id='word_1_416' title='bbox 2743 2300 2980 2356; x_wconf 87' lang='lat' dir='ltr'>Christi.</span> <span class='ocrx_word' id='word_1_417' title='bbox 3041 2302 3242 2358; x_wconf 90' lang='lat' dir='ltr'>Fidem</span> <span class='ocrx_word' id='word_1_418' title='bbox 3283 2305 3522 2375; x_wconf 90' lang='lat' dir='ltr'>quidem</span> 
     </span>
    </p>
   </div>
   <div class='ocr_carea' id='block_1_54' title="bbox 1881 2389 3522 2464">
    <p class='ocr_par' dir='ltr' id='par_1_54' title="bbox 1881 2389 3522 2464">
     <span class='ocr_line' id='line_1_55' title="bbox 1881 2389 3522 2464; baseline 0.001 -17"><span class='ocrx_word' id='word_1_419' title='bbox 1881 2407 2122 2447; x_wconf 90' lang='lat' dir='ltr'>carnem</span> <span class='ocrx_word' id='word_1_420' title='bbox 2155 2389 2393 2452; x_wconf 90' lang='lat' dir='ltr'>Christi,</span> <span class='ocrx_word' id='word_1_421' title='bbox 2423 2393 2482 2443; x_wconf 91' lang='lat' dir='ltr'>et</span> <span class='ocrx_word' id='word_1_422' title='bbox 2504 2389 2854 2444; x_wconf 89' lang='lat' dir='ltr'>charitatem</span> <span class='ocrx_word' id='word_1_423' title='bbox 2884 2391 3232 2463; x_wconf 87' lang='lat' dir='ltr'>sanguinem</span> <span class='ocrx_word' id='word_1_424' title='bbox 3283 2394 3522 2464; x_wconf 89' lang='lat' dir='ltr'>Christi,</span> 
     </span>
    </p>
   </div>
   <div class='ocr_carea' id='block_1_55' title="bbox 1880 2477 3522 2553">
    <p class='ocr_par' dir='ltr' id='par_1_55' title="bbox 1880 2477 3522 2553">
     <span class='ocr_line' id='line_1_56' title="bbox 1880 2477 3522 2553; baseline 0.002 -18"><span class='ocrx_word' id='word_1_425' title='bbox 1880 2479 2159 2552; x_wconf 90' lang='lat' dir='ltr'>appellat,</span> <span class='ocrx_word' id='word_1_426' title='bbox 2193 2495 2314 2532; x_wconf 93' lang='lat' dir='ltr'>non</span> <span class='ocrx_word' id='word_1_427' title='bbox 2346 2477 2742 2550; x_wconf 84' lang='lat' dir='ltr'>singulariter,</span> <span class='ocrx_word' id='word_1_428' title='bbox 2793 2496 2915 2534; x_wconf 92' lang='lat' dir='ltr'>non</span> <span class='ocrx_word' id='word_1_429' title='bbox 2972 2481 3343 2553; x_wconf 86' lang='lat' dir='ltr'>mirabiliter,</span> <span class='ocrx_word' id='word_1_430' title='bbox 3403 2501 3522 2539; x_wconf 91' lang='lat' dir='ltr'>non</span> 
     </span>
    </p>
   </div>
   <div class='ocr_carea' id='block_1_56' title="bbox 1885 2567 3524 2642">
    <p class='ocr_par' dir='ltr' id='par_1_56' title="bbox 1885 2567 3524 2642">
     <span class='ocr_line' id='line_1_57' title="bbox 1885 2567 3524 2642; baseline 0.002 -18"><span class='ocrx_word' id='word_1_431' title='bbox 1885 2568 2247 2642; x_wconf 87' lang='lat' dir='ltr'>prodigiose;</span> <span class='ocrx_word' id='word_1_432' title='bbox 2280 2568 2393 2621; x_wconf 91' lang='lat' dir='ltr'>hoc</span> <span class='ocrx_word' id='word_1_433' title='bbox 2423 2567 2582 2621; x_wconf 90' lang='lat' dir='ltr'>enim</span> <span class='ocrx_word' id='word_1_434' title='bbox 2614 2567 2764 2621; x_wconf 91' lang='lat' dir='ltr'>nihil</span> <span class='ocrx_word' id='word_1_435' title='bbox 2796 2568 2959 2622; x_wconf 85' lang='lat' dir='ltr'>aliud</span> <span class='ocrx_word' id='word_1_436' title='bbox 2990 2575 3098 2638; x_wconf 88' lang='lat' dir='ltr'>est,</span> <span class='ocrx_word' id='word_1_437' title='bbox 3130 2587 3309 2641; x_wconf 89' lang='lat' dir='ltr'>quam</span> <span class='ocrx_word' id='word_1_438' title='bbox 3341 2577 3524 2628; x_wconf 90' lang='lat' dir='ltr'>totam</span> 
     </span>
    </p>
   </div>
   <div class='ocr_carea' id='block_1_57' title="bbox 1881 2655 3526 2728">
    <p class='ocr_par' dir='ltr' id='par_1_57' title="bbox 1881 2655 3526 2728">
     <span class='ocr_line' id='line_1_58' title="bbox 1881 2655 3526 2728; baseline 0.001 -14"><span class='ocrx_word' id='word_1_439' title='bbox 1881 2656 2186 2728; x_wconf 88' lang='lat' dir='ltr'>religionis</span> <span class='ocrx_word' id='word_1_440' title='bbox 2216 2655 2564 2710; x_wconf 64' lang='lat' dir='ltr'>Christiana;</span> <span class='ocrx_word' id='word_1_441' title='bbox 2596 2656 2714 2710; x_wconf 82' lang='lat' dir='ltr'>vim</span> <span class='ocrx_word' id='word_1_442' title='bbox 2741 2661 2798 2709; x_wconf 90' lang='lat' dir='ltr'>et</span> <span class='ocrx_word' id='word_1_443' title='bbox 2827 2657 3155 2712; x_wconf 83' lang='lat' dir='ltr'>efﬁcaciam</span> <span class='ocrx_word' id='word_1_444' title='bbox 3186 2660 3246 2713; x_wconf 92' lang='lat' dir='ltr'>in</span> <span class='ocrx_word' id='word_1_445' title='bbox 3295 2660 3410 2714; x_wconf 84' lang='lat' dir='ltr'>fide</span> <span class='ocrx_word' id='word_1_446' title='bbox 3468 2667 3526 2716; x_wconf 87' lang='lat' dir='ltr'>et</span> 
     </span>
    </p>
   </div>
   <div class='ocr_carea' id='block_1_58' title="bbox 1883 2753 3528 2828">
    <p class='ocr_par' dir='ltr' id='par_1_58' title="bbox 1883 2753 3528 2828">
     <span class='ocr_line' id='line_1_59' title="bbox 1883 2753 3528 2828; baseline 0.001 -16"><span class='ocrx_word' id='word_1_447' title='bbox 1883 2755 2167 2812; x_wconf 88' lang='lat' dir='ltr'>charitate</span> <span class='ocrx_word' id='word_1_448' title='bbox 2191 2753 2502 2808; x_wconf 90' lang='lat' dir='ltr'>collocare.</span> <span class='ocrx_word' id='word_1_449' title='bbox 2539 2755 2816 2809; x_wconf 87' lang='lat' dir='ltr'>Hortatur</span> <span class='ocrx_word' id='word_1_450' title='bbox 2835 2759 2900 2810; x_wconf 93' lang='lat' dir='ltr'>ut</span> <span class='ocrx_word' id='word_1_451' title='bbox 2922 2757 3197 2828; x_wconf 89' lang='lat' dir='ltr'>episcopo</span> <span class='ocrx_word' id='word_1_452' title='bbox 3227 2758 3528 2827; x_wconf 88' lang='lat' dir='ltr'>obediant,</span> 
     </span>
    </p>
   </div>
   <div class='ocr_carea' id='block_1_59' title="bbox 1895 2842 3527 2917">
    <p class='ocr_par' dir='ltr' id='par_1_59' title="bbox 1895 2842 3527 2917">
     <span class='ocr_line' id='line_1_60' title="bbox 1895 2842 3527 2917; baseline 0.002 -18"><span class='ocrx_word' id='word_1_453' title='bbox 1895 2862 2010 2916; x_wconf 93' lang='lat' dir='ltr'>quo</span> <span class='ocrx_word' id='word_1_454' title='bbox 2043 2844 2185 2898; x_wconf 92' lang='lat' dir='ltr'>unio</span> <span class='ocrx_word' id='word_1_455' title='bbox 2217 2859 2420 2897; x_wconf 89' lang='lat' dir='ltr'>eorum</span> <span class='ocrx_word' id='word_1_456' title='bbox 2453 2842 2529 2896; x_wconf 90' lang='lat' dir='ltr'>sit</span> <span class='ocrx_word' id='word_1_457' title='bbox 2559 2843 2814 2898; x_wconf 88' lang='lat' dir='ltr'>carnalis</span> <span class='ocrx_word' id='word_1_458' title='bbox 2844 2849 2904 2898; x_wconf 89' lang='lat' dir='ltr'>et</span> <span class='ocrx_word' id='word_1_459' title='bbox 2932 2845 3256 2915; x_wconf 91' lang='lat' dir='ltr'>spiritualis</span> <span class='ocrx_word' id='word_1_460' title='bbox 3281 2864 3294 2913; x_wconf 93' lang='lat'>;</span> <span class='ocrx_word' id='word_1_461' title='bbox 3323 2847 3382 2901; x_wconf 88' lang='lat' dir='ltr'>id</span> <span class='ocrx_word' id='word_1_462' title='bbox 3416 2853 3527 2917; x_wconf 90' lang='lat' dir='ltr'>est,</span> 
     </span>
    </p>
   </div>
   <div class='ocr_carea' id='block_1_60' title="bbox 1885 2931 3527 3002">
    <p class='ocr_par' dir='ltr' id='par_1_60' title="bbox 1885 2931 3527 3002">
     <span class='ocr_line' id='line_1_61' title="bbox 1885 2931 3527 3002; baseline 0.001 -13"><span class='ocrx_word' id='word_1_463' title='bbox 1885 2939 1949 2989; x_wconf 93' lang='lat' dir='ltr'>ut</span> <span class='ocrx_word' id='word_1_464' title='bbox 1978 2949 2098 2987; x_wconf 92' lang='lat' dir='ltr'>non</span> <span class='ocrx_word' id='word_1_465' title='bbox 2126 2936 2355 2987; x_wconf 90' lang='lat' dir='ltr'>tantum</span> <span class='ocrx_word' id='word_1_466' title='bbox 2380 2948 2626 3002; x_wconf 89' lang='lat' dir='ltr'>corpore</span> <span class='ocrx_word' id='word_1_467' title='bbox 2657 2931 2718 2985; x_wconf 93' lang='lat' dir='ltr'>in</span> <span class='ocrx_word' id='word_1_468' title='bbox 2740 2931 3009 2987; x_wconf 90' lang='lat' dir='ltr'>eamdem</span> <span class='ocrx_word' id='word_1_469' title='bbox 3032 2933 3354 2990; x_wconf 90' lang='lat' dir='ltr'>Ecclesiam</span> <span class='ocrx_word' id='word_1_470' title='bbox 3385 2953 3527 2991; x_wconf 85' lang='lat' dir='ltr'>con-</span> 
     </span>
    </p>
   </div>
   <div class='ocr_carea' id='block_1_61' title="bbox 1884 3021 3527 3092">
    <p class='ocr_par' dir='ltr' id='par_1_61' title="bbox 1884 3021 3527 3092">
     <span class='ocr_line' id='line_1_62' title="bbox 1884 3021 3527 3092; baseline 0.002 -14"><span class='ocrx_word' id='word_1_471' title='bbox 1884 3023 2144 3090; x_wconf 90' lang='lat' dir='ltr'>veniant,</span> <span class='ocrx_word' id='word_1_472' title='bbox 2163 3022 2265 3076; x_wconf 90' lang='lat' dir='ltr'>sed</span> <span class='ocrx_word' id='word_1_473' title='bbox 2281 3022 2457 3076; x_wconf 89' lang='lat' dir='ltr'>etiam</span> <span class='ocrx_word' id='word_1_474' title='bbox 2477 3021 2693 3076; x_wconf 90' lang='lat' dir='ltr'>animis</span> <span class='ocrx_word' id='word_1_475' title='bbox 2706 3026 2882 3092; x_wconf 89' lang='lat' dir='ltr'>atque</span> <span class='ocrx_word' id='word_1_476' title='bbox 2905 3023 3217 3079; x_wconf 88' lang='lat' dir='ltr'>sententiis</span> <span class='ocrx_word' id='word_1_477' title='bbox 3237 3026 3527 3082; x_wconf 79' lang='lat' dir='ltr'>unitatem</span> 
     </span>
    </p>
   </div>
   <div class='ocr_carea' id='block_1_62' title="bbox 1889 3110 3530 3181">
    <p class='ocr_par' dir='ltr' id='par_1_62' title="bbox 1889 3110 3530 3181">
     <span class='ocr_line' id='line_1_63' title="bbox 1889 3110 3530 3181; baseline 0.002 -14"><span class='ocrx_word' id='word_1_478' title='bbox 1889 3112 2105 3167; x_wconf 90' lang='lat' dir='ltr'>colant.</span> <span class='ocrx_word' id='word_1_479' title='bbox 2142 3112 2336 3164; x_wconf 80' lang='lat' dir='ltr'>Monet</span> <span class='ocrx_word' id='word_1_480' title='bbox 2365 3110 2754 3181; x_wconf 88' lang='lat' dir='ltr'>Polycarpum</span> <span class='ocrx_word' id='word_1_481' title='bbox 2785 3116 2851 3164; x_wconf 94' lang='lat' dir='ltr'>ut</span> <span class='ocrx_word' id='word_1_482' title='bbox 2871 3110 3066 3167; x_wconf 90' lang='lat' dir='ltr'>locum</span> <span class='ocrx_word' id='word_1_483' title='bbox 3099 3130 3271 3168; x_wconf 90' lang='lat' dir='ltr'>suum</span> <span class='ocrx_word' id='word_1_484' title='bbox 3326 3115 3530 3170; x_wconf 72' lang='lat' dir='ltr'>defen~</span> 
     </span>
    </p>
   </div>
   <div class='ocr_carea' id='block_1_63' title="bbox 1893 3199 3534 3270">
    <p class='ocr_par' dir='ltr' id='par_1_63' title="bbox 1893 3199 3534 3270">
     <span class='ocr_line' id='line_1_64' title="bbox 1893 3199 3534 3270; baseline 0.002 -15"><span class='ocrx_word' id='word_1_485' title='bbox 1893 3200 2133 3268; x_wconf 87' lang='lat' dir='ltr'>dat,hoc</span> <span class='ocrx_word' id='word_1_486' title='bbox 2159 3204 2270 3265; x_wconf 87' lang='lat' dir='ltr'>est,</span> <span class='ocrx_word' id='word_1_487' title='bbox 2302 3199 2715 3254; x_wconf 90' lang='lat' dir='ltr'>auctoritatem</span> <span class='ocrx_word' id='word_1_488' title='bbox 2773 3216 2950 3270; x_wconf 88' lang='lat' dir='ltr'>quam</span> <span class='ocrx_word' id='word_1_489' title='bbox 2981 3201 3284 3257; x_wconf 89' lang='lat' dir='ltr'>obtinebat</span> <span class='ocrx_word' id='word_1_490' title='bbox 3341 3204 3400 3258; x_wconf 91' lang='lat' dir='ltr'>in</span> <span class='ocrx_word' id='word_1_491' title='bbox 3433 3207 3534 3260; x_wconf 89' lang='lat' dir='ltr'>Ec-</span> 
     </span>
    </p>
   </div>
   <div class='ocr_carea' id='block_1_64' title="bbox 159 3264 3534 3365">
    <p class='ocr_par' dir='ltr' id='par_1_64' title="bbox 159 3264 3534 3365">
     <span class='ocr_line' id='line_1_65' title="bbox 159 3264 3534 3365; baseline -0 -15"><span class='ocrx_word' id='word_1_492' title='bbox 159 3264 258 3365; x_wconf 42' lang='lat' dir='ltr'>q&#39;ue</span> <span class='ocrx_word' id='word_1_493' title='bbox 286 3298 437 3351; x_wconf 90' lang='lat' dir='ltr'>enim</span> <span class='ocrx_word' id='word_1_494' title='bbox 470 3264 839 3351; x_wconf 47' lang='lat' dir='ltr'>Alexarchus</span> <span class='ocrx_word' id='word_1_495' title='bbox 870 3293 1194 3363; x_wconf 90' lang='lat' dir='ltr'>imperator</span> <span class='ocrx_word' id='word_1_496' title='bbox 1225 3294 1326 3343; x_wconf 90' lang='lat' dir='ltr'>aut</span> <span class='ocrx_word' id='word_1_497' title='bbox 1355 3303 1457 3342; x_wconf 87' lang='lat' dir='ltr'>rex</span> <span class='ocrx_word' id='word_1_498' title='bbox 1489 3285 1639 3351; x_wconf 91' lang='lat' dir='ltr'>fuit;</span> <span class='ocrx_word' id='word_1_499' title='bbox 1673 3299 1779 3337; x_wconf 89' lang='lat' dir='ltr'>ne-</span> <span class='ocrx_word' id='word_1_500' title='bbox 1821 3264 1864 3332; x_wconf 64' lang='grc' dir='ltr'>(ἶ</span> <span class='ocrx_word' id='word_1_501' title='bbox 1897 3289 2078 3343; x_wconf 88' lang='lat' dir='ltr'>clesia</span> <span class='ocrx_word' id='word_1_502' title='bbox 2098 3288 2522 3357; x_wconf 90' lang='lat' dir='ltr'>tueatur,omni</span> <span class='ocrx_word' id='word_1_503' title='bbox 2551 3304 2692 3342; x_wconf 90' lang='lat' dir='ltr'>cura</span> <span class='ocrx_word' id='word_1_504' title='bbox 2717 3289 2940 3344; x_wconf 90' lang='lat' dir='ltr'>carnali</span> <span class='ocrx_word' id='word_1_505' title='bbox 2963 3295 3023 3344; x_wconf 90' lang='lat' dir='ltr'>et</span> <span class='ocrx_word' id='word_1_506' title='bbox 3053 3291 3534 3364; x_wconf 88' lang='lat' dir='ltr'>spirituali;quod</span> 
     </span>
    </p>
   </div>
   <div class='ocr_carea' id='block_1_65' title="bbox 159 3372 1778 3459">
    <p class='ocr_par' dir='ltr' id='par_1_65' title="bbox 159 3372 1778 3459">
     <span class='ocr_line' id='line_1_66' title="bbox 159 3372 1778 3459; baseline -0.009 -20"><span class='ocrx_word' id='word_1_507' title='bbox 159 3401 255 3454; x_wconf 84' lang='lat' dir='ltr'>que</span> <span class='ocrx_word' id='word_1_508' title='bbox 286 3384 484 3459; x_wconf 66' lang='grc' dir='ltr'>μάρκος</span> <span class='ocrx_word' id='word_1_509' title='bbox 512 3387 712 3440; x_wconf 75' lang='lat' dir='ltr'>Grzrce</span> <span class='ocrx_word' id='word_1_510' title='bbox 742 3383 1084 3448; x_wconf 84' lang='lat' dir='ltr'>mandatum,</span> <span class='ocrx_word' id='word_1_511' title='bbox 1120 3378 1434 3451; x_wconf 84' lang='lat' dir='ltr'>signiﬁcat.</span> <span class='ocrx_word' id='word_1_512' title='bbox 1466 3375 1574 3429; x_wconf 91' lang='lat' dir='ltr'>Illa</span> <span class='ocrx_word' id='word_1_513' title='bbox 1604 3372 1778 3427; x_wconf 89' lang='lat' dir='ltr'>verba</span> 
     </span>
    </p>
   </div>
   <div class='ocr_carea' id='block_1_66' title="bbox 157 3467 1778 3547">
    <p class='ocr_par' dir='ltr' id='par_1_66' title="bbox 157 3467 1778 3547">
     <span class='ocr_line' id='line_1_67' title="bbox 157 3467 1778 3547; baseline -0.007 -19"><span class='ocrx_word' id='word_1_514' title='bbox 157 3475 425 3547; x_wconf 86' lang='lat' dir='ltr'>Hesychii,</span> <span class='ocrx_word' id='word_1_515' title='bbox 448 3483 514 3531; x_wconf 92' lang='lat' dir='ltr'>ut</span> <span class='ocrx_word' id='word_1_516' title='bbox 540 3476 664 3531; x_wconf 91' lang='lat' dir='ltr'>alia</span> <span class='ocrx_word' id='word_1_517' title='bbox 685 3472 1030 3544; x_wconf 88' lang='lat' dir='ltr'>compluria,</span> <span class='ocrx_word' id='word_1_518' title='bbox 1058 3487 1128 3525; x_wconf 91' lang='lat' dir='ltr'>ex</span> <span class='ocrx_word' id='word_1_519' title='bbox 1159 3468 1340 3523; x_wconf 81' lang='lat' dir='ltr'>veteri</span> <span class='ocrx_word' id='word_1_520' title='bbox 1371 3467 1560 3521; x_wconf 85' lang='lat' dir='ltr'>lexico</span> <span class='ocrx_word' id='word_1_521' title='bbox 1613 3468 1778 3519; x_wconf 81' lang='lat' dir='ltr'>tran-</span> 
     </span>
    </p>
   </div>
   <div class='ocr_carea' id='block_1_67' title="bbox 160 3552 1783 3637">
    <p class='ocr_par' dir='ltr' id='par_1_67' title="bbox 160 3552 1783 3637">
     <span class='ocr_line' id='line_1_68' title="bbox 160 3552 1783 3637; baseline -0.008 -19"><span class='ocrx_word' id='word_1_522' title='bbox 160 3565 353 3637; x_wconf 87' lang='lat' dir='ltr'>scripta</span> <span class='ocrx_word' id='word_1_523' title='bbox 385 3571 544 3633; x_wconf 90' lang='lat' dir='ltr'>sunt,</span> <span class='ocrx_word' id='word_1_524' title='bbox 577 3581 693 3635; x_wconf 93' lang='lat' dir='ltr'>quo</span> <span class='ocrx_word' id='word_1_525' title='bbox 726 3561 1186 3618; x_wconf 88' lang='lat' dir='ltr'>continebantur</span> <span class='ocrx_word' id='word_1_526' title='bbox 1241 3557 1486 3612; x_wconf 89' lang='lat' dir='ltr'>nomina</span> <span class='ocrx_word' id='word_1_527' title='bbox 1543 3552 1783 3626; x_wconf 89' lang='lat' dir='ltr'>propria</span> 
     </span>
    </p>
   </div>
   <div class='ocr_carea' id='block_1_68' title="bbox 160 3643 1781 3719">
    <p class='ocr_par' dir='ltr' id='par_1_68' title="bbox 160 3643 1781 3719">
     <span class='ocr_line' id='line_1_69' title="bbox 160 3643 1781 3719; baseline -0.007 -13"><span class='ocrx_word' id='word_1_528' title='bbox 160 3655 277 3707; x_wconf 75' lang='lat' dir='ltr'>Novi</span> <span class='ocrx_word' id='word_1_529' title='bbox 300 3654 662 3711; x_wconf 88' lang='lat' dir='ltr'>Testamenti</span> <span class='ocrx_word' id='word_1_530' title='bbox 695 3651 767 3708; x_wconf 92' lang='lat' dir='ltr'>ad</span> <span class='ocrx_word' id='word_1_531' title='bbox 800 3650 1115 3706; x_wconf 84' lang='lat' dir='ltr'>Hebraicas</span> <span class='ocrx_word' id='word_1_532' title='bbox 1136 3647 1390 3719; x_wconf 85' lang='lat' dir='ltr'>origines</span> <span class='ocrx_word' id='word_1_533' title='bbox 1413 3644 1553 3700; x_wconf 88' lang='lat' dir='ltr'>satis</span> <span class='ocrx_word' id='word_1_534' title='bbox 1585 3643 1781 3712; x_wconf 92' lang='lat' dir='ltr'>inepte</span> 
     </span>
    </p>
   </div>
   <div class='ocr_carea' id='block_1_69' title="bbox 162 3731 1784 3811">
    <p class='ocr_par' dir='ltr' id='par_1_69' title="bbox 162 3731 1784 3811">
     <span class='ocr_line' id='line_1_70' title="bbox 162 3731 1784 3811; baseline -0.006 -18"><span class='ocrx_word' id='word_1_535' title='bbox 162 3741 345 3796; x_wconf 86' lang='lat' dir='ltr'>relata.</span> <span class='ocrx_word' id='word_1_536' title='bbox 374 3745 533 3798; x_wconf 87' lang='lat' dir='ltr'>Inter</span> <span class='ocrx_word' id='word_1_537' title='bbox 565 3742 686 3798; x_wconf 89' lang='lat' dir='ltr'>alia</span> <span class='ocrx_word' id='word_1_538' title='bbox 717 3739 872 3811; x_wconf 90' lang='lat' dir='ltr'>apud</span> <span class='ocrx_word' id='word_1_539' title='bbox 903 3740 1352 3807; x_wconf 83' lang='lat' dir='ltr'>Hieronymum,</span> <span class='ocrx_word' id='word_1_540' title='bbox 1379 3749 1508 3805; x_wconf 70' lang='lat' dir='ltr'>qum</span> <span class='ocrx_word' id='word_1_541' title='bbox 1532 3749 1603 3787; x_wconf 87' lang='lat' dir='ltr'>ex</span> <span class='ocrx_word' id='word_1_542' title='bbox 1630 3731 1784 3786; x_wconf 86' lang='lat' dir='ltr'>Actis</span> 
     </span>
    </p>
   </div>
   <div class='ocr_carea' id='block_1_70' title="bbox 158 3821 1783 3905">
    <p class='ocr_par' dir='ltr' id='par_1_70' title="bbox 158 3821 1783 3905">
     <span class='ocr_line' id='line_1_71' title="bbox 158 3821 1783 3905; baseline -0.007 -22"><span class='ocrx_word' id='word_1_543' title='bbox 158 3831 512 3905; x_wconf 89' lang='lat' dir='ltr'>colliguntur,</span> <span class='ocrx_word' id='word_1_544' title='bbox 575 3853 606 3880; x_wconf 87' lang='grc'>‹‹</span> <span class='ocrx_word' id='word_1_545' title='bbox 667 3833 915 3899; x_wconf 89' lang='lat' dir='ltr'>Marcus,</span> <span class='ocrx_word' id='word_1_546' title='bbox 973 3827 1376 3882; x_wconf 82' lang='lat' dir='ltr'>mandatum.»</span> <span class='ocrx_word' id='word_1_547' title='bbox 1434 3821 1592 3876; x_wconf 90' lang='lat' dir='ltr'>Talia</span> <span class='ocrx_word' id='word_1_548' title='bbox 1625 3824 1783 3885; x_wconf 88' lang='lat' dir='ltr'>sunt,</span> 
     </span>
    </p>
   </div>
   <div class='ocr_carea' id='block_1_71' title="bbox 161 3907 1784 3992">
    <p class='ocr_par' dir='ltr' id='par_1_71' title="bbox 161 3907 1784 3992">
     <span class='ocr_line' id='line_1_72' title="bbox 161 3907 1784 3992; baseline -0.011 -17"><span class='ocrx_word' id='word_1_549' title='bbox 161 3921 296 3990; x_wconf 80' lang='lat' dir='ltr'>apud</span> <span class='ocrx_word' id='word_1_550' title='bbox 347 3920 730 3992; x_wconf 82' lang='lat' dir='ltr'>Hesychium,</span> <span class='ocrx_word' id='word_1_551' title='bbox 793 3915 1016 3991; x_wconf 67' lang='grc' dir='ltr'>Πέτρος,</span> <span class='ocrx_word' id='word_1_552' title='bbox 1076 3910 1335 3979; x_wconf 72' lang='grc' dir='ltr'>ἐπιλύων,</span> <span class='ocrx_word' id='word_1_553' title='bbox 1394 3907 1784 3984; x_wconf 79' lang='grc' dir='ltr'>ἐπιγινώσκων,</span> 
     </span>
    </p>
   </div>
   <div class='ocr_carea' id='block_1_72' title="bbox 161 4003 1786 4081">
    <p class='ocr_par' dir='ltr' id='par_1_72' title="bbox 161 4003 1786 4081">
     <span class='ocr_line' id='line_1_73' title="bbox 161 4003 1786 4081; baseline -0.006 -21"><span class='ocrx_word' id='word_1_554' title='bbox 161 4010 297 4078; x_wconf 89' lang='lat' dir='ltr'>apud</span> <span class='ocrx_word' id='word_1_555' title='bbox 327 4011 781 4081; x_wconf 86' lang='lat' dir='ltr'>Hieronymum,</span> <span class='ocrx_word' id='word_1_556' title='bbox 816 4029 843 4057; x_wconf 85' lang='lat'><strong>«</strong></span> <span class='ocrx_word' id='word_1_557' title='bbox 877 4008 1105 4071; x_wconf 87' lang='lat' dir='ltr'>Petrus,</span> <span class='ocrx_word' id='word_1_558' title='bbox 1137 4017 1506 4072; x_wconf 86' lang='lat' dir='ltr'>agnoscens,»</span> <span class='ocrx_word' id='word_1_559' title='bbox 1541 4003 1597 4054; x_wconf 91' lang='lat' dir='ltr'>et</span> <span class='ocrx_word' id='word_1_560' title='bbox 1655 4014 1786 4052; x_wconf 83' lang='lat' dir='ltr'>rur-</span> 
     </span>
    </p>
   </div>
   <div class='ocr_carea' id='block_1_73' title="bbox 165 4085 1790 4166">
    <p class='ocr_par' dir='ltr' id='par_1_73' title="bbox 165 4085 1790 4166">
     <span class='ocr_line' id='line_1_74' title="bbox 165 4085 1790 4166; baseline -0.006 -18"><span class='ocrx_word' id='word_1_561' title='bbox 165 4112 276 4151; x_wconf 90' lang='lat' dir='ltr'>sum</span> <span class='ocrx_word' id='word_1_562' title='bbox 308 4115 318 4152; x_wconf 91' lang='lat'><strong>:</strong></span> <span class='ocrx_word' id='word_1_563' title='bbox 353 4122 379 4148; x_wconf 88' lang='lat'><strong>«</strong></span> <span class='ocrx_word' id='word_1_564' title='bbox 413 4102 653 4166; x_wconf 89' lang='lat' dir='ltr'>Petrus,</span> <span class='ocrx_word' id='word_1_565' title='bbox 686 4111 1000 4166; x_wconf 81' lang='lat' dir='ltr'>agnoscens,</span> <span class='ocrx_word' id='word_1_566' title='bbox 1035 4093 1153 4148; x_wconf 87' lang='lat' dir='ltr'>sive</span> <span class='ocrx_word' id='word_1_567' title='bbox 1185 4091 1498 4148; x_wconf 85' lang='lat' dir='ltr'>dissolvens.</span> <span class='ocrx_word' id='word_1_568' title='bbox 1536 4109 1564 4136; x_wconf 85' lang='lat'>»</span> <span class='ocrx_word' id='word_1_569' title='bbox 1619 4085 1790 4158; x_wconf 89' lang='lat' dir='ltr'>Apud</span> 
     </span>
    </p>
   </div>
   <div class='ocr_carea' id='block_1_74' title="bbox 162 4176 1788 4256">
    <p class='ocr_par' dir='ltr' id='par_1_74' title="bbox 162 4176 1788 4256">
     <span class='ocr_line' id='line_1_75' title="bbox 162 4176 1788 4256; baseline -0.008 -16"><span class='ocrx_word' id='word_1_570' title='bbox 162 4201 318 4252; x_wconf 88' lang='lat' dir='ltr'>quem</span> <span class='ocrx_word' id='word_1_571' title='bbox 353 4189 554 4256; x_wconf 88' lang='lat' dir='ltr'>etiam,</span> <span class='ocrx_word' id='word_1_572' title='bbox 591 4208 618 4237; x_wconf 87' lang='grc'><strong>‹‹</strong></span> <span class='ocrx_word' id='word_1_573' title='bbox 652 4183 940 4251; x_wconf 88' lang='lat' dir='ltr'>Priscilla,</span> <span class='ocrx_word' id='word_1_574' title='bbox 973 4196 1288 4250; x_wconf 82' lang='lat' dir='ltr'>agnoscens,</span> <span class='ocrx_word' id='word_1_575' title='bbox 1346 4177 1627 4250; x_wconf 87' lang='lat' dir='ltr'>Pyrrhus,</span> <span class='ocrx_word' id='word_1_576' title='bbox 1679 4176 1788 4229; x_wconf 82' lang='lat' dir='ltr'>dis-</span> 
     </span>
    </p>
   </div>
   <div class='ocr_carea' id='block_1_75' title="bbox 158 4265 1792 4345">
    <p class='ocr_par' dir='ltr' id='par_1_75' title="bbox 158 4265 1792 4345">
     <span class='ocr_line' id='line_1_76' title="bbox 158 4265 1792 4345; baseline -0.005 -20"><span class='ocrx_word' id='word_1_577' title='bbox 158 4274 365 4332; x_wconf 75' lang='lat' dir='ltr'>solvens.</span> <span class='ocrx_word' id='word_1_578' title='bbox 398 4298 426 4327; x_wconf 84' lang='lat'><strong>»</strong></span> <span class='ocrx_word' id='word_1_579' title='bbox 461 4275 632 4331; x_wconf 90' lang='lat' dir='ltr'>Unde</span> <span class='ocrx_word' id='word_1_580' title='bbox 664 4279 799 4345; x_wconf 89' lang='lat' dir='ltr'>post</span> <span class='ocrx_word' id='word_1_581' title='bbox 822 4271 1011 4326; x_wconf 90' lang='lat' dir='ltr'>multa</span> <span class='ocrx_word' id='word_1_582' title='bbox 1030 4275 1187 4324; x_wconf 90' lang='lat' dir='ltr'>recte</span> <span class='ocrx_word' id='word_1_583' title='bbox 1220 4266 1558 4322; x_wconf 89' lang='lat' dir='ltr'>concludit:</span> <span class='ocrx_word' id='word_1_584' title='bbox 1595 4286 1623 4314; x_wconf 88' lang='grc'>‹‹</span> <span class='ocrx_word' id='word_1_585' title='bbox 1658 4265 1792 4317; x_wconf 80' lang='lat' dir='ltr'>Haec</span> 
     </span>
    </p>
   </div>
   <div class='ocr_carea' id='block_1_76' title="bbox 162 4354 1794 4428">
    <p class='ocr_par' dir='ltr' id='par_1_76' title="bbox 162 4354 1794 4428">
     <span class='ocr_line' id='line_1_77' title="bbox 162 4354 1794 4428; baseline -0.007 -11"><span class='ocrx_word' id='word_1_586' title='bbox 162 4365 343 4421; x_wconf 88' lang='lat' dir='ltr'>omnia</span> <span class='ocrx_word' id='word_1_587' title='bbox 371 4367 576 4422; x_wconf 78' lang='lat' dir='ltr'>Graeca</span> <span class='ocrx_word' id='word_1_588' title='bbox 607 4363 856 4418; x_wconf 90' lang='lat' dir='ltr'>nomina</span> <span class='ocrx_word' id='word_1_589' title='bbox 886 4361 976 4415; x_wconf 89' lang='lat' dir='ltr'>vel</span> <span class='ocrx_word' id='word_1_590' title='bbox 1025 4361 1231 4414; x_wconf 83' lang='lat' dir='ltr'>Latina</span> <span class='ocrx_word' id='word_1_591' title='bbox 1280 4372 1456 4428; x_wconf 91' lang='lat' dir='ltr'>quam</span> <span class='ocrx_word' id='word_1_592' title='bbox 1505 4354 1794 4408; x_wconf 84' lang='lat' dir='ltr'>violenter</span> 
     </span>
    </p>
   </div>
   <div class='ocr_carea' id='block_1_77' title="bbox 161 4443 1791 4525">
    <p class='ocr_par' dir='ltr' id='par_1_77' title="bbox 161 4443 1791 4525">
     <span class='ocr_line' id='line_1_78' title="bbox 161 4443 1791 4525; baseline -0.006 -20"><span class='ocrx_word' id='word_1_593' title='bbox 161 4455 468 4510; x_wconf 84' lang='lat' dir='ltr'>secundum</span> <span class='ocrx_word' id='word_1_594' title='bbox 499 4455 769 4525; x_wconf 87' lang='lat' dir='ltr'>linguam</span> <span class='ocrx_word' id='word_1_595' title='bbox 801 4450 1149 4506; x_wconf 89' lang='lat' dir='ltr'>Hebraicam</span> <span class='ocrx_word' id='word_1_596' title='bbox 1205 4447 1596 4516; x_wconf 88' lang='lat' dir='ltr'>interpretata</span> <span class='ocrx_word' id='word_1_597' title='bbox 1650 4443 1791 4509; x_wconf 89' lang='lat' dir='ltr'>sint,</span> 
     </span>
    </p>
   </div>
   <div class='ocr_carea' id='block_1_78' title="bbox 160 4530 1791 4614">
    <p class='ocr_par' dir='ltr' id='par_1_78' title="bbox 160 4530 1791 4614">
     <span class='ocr_line' id='line_1_79' title="bbox 160 4530 1791 4614; baseline -0.009 -18"><span class='ocrx_word' id='word_1_598' title='bbox 160 4543 524 4614; x_wconf 88' lang='lat' dir='ltr'>perspicuum</span> <span class='ocrx_word' id='word_1_599' title='bbox 561 4559 696 4598; x_wconf 88' lang='lat' dir='ltr'>esse</span> <span class='ocrx_word' id='word_1_600' title='bbox 726 4546 868 4612; x_wconf 90' lang='lat' dir='ltr'>puto</span> <span class='ocrx_word' id='word_1_601' title='bbox 894 4538 1121 4594; x_wconf 90' lang='lat' dir='ltr'>lectori.</span> <span class='ocrx_word' id='word_1_602' title='bbox 1159 4558 1186 4585; x_wconf 86' lang='lat'>»</span> <span class='ocrx_word' id='word_1_603' title='bbox 1219 4538 1345 4590; x_wconf 83' lang='lat' dir='ltr'>Non</span> <span class='ocrx_word' id='word_1_604' title='bbox 1373 4534 1552 4605; x_wconf 88' lang='lat' dir='ltr'>igitur</span> <span class='ocrx_word' id='word_1_605' title='bbox 1580 4532 1608 4584; x_wconf 88' lang='grc' dir='ltr'>ὁ</span> <span class='ocrx_word' id='word_1_606' title='bbox 1651 4530 1791 4606; x_wconf 80' lang='grc' dir='ltr'>μάρ-</span> 
     </span>
    </p>
   </div>
   <div class='ocr_carea' id='block_1_79' title="bbox 1903 3377 3532 3453">
    <p class='ocr_par' dir='ltr' id='par_1_79' title="bbox 1903 3377 3532 3453">
     <span class='ocr_line' id='line_1_80' title="bbox 1903 3377 3532 3453; baseline 0.003 -20"><span class='ocrx_word' id='word_1_607' title='bbox 1903 3379 2120 3433; x_wconf 89' lang='lat' dir='ltr'>mirum</span> <span class='ocrx_word' id='word_1_608' title='bbox 2152 3377 2376 3432; x_wconf 87' lang='lat' dir='ltr'>nemini</span> <span class='ocrx_word' id='word_1_609' title='bbox 2398 3377 2578 3433; x_wconf 90' lang='lat' dir='ltr'>videri</span> <span class='ocrx_word' id='word_1_610' title='bbox 2612 3378 2912 3449; x_wconf 89' lang='lat' dir='ltr'>debet,qui</span> <span class='ocrx_word' id='word_1_611' title='bbox 2946 3379 3088 3453; x_wconf 88' lang='lat' dir='ltr'>legit</span> <span class='ocrx_word' id='word_1_612' title='bbox 3117 3382 3228 3438; x_wconf 92' lang='lat' dir='ltr'>ista</span> <span class='ocrx_word' id='word_1_613' title='bbox 3257 3383 3483 3438; x_wconf 91' lang='lat' dir='ltr'>S.Pauli</span> <span class='ocrx_word' id='word_1_614' title='bbox 3518 3402 3532 3439; x_wconf 91' lang='lat'><strong>:</strong></span> 
     </span>
    </p>
   </div>
   <div class='ocr_carea' id='block_1_80' title="bbox 1888 3466 3537 3538">
    <p class='ocr_par' dir='ltr' id='par_1_80' title="bbox 1888 3466 3537 3538">
     <span class='ocr_line' id='line_1_81' title="bbox 1888 3466 3537 3538; baseline 0.006 -19"><span class='ocrx_word' id='word_1_615' title='bbox 1888 3466 2216 3538; x_wconf 85' lang='grc' dir='ltr'>Ὑπωηιάζῳ</span> <span class='ocrx_word' id='word_1_616' title='bbox 2279 3486 2384 3538; x_wconf 75' lang='grc' dir='ltr'>μου</span> <span class='ocrx_word' id='word_1_617' title='bbox 2438 3466 2500 3520; x_wconf 82' lang='grc' dir='ltr'>τὸ</span> <span class='ocrx_word' id='word_1_618' title='bbox 2559 3471 2738 3538; x_wconf 79' lang='grc' dir='ltr'>σῶμα.</span> <span class='ocrx_word' id='word_1_619' title='bbox 2800 3470 3019 3524; x_wconf 85' lang='lat' dir='ltr'>Moneri</span> <span class='ocrx_word' id='word_1_620' title='bbox 3073 3469 3198 3525; x_wconf 85' lang='lat' dir='ltr'>vult</span> <span class='ocrx_word' id='word_1_621' title='bbox 3261 3473 3537 3529; x_wconf 89' lang='lat' dir='ltr'>mulieres</span> 
     </span>
    </p>
   </div>
   <div class='ocr_carea' id='block_1_81' title="bbox 1895 3556 3536 3633">
    <p class='ocr_par' dir='ltr' id='par_1_81' title="bbox 1895 3556 3536 3633">
     <span class='ocr_line' id='line_1_82' title="bbox 1895 3556 3536 3633; baseline 0.004 -23"><span class='ocrx_word' id='word_1_622' title='bbox 1895 3556 2368 3622; x_wconf 90' lang='lat' dir='ltr'>Christianas,ut</span> <span class='ocrx_word' id='word_1_623' title='bbox 2389 3556 2618 3610; x_wconf 89' lang='lat' dir='ltr'>maritis</span> <span class='ocrx_word' id='word_1_624' title='bbox 2648 3562 2939 3612; x_wconf 73' lang='lat' dir='ltr'>contentae</span> <span class='ocrx_word' id='word_1_625' title='bbox 2971 3559 3090 3614; x_wconf 90' lang='lat' dir='ltr'>sint</span> <span class='ocrx_word' id='word_1_626' title='bbox 3119 3576 3297 3616; x_wconf 90' lang='lat' dir='ltr'>carne</span> <span class='ocrx_word' id='word_1_627' title='bbox 3330 3568 3389 3616; x_wconf 90' lang='lat' dir='ltr'>et</span> <span class='ocrx_word' id='word_1_628' title='bbox 3421 3562 3536 3633; x_wconf 84' lang='lat' dir='ltr'>spi-</span> 
     </span>
    </p>
   </div>
   <div class='ocr_carea' id='block_1_82' title="bbox 1891 3646 3536 3722">
    <p class='ocr_par' dir='ltr' id='par_1_82' title="bbox 1891 3646 3536 3722">
     <span class='ocr_line' id='line_1_83' title="bbox 1891 3646 3536 3722; baseline 0.004 -23"><span class='ocrx_word' id='word_1_629' title='bbox 1891 3646 2150 3713; x_wconf 89' lang='lat' dir='ltr'>ritu,hoc</span> <span class='ocrx_word' id='word_1_630' title='bbox 2179 3650 2287 3711; x_wconf 91' lang='lat' dir='ltr'>est,</span> <span class='ocrx_word' id='word_1_631' title='bbox 2309 3666 2337 3693; x_wconf 85' lang='lat'>«</span> <span class='ocrx_word' id='word_1_632' title='bbox 2367 3649 2434 3699; x_wconf 90' lang='lat' dir='ltr'>ut</span> <span class='ocrx_word' id='word_1_633' title='bbox 2466 3661 2585 3700; x_wconf 91' lang='lat' dir='ltr'>non</span> <span class='ocrx_word' id='word_1_634' title='bbox 2616 3646 2934 3701; x_wconf 89' lang='lat' dir='ltr'>carnaliter</span> <span class='ocrx_word' id='word_1_635' title='bbox 2959 3651 3321 3716; x_wconf 90' lang='lat' dir='ltr'>tantum,sed</span> <span class='ocrx_word' id='word_1_636' title='bbox 3342 3667 3536 3722; x_wconf 89' lang='lat' dir='ltr'>neque</span> 
     </span>
    </p>
   </div>
   <div class='ocr_carea' id='block_1_83' title="bbox 1894 3733 3538 3803">
    <p class='ocr_par' dir='ltr' id='par_1_83' title="bbox 1894 3733 3538 3803">
     <span class='ocr_line' id='line_1_84' title="bbox 1894 3733 3538 3803; baseline 0.004 -16"><span class='ocrx_word' id='word_1_637' title='bbox 1894 3735 2091 3788; x_wconf 87' lang='lat' dir='ltr'>animo</span> <span class='ocrx_word' id='word_1_638' title='bbox 2124 3733 2546 3803; x_wconf 86' lang='lat' dir='ltr'>concupiscant</span> <span class='ocrx_word' id='word_1_639' title='bbox 2576 3734 2723 3788; x_wconf 88' lang='lat' dir='ltr'>alios</span> <span class='ocrx_word' id='word_1_640' title='bbox 2753 3735 2929 3801; x_wconf 89' lang='lat' dir='ltr'>viros,</span> <span class='ocrx_word' id='word_1_641' title='bbox 2966 3758 2986 3784; x_wconf 76' lang='grc' dir='ltr'>ι</span> <span class='ocrx_word' id='word_1_642' title='bbox 3023 3742 3087 3792; x_wconf 92' lang='lat' dir='ltr'>ut</span> <span class='ocrx_word' id='word_1_643' title='bbox 3116 3744 3274 3794; x_wconf 87' lang='lat' dir='ltr'>recte</span> <span class='ocrx_word' id='word_1_644' title='bbox 3304 3740 3538 3796; x_wconf 85' lang='lat' dir='ltr'>Isaacus</span> 
     </span>
    </p>
   </div>
   <div class='ocr_carea' id='block_1_84' title="bbox 1899 3822 3540 3899">
    <p class='ocr_par' dir='ltr' id='par_1_84' title="bbox 1899 3822 3540 3899">
     <span class='ocr_line' id='line_1_85' title="bbox 1899 3822 3540 3899; baseline 0.004 -23"><span class='ocrx_word' id='word_1_645' title='bbox 1899 3823 2156 3876; x_wconf 85' lang='lat' dir='ltr'>Vossius.</span> <span class='ocrx_word' id='word_1_646' title='bbox 2191 3823 2256 3875; x_wconf 92' lang='lat' dir='ltr'>In</span> <span class='ocrx_word' id='word_1_647' title='bbox 2288 3822 2559 3876; x_wconf 90' lang='lat' dir='ltr'>eamdem</span> <span class='ocrx_word' id='word_1_648' title='bbox 2590 3823 2946 3878; x_wconf 90' lang='lat' dir='ltr'>sententiam</span> <span class='ocrx_word' id='word_1_649' title='bbox 2992 3824 3222 3881; x_wconf 91' lang='lat' dir='ltr'>locutus</span> <span class='ocrx_word' id='word_1_650' title='bbox 3279 3828 3540 3899; x_wconf 86' lang='lat' dir='ltr'>lgnatius</span> 
     </span>
    </p>
   </div>
   <div class='ocr_carea' id='block_1_85' title="bbox 1898 3909 3540 3980">
    <p class='ocr_par' dir='ltr' id='par_1_85' title="bbox 1898 3909 3540 3980">
     <span class='ocr_line' id='line_1_86' title="bbox 1898 3909 3540 3980; baseline 0.004 -15"><span class='ocrx_word' id='word_1_651' title='bbox 1898 3915 2102 3965; x_wconf 86' lang='lat' dir='ltr'>noster</span> <span class='ocrx_word' id='word_1_652' title='bbox 2131 3910 2192 3963; x_wconf 90' lang='lat' dir='ltr'>in</span> <span class='ocrx_word' id='word_1_653' title='bbox 2224 3909 2474 3980; x_wconf 88' lang='lat' dir='ltr'>epistola</span> <span class='ocrx_word' id='word_1_654' title='bbox 2505 3909 2578 3964; x_wconf 91' lang='lat' dir='ltr'>ad</span> <span class='ocrx_word' id='word_1_655' title='bbox 2599 3911 3023 3980; x_wconf 90' lang='lat' dir='ltr'>Ephesios,sed</span> <span class='ocrx_word' id='word_1_656' title='bbox 3047 3913 3222 3968; x_wconf 87' lang='lat' dir='ltr'>verba</span> <span class='ocrx_word' id='word_1_657' title='bbox 3247 3917 3540 3971; x_wconf 88' lang='lat' dir='ltr'>truncavit</span> 
     </span>
    </p>
   </div>
   <div class='ocr_carea' id='block_1_86' title="bbox 1899 3998 3534 4072">
    <p class='ocr_par' dir='ltr' id='par_1_86' title="bbox 1899 3998 3534 4072">
     <span class='ocr_line' id='line_1_87' title="bbox 1899 3998 3534 4072; baseline 0.001 -18"><span class='ocrx_word' id='word_1_658' title='bbox 1899 4000 2170 4066; x_wconf 69' lang='lat' dir='ltr'>Dallzeus,</span> <span class='ocrx_word' id='word_1_659' title='bbox 2204 4004 2269 4052; x_wconf 91' lang='lat' dir='ltr'>ut</span> <span class='ocrx_word' id='word_1_660' title='bbox 2299 3998 2484 4068; x_wconf 88' lang='lat' dir='ltr'>magis</span> <span class='ocrx_word' id='word_1_661' title='bbox 2537 3998 2788 4054; x_wconf 88' lang='lat' dir='ltr'>obscura</span> <span class='ocrx_word' id='word_1_662' title='bbox 2826 3999 3181 4069; x_wconf 83' lang='lat' dir='ltr'>videremur,</span> <span class='ocrx_word' id='word_1_663' title='bbox 3244 3998 3427 4072; x_wconf 73' lang='grc' dir='ltr'>μένετε</span> <span class='ocrx_word' id='word_1_664' title='bbox 3483 3999 3534 4056; x_wconf 84' lang='grc' dir='ltr'>ἐν</span> 
     </span>
    </p>
   </div>
   <div class='ocr_carea' id='block_1_87' title="bbox 1899 4094 3537 4170">
    <p class='ocr_par' dir='ltr' id='par_1_87' title="bbox 1899 4094 3537 4170">
     <span class='ocr_line' id='line_1_88' title="bbox 1899 4094 3537 4170; baseline 0.003 -21"><span class='ocrx_word' id='word_1_665' title='bbox 1899 4099 2121 4170; x_wconf 82' lang='grc' dir='ltr'>Χριστῷ</span> <span class='ocrx_word' id='word_1_666' title='bbox 2148 4098 2419 4168; x_wconf 83' lang='grc' dir='ltr'>σαρκικῶς</span> <span class='ocrx_word' id='word_1_667' title='bbox 2450 4094 2541 4148; x_wconf 82' lang='grc' dir='ltr'>καὶ</span> <span class='ocrx_word' id='word_1_668' title='bbox 2571 4101 2969 4167; x_wconf 81' lang='grc' dir='ltr'>πνευματικῶς.</span> <span class='ocrx_word' id='word_1_669' title='bbox 3005 4100 3090 4152; x_wconf 89' lang='lat' dir='ltr'>Ita</span> <span class='ocrx_word' id='word_1_670' title='bbox 3120 4098 3316 4154; x_wconf 91' lang='lat' dir='ltr'>locum</span> <span class='ocrx_word' id='word_1_671' title='bbox 3375 4099 3537 4170; x_wconf 82' lang='lat' dir='ltr'>citat,</span> 
     </span>
    </p>
   </div>
   <div class='ocr_carea' id='block_1_88' title="bbox 1899 4185 3538 4260">
    <p class='ocr_par' dir='ltr' id='par_1_88' title="bbox 1899 4185 3538 4260">
     <span class='ocr_line' id='line_1_89' title="bbox 1899 4185 3538 4260; baseline 0.001 -18"><span class='ocrx_word' id='word_1_672' title='bbox 1899 4193 1964 4242; x_wconf 91' lang='lat' dir='ltr'>ut</span> <span class='ocrx_word' id='word_1_673' title='bbox 1993 4203 2027 4242; x_wconf 91' lang='lat' dir='ltr'>a</span> <span class='ocrx_word' id='word_1_674' title='bbox 2057 4186 2430 4242; x_wconf 89' lang='lat' dir='ltr'>dolosissimo</span> <span class='ocrx_word' id='word_1_675' title='bbox 2465 4185 2770 4241; x_wconf 90' lang='lat' dir='ltr'>Blondello</span> <span class='ocrx_word' id='word_1_676' title='bbox 2803 4186 3109 4243; x_wconf 88' lang='lat' dir='ltr'>laudatum</span> <span class='ocrx_word' id='word_1_677' title='bbox 3141 4189 3380 4260; x_wconf 88' lang='lat' dir='ltr'>reperit.</span> <span class='ocrx_word' id='word_1_678' title='bbox 3423 4189 3538 4244; x_wconf 91' lang='lat' dir='ltr'>Sed</span> 
     </span>
    </p>
   </div>
   <div class='ocr_carea' id='block_1_89' title="bbox 1903 4273 3548 4354">
    <p class='ocr_par' dir='ltr' id='par_1_89' title="bbox 1903 4273 3548 4354">
     <span class='ocr_line' id='line_1_90' title="bbox 1903 4273 3548 4354; baseline -0.001 -23"><span class='ocrx_word' id='word_1_679' title='bbox 1903 4278 2131 4348; x_wconf 83' lang='lat' dir='ltr'>integra</span> <span class='ocrx_word' id='word_1_680' title='bbox 2163 4276 2461 4330; x_wconf 84' lang='lat' dir='ltr'>sententia</span> <span class='ocrx_word' id='word_1_681' title='bbox 2490 4280 2579 4330; x_wconf 87' lang='lat' dir='ltr'>est</span> <span class='ocrx_word' id='word_1_682' title='bbox 2611 4292 2624 4328; x_wconf 88' lang='lat'><strong>:</strong></span> <span class='ocrx_word' id='word_1_683' title='bbox 2659 4275 2747 4330; x_wconf 84' lang='grc' dir='ltr'>Ἐν</span> <span class='ocrx_word' id='word_1_684' title='bbox 2775 4273 2921 4349; x_wconf 75' lang='grc' dir='ltr'>πάσῃ</span> <span class='ocrx_word' id='word_1_685' title='bbox 2949 4274 3134 4349; x_wconf 76' lang='grc' dir='ltr'>ἁγνείᾳ</span> <span class='ocrx_word' id='word_1_686' title='bbox 3188 4275 3277 4330; x_wconf 87' lang='grc' dir='ltr'>καὶ</span> <span class='ocrx_word' id='word_1_687' title='bbox 3333 4296 3548 4354; x_wconf 77' lang='grc' dir='ltr'>σωφρο-</span> 
     </span>
    </p>
   </div>
   <div class='ocr_carea' id='block_1_90' title="bbox 1906 4363 3552 4442">
    <p class='ocr_par' dir='ltr' id='par_1_90' title="bbox 1906 4363 3552 4442">
     <span class='ocr_line' id='line_1_91' title="bbox 1906 4363 3552 4442; baseline 0.001 -24"><span class='ocrx_word' id='word_1_688' title='bbox 1906 4366 2038 4438; x_wconf 79' lang='grc' dir='ltr'>σύνῃ</span> <span class='ocrx_word' id='word_1_689' title='bbox 2077 4364 2263 4436; x_wconf 68' lang='grc' dir='ltr'>μένετε</span> <span class='ocrx_word' id='word_1_690' title='bbox 2293 4363 2344 4418; x_wconf 81' lang='grc' dir='ltr'>ἐν</span> <span class='ocrx_word' id='word_1_691' title='bbox 2375 4365 2556 4433; x_wconf 79' lang='grc' dir='ltr'>’[ησοῦ</span> <span class='ocrx_word' id='word_1_692' title='bbox 2597 4367 2815 4438; x_wconf 81' lang='grc' dir='ltr'>Χριστῷ</span> <span class='ocrx_word' id='word_1_693' title='bbox 2847 4369 3117 4442; x_wconf 82' lang='grc' dir='ltr'>σαρρικῶς</span> <span class='ocrx_word' id='word_1_694' title='bbox 3165 4367 3255 4420; x_wconf 82' lang='grc' dir='ltr'>καὶ</span> <span class='ocrx_word' id='word_1_695' title='bbox 3312 4386 3552 4440; x_wconf 80' lang='grc' dir='ltr'>πνευμα-</span> 
     </span>
    </p>
   </div>
   <div class='ocr_carea' id='block_1_91' title="bbox 1902 4453 3557 4525">
    <p class='ocr_par' dir='ltr' id='par_1_91' title="bbox 1902 4453 3557 4525">
     <span class='ocr_line' id='line_1_92' title="bbox 1902 4453 3557 4525; baseline 0.002 -17"><span class='ocrx_word' id='word_1_696' title='bbox 1902 4458 2090 4513; x_wconf 84' lang='grc' dir='ltr'>τικῶς.</span> <span class='ocrx_word' id='word_1_697' title='bbox 2122 4453 2301 4508; x_wconf 91' lang='lat' dir='ltr'>Vetus</span> <span class='ocrx_word' id='word_1_698' title='bbox 2333 4454 2629 4525; x_wconf 90' lang='lat' dir='ltr'>interpres</span> <span class='ocrx_word' id='word_1_699' title='bbox 2659 4472 2670 4509; x_wconf 93' lang='lat'><strong>:</strong></span> <span class='ocrx_word' id='word_1_700' title='bbox 2704 4477 2732 4504; x_wconf 86' lang='lat'>«</span> <span class='ocrx_word' id='word_1_701' title='bbox 2769 4455 2834 4509; x_wconf 91' lang='lat' dir='ltr'>ln</span> <span class='ocrx_word' id='word_1_702' title='bbox 2859 4457 3019 4512; x_wconf 91' lang='lat' dir='ltr'>omni</span> <span class='ocrx_word' id='word_1_703' title='bbox 3042 4457 3310 4512; x_wconf 91' lang='lat' dir='ltr'>castitate</span> <span class='ocrx_word' id='word_1_704' title='bbox 3335 4463 3394 4512; x_wconf 90' lang='lat' dir='ltr'>et</span> <span class='ocrx_word' id='word_1_705' title='bbox 3413 4463 3557 4511; x_wconf 87' lang='lat' dir='ltr'>tem-</span> 
     </span>
    </p>
   </div>
   <div class='ocr_carea' id='block_1_92' title="bbox 1907 4541 3558 4615">
    <p class='ocr_par' dir='ltr' id='par_1_92' title="bbox 1907 4541 3558 4615">
     <span class='ocr_line' id='line_1_93' title="bbox 1907 4541 3558 4615; baseline 0.001 -17"><span class='ocrx_word' id='word_1_706' title='bbox 1907 4541 2178 4615; x_wconf 87' lang='lat' dir='ltr'>perantia</span> <span class='ocrx_word' id='word_1_707' title='bbox 2209 4543 2499 4596; x_wconf 87' lang='lat' dir='ltr'>maneatis</span> <span class='ocrx_word' id='word_1_708' title='bbox 2529 4543 2591 4596; x_wconf 91' lang='lat' dir='ltr'>in</span> <span class='ocrx_word' id='word_1_709' title='bbox 2621 4544 2758 4597; x_wconf 85' lang='lat' dir='ltr'>Jesu</span> <span class='ocrx_word' id='word_1_710' title='bbox 2804 4544 3061 4614; x_wconf 89' lang='lat' dir='ltr'>Christo,</span> <span class='ocrx_word' id='word_1_711' title='bbox 3124 4545 3446 4601; x_wconf 88' lang='lat' dir='ltr'>carnaliter</span> <span class='ocrx_word' id='word_1_712' title='bbox 3501 4550 3558 4600; x_wconf 90' lang='lat' dir='ltr'>et</span> 
     </span>
    </p>
   </div>
   <div class='ocr_carea' id='block_1_93' title="bbox 165 4619 3556 4704">
    <p class='ocr_par' dir='ltr' id='par_1_93' title="bbox 165 4619 3556 4704">
     <span class='ocr_line' id='line_1_94' title="bbox 165 4619 3556 4704; baseline -0.003 -6"><span class='ocrx_word' id='word_1_713' title='bbox 165 4649 289 4700; x_wconf 78' lang='grc' dir='ltr'>μων,</span> <span class='ocrx_word' id='word_1_714' title='bbox 311 4649 504 4703; x_wconf 86' lang='lat' dir='ltr'>neque</span> <span class='ocrx_word' id='word_1_715' title='bbox 537 4631 566 4685; x_wconf 89' lang='grc' dir='ltr'>ὁ</span> <span class='ocrx_word' id='word_1_716' title='bbox 605 4629 828 4702; x_wconf 76' lang='grc' dir='ltr'>μάρκων</span> <span class='ocrx_word' id='word_1_717' title='bbox 858 4628 930 4683; x_wconf 88' lang='lat' dir='ltr'>ad</span> <span class='ocrx_word' id='word_1_718' title='bbox 962 4625 1376 4689; x_wconf 87' lang='lat' dir='ltr'>Alexarchum,</span> <span class='ocrx_word' id='word_1_719' title='bbox 1406 4621 1638 4694; x_wconf 69' lang='lat' dir='ltr'>opinor.</span> <span class='ocrx_word' id='word_1_720' title='bbox 1666 4638 1802 4692; x_wconf 69' lang='grc' dir='ltr'>Ρθν·</span> <span class='ocrx_word' id='word_1_721' title='bbox 1835 4619 1879 4685; x_wconf 87' lang='lat' dir='ltr'><strong>D</strong></span> <span class='ocrx_word' id='word_1_722' title='bbox 1913 4632 2324 4704; x_wconf 89' lang='lat' dir='ltr'>spiritualiter.</span> <span class='ocrx_word' id='word_1_723' title='bbox 2360 4654 2387 4682; x_wconf 85' lang='lat'>»</span> <span class='ocrx_word' id='word_1_724' title='bbox 2416 4632 2565 4697; x_wconf 89' lang='lat' dir='ltr'>Quid</span> <span class='ocrx_word' id='word_1_725' title='bbox 2596 4638 2790 4689; x_wconf 88' lang='lat' dir='ltr'>autem</span> <span class='ocrx_word' id='word_1_726' title='bbox 2825 4634 2986 4689; x_wconf 89' lang='lat' dir='ltr'>aliud</span> <span class='ocrx_word' id='word_1_727' title='bbox 3015 4635 3107 4690; x_wconf 92' lang='lat' dir='ltr'>his</span> <span class='ocrx_word' id='word_1_728' title='bbox 3137 4637 3331 4692; x_wconf 87' lang='lat' dir='ltr'>verbis</span> <span class='ocrx_word' id='word_1_729' title='bbox 3389 4636 3556 4702; x_wconf 80' lang='lat' dir='ltr'>dixit,</span> 
     </span>
    </p>
   </div>
   <div class='ocr_carea' id='block_1_94' title="bbox 165 4708 1809 4793">
    <p class='ocr_par' dir='ltr' id='par_1_94' title="bbox 165 4708 1809 4793">
     <span class='ocr_line' id='line_1_95' title="bbox 165 4708 1809 4793; baseline -0.004 -22"><span class='ocrx_word' id='word_1_730' title='bbox 165 4718 430 4777; x_wconf 88' lang='lat' dir='ltr'>tinet.Sed</span> <span class='ocrx_word' id='word_1_731' title='bbox 463 4720 786 4793; x_wconf 89' lang='lat' dir='ltr'>legendum</span> <span class='ocrx_word' id='word_1_732' title='bbox 812 4717 1040 4771; x_wconf 90' lang='lat' dir='ltr'>videtur</span> <span class='ocrx_word' id='word_1_733' title='bbox 1062 4731 1184 4769; x_wconf 90' lang='lat' dir='ltr'>una</span> <span class='ocrx_word' id='word_1_734' title='bbox 1212 4729 1351 4767; x_wconf 90' lang='lat' dir='ltr'>voce</span> <span class='ocrx_word' id='word_1_735' title='bbox 1378 4708 1809 4782; x_wconf 71' lang='grc' dir='ltr'>ὁμαίμων.ῧᾶῐᾶ</span> 
     </span>
    </p>
   </div>
   <div class='ocr_carea' id='block_1_95' title="bbox 165 4799 1810 4880">
    <p class='ocr_par' dir='ltr' id='par_1_95' title="bbox 165 4799 1810 4880">
     <span class='ocr_line' id='line_1_96' title="bbox 165 4799 1810 4880; baseline -0.006 -20"><span class='ocrx_word' id='word_1_736' title='bbox 165 4814 244 4861; x_wconf 90' lang='lat' dir='ltr'>est</span> <span class='ocrx_word' id='word_1_737' title='bbox 270 4811 535 4880; x_wconf 86' lang='lat' dir='ltr'>epistola,</span> <span class='ocrx_word' id='word_1_738' title='bbox 592 4813 660 4864; x_wconf 91' lang='lat' dir='ltr'>ut</span> <span class='ocrx_word' id='word_1_739' title='bbox 719 4807 993 4862; x_wconf 85' lang='lat' dir='ltr'>observat</span> <span class='ocrx_word' id='word_1_740' title='bbox 1049 4804 1388 4863; x_wconf 79' lang='lat' dir='ltr'>Athenaeus,</span> <span class='ocrx_word' id='word_1_741' title='bbox 1448 4799 1522 4855; x_wconf 87' lang='lat' dir='ltr'>ad</span> <span class='ocrx_word' id='word_1_742' title='bbox 1577 4799 1810 4853; x_wconf 80' lang='grc' dir='ltr'>Κασσαν-</span> 
     </span>
    </p>
   </div>
   <div class='ocr_carea' id='block_1_96' title="bbox 166 4890 1808 4973">
    <p class='ocr_par' dir='ltr' id='par_1_96' title="bbox 166 4890 1808 4973">
     <span class='ocr_line' id='line_1_97' title="bbox 166 4890 1808 4973; baseline -0.005 -22"><span class='ocrx_word' id='word_1_743' title='bbox 166 4891 316 4970; x_wconf 82' lang='grc' dir='ltr'>δρὲων</span> <span class='ocrx_word' id='word_1_744' title='bbox 349 4896 655 4973; x_wconf 73' lang='grc' dir='ltr'>ἄρχοντας,</span> <span class='ocrx_word' id='word_1_745' title='bbox 693 4919 720 4948; x_wconf 93' lang='grc'>‹‹</span> <span class='ocrx_word' id='word_1_746' title='bbox 790 4892 1321 4951; x_wconf 86' lang='lat' dir='ltr'>Cassandrensium</span> <span class='ocrx_word' id='word_1_747' title='bbox 1346 4890 1746 4960; x_wconf 88' lang='lat' dir='ltr'>magistratus,</span> <span class='ocrx_word' id='word_1_748' title='bbox 1780 4908 1808 4936; x_wconf 92' lang='grc'><strong>››</strong></span> 
     </span>
    </p>
   </div>
   <div class='ocr_carea' id='block_1_97' title="bbox 165 4979 1809 5058">
    <p class='ocr_par' dir='ltr' id='par_1_97' title="bbox 165 4979 1809 5058">
     <span class='ocr_line' id='line_1_98' title="bbox 165 4979 1809 5058; baseline -0.005 -18"><span class='ocrx_word' id='word_1_749' title='bbox 165 4985 262 5042; x_wconf 88' lang='lat' dir='ltr'>hos</span> <span class='ocrx_word' id='word_1_750' title='bbox 317 4995 483 5045; x_wconf 82' lang='lat' dir='ltr'>vocat</span> <span class='ocrx_word' id='word_1_751' title='bbox 533 4985 796 5057; x_wconf 75' lang='grc' dir='ltr'>ὁμαίμων</span> <span class='ocrx_word' id='word_1_752' title='bbox 844 4982 1113 5058; x_wconf 76' lang='grc' dir='ltr'>πρόμους,</span> <span class='ocrx_word' id='word_1_753' title='bbox 1149 5001 1174 5034; x_wconf 74' lang='grc' dir='ltr'>ι</span> <span class='ocrx_word' id='word_1_754' title='bbox 1231 4979 1809 5051; x_wconf 88' lang='lat' dir='ltr'>consanguineorum</span> 
     </span>
    </p>
   </div>
   <div class='ocr_carea' id='block_1_98' title="bbox 169 5067 1812 5149">
    <p class='ocr_par' dir='ltr' id='par_1_98' title="bbox 169 5067 1812 5149">
     <span class='ocr_line' id='line_1_99' title="bbox 169 5067 1812 5149; baseline -0.005 -21"><span class='ocrx_word' id='word_1_755' title='bbox 169 5077 556 5149; x_wconf 87' lang='lat' dir='ltr'>magistratus,</span> <span class='ocrx_word' id='word_1_756' title='bbox 594 5092 702 5132; x_wconf 91' lang='lat' dir='ltr'>seu</span> <span class='ocrx_word' id='word_1_757' title='bbox 734 5073 1106 5146; x_wconf 78' lang='lat' dir='ltr'>praepositos,</span> <span class='ocrx_word' id='word_1_758' title='bbox 1141 5093 1168 5120; x_wconf 82' lang='lat'><strong>»</strong></span> <span class='ocrx_word' id='word_1_759' title='bbox 1203 5073 1346 5125; x_wconf 90' lang='lat' dir='ltr'>sunt</span> <span class='ocrx_word' id='word_1_760' title='bbox 1390 5068 1548 5124; x_wconf 90' lang='lat' dir='ltr'>enim</span> <span class='ocrx_word' id='word_1_761' title='bbox 1599 5067 1812 5141; x_wconf 85' lang='grc' dir='ltr'>πρόμοι</span> 
     </span>
    </p>
   </div>
   <div class='ocr_carea' id='block_1_99' title="bbox 169 5157 1814 5239">
    <p class='ocr_par' dir='ltr' id='par_1_99' title="bbox 169 5157 1814 5239">
     <span class='ocr_line' id='line_1_100' title="bbox 169 5157 1814 5239; baseline -0.005 -20"><span class='ocrx_word' id='word_1_762' title='bbox 169 5164 214 5215; x_wconf 73' lang='grc' dir='ltr'>οἱ</span> <span class='ocrx_word' id='word_1_763' title='bbox 244 5171 578 5239; x_wconf 82' lang='grc' dir='ltr'>προεστῶτες</span> <span class='ocrx_word' id='word_1_764' title='bbox 609 5186 624 5234; x_wconf 89' lang='grc'>;</span> <span class='ocrx_word' id='word_1_765' title='bbox 662 5162 1135 5233; x_wconf 85' lang='lat' dir='ltr'>consanguineos</span> <span class='ocrx_word' id='word_1_766' title='bbox 1155 5165 1353 5214; x_wconf 88' lang='lat' dir='ltr'>autem</span> <span class='ocrx_word' id='word_1_767' title='bbox 1387 5157 1647 5228; x_wconf 90' lang='lat' dir='ltr'>appellat</span> <span class='ocrx_word' id='word_1_768' title='bbox 1675 5159 1814 5211; x_wconf 89' lang='lat' dir='ltr'>Cas-</span> 
     </span>
    </p>
   </div>
   <div class='ocr_carea' id='block_1_100' title="bbox 169 5247 1812 5327">
    <p class='ocr_par' dir='ltr' id='par_1_100' title="bbox 169 5247 1812 5327">
     <span class='ocr_line' id='line_1_101' title="bbox 169 5247 1812 5327; baseline -0.004 -21"><span class='ocrx_word' id='word_1_769' title='bbox 169 5254 703 5327; x_wconf 85' lang='lat' dir='ltr'>sandrenses,quod</span> <span class='ocrx_word' id='word_1_770' title='bbox 737 5253 863 5324; x_wconf 87' lang='lat' dir='ltr'>ipse</span> <span class='ocrx_word' id='word_1_771' title='bbox 895 5248 1207 5306; x_wconf 85' lang='lat' dir='ltr'>Cassandri</span> <span class='ocrx_word' id='word_1_772' title='bbox 1239 5247 1394 5318; x_wconf 87' lang='lat' dir='ltr'>regis</span> <span class='ocrx_word' id='word_1_773' title='bbox 1423 5247 1606 5301; x_wconf 88' lang='lat' dir='ltr'>frater</span> <span class='ocrx_word' id='word_1_774' title='bbox 1634 5251 1812 5314; x_wconf 89' lang='lat' dir='ltr'>esset,</span> 
     </span>
    </p>
   </div>
   <div class='ocr_carea' id='block_1_101' title="bbox 174 5335 1815 5411">
    <p class='ocr_par' dir='ltr' id='par_1_101' title="bbox 174 5335 1815 5411">
     <span class='ocr_line' id='line_1_102' title="bbox 174 5335 1815 5411; baseline -0.003 -15"><span class='ocrx_word' id='word_1_775' title='bbox 174 5345 263 5411; x_wconf 88' lang='lat' dir='ltr'>qui</span> <span class='ocrx_word' id='word_1_776' title='bbox 293 5345 716 5401; x_wconf 86' lang='lat' dir='ltr'>Cassandriam</span> <span class='ocrx_word' id='word_1_777' title='bbox 761 5339 1049 5396; x_wconf 89' lang='lat' dir='ltr'>condidit.</span> <span class='ocrx_word' id='word_1_778' title='bbox 1109 5335 1422 5406; x_wconf 89' lang='lat' dir='ltr'>Inscriptio</span> <span class='ocrx_word' id='word_1_779' title='bbox 1479 5335 1661 5407; x_wconf 91' lang='lat' dir='ltr'>igitur</span> <span class='ocrx_word' id='word_1_780' title='bbox 1687 5336 1815 5391; x_wconf 67' lang='lat' dir='ltr'>haec</span> 
     </span>
    </p>
   </div>
   <div class='ocr_carea' id='block_1_102' title="bbox 168 5425 1818 5497">
    <p class='ocr_par' dir='ltr' id='par_1_102' title="bbox 168 5425 1818 5497">
     <span class='ocr_line' id='line_1_103' title="bbox 168 5425 1818 5497; baseline -0.003 -13"><span class='ocrx_word' id='word_1_781' title='bbox 168 5438 323 5488; x_wconf 83' lang='lat' dir='ltr'>sonat</span> <span class='ocrx_word' id='word_1_782' title='bbox 350 5451 361 5486; x_wconf 91' lang='lat'>:</span> <span class='ocrx_word' id='word_1_783' title='bbox 396 5457 423 5484; x_wconf 91' lang='grc'>‹‹</span> <span class='ocrx_word' id='word_1_784' title='bbox 461 5432 831 5489; x_wconf 87' lang='lat' dir='ltr'>Alexarchus</span> <span class='ocrx_word' id='word_1_785' title='bbox 859 5427 1432 5496; x_wconf 81' lang='lat' dir='ltr'>consanguineorum</span> <span class='ocrx_word' id='word_1_786' title='bbox 1464 5425 1818 5497; x_wconf 88' lang='lat' dir='ltr'>magistrati-</span> 
     </span>
    </p>
   </div>
   <div class='ocr_carea' id='block_1_103' title="bbox 169 5511 1811 5596">
    <p class='ocr_par' dir='ltr' id='par_1_103' title="bbox 169 5511 1811 5596">
     <span class='ocr_line' id='line_1_104' title="bbox 169 5511 1811 5596; baseline -0.004 -24"><span class='ocrx_word' id='word_1_787' title='bbox 169 5518 268 5576; x_wconf 83' lang='lat' dir='ltr'>bus</span> <span class='ocrx_word' id='word_1_788' title='bbox 320 5524 603 5596; x_wconf 63' lang='lat' dir='ltr'>gaudere,</span> <span class='ocrx_word' id='word_1_789' title='bbox 669 5541 697 5569; x_wconf 87' lang='grc'>››</span> <span class='ocrx_word' id='word_1_790' title='bbox 755 5526 936 5591; x_wconf 77' lang='grc' dir='ltr'>γαθεῖν</span> <span class='ocrx_word' id='word_1_791' title='bbox 971 5517 1130 5573; x_wconf 93' lang='lat' dir='ltr'>enim</span> <span class='ocrx_word' id='word_1_792' title='bbox 1162 5515 1320 5570; x_wconf 91' lang='lat' dir='ltr'>idem</span> <span class='ocrx_word' id='word_1_793' title='bbox 1362 5519 1451 5570; x_wconf 89' lang='lat' dir='ltr'>est</span> <span class='ocrx_word' id='word_1_794' title='bbox 1479 5516 1640 5585; x_wconf 93' lang='lat' dir='ltr'>quod</span> <span class='ocrx_word' id='word_1_795' title='bbox 1672 5511 1811 5591; x_wconf 80' lang='grc' dir='ltr'>χαί-</span> 
     </span>
    </p>
   </div>
   <div class='ocr_carea' id='block_1_104' title="bbox 170 5602 1812 5683">
    <p class='ocr_par' dir='ltr' id='par_1_104' title="bbox 170 5602 1812 5683">
     <span class='ocr_line' id='line_1_105' title="bbox 170 5602 1812 5683; baseline -0.002 -19"><span class='ocrx_word' id='word_1_796' title='bbox 170 5627 283 5682; x_wconf 78' lang='grc' dir='ltr'>ρειν.</span> <span class='ocrx_word' id='word_1_797' title='bbox 315 5612 480 5678; x_wconf 86' lang='lat' dir='ltr'>Quod</span> <span class='ocrx_word' id='word_1_798' title='bbox 511 5609 742 5683; x_wconf 88' lang='lat' dir='ltr'>vulgari</span> <span class='ocrx_word' id='word_1_799' title='bbox 792 5609 994 5681; x_wconf 91' lang='lat' dir='ltr'>lingua</span> <span class='ocrx_word' id='word_1_800' title='bbox 1050 5607 1250 5661; x_wconf 81' lang='lat' dir='ltr'>Graeca</span> <span class='ocrx_word' id='word_1_801' title='bbox 1303 5603 1384 5658; x_wconf 88' lang='lat' dir='ltr'>ita</span> <span class='ocrx_word' id='word_1_802' title='bbox 1441 5602 1812 5675; x_wconf 89' lang='lat' dir='ltr'>exprimitur,</span> 
     </span>
    </p>
   </div>
   <div class='ocr_carea' id='block_1_105' title="bbox 167 5690 1471 5777">
    <p class='ocr_par' dir='ltr' id='par_1_105' title="bbox 167 5690 1471 5777">
     <span class='ocr_line' id='line_1_106' title="bbox 167 5690 1471 5777; baseline -0.009 -19"><span class='ocrx_word' id='word_1_803' title='bbox 167 5700 488 5777; x_wconf 74' lang='grc' dir='ltr'>Ἀλέξαρχος</span> <span class='ocrx_word' id='word_1_804' title='bbox 514 5695 908 5772; x_wconf 82' lang='grc' dir='ltr'>Κασσανδρέων</span> <span class='ocrx_word' id='word_1_805' title='bbox 935 5694 1209 5771; x_wconf 78' lang='grc' dir='ltr'>ἅρχουσσι</span> <span class='ocrx_word' id='word_1_806' title='bbox 1239 5690 1471 5768; x_wconf 80' lang='grc' dir='ltr'>χαίρειν.</span> 
     </span>
    </p>
   </div>
   <div class='ocr_carea' id='block_1_106' title="bbox 1918 4722 3561 4792">
    <p class='ocr_par' dir='ltr' id='par_1_106' title="bbox 1918 4722 3561 4792">
     <span class='ocr_line' id='line_1_107' title="bbox 1918 4722 3561 4792; baseline 0.002 -17"><span class='ocrx_word' id='word_1_807' title='bbox 1918 4738 2092 4792; x_wconf 89' lang='lat' dir='ltr'>quam</span> <span class='ocrx_word' id='word_1_808' title='bbox 2126 4722 2286 4792; x_wconf 89' lang='lat' dir='ltr'>quod</span> <span class='ocrx_word' id='word_1_809' title='bbox 2317 4722 2370 4776; x_wconf 91' lang='lat' dir='ltr'>S.</span> <span class='ocrx_word' id='word_1_810' title='bbox 2404 4722 2624 4777; x_wconf 90' lang='lat' dir='ltr'>Paulus</span> <span class='ocrx_word' id='word_1_811' title='bbox 2683 4723 2731 4776; x_wconf 94' lang='lat' dir='ltr'>lI</span> <span class='ocrx_word' id='word_1_812' title='bbox 2788 4724 2917 4777; x_wconf 88' lang='lat' dir='ltr'>Cor.</span> <span class='ocrx_word' id='word_1_813' title='bbox 2969 4741 3064 4791; x_wconf 84' lang='lat' dir='ltr'>vn,</span> <span class='ocrx_word' id='word_1_814' title='bbox 3121 4729 3189 4780; x_wconf 75' lang='lat'><strong>1:</strong></span> <span class='ocrx_word' id='word_1_815' title='bbox 3241 4727 3561 4781; x_wconf 82' lang='lat' dir='ltr'>Mundemus</span> 
     </span>
    </p>
   </div>
   <div class='ocr_carea' id='block_1_107' title="bbox 1916 4811 3566 4883">
    <p class='ocr_par' dir='ltr' id='par_1_107' title="bbox 1916 4811 3566 4883">
     <span class='ocr_line' id='line_1_108' title="bbox 1916 4811 3566 4883; baseline 0.002 -18"><span class='ocrx_word' id='word_1_816' title='bbox 1916 4827 2014 4865; x_wconf 89' lang='lat' dir='ltr'>nos</span> <span class='ocrx_word' id='word_1_817' title='bbox 2032 4812 2099 4865; x_wconf 88' lang='lat' dir='ltr'>ab</span> <span class='ocrx_word' id='word_1_818' title='bbox 2130 4813 2278 4865; x_wconf 78' lang='lat' dir='ltr'>omni</span> <span class='ocrx_word' id='word_1_819' title='bbox 2309 4811 2752 4880; x_wconf 78' lang='lat' dir='ltr'>iniquinamento</span> <span class='ocrx_word' id='word_1_820' title='bbox 2773 4815 2957 4865; x_wconf 80' lang='lat' dir='ltr'>carnis</span> <span class='ocrx_word' id='word_1_821' title='bbox 3004 4820 3058 4866; x_wconf 85' lang='lat' dir='ltr'>et</span> <span class='ocrx_word' id='word_1_822' title='bbox 3103 4815 3356 4882; x_wconf 78' lang='lat' dir='ltr'>spiritus,</span> <span class='ocrx_word' id='word_1_823' title='bbox 3395 4817 3566 4883; x_wconf 79' lang='lat' dir='ltr'>perﬁ-</span> 
     </span>
    </p>
   </div>
   <div class='ocr_carea' id='block_1_108' title="bbox 1918 4900 3564 4972">
    <p class='ocr_par' dir='ltr' id='par_1_108' title="bbox 1918 4900 3564 4972">
     <span class='ocr_line' id='line_1_109' title="bbox 1918 4900 3564 4972; baseline 0.001 -18"><span class='ocrx_word' id='word_1_824' title='bbox 1918 4903 2113 4955; x_wconf 82' lang='lat' dir='ltr'>cientes</span> <span class='ocrx_word' id='word_1_825' title='bbox 2142 4900 2628 4969; x_wconf 82' lang='lat' dir='ltr'>sanctiﬁcationem</span> <span class='ocrx_word' id='word_1_826' title='bbox 2666 4903 2725 4954; x_wconf 76' lang='lat' dir='ltr'>in</span> <span class='ocrx_word' id='word_1_827' title='bbox 2771 4903 2966 4955; x_wconf 82' lang='lat' dir='ltr'>timore</span> <span class='ocrx_word' id='word_1_828' title='bbox 3021 4902 3114 4955; x_wconf 78' lang='lat' dir='ltr'>Dei</span> <span class='ocrx_word' id='word_1_829' title='bbox 3143 4904 3170 4954; x_wconf 84' lang='lat'><strong><em>?</em></strong></span> <span class='ocrx_word' id='word_1_830' title='bbox 3217 4903 3341 4956; x_wconf 84' lang='lat' dir='ltr'>Non</span> <span class='ocrx_word' id='word_1_831' title='bbox 3384 4902 3564 4972; x_wconf 89' lang='lat' dir='ltr'>igitur</span> 
     </span>
    </p>
   </div>
   <div class='ocr_carea' id='block_1_109' title="bbox 1919 4988 3566 5060">
    <p class='ocr_par' dir='ltr' id='par_1_109' title="bbox 1919 4988 3566 5060">
     <span class='ocr_line' id='line_1_110' title="bbox 1919 4988 3566 5060; baseline 0 -17"><span class='ocrx_word' id='word_1_832' title='bbox 1919 4989 2046 5044; x_wconf 63' lang='lat' dir='ltr'>haec</span> <span class='ocrx_word' id='word_1_833' title='bbox 2079 4989 2309 5043; x_wconf 81' lang='lat' dir='ltr'>obscura</span> <span class='ocrx_word' id='word_1_834' title='bbox 2339 4993 2497 5056; x_wconf 84' lang='lat' dir='ltr'>sunt,</span> <span class='ocrx_word' id='word_1_835' title='bbox 2540 4988 2643 5044; x_wconf 91' lang='lat' dir='ltr'>sed</span> <span class='ocrx_word' id='word_1_836' title='bbox 2674 4989 2986 5060; x_wconf 85' lang='lat' dir='ltr'>perspicua</span> <span class='ocrx_word' id='word_1_837' title='bbox 3017 4989 3180 5057; x_wconf 84' lang='lat' dir='ltr'>satis,</span> <span class='ocrx_word' id='word_1_838' title='bbox 3235 5005 3429 5060; x_wconf 87' lang='lat' dir='ltr'>neque</span> <span class='ocrx_word' id='word_1_839' title='bbox 3477 4989 3566 5044; x_wconf 88' lang='lat' dir='ltr'>lo-</span> 
     </span>
    </p>
   </div>
   <div class='ocr_carea' id='block_1_110' title="bbox 1921 5076 3568 5148">
    <p class='ocr_par' dir='ltr' id='par_1_110' title="bbox 1921 5076 3568 5148">
     <span class='ocr_line' id='line_1_111' title="bbox 1921 5076 3568 5148; baseline 0.001 -16"><span class='ocrx_word' id='word_1_840' title='bbox 1921 5078 2176 5133; x_wconf 91' lang='lat' dir='ltr'>cutionis</span> <span class='ocrx_word' id='word_1_841' title='bbox 2205 5076 2475 5146; x_wconf 86' lang='lat' dir='ltr'>exempla</span> <span class='ocrx_word' id='word_1_842' title='bbox 2496 5077 2734 5132; x_wconf 90' lang='lat' dir='ltr'>aliunde</span> <span class='ocrx_word' id='word_1_843' title='bbox 2757 5077 3078 5148; x_wconf 81' lang='lat' dir='ltr'>quaerenda</span> <span class='ocrx_word' id='word_1_844' title='bbox 3100 5078 3363 5144; x_wconf 86' lang='lat' dir='ltr'>sunt,ubi</span> <span class='ocrx_word' id='word_1_845' title='bbox 3391 5077 3568 5134; x_wconf 85' lang='lat' dir='ltr'>verba</span> 
     </span>
    </p>
   </div>
   <div class='ocr_carea' id='block_1_111' title="bbox 1923 5165 3575 5223">
    <p class='ocr_par' dir='ltr' id='par_1_111' title="bbox 1923 5165 3575 5223">
     <span class='ocr_line' id='line_1_112' title="bbox 1923 5165 3575 5223; baseline 0.001 -2"><span class='ocrx_word' id='word_1_846' title='bbox 1923 5183 2057 5221; x_wconf 91' lang='lat' dir='ltr'>cum</span> <span class='ocrx_word' id='word_1_847' title='bbox 2089 5167 2144 5221; x_wconf 94' lang='lat' dir='ltr'>S.</span> <span class='ocrx_word' id='word_1_848' title='bbox 2177 5165 2344 5218; x_wconf 86' lang='lat' dir='ltr'>Pauli</span> <span class='ocrx_word' id='word_1_849' title='bbox 2376 5165 2633 5220; x_wconf 90' lang='lat' dir='ltr'>dictione</span> <span class='ocrx_word' id='word_1_850' title='bbox 2666 5171 2724 5220; x_wconf 91' lang='lat' dir='ltr'>et</span> <span class='ocrx_word' id='word_1_851' title='bbox 2751 5168 3047 5222; x_wconf 89' lang='lat' dir='ltr'>sententia</span> <span class='ocrx_word' id='word_1_852' title='bbox 3090 5172 3206 5223; x_wconf 90' lang='lat' dir='ltr'>tam</span> <span class='ocrx_word' id='word_1_853' title='bbox 3232 5167 3382 5222; x_wconf 89' lang='lat' dir='ltr'>bene</span> <span class='ocrx_word' id='word_1_854' title='bbox 3432 5184 3575 5222; x_wconf 62' lang='lat' dir='ltr'>cono</span> 
     </span>
    </p>
   </div>
   <div class='ocr_carea' id='block_1_112' title="bbox 1924 5254 3569 5330">
    <p class='ocr_par' dir='ltr' id='par_1_112' title="bbox 1924 5254 3569 5330">
     <span class='ocr_line' id='line_1_113' title="bbox 1924 5254 3569 5330; baseline 0.001 -20"><span class='ocrx_word' id='word_1_855' title='bbox 1924 5255 2543 5323; x_wconf 88' lang='lat' dir='ltr'>veniunt.Quanquam</span> <span class='ocrx_word' id='word_1_856' title='bbox 2577 5254 2720 5324; x_wconf 90' lang='lat' dir='ltr'>quid</span> <span class='ocrx_word' id='word_1_857' title='bbox 2753 5257 2924 5310; x_wconf 90' lang='lat' dir='ltr'>estin</span> <span class='ocrx_word' id='word_1_858' title='bbox 2954 5257 3046 5311; x_wconf 91' lang='lat' dir='ltr'>his</span> <span class='ocrx_word' id='word_1_859' title='bbox 3077 5257 3286 5330; x_wconf 87' lang='lat' dir='ltr'>Ignatii</span> <span class='ocrx_word' id='word_1_860' title='bbox 3319 5255 3569 5311; x_wconf 90' lang='lat' dir='ltr'>locutio-</span> 
     </span>
    </p>
   </div>
   <div class='ocr_carea' id='block_1_113' title="bbox 1925 5341 3571 5416">
    <p class='ocr_par' dir='ltr' id='par_1_113' title="bbox 1925 5341 3571 5416">
     <span class='ocr_line' id='line_1_114' title="bbox 1925 5341 3571 5416; baseline 0 -19"><span class='ocrx_word' id='word_1_861' title='bbox 1925 5343 2100 5397; x_wconf 90' lang='lat' dir='ltr'>nibus</span> <span class='ocrx_word' id='word_1_862' title='bbox 2133 5342 2318 5411; x_wconf 85' lang='lat' dir='ltr'>magis</span> <span class='ocrx_word' id='word_1_863' title='bbox 2370 5341 2588 5395; x_wconf 90' lang='lat' dir='ltr'>mirum</span> <span class='ocrx_word' id='word_1_864' title='bbox 2620 5347 2721 5396; x_wconf 89' lang='lat' dir='ltr'>aut</span> <span class='ocrx_word' id='word_1_865' title='bbox 2770 5342 3089 5399; x_wconf 91' lang='lat' dir='ltr'>obscurum</span> <span class='ocrx_word' id='word_1_866' title='bbox 3149 5344 3405 5416; x_wconf 89' lang='lat' dir='ltr'>quamin</span> <span class='ocrx_word' id='word_1_867' title='bbox 3452 5343 3571 5398; x_wconf 88' lang='lat' dir='ltr'>illis</span> 
     </span>
    </p>
   </div>
   <div class='ocr_carea' id='block_1_114' title="bbox 1925 5430 3570 5504">
    <p class='ocr_par' dir='ltr' id='par_1_114' title="bbox 1925 5430 3570 5504">
     <span class='ocr_line' id='line_1_115' title="bbox 1925 5430 3570 5504; baseline 0 -17"><span class='ocrx_word' id='word_1_868' title='bbox 1925 5432 2116 5487; x_wconf 90' lang='lat' dir='ltr'>verbis</span> <span class='ocrx_word' id='word_1_869' title='bbox 2145 5430 2509 5496; x_wconf 89' lang='lat' dir='ltr'>Tertulliani,</span> <span class='ocrx_word' id='word_1_870' title='bbox 2563 5431 2634 5485; x_wconf 90' lang='lat' dir='ltr'>De</span> <span class='ocrx_word' id='word_1_871' title='bbox 2663 5431 2817 5485; x_wconf 82' lang='lat' dir='ltr'>cultu</span> <span class='ocrx_word' id='word_1_872' title='bbox 2846 5432 3186 5500; x_wconf 79' lang='lat' dir='ltr'>feminarum</span> <span class='ocrx_word' id='word_1_873' title='bbox 3217 5452 3276 5501; x_wconf 83' lang='grc' dir='ltr'>ιι,</span> <span class='ocrx_word' id='word_1_874' title='bbox 3337 5449 3467 5504; x_wconf 89' lang='lat' dir='ltr'>cap.</span> <span class='ocrx_word' id='word_1_875' title='bbox 3499 5436 3570 5487; x_wconf 88' lang='lat'>9:</span> 
     </span>
    </p>
   </div>
   <div class='ocr_carea' id='block_1_115' title="bbox 1928 5518 3580 5593">
    <p class='ocr_par' dir='ltr' id='par_1_115' title="bbox 1928 5518 3580 5593">
     <span class='ocr_line' id='line_1_116' title="bbox 1928 5518 3580 5593; baseline 0.003 -21"><span class='ocrx_word' id='word_1_876' title='bbox 1928 5544 1954 5572; x_wconf 75' lang='grc' dir='ltr'><strong><em>κ</em></strong></span> <span class='ocrx_word' id='word_1_877' title='bbox 1989 5520 2106 5577; x_wconf 89' lang='lat' dir='ltr'>Nos</span> <span class='ocrx_word' id='word_1_878' title='bbox 2137 5537 2342 5575; x_wconf 91' lang='lat' dir='ltr'>sumus</span> <span class='ocrx_word' id='word_1_879' title='bbox 2365 5518 2736 5574; x_wconf 90' lang='lat' dir='ltr'>circumcisio</span> <span class='ocrx_word' id='word_1_880' title='bbox 2768 5520 3349 5593; x_wconf 88' lang='lat' dir='ltr'>omnium,spiritalis</span> <span class='ocrx_word' id='word_1_881' title='bbox 3380 5526 3439 5577; x_wconf 91' lang='lat' dir='ltr'>et</span> <span class='ocrx_word' id='word_1_882' title='bbox 3457 5537 3580 5577; x_wconf 88' lang='lat' dir='ltr'>car-</span> 
     </span>
    </p>
   </div>
   <div class='ocr_carea' id='block_1_116' title="bbox 1923 5608 3580 5680">
    <p class='ocr_par' dir='ltr' id='par_1_116' title="bbox 1923 5608 3580 5680">
     <span class='ocr_line' id='line_1_117' title="bbox 1923 5608 3580 5680; baseline 0.001 -16"><span class='ocrx_word' id='word_1_883' title='bbox 1923 5610 2078 5665; x_wconf 91' lang='lat' dir='ltr'>nalis</span> <span class='ocrx_word' id='word_1_884' title='bbox 2110 5627 2122 5664; x_wconf 92' lang='lat'><strong>:</strong></span> <span class='ocrx_word' id='word_1_885' title='bbox 2152 5626 2290 5665; x_wconf 92' lang='lat' dir='ltr'>nam</span> <span class='ocrx_word' id='word_1_886' title='bbox 2322 5615 2381 5665; x_wconf 90' lang='lat' dir='ltr'>et</span> <span class='ocrx_word' id='word_1_887' title='bbox 2409 5608 2470 5664; x_wconf 91' lang='lat' dir='ltr'>in</span> <span class='ocrx_word' id='word_1_888' title='bbox 2494 5609 2707 5680; x_wconf 81' lang='lat' dir='ltr'>spiritu</span> <span class='ocrx_word' id='word_1_889' title='bbox 2744 5614 2801 5664; x_wconf 92' lang='lat' dir='ltr'>et</span> <span class='ocrx_word' id='word_1_890' title='bbox 2850 5609 2910 5663; x_wconf 92' lang='lat' dir='ltr'>in</span> <span class='ocrx_word' id='word_1_891' title='bbox 2966 5625 3144 5665; x_wconf 91' lang='lat' dir='ltr'>carne</span> <span class='ocrx_word' id='word_1_892' title='bbox 3185 5611 3404 5666; x_wconf 60' lang='lat' dir='ltr'>saeculo</span> <span class='ocrx_word' id='word_1_893' title='bbox 3463 5612 3580 5666; x_wconf 82' lang='lat' dir='ltr'>cir-</span> 
     </span>
    </p>
   </div>
   <div class='ocr_carea' id='block_1_117' title="bbox 1925 5699 3543 5770">
    <p class='ocr_par' dir='ltr' id='par_1_117' title="bbox 1925 5699 3543 5770">
     <span class='ocr_line' id='line_1_118' title="bbox 1925 5699 3543 5770; baseline 0.002 -16"><span class='ocrx_word' id='word_1_894' title='bbox 1925 5699 2367 5762; x_wconf 83' lang='lat' dir='ltr'>cumcidimur?</span> <span class='ocrx_word' id='word_1_895' title='bbox 2392 5723 2412 5750; x_wconf 76' lang='grc' dir='ltr'>ιι</span> <span class='ocrx_word' id='word_1_896' title='bbox 2448 5701 2574 5755; x_wconf 86' lang='lat' dir='ltr'>Non</span> <span class='ocrx_word' id='word_1_897' title='bbox 2598 5699 2730 5756; x_wconf 91' lang='lat' dir='ltr'>dico</span> <span class='ocrx_word' id='word_1_898' title='bbox 2761 5699 3045 5758; x_wconf 70' lang='lat' dir='ltr'>Dallaaum</span> <span class='ocrx_word' id='word_1_899' title='bbox 3091 5699 3460 5770; x_wconf 87' lang='lat' dir='ltr'>episcopatus</span> <span class='ocrx_word' id='word_1_900' title='bbox 3511 5717 3543 5757; x_wconf 78' lang='grc' dir='ltr'><strong>θ</strong></span> 
     </span>
    </p>
   </div>
  </div>
