3942 6302
397 333 515 400 151

399 462 752 540 hierarchize
785 456 986 514 odium
1011 461 1359 513 excwcasse,
1395 457 1511 516 quo
1551 439 1750 496 minus
1779 435 1905 489 haec
1963 431 2048 488 vi-

403 560 609 623 deret;
644 554 754 608 hoc
786 549 938 614 dico,
974 540 1447 615 praeconceptam
1478 531 1550 585 de
1591 529 1794 583 fictore
1849 521 2049 578 nescio

403 664 519 720 quo
544 645 743 713 inepto
767 633 1123 694 sententiam
1145 622 1665 698 impedivisse,quo
1679 615 1876 670 minus
1891 626 2052 665 men-

1309 719 1314 720 ,
1447 710 1480 720 ..
1727 704 1736 714 .
1861 719 1883 720 η
1900 699 2045 720 Αλε-

408 699 512 720 πη
645 699 664 713 .

405 745 525 794 tem
548 729 805 789 auctoris
829 722 1189 794 exquireret,
1223 719 1325 770 aut
1364 710 1652 783 optimum
1686 704 1816 775 ejus
1856 699 2049 756 verbis

406 839 646 884 sensum
681 824 738 875 et
769 815 870 872 tali
893 813 1014 867 viro
1033 809 1277 880 dignum
1309 804 1506 857 inesse
1529 793 2045 853 animadverteret.

471 931 580 988 Sed
613 934 670 984 et
699 922 936 981 vincula
968 933 1075 974 sua
1101 910 1437 986 spirituales
1482 900 1832 974 margaritas
1860 896 2044 961 dicit;

399 986 613 1080 hoeiad
641 1011 805 1092 ὄγκον
838 1010 1096 1084 pertinet
1127 1021 1138 1058 :
1164 1004 1225 1057 in
1256 1001 1328 1055 iis
1361 999 1525 1069 optat
1553 1004 1863 1062 resurgere
1899 986 2048 1052 ;hoc

400 1076 764 1171 audacius'et
793 1076 1042 1173 frigidus
1072 1099 1178 1150 est.
1216 1089 1302 1146 Ad
1334 1085 1476 1158 quid
1508 1083 1687 1156 igitur
1744 1076 2048 1151 pertinent

612 1165 924 1266 Polycarpi
957 1189 1016 1242 in
1040 1185 1165 1256 ipso
1201 1179 1368 1266 initio
1404 1171 1666 1246 epistolas
1699 1167 1771 1223 ad
1820 1165 2044 1235 Philip-

399 1303 635 1362 penses,
655 1283 726 1338 de
751 1278 958 1336 eadem
981 1272 1156 1345 plane
1188 1284 1271 1332 re,
1303 1263 1632 1330 iisdemque
1688 1252 1958 1320 vinculis,
1981 1255 2048 1307 ut

399 1346 652 1442 ridetur,
683 1376 743 1427 et
772 1385 842 1424 ex
874 1361 1202 1420 imitatione
1235 1357 1287 1410 S.
1322 1350 1554 1425 Iguatii,
1604 1346 1705 1401 ubi
1754 1349 2045 1412 martyres

399 1427 683 1525 describit
715 1478 729 1516 :
763 1453 907 1515 Τοὺς
939 1445 1323 1519 ἐνειλημένους
1372 1433 1755 1514 ἀγιοπρεπέσιν
1797 1427 2042 1502 δεσμοῖς,

401 1558 555 1616 ἅτινά
585 1556 695 1617 ἐςτι
727 1545 1040 1618 διαδήματα
1076 1544 1185 1596 τῶν
1217 1535 1441 1606 ἀληθῶς
1475 1529 1578 1585 ὐπὸ
1607 1529 1740 1583 Θεοῦ
1796 1522 1885 1578 καὶ
1943 1524 2041 1576 τοῦ

399 1611 604 1722 {inpiae
623 1611 779 1716 ἦμῶν
810 1611 1236 1707 ἆκλελεγμὲνων.
1260 1649 1286 1677 ιι
1330 1629 1583 1682 Innexos
1611 1614 1861 1672 vinculis
1890 1611 2042 1666 viros

401 1742 635 1796 sanctos
657 1725 1097 1791 decorantibus,
1130 1736 1259 1790 quas
1283 1718 1422 1771 sunt
1446 1709 1782 1766 diademata
1812 1718 2040 1767 eorum,

399 1830 557 1903 quia
585 1827 702 1881 Deo
731 1827 788 1878 et
816 1815 1065 1874 Domino
1117 1813 1319 1866 nostro
1367 1802 1541 1860 electi
1585 1801 1725 1854 sunt

396 1881 660 1975 ier—iitatus
691 1915 780 1967 est
809 1909 865 1963 S.
899 1902 1372 1974 Chrysostomus,
1397 1892 1468 1948 de
1510 1889 1565 1944 S.
1616 1883 1799 1942 Paulo
1848 1881 2038 1975 vincto

395 2009 694 2064 disserens
721 1990 1180 2065 εΙίαντὸςχρυαοῦ
1210 1977 1594 2056 λαμπροτέρας
1620 1971 1804 2031 αὺτοῖς
1831 1965 2036 2024 ἐδείκνυ

395 2098 490 2159 τὰς
522 2099 730 2169 χεῖρας,
780 2083 980 2143 παντὸς
1042 2074 1380 2147 διαδήματος
1439 2065 1747 2144 βασιλικοῦ.
1783 2084 1810 2112 ι(
1866 2057 2037 2116 Omni

397 2149 1006 2254 aurohsplendidiores
1029 2165 1289 2226 ostendit
1313 2162 1430 2216 illis
1451 2151 1857 2222 manus,omni
1877 2149 2038 2221 regio

398 2238 754 2332 diademate.
789 2288 816 2316 »
848 2260 1140 2335 Ignatium
1172 2259 1370 2310 autem
1413 2248 1677 2304 imitatus
1736 2246 1823 2298 est
1874 2238 2042 2308 Poly-

395 2386 609 2442 carpus
632 2383 644 2420 :
670 2379 806 2419 nam
841 2357 1177 2416 diademata
1205 2344 1538 2420 margaritis
1561 2354 1815 2396 mamme
1837 2335 2036 2391 ornari

397 2427 688 2518 solebant.
729 2451 1179 2521 Chrysostomus
1208 2437 1474 2495 oratione
1505 2435 1564 2487 in
1613 2431 1670 2486 S.
1724 2427 2038 2485 Meletium:

395 2548 644 2619 Καθάπερ
677 2562 759 2602 τις
783 2513 1038 2614 στέφανον
1067 2528 1285 2586 πλέκων
1319 2526 1579 2600 χρυσοῦν,
1606 2518 1721 2573 εἶτα
1767 2513 2033 2588 μαργαρί-

386 2659 482 2700 τας
517 2601 762 2698 ἐντιθεὶς,
799 2601 1218 2701 τῇιπυκ-ιότητι
1264 2619 1370 2670 τῶν
1427 2609 1594 2666 λίθων
1651 2601 2032 2679 λαμπρότερον

387 2727 665 2804 ἐργάζεται
723 2714 986 2787 διάδημα.
1029 2735 1054 2766 ιι
1104 2714 1174 2767 Ut
1221 2706 1518 2780 quispiam
1580 2713 1862 2756 coronam
1929 2710 2035 2750 au-

390 2835 554 2876 ream
615 2821 839 2874 texens,
890 2806 1030 2862 dein
1069 2797 1416 2872 margaritas
1482 2793 1817 2862 imponens,
1887 2800 2029 2839 con-

392 2873 654 2966 densatis
679 2899 975 2973 lapidibus
1002 2889 1374 2965 splendidius
1395 2883 1670 2940 diadema
1701 2873 2031 2933 efticit.»Ad

391 2963 549 3071 quod
603 2963 905 3067 pertinent
959 2963 1064 3040 illa
1147 2973 1554 3052 Lugdunensis
1623 2966 1897 3024 Ecclesia:
1961 2963 2032 3018 de

390 3085 750 3158 martyribus
807 3079 975 3135 suis:
1035 3073 1198 3125 Ὥστε
1260 3065 1349 3120 καὶ
1412 3062 1480 3117 τὰ
1564 3057 1735 3130 δεσμὰ
1823 3053 2029 3126 κόσμον

387 3148 640 3250 ἐμπρεπῆ
699 3166 1037 3243 περικεῖσθαι
1093 3158 1301 3223 αὐτοῖς,
1355 3153 1430 3214 ὡς
1509 3148 1696 3222 νύμφη
1755 3162 2032 3214 κεκοσμη-
2071 3170 2114 3238 C

393 3231 428 3250 ,_
504 3231 513 3250 ι
629 3231 640 3242 _
772 3231 781 3243 ι

389 3265 520 3340 μὲνη
617 3261 668 3317 ἰν
756 3255 1092 3332 κροσσωτοῖς
1185 3247 1414 3324 χρυσοῖς
1536 3231 1988 3305 πεποικιλμένοις
2017 3271 2029 3286 .

389 3379 417 3409 ιι
472 3355 633 3411 Adeo
694 3354 759 3404 ut
808 3343 1044 3400 vincula
1100 3340 1161 3393 in
1218 3336 1499 3391 decorum
1548 3326 1692 3400 ipsis
1753 3328 2030 3378 ornatum

390 3446 592 3502 addita
621 3437 897 3496 habuisse
918 3431 1279 3494 viderentur,
1311 3425 1500 3478 instar
1521 3432 1748 3489 sponsas
1780 3410 2031 3468 ﬁmbriis

388 3533 585 3591 aureis
613 3524 922 3597 variegatis
953 3524 1174 3576 ornata;
1203 3515 1230 3570 ‘I
1260 3537 1287 3564 »
1311 3515 1397 3568 Ita
1418 3511 1474 3566 S.
1507 3507 1831 3579 Cyprianus
1853 3501 2026 3573 epist.

389 3629 495 3678 ’77:
533 3644 561 3672 «
594 3616 810 3675 Dicatis
835 3615 951 3668 Deo
981 3604 1324 3664 hominibus
1351 3605 1409 3656 et
1440 3598 1617 3654 ﬁdem
1667 3609 1834 3650 suam
1892 3589 2031 3646 reli-

391 3715 554 3786 giosa
608 3708 820 3762 virtute
878 3697 1235 3758 testantibus
1288 3691 1638 3748 ornamenta
1681 3688 1820 3739 sunt
1893 3681 2027 3744 ista,

386 3818 507 3858 non
524 3795 760 3854 vincula
784 3808 922 3848 :nec
938 3786 1409 3844 Christianorum
1431 3776 1610 3850 pedes
1633 3773 1706 3829 ad
1729 3769 2028 3826 infamiam

385 3883 798 3963 copulant,sed
823 3872 1241 3938 clariticantad
1267 3883 1588 3932 coronam;
1613 3887 1638 3914 ››
1663 3877 1785 3917 non
1809 3865 2028 3928 tempo-

384 3948 594 4046 ralem,
626 3948 690 4032 ut
731 3966 1079 4046 opinor,sed
1111 3959 1476 4035 spiritualem
1504 3960 1560 4010 et
1590 3958 1894 4008 aeternam.
1921 3948 2029 4018 Op-

559 4036 870 4138 respondit
899 4036 1207 4115 Blondello
1238 4053 1472 4105 Isaacus
1534 4041 1795 4105 Vossius,
1853 4036 2026 4109 spiri-

386 4168 579 4225 tuales
631 4157 963 4230 nuncupari
1022 4148 1392 4221 margaritas,
1439 4141 1718 4214 quoniam
1752 4137 2027 4209 spiritua-

383 4259 502 4314 lem
521 4261 580 4311 et
599 4255 778 4308 vitam
801 4226 1085 4303 αξιοι-ηοω
1105 4238 1462 4312 promittunt
1488 4254 1502 4299 ;
1520 4247 1658 4288 nam
1681 4235 1738 4285 et
1753 4226 2028 4300 pretiosa:

394 4342 725 4416 margarita:
758 4332 1104 4393 assimilavit
1123 4342 1369 4401 regnum
1428 4322 1710 4379 oculorum
1766 4315 2030 4370 Christus

385 4403 558 4507 ipse.“
569 4430 682 4486 Sed
705 4427 920 4484 falsum
951 4424 1119 4494 putat
1147 4434 1275 4474 esse
1307 4410 1670 4475 Blondellus,
1715 4421 1849 4460 cum
1908 4403 2031 4456 vin—

386 4521 521 4578 cula
550 4513 882 4590 spiritualia
911 4511 1190 4565 dicuntur
1214 4523 1226 4573 ;
1252 4502 1461 4560 eodem
1494 4501 1648 4553 certe
1691 4491 1885 4556 modo,
1912 4506 2026 4560 quo

389 4565 521 4578 νυη.
551 4565 880 4590 ..,.----__----
1214 4565 1224 4573 ,

389 4611 603 4669 falsum
633 4611 740 4670 est,
775 4615 1069 4659 carcerem
1102 4612 1228 4653 esse
1260 4593 1499 4648 beatum
1534 4603 1547 4642 :
1582 4589 1638 4639 et
1689 4587 1888 4636 tamen
1945 4579 2026 4633 ita
2053 4565 2100 4629 Π

383 4667 644 4770 loquitur
665 4667 920 4767 optimus
952 4694 1011 4743 et
1038 4682 1399 4741 tersissimus
1428 4674 1681 4745 scriptor
1704 4672 1756 4726 S.
1789 4667 2022 4738 Cypria-

383 4806 518 4854 nus,
553 4765 724 4858 episti
759 4782 832 4839 ad
861 4775 1164 4849 Seagrium
1199 4790 1261 4838 ;«
1314 4769 1357 4823 Ο
1413 4765 1653 4820 beatum
1700 4772 2019 4821 carcerem,

384 4851 563 4950 quem
590 4851 905 4930 illustravit
933 4869 1126 4920 vestra
1155 4854 1472 4932 praesentia
1507 4852 1519 4906 l
1553 4853 1596 4907 Ο
1624 4851 1864 4905 beatum
1896 4861 2022 4901 car~

381 4937 707 5036 derem,qui
739 4959 1011 5016 homines
1041 4951 1146 5009 Dei
1181 4946 1363 5004 mittit
1384 4943 1459 5000 ad
1489 4939 1699 4997 caalum
1724 4938 1737 4993 l
1768 4957 1796 4986 η
1821 4937 2024 4990 Nonne

378 5071 684 5114 carcerem
706 5051 837 5107 ideo
868 5045 1016 5102 dixit
1033 5034 1439 5106 beatum,quia
1460 5030 1681 5087 sanctis
1712 5022 2026 5082 beatitudi-

383 5162 524 5202 nem
553 5136 986 5216 promittit?De
1035 5126 1268 5184 vinculo
1297 5125 1352 5179 S.
1382 5120 1544 5216 Pauli
1566 5117 1715 5173 dixit
1750 5117 1806 5172 S.
1842 5114 2026 5184 Chry-

379 5199 680 5292 sostomus
710 5225 916 5284 homil.
953 5219 1027 5276 ad
1055 5217 1269 5289 Ephes.
1304 5227 1389 5267 1v:
1431 5203 1570 5262 Οὺδὶ
1625 5211 1725 5273 τῆς
1783 5199 2027 5262 ἁλύσεως

379 5323 588 5391 ἐκείνης
623 5314 1052 5392 μακαριώτερον,
1073 5329 1097 5360 ιι
1121 5301 1278 5362 Nihil
1310 5301 1411 5356 illo
1443 5295 1674 5354 vinculo
1705 5293 1960 5349 beatius.
1995 5311 2024 5340 »

379 5416 451 5470 Et
478 5385 694 5468 falsum
727 5385 908 5462 etiam
929 5401 1061 5465 hoc,
1085 5396 1134 5452 si
1156 5389 1568 5449 Blondelliano
1599 5400 1764 5440 more
1794 5385 2028 5438 senten-

379 5504 497 5559 tias
526 5500 915 5556 maximorem
972 5488 1234 5542 virorum
1293 5478 1704 5538 discutiamus.
1758 5470 1915 5528 Dixit
1969 5469 2024 5524 S.

375 5590 634 5649 Paulus:
669 5609 696 5638 ιι
730 5588 799 5642 In
848 5579 1076 5650 reliquo
1135 5570 1395 5645 reposita
1452 5571 1542 5625 est
1602 5562 1748 5621 mihi
1808 5575 2029 5617 corona

367 5646 1136 5756 j—ustitimaﬂhrysostcmus
1166 5680 1179 5720 :
1215 5657 1393 5715 Ἀλλᾶ
1421 5659 1517 5714 τοῦ
1550 5653 1810 5733 στεφάνου
1831 5646 2028 5704 τούτου

1461 309 1529 370 8.
1574 299 1980 368 IGNATIUS.
2028 331 2105 343 —
2146 289 2760 357 PROLEGOMENA.

2078 432 2131 514 Α
2163 423 2547 499 λαμπρότερος
2584 421 2612 475 ὁ
2636 417 2919 514 δεσμόςζα
2979 413 3091 474 Sed
3120 414 3231 473 hac
3260 427 3482 468 corona
3510 409 3816 466 illustrior

2161 523 2387 573 catena.
2425 537 2451 557 δι
2481 514 2686 568 Nonne
2717 511 2828 565 hoc
2850 507 3065 562 falsum
3094 502 3371 558 videtur?
3391 518 3465 556 an
3487 500 3815 571 quidquam

3691 277 3813 340 45!

2157 611 2353 680 potest
2378 621 2506 660 esse
2538 617 2756 658 corona
2777 597 3026 672 justitiaa
3048 592 3339 650 illustrius
3368 595 3396 647 ?
3426 596 3526 646 aut
3558 591 3608 645 si
3640 589 3823 660 quid-

2158 713 2335 769 quam
2369 710 2496 749 esse
2519 691 2725 765 possit,
2759 705 2834 743 an
2863 683 3118 742 catena?
3156 682 3318 739 Idem
3352 680 3816 753 Chrysostomus

2156 787 2227 841 de
2261 787 2316 840 S.
2342 783 2507 839 Pauli
2527 779 2799 843 vinculis,
2833 793 2964 848 quas
2995 790 3102 829 sua
3131 777 3304 828 aetate
3337 770 3636 825 exstitisse
3696 784 3813 841 pu-

2155 877 2355 931 tabat:
2382 866 2738 942 Ἐὖουλόμην
2791 864 2922 921 ἱδείν
2947 863 3041 925 τὰς
3101 860 3339 927 ἁλύσεις,
3399 860 3460 921 ἅς
3501 855 3811 914 δεδοίκασιν

2157 965 2251 1037 μὶν
2312 958 2567 1033 δαιμονες
2615 956 2704 1012 καὶ
2764 953 3068 1033 φρίττουσι,
3119 947 3396 1004 αἰδοῦνται
3455 945 3512 1002 δέ
3555 944 3811 1024 ἄγγελοι.

2157 1075 2182 1107 ιι
2210 1052 2434 1108 Vellem
2464 1050 2662 1105 videre
2695 1052 2935 1102 catenas
2965 1059 3115 1115 quas
3147 1040 3514 1107 metuebant,
3549 1037 3623 1093 ad
3654 1053 3808 1108 quas

2153 1152 2622 1210 contremiscunt
2651 1149 2968 1210 daemones,
3002 1159 3147 1214 quas
3171 1139 3365 1212 angeli
3387 1142 3807 1193 venerantur.»

2154 1243 2266 1299 Sed
2298 1243 2358 1296 in
2390 1241 2482 1296 his
2515 1238 2764 1294 vinculis
2795 1239 2960 1306 Optat
3003 1232 3294 1302 refugere,
3325 1246 3431 1301 pro
3490 1227 3804 1282 hominem

2153 1328 2665 1401 audacemlproh
2720 1323 2995 1396 frigidum
3056 1318 3436 1392 sophistam!
3491 1318 3614 1372 Imo
3674 1317 3804 1371 haec

2150 1423 2257 1477 viri
2315 1426 2473 1484 sunt,
2533 1423 2592 1473 et
2647 1415 2986 1487 passionem
3067 1427 3172 1481 pro
3257 1407 3474 1463 Christi
3556 1404 3803 1459 nomine

2151 1511 2407 1568 maxime
2442 1505 2812 1570 aestimantis,
2838 1508 2894 1558 et
2927 1499 3193 1572 martyrii
3223 1496 3623 1552 certissimum
3655 1510 3803 1566 prae-

2151 1602 2337 1656 mium
2370 1596 2710 1654 ﬁrmissime
2740 1589 3160 1664 exspectantis.
3221 1585 3370 1652 Quid
3419 1585 3579 1640 enim
3637 1583 3802 1638 aliud

2150 1697 2240 1748 est
2268 1692 2329 1745 in
2389 1687 2632 1743 vinculis
2690 1684 2984 1755 refugere,
3009 1696 3188 1752 quam
3221 1693 3419 1734 coram
3454 1676 3570 1730 Deo
3603 1675 3666 1728 in
3701 1674 3798 1728 die

1758 1794 1785 1850 ‘I
1834 1812 1857 1844 ν
1902 1792 2039 1856 Qum
2071 1805 2120 1874 Β
2141 1781 2352 1854 judicii
2385 1784 2670 1847 tanquam
2705 1779 3027 1844 martyrem
3049 1786 3154 1841 pro
3174 1767 3402 1822 Christo
3423 1769 3800 1837 apparere,et

2151 1886 2348 1926 coram
2364 1867 2587 1940 angelis
2602 1861 3013 1920 ethominibus
3039 1857 3419 1930 passionibus
3451 1854 3801 1908 testimonia

2149 1959 2425 2018 exhibere
2449 1956 2475 2011 ‘I
2504 1954 2776 2027 Legimus
2799 1948 3078 2020 Babylarn
3104 1945 3375 2018 S.Ignatii
3398 1945 3459 1999 in
3490 1944 3799 2015 episcopa-

2147 2056 2210 2105 tu
2236 2045 2622 2104 Antiochensi
2653 2054 3078 2106 successorem,
3109 2041 3174 2091 ut
3205 2033 3353 2090 illud
3409 2035 3537 2105 ejus
3593 2037 3798 2086 votum

2149 2140 2276 2194 sine
2308 2136 2487 2192 dubio
2519 2130 2752 2202 assequi
2785 2133 3003 2201 posset,
3038 2127 3100 2180 in
3139 2123 3436 2180 mandatis
3467 2121 3701 2177 dedisse
3731 2126 3801 2175 ut

2146 2225 2377 2282 vincula
2407 2240 2513 2279 sua
2542 2218 2719 2276 simul
2752 2233 2886 2272 cum
2929 2229 3173 2286 corpore
3231 2210 3644 2282 sepelirentur.
3712 2209 3802 2262 Ita

2147 2315 2356 2371 Suidas
2387 2330 2459 2369 ex
2489 2310 2687 2380 aliquo
2719 2305 2898 2360 veteri
2960 2303 3245 2374 scriptore
3277 2318 3289 2356 :
3349 2303 3574 2354 ’Ἐπειτα
3630 2293 3800 2355 αὐτὸς

2143 2398 2424 2478 προῦτεινε
2453 2399 2544 2455 τὸν
2577 2393 2778 2470 αὐχένα
2805 2395 2884 2464 τῷ
2916 2391 3075 2469 ξίφει,
3125 2384 3497 2458 ἐντειλάμενος
3553 2389 3671 2444 τοῖς
3732 2385 3800 2438 τὸ

2146 2497 2304 2564 σῶμα
2336 2491 2500 2545 αὐτοῦ
2523 2477 2961 2555 συλλεξομένοις,
3011 2479 3107 2542 τὰς
3139 2475 3355 2540 ἁλύσεις
3411 2474 3500 2529 καὶ
3546 2473 3642 2534 τὰς
3701 2472 3798 2527 πέ-

2146 2559 2241 2643 δας
2270 2580 2419 2651 αύτῷ
2450 2575 2736 2649 συνθάψαι,
2766 2571 2863 2627 ⁶Ἰν’
2892 2573 2929 2635 ἦ
2965 2589 3056 2642 μοι
3103 2571 3294 2635 ταῦτα,
3353 2563 3507 2642 φησὶ,
3557 2559 3800 2635 κειμένῳ

2141 2679 2370 2752 κόσμος.
2396 2701 2423 2730 ‹‹
2456 2675 2713 2732 Tandem
2745 2673 2869 2745 ipse
2901 2667 3150 2740 Babylas
3181 2666 3468 2722 cervicem
3493 2664 3618 2719 ensi
3648 2679 3797 2735 pro-

2141 2771 2351 2838 tendit,
2385 2783 2518 2823 cum
2551 2764 2668 2820 illis
2701 2762 2801 2833 qui
2834 2757 3136 2815 collecturi
3180 2760 3366 2818 erant,
3426 2753 3796 2816 mandasset,

2141 2866 2209 2917 ut
2237 2857 2469 2914 vincula
2499 2861 2555 2911 et
2586 2850 2900 2924 compedes
2931 2864 3066 2902 cum
3092 2847 3220 2918 ipso
3252 2841 3801 2916 sepelirent,Ut,in-

2144 2950 2290 3021 quit,
2325 2949 2450 3002 haec
2479 2939 2866 3013 mihijacenti
2900 2941 3248 2992 ornamento
3300 2933 3437 2987 sint.
3470 2953 3499 2982 »
3533 2932 3651 2985 Hoc
3687 2947 3800 2984 au-

2143 3045 2262 3095 tem
2294 3051 2499 3092 verum
2515 3049 2640 3088 esse
2664 3034 2915 3085 testatur
2935 3025 3388 3096 Chrysostomus
3403 3020 3799 3075 Antiochense

2142 3125 2420 3184 Ecclesim
2452 3120 2761 3194 presbyter
2791 3115 3068 3171 Oratione
3102 3110 3456 3181 inBabylam
3494 3127 3506 3164 :
3543 3104 3795 3163 Μέλλων

2141 3217 2321 3271 τοίνυν
2352 3214 2379 3267 ὁ
2415 3209 2680 3285 μακάριος
2728 3202 3159 3281 ἀποσφάττεσθαι
3210 3197 3439 3266 ἐκεῖνος,
3503 3194 3638 3269 μετὰ
3695 3199 3799 3249 τοῦ

2142 3302 2370 3378 σιδήρου
2397 3301 2458 3356 τὸ
2493 3303 2652 3371 σῶμα
2699 3301 2930 3367 ταφῆναι
2985 3288 3327 3362 ἒπέσκηψε.‹‹
3383 3289 3528 3343 Cum
3582 3287 3802 3342 beatus

2143 3397 2239 3453 ille
2266 3377 2393 3467 jam
2425 3387 2812 3448 trucidandus
2843 3389 3017 3453 esset,
3051 3381 3357 3438 mandavit
3375 3385 3441 3434 ut
3463 3395 3598 3434 cum
3630 3377 3797 3432 ferro

2144 3502 2356 3558 corpus
2387 3479 2761 3553 sepeliretur.
2797 3498 2825 3525 »
2859 3477 2928 3530 Et
2958 3487 3202 3528 rursus:
3236 3465 3383 3525 Αὗτὰ
3432 3469 3540 3521 τῶν
3603 3463 3793 3528 ἄθλων

2144 3568 2398 3646 σύμϐολα
2430 3569 2754 3644 συνταφῆναι
2793 3561 3004 3618 κελεύει
3028 3558 3107 3632 τῷ
3146 3558 3381 3631 σώματι.
3421 3580 3447 3607 ιι
3481 3558 3618 3628 Ipsa
3659 3571 3794 3610 cer-

2141 3664 2431 3722 taminum
2463 3657 2733 3732 symbola
2757 3670 2889 3710 cum
2913 3667 3156 3723 corpore
3181 3646 3534 3719 consepeliri
3554 3645 3792 3717 jubet.»

2140 3758 2223 3810 Ac
2251 3751 2510 3822 denique
2543 3765 2555 3802 :
2590 3742 2694 3802 Καί
2724 3743 2928 3797 κεῖνται
2975 3743 3067 3792 νῦν
3140 3737 3276 3810 μετὰ
3330 3742 3428 3802 τῆς
3479 3735 3682 3810 τέφρας
3736 3731 3790 3785 αἱ

2138 3839 2319 3911 πέδαι,
2355 3863 2383 3890 (ι
2443 3844 2502 3893 et
2542 3851 2703 3891 nunc
2751 3849 2884 3888 cum
2933 3829 3132 3885 cinere
3165 3824 3725 3898 compedesjacent.
3763 3845 3790 3870 υ

2139 3935 2226 3989 Ita
2255 3937 2313 3987 et
2341 3927 2591 3984 homilia
2621 3927 2675 3990 9,
2711 3923 2784 3977 ad
2807 3919 3110 3992 Ephesios.
3146 3916 3297 3982 Quin
3331 3920 3390 3970 ot
3415 3913 3576 3969 idem
3600 3913 3788 3984 Chry-

2139 4027 2434 4078 sostomus
2492 4017 2653 4070 hom.
2715 4015 2768 4076 8,
2817 4009 3122 4082 Ignatiano
3172 4021 3338 4061 more
3367 4005 3429 4058 in
3461 4003 3589 4057 hinc
3609 4000 3793 4056 verba

2138 4102 2475 4179 prorumpit
2506 4117 2520 4157 :
2547 4096 2694 4174 Ἐγὼ
2721 4099 2828 4150 τῶν
2860 4090 3073 4165 δεσμῶν
3106 4088 3340 4163 ὀναίμην
3374 4085 3795 4142 ἐκείνων..ῐ]ιί-

2139 4213 2278 4252 nam
2308 4209 2413 4266 ego
2446 4191 2578 4246 istis
2607 4184 2857 4242 vinculis
2889 4183 3052 4238 fruar
3083 4181 3094 4235 !
3129 4202 3156 4230 »

2211 4302 2324 4360 Sed
2365 4303 2531 4355 vocat
2558 4294 2842 4367 Ephesios
2873 4289 3102 4362 lapides
3149 4285 3379 4359 templi,
3447 4283 3672 4340 relatos
3731 4282 3798 4338 in

2140 4391 2389 4458 excelsa,
2423 4389 2522 4454 ait,
2556 4401 2663 4457 per
2692 4397 2926 4438 crucem
2958 4378 3198 4443 Christi,
3232 4374 3400 4447 quasi
3433 4390 3540 4446 per
3570 4371 3798 4428 machi-

2140 4498 2279 4537 nam
2314 4475 2655 4549 quamdam,
2690 4471 2911 4543 Spiritu
2939 4470 2996 4524 S.
3030 4467 3200 4538 quasi
3231 4465 3371 4520 fune
3401 4461 3794 4527 utentes,ﬁde

2142 4576 2426 4640 tanquam
2458 4563 2822 4620 subvectore.
2859 4560 3032 4623 Nova,
3067 4555 3316 4621 scilicet,
3346 4553 3474 4607 haec
3533 4556 3678 4605 sunt
3735 4556 3799 4605 et

2131 4657 2577 4716 absurda.Nova
2595 4651 2847 4707 fortasse
2872 4649 2997 4702 haec
3016 4645 3142 4700 visa
3157 4647 3296 4699 sunt
3319 4658 3454 4697 cum
3482 4656 3551 4695 ea
3571 4640 3798 4694 scribe-

2130 4745 2646 4820 retlgnatius,cum
2651 4740 2770 4812 jam
2783 4737 2991 4808 religio
3004 4733 3338 4788 Christiana
3349 4746 3558 4786 recens
3572 4729 3800 4784 videre-

2133 4832 2553 4909 tur;quomodo
2570 4846 2725 4886 nunc
2743 4843 2896 4884 nova
2909 4819 3497 4892 dicantur,quomodo
3510 4818 3800 4884 absurda,

2133 4945 2254 4985 non
2274 4907 2462 4980 video.
2488 4921 2734 4976 Sanctos
2752 4932 2879 4971 esse
2905 4912 3111 4984 templi
3134 4910 3237 4966 Dei
3258 4907 3489 4980 lapides
3514 4907 3652 4978 quis
3675 4923 3802 4961 non

2134 5017 2282 5073 dixit
2311 5016 2444 5086 post
2474 5005 2828 5074 S.Petrum,l
2851 5005 3022 5075 Ep.u,
3054 5004 3085 5055 5
3112 5000 3209 5054 :Et
3230 4996 3340 5068 ipsi
3372 5003 3638 5066 tanquam
3655 4994 3804 5066 lapi-

2136 5109 2226 5163 des
2257 5084 2369 5160 viiii
2419 5095 2938 5170 superaediﬁcamini
2972 5092 3165 5146 domus
3195 5085 3506 5158 spiritualis
3534 5084 3562 5138 Ἰ
3593 5085 3803 5154 Neque

2135 5197 2249 5252 hoc
2279 5193 2458 5263 negat
2486 5185 2740 5243 Dallaaus
2767 5202 2780 5251 ;
2805 5181 2908 5238 sed
2935 5195 3150 5236 novum
3177 5181 3237 5232 et
3265 5173 3591 5231 absurdum
3617 5177 3709 5227 est
3733 5179 3805 5228 ut

2136 5285 2196 5342 hi
2228 5285 2291 5340 in
2323 5278 2556 5337 excelsa
2583 5273 2919 5330 referantur
2963 5285 3068 5340 per
3097 5265 3456 5322 machinam.
3489 5262 3661 5317 Certe
3691 5278 3804 5332 per

2139 5372 2483 5432 machinam
2514 5366 2576 5420 in
2606 5361 2840 5418 excelsa
2870 5357 3010 5413 ferri
3034 5355 3261 5428 lapides
3292 5367 3506 5409 novum
3537 5367 3662 5406 non
3687 5357 3802 5418 est,

2140 5463 2244 5520 sed
2274 5458 2419 5516 locis
2452 5451 2729 5511 omnibus
2774 5446 3261 5519 temporibusque
3315 5441 3622 5496 usitatum.
3683 5439 3802 5494 Sed

2135 5553 2289 5610 tales
2312 5545 2542 5619 lapides
2572 5540 2779 5612 quales
2810 5535 3047 5611 Ephesii
3071 5530 3381 5598 erant,hoc
3411 5534 3502 5585 est
3533 5533 3800 5596 sanctos,

2139 5645 2203 5700 in
2235 5636 2468 5696 excelsa
2498 5630 2637 5692 ferri
2671 5630 2921 5686 fortasse
2951 5639 3171 5682 novum
3201 5627 3259 5678 et
3289 5617 3621 5676 absurdum
3642 5617 3808 5676 vide-
