3942 6302
147 353 237 416 453
813 351 872 414 J.
916 351 1346 416 PEARSONII
1392 351 1756 426 VINDICIAE

1935 349 2302 413 lATlANIE.
2348 385 2426 398 --
2467 352 2668 413 PARS
2711 355 2793 416 II.
3383 353 3500 416 454

146 491 236 544 tur.
257 488 402 542 Certe
424 486 840 558 Chrysostomo
869 503 993 542 non
1018 486 1348 555 videbatur,
1373 485 1473 558 qui
1497 484 1572 540 ad
1594 484 1740 540 tales
1772 486 1824 553 Α
1855 487 2086 555 ptorem
2118 485 2172 541 S.
2207 485 2370 540 Pauli
2401 486 2676 557 epistolas
2721 484 3021 542 imitatum
3050 503 3200 554 esse,
3235 484 3500 558 Apostoli

146 578 402 634 machinas
433 577 731 648 pertinere
776 577 933 647 ipsas
970 582 1210 633 catenas
1242 581 1581 632 sanctorum
1614 576 1736 630 exi-
1850 573 2109 644 vestigiis
2141 591 2343 645 presse
2377 575 2706 642 inhaesisse,
2741 575 2898 646 quod
2928 576 2989 630 in
3021 576 3182 631 caelis
3226 577 3404 632 etiam
3436 581 3501 632 ut

149 668 378 722 stimavit.
408 667 488 721 De
520 671 728 720 catena
777 667 831 720 S.
863 666 1050 722 Pauli.
1099 667 1259 720 hom.
1293 667 1324 719 8
1357 665 1433 720 ad
1461 664 1746 737 Ephesios
1851 661 1963 716 sibi
1996 663 2364 736 contingeret
2394 664 2635 734 optavit,
2685 665 2936 736 epistola
2966 665 3040 721 ad
3069 665 3390 737 Ephesios:
3422 665 3498 720 Οὔ

147 760 210 813 ita
252 757 480 813 scribit:
542 753 685 824 Αὕτη
743 755 870 818 τοὺς
950 751 1287 828 δεδεμένους,
1357 755 1596 827 καθάπερ
1656 749 1746 807 διά
1850 750 2063 824 γὲνοιτό
2100 772 2192 824 μοι
2249 752 2352 807 ὕπὸ
2382 753 2450 808 τὰ
2481 751 2612 827 ἴχνη
2649 754 2930 827 εὑρεθῆναι
2979 753 3059 808 ὅτ’
3110 752 3169 808 ἄν
3211 759 3348 809 Θεοῦ
3379 753 3498 810 ἐπι-

144 867 259 908 τινος
312 851 558 919 μηχανῆς
612 840 759 898 ἕλκει
811 843 949 918 πρὸς
1005 845 1096 898 τὸν
1158 843 1407 917 οὐρανὸν,
1440 843 1528 897 καὶ
1562 839 1746 917 ὥσπερ

1935 859 2026 915 (ω,
2086 865 2113 892 ‹‹
2150 843 2333 913 Cujus
2383 844 2488 898 flat
2543 843 2690 898 mihi
2749 844 2856 898 sub
2913 845 3168 918 vestigiis
3221 846 3495 913 inveniri,

141 943 284 1010 χρυσῆ
337 935 480 1008 σειρὰ
538 932 889 1007 ἐξαρτηθεῖσα
969 931 1187 988 ἀνέλκει
1243 933 1380 1009 πρὸς
1433 932 1592 987 αὐτὸν
1651 932 1742 986 τὸν

1935 930 2086 986 ando
2119 932 2234 986 Deo
2265 932 2447 988 fruar.
2483 955 2511 983 ‹‹
2544 933 2681 998 Quae
2707 932 2878 988 verba
2906 934 3114 1005 Ignatii
3148 935 3334 989 nostri
3367 935 3497 989 sine

145 1025 348 1097 οὐρανόν.
383 1048 407 1074 ‹‹
440 1026 574 1079 Haec
621 1024 851 1080 vinctos
910 1029 1194 1096 tanquam
1252 1040 1360 1096 per
1406 1023 1746 1078 machinam
1849 1020 2139 1075 cacozelia
2195 1021 2408 1076 imitati
2464 1026 2604 1078 sunt
2659 1022 3047 1092 Smyrnenses
3104 1023 3164 1078 in
3222 1024 3496 1095 Martyrio

142 1115 288 1169 trahit
305 1114 373 1169 ad
393 1114 591 1182 caelos,
617 1118 675 1168 et
693 1119 977 1184 tanquam
995 1130 1210 1169 aureus
1228 1113 1387 1168 funis
1405 1113 1747 1184 dependens

1939 1108 2272 1180 Polycarpi.
2307 1109 2385 1165 Οὗ
2416 1108 2627 1183 γένοιτο
2659 1107 2712 1162 ἐν
2744 1113 2810 1182 τῇ
2847 1108 3099 1184 βασιλείᾳ
3128 1112 3314 1179 Ἰησοῦ
3346 1111 3494 1184 Χρι-

141 1220 335 1258 sursum
389 1203 568 1259 trahit
623 1201 697 1257 ad
754 1203 929 1258 caelos
969 1204 1150 1274 ipsos.
1186 1225 1214 1252 »
1246 1205 1336 1258 An
1368 1209 1565 1257 autem
1598 1217 1746 1256 crux

1935 1200 1980 1249 ὤ
2010 1196 2147 1269 πρὸς
2185 1197 2252 1251 τὰ
2303 1197 2438 1272 ’ἰχνη
2500 1197 2779 1271 εὑρεθῆναι
2820 1201 2988 1270 ἡμᾶς.
3028 1220 3050 1248 σ
3083 1202 3261 1272 Cujus
3293 1201 3393 1255 fiat
3422 1201 3497 1256 ad

140 1293 249 1348 talis
265 1294 527 1349 machina
548 1293 661 1347 dici
690 1309 808 1348 non
833 1292 1072 1365 potest?
1100 1292 1500 1348 Tertullianus
1526 1292 1616 1346 Ad
1643 1307 1749 1345 na-
1851 1280 2095 1359 vestigia
2127 1293 2190 1342 ut
2221 1305 2328 1343 nos
2359 1290 2421 1343 in
2450 1305 2629 1360 regno
2656 1290 2792 1344 Jesu
2823 1290 3036 1344 Christi
3071 1291 3442 1347 inveniamur
3473 1313 3499 1340 »

142 1385 282 1437 tiones
307 1383 399 1439 lib.
431 1400 470 1452 ι,
503 1399 553 1437 c.
591 1384 694 1436 18:
753 1403 781 1432 ‹‹
813 1382 871 1436 Si
903 1398 1140 1437 crucem
1170 1380 1501 1454 configendi
1539 1395 1750 1450 corpo-
1853 1378 2116 1448 Agnosco
2150 1379 2442 1450 Ignatium
2496 1384 2764 1434 nostrum
2798 1396 3039 1434 sensum
3071 1380 3126 1435 S.
3161 1380 3326 1434 Pauli
3369 1381 3501 1435 ani-

139 1473 203 1527 ris
230 1473 546 1528 machinam
577 1472 778 1527 nullus
804 1472 998 1527 adhuc
1021 1489 1092 1526 ex
1114 1472 1278 1527 vobis
1310 1469 1568 1543 Regulus
1590 1467 1750 1540 pepi-
1853 1482 2136 1537 mumque
2168 1467 2228 1521 in
2262 1485 2505 1523 succum
2528 1473 2586 1522 et
2606 1469 2956 1540 sanguinem
2979 1469 3501 1539 convertisse,eum

1853 1556 1916 1611 in
1946 1561 2257 1611 numerato
2306 1557 2486 1612 etiam
2517 1557 2577 1611 in
2611 1574 2847 1613 carcere
2891 1558 3192 1628 habuisse,
3226 1575 3499 1614 sermone

139 1663 243 1719 quae
266 1650 517 1706 Christus
547 1649 697 1704 dixit
722 1666 734 1704 :
776 1652 891 1719 Ego
937 1651 988 1705 si
1031 1650 1310 1704 exaltatus
1337 1651 1497 1718 fuero
1522 1664 1549 1702 e
1579 1653 1749 1712 terra,
1856 1651 1914 1700 et
1943 1650 2141 1700 mente
2162 1645 2384 1716 ubique
2409 1646 2769 1718 expressisse
2796 1646 2934 1713 ;sed
2957 1653 3013 1702 et
3040 1648 3152 1702 hoc
3173 1647 3360 1702 multo
3383 1664 3503 1703 ma-

138 1736 226 1792 hoc
248 1744 345 1805 est,
367 1738 413 1792 si
445 1739 640 1794 crucis
672 1738 1014 1793 machinam
1041 1737 1386 1807 ascendero,
1414 1738 1601 1790 omnia
1632 1741 1748 1789 tra-
1853 1735 1940 1807 gis
1969 1735 2092 1789 viro
2124 1740 2327 1790 sancto
2377 1740 2435 1790 et
2481 1737 2748 1806 martyri,
2782 1736 2977 1806 qualis
3023 1737 3150 1808 ipse
3178 1737 3499 1808 apostolus,

139 1825 239 1880 ham
265 1828 329 1882 ad
356 1830 638 1898 meipsum,
694 1828 861 1882 Joan.
921 1844 1023 1893 xu,
1082 1827 1168 1882 32.
1205 1825 1509 1890 Quomodo
1549 1829 1746 1879 autem
1775 1860 1822 1926 Β
1856 1839 2034 1895 quam
2066 1824 2257 1879 ﬁctori
2289 1825 2566 1895 cuiquam
2597 1830 2697 1880 aut
2720 1825 3029 1896 impostori
3061 1827 3375 1882 convenire
3407 1843 3504 1881 ar-

137 1916 286 1969 trahit
309 1917 473 1983 Deus,
508 1917 625 1971 nisi
675 1915 957 1972 funiculis
1005 1915 1212 1985 Adam,
1241 1921 1300 1971 et
1327 1913 1576 1970 vinculis
1605 1914 1741 1969 cha-
1775 1912 1822 1926 ⁶’
1851 1912 2057 1967 bitror.
2082 1914 2161 1967 De
2194 1913 2365 1968 modo
2402 1913 2752 1968 imitationis
2773 1919 2899 1969 tota
2916 1915 2988 1968 lis
3012 1920 3119 1984 est,
3144 1932 3219 1970 an
3249 1915 3332 1970 ita
3358 1916 3500 1970 scri-

136 2002 339 2058 ritatis?
368 2005 476 2060 Sed
511 2005 756 2076 quinam
790 2005 848 2060 hi
879 2005 1131 2059 funiculi
1164 2005 1355 2059 sunt?
1383 2006 1548 2059 Certe
1590 2003 1742 2058 Deus
1851 2006 1985 2072 ptor
2030 2000 2375 2072 Apostolum
2429 2001 2696 2057 imitatus
2727 2003 2824 2070 sit,
2855 2008 2921 2058 ut
2949 2004 3209 2075 lgnatius
3240 2004 3338 2059 ille
3373 2021 3501 2060 esse

137 2109 221 2161 per
246 2093 518 2164 Spiritum
549 2095 824 2149 homines
856 2093 931 2148 ad
960 2109 1022 2148 se
1055 2093 1410 2158 trahit.Quid
1441 2092 1538 2148 hic
1569 2092 1746 2163 igitur

136 2178 360 2250 absurdi,
375 2183 518 2252 quid
538 2183 673 2238 novi
687 2183 715 2237 ‘?
730 2184 935 2237 Nonne
961 2181 1176 2237 melius
1198 2181 1415 2236 dicitur
1436 2183 1619 2236 Deum
1636 2197 1744 2235 nos

133 2285 218 2338 per
234 2270 523 2341 Spiritum,
556 2288 736 2343 quam
767 2288 874 2326 nos
900 2288 1008 2342 per
1038 2271 1321 2342 Spiritum
1354 2271 1452 2326 Dei
1487 2271 1742 2326 trahere.

133 2356 190 2409 Et
211 2364 387 2415 tamen
442 2361 756 2432 Gregorius
812 2360 1209 2416 Nazianzenus
1257 2376 1378 2416 non
1408 2360 1626 2415 veritus
1658 2363 1748 2414 est

135 2444 334 2503 dicere:
393 2447 668 2521 Πνεύμπιτι
737 2452 1110 2523 στοιχοῦντες,
1177 2448 1354 2521 τούτῳ
1409 2449 1510 2517 τήν
1542 2452 1744 2523 γνῶσιν

131 2529 364 2598 ἱλκοντες·
397 2562 422 2589 ‹‹
457 2541 526 2593 In
560 2539 781 2610 Spiritu
811 2538 1206 2607 ambulantes,
1241 2555 1428 2609 eoque
1460 2537 1742 2611 cognitio-

130 2638 243 2680 nem
273 2627 586 2684 trabentes.
620 2650 648 2678 »
682 2629 847 2683 Dona
875 2627 1099 2699 gratiae,
1124 2645 1228 2682 seu
1263 2627 1504 2698 spiritus
1534 2627 1587 2682 S.
1615 2627 1747 2698 Spi-

131 2713 255 2770 ritus
281 2733 426 2788 smpe
458 2717 775 2772 dicuntur:
799 2717 901 2772 illa
921 2723 1116 2772 autem
1150 2717 1306 2772 inter
1334 2717 1624 2772 beneﬁcia
1644 2734 1748 2771 nu-

129 2807 314 2860 merari
341 2807 558 2863 debent
580 2813 639 2862 et
662 2807 838 2863 simul
859 2807 1145 2877 funiculis
1172 2807 1748 2878 comparari,quibus

131 2892 502 2952 efﬁcacissime
528 2897 605 2953 ad
627 2899 812 2952 Deum
835 2897 1146 2951 trahimur.
1162 2897 1242 2951 De
1261 2897 1514 2952 mirifica
1536 2897 1750 2952 saluta-

131 2981 263 3038 tione
285 3001 398 3041 non
429 3004 578 3059 opus
603 2993 694 3041 est
713 2991 781 3040 ut
802 2986 1218 3058 respondeam.
1244 2988 1371 3041 Non
1412 2986 1572 3041 enim
1605 3003 1748 3042 con-

140 1559 219 1630 git.
244 1581 268 1608 ››
297 1561 489 1615 Nonne
512 1560 624 1615 hoc
655 1559 838 1615 culvis
867 1559 1106 1614 obvium
1131 1559 1260 1626 fuit,
1288 1558 1388 1629 qui
1422 1574 1492 1613 ea
1524 1557 1749 1629 legerat

1853 2106 1972 2145 non
2004 2091 2208 2162 possit,
2242 2091 2346 2146 sed
2381 2092 2575 2162 potius
2608 2108 2669 2146 se
2701 2108 2892 2162 pravaa
2925 2092 3275 2148 imitationis
3307 2094 3502 2148 studio

1852 2187 2197 2253 imposturaa
2258 2199 2428 2238 reum
2485 2182 2833 2254 prodiderit.
2868 2185 2985 2256 Ego
3036 2189 3157 2240 tam
3187 2184 3337 2241 bene
3367 2203 3505 2242 eum

1853 2271 2211 2344 apostolicas
2243 2271 2525 2344 epistolas
2584 2273 2881 2328 imitatum
2934 2290 3064 2329 esse
3093 2275 3411 2345 contendo,
3441 2280 3508 2331 ut

1852 2361 2064 2416 merito
2095 2361 2286 2415 virum
2317 2378 2451 2416 eum
2484 2361 2897 2433 apostolicum,
2931 2363 3024 2417 cui
3057 2364 3323 2435 Apostoli
3359 2365 3542 2438 seri-.3

1853 2456 1954 2522 pta
1983 2455 2103 2505 tam
2135 2449 2343 2505 intime
2375 2456 2434 2505 et
2457 2450 2805 2506 medullitus
2831 2452 3124 2523 impressa
3143 2453 3506 2526 fuerunt,ju-

1855 2539 2122 2595 dicemus
2147 2558 2160 2606 ;
2193 2545 2312 2595 tam
2336 2540 2510 2608 male,
2534 2545 2656 2596 tam
2678 2540 2953 2610 absurde,
2977 2547 3044 2597 ut
3063 2542 3200 2597 inde
3227 2548 3510 2614 appareat

1856 2646 1993 2684 eum
2024 2629 2412 2700 impostorem
2461 2629 2664 2697 fuisse,
2721 2630 2879 2700 quod
2934 2631 3136 2685 volunt
3166 2631 3510 2701 adversarii,

1854 2735 2098 2789 prorsus
2118 2718 2655 2789 nego.Assertionis
2675 2723 2893 2772 nostrae
2911 2719 3217 2774 veritatem
3240 2721 3514 2777 ostendet

1857 2807 2346 2872 commentarius,
2373 2823 2488 2877 quo
2538 2806 2741 2862 omnia
2789 2809 2842 2862 S.
2875 2809 3086 2879 Ignatii
3119 2808 3192 2863 ad
3223 2825 3358 2864 suas
3388 2811 3509 2865 ori-

1860 2896 2027 2968 gines
2058 2895 2414 2960 referantur,
2439 2899 2497 2950 et
2522 2911 2656 2950 cum
2689 2895 2744 2952 S.
2780 2896 2948 2951 Pauli
2972 2896 3164 2951 verbis
3195 2901 3254 2952 et
3282 2903 3516 2954 senten-

1859 2985 1957 3040 tiis
1989 2985 2286 3056 praecipue
2317 2984 2735 3051 conferantur;
2765 2985 2813 3039 si
2847 3001 3110 3056 unquam
3144 2985 3303 3040 illius
3334 2988 3511 3058 perfi-

129 3074 224 3126 stat
242 3077 622 3144 posteriorem
644 3081 873 3147 partem
898 3075 1208 3131 sententiae
1231 3075 1304 3130 ad
1329 3074 1751 3130 salutationem

130 3173 235 3216 eam
262 3165 576 3235 pertinere,
610 3182 745 3221 cum
775 3165 963 3237 possit
992 3166 1171 3220 etiam
1206 3165 1279 3220 ad
1311 3166 1622 3236 sequentia
1653 3183 1751 3220 re-

1861 3073 2056 3129 ciendi
2087 3077 2144 3128 et
2188 3073 2399 3128 edendi
2432 3073 2662 3128 occasio
2696 3090 2756 3128 se
2787 3073 3090 3128 obtulerit.
3127 3075 3514 3146 Conjecturas

1861 3163 2102 3218 interim
2130 3162 2478 3231 Dallaeanas,
2512 3168 2576 3217 ut
2607 3181 2667 3218 se
2700 3165 2978 3231 offerunt,
3007 3164 3378 3232 examinabo,
3413 3182 3512 3220 ea-

128 3230 279 3305 ferri:
294 3253 346 3307 Si
378 3255 511 3325 quis
545 3230 748 3309 autem
777 3230 910 3308 eam
950 3253 1024 3307 ad
1071 3253 1271 3324 priora
1301 3230 1497 3324 potius
1527 3253 1747 3308 referre
1789 3230 1833 3296 (ἶ
1862 3271 2116 3325 rumque
2147 3230 2618 3309 imbecillitatem
2647 3254 2916 3326 prodam.

130 3338 337 3408 velit,ne
360 3344 442 3398 sic
466 3343 713 3415 quidem
734 3342 991 3398 absurda
1010 3342 1304 3397 videbitur
1326 3343 1757 3399 salutatio.Non

130 3427 266 3482 enim
297 3430 355 3484 in
384 3431 633 3486 nomine
666 3435 899 3486 tantum
931 3430 1169 3496 Christi,
1199 3430 1312 3485 sed
1334 3435 1393 3485 et
1415 3431 1475 3484 in
1504 3432 1757 3499 Christo,

131 3515 205 3570 vel
229 3518 286 3572 iu
316 3521 564 3576 Domino
620 3520 937 3592 Apostolus
969 3519 1221 3586 salutat;
1255 3520 1520 3574 Christus
1561 3525 1760 3576 autem

132 3621 220 3674 per
245 3615 512 3665 naturam
536 3626 763 3683 perque
787 3625 857 3664 ea
887 3626 1017 3680 quae
1040 3609 1104 3663 in
1125 3625 1302 3664 carne
1329 3609 1445 3681 egit
1475 3614 1531 3664 et
1551 3627 1765 3682 passus

131 3700 221 3761 est,
250 3700 464 3770 optime
525 3700 880 3772 explicatur.
944 3698 1167 3764 Quibus
1215 3697 1382 3754 addit
1421 3696 1471 3752 ἐν
1523 3697 1764 3766 ἒνότητι.

131 3785 253 3841 Nam
282 3795 343 3844 ut
371 3791 599 3863 Optime
638 3791 711 3844 de
743 3791 800 3846 S.
833 3789 1016 3845 Paulo
1048 3806 1082 3844 a
1111 3789 1528 3860 Chrysostomo
1561 3790 1764 3845 obser-

131 3881 301 3932 vatum
330 3886 454 3935 est:
487 3879 601 3935 Ἀεὶ
663 3876 874 3951 συνάγει
931 3876 1024 3930 καὶ
1085 3875 1369 3951 συγκολλᾷ
1398 3878 1464 3932 τὰ
1499 3875 1640 3950 μὲλη
1675 3873 1764 3931 διὰ

127 3966 208 4014 τοῦ
235 3964 535 4040 ἀσπασμοῦ.
599 3992 626 4019 α
661 3971 908 4040 Semper
962 3968 1270 4040 coniungit
1309 3973 1366 4023 et
1395 3969 1765 4040 conglutinat

131 4057 370 4114 membra
415 4077 525 4131 per
585 4058 1026 4115 salutationem.
1062 4079 1090 4107 »
1149 4059 1351 4129 Neque
1398 4058 1548 4112 mira
1577 4058 1762 4112 videri

129 4138 278 4199 debet
298 4147 356 4201 in
379 4148 823 4203 resurrectione
843 4147 998 4203 facta
1020 4145 1317 4202 salutatio.
1341 4163 1476 4202 cum
1496 4147 1764 4202 vetustis-

129 4229 242 4285 simi
270 4235 590 4292 Christiani
641 4237 733 4290 his
777 4235 970 4290 verbis
1019 4257 1046 4286 ‹‹
1079 4235 1344 4290 Christus
1379 4236 1760 4291 resurrexit»

129 4333 178 4372 se
205 4329 400 4382 mutuo
435 4327 704 4382 solerent
735 4325 1013 4381 salutare.

741 4456 971 4514 CAPUT
1010 4458 1126 4512 XV.

127 4569 348 4645 Imitatio
415 4575 678 4645 Apostoli
741 4576 1045 4644 Ignatiana
1109 4569 1419 4642 κακοζηλία
1483 4590 1595 4628 ηοη
1661 4581 1759 4630 est.

188 4639 438 4715 Ὀναίμην
465 4639 485 4645 ’
508 4662 622 4701 vox
684 4639 892 4702 Grécis
928 4639 1376 4714 familiaris—ita
1435 4647 1504 4700 ab
1544 4646 1764 4715 Ignatio

187 4713 468 4786 aliquoties
519 4723 814 4786 usurpata,
859 4713 1004 4772 uta
1052 4717 1428 4786 Chrysostomo
1487 4713 1764 4773 laudetur.

189 4785 413 4860 Censura
447 4785 708 4843 Arruntii
736 4791 1012 4857 rejicitur.
1050 4785 1268 4860 (nooce
1309 4785 1577 4860 ἰσόψυχον
1608 4789 1768 4860 nulla

189 4859 414 4924 apostoli
443 4861 712 4914 imitatio.
745 4850 1007 4931 Quid‘sit
1057 4857 1344 4931 ἱσόψυχος,
1378 4850 1514 4930 quia
1543 4858 1768 4931 ἀντίψυ-

190 4942 309 5002 χον,
339 4931 588 4994 docetur,
623 4937 686 4984 ut
704 4937 764 5002 et
792 4927 994 5002 περίψη
1006 4949 1100 5001 μα.
1136 4927 1405 5002 νϊτῆἱθναεθέ
1421 4931 1637 5000 aliquot
1664 4927 1768 4987 sae-

184 4998 307 5071 pius
334 5009 622 5071 usurpatas
678 4998 1074 5070 defenduntur.
1123 5001 1313 5056 Irom'a
1369 4998 1673 5070 apostolica
1703 5005 1769 5058 de

192 5067 396 5137 lgnatio
418 5067 651 5128 minime
669 5067 948 5144 expressa.

193 5210 382 5283 Capite
413 5218 481 5270 '28
512 5216 769 5288 probare
803 5215 1016 5271 nititur
1047 5221 1349 5272 auctorem
1383 5217 1769 5288 epistolarum

131 5293 503 5370 impostorem
535 5305 746 5370 fuisse,
780 5321 849 5360 ex
880 5305 1212 5360 imitatione
1259 5305 1314 5360 S.
1348 5305 1536 5373 Pauli,
1593 5325 1770 5378 quam

131 5389 442 5458 κακοζηλέσιν
473 5399 680 5462 vocat;
722 5409 904 5464 quare
958 5397 1158 5448 autem
1196 5393 1286 5447 vir
1325 5395 1685 5465 apostolicus
1716 5404 1776 5454 et

134 5482 340 5549 martyr
361 5482 590 5539 imitari
616 5483 672 5537 S.
707 5481 977 5551 Paulum,
1011 5499 1195 5553 quare
1246 5482 1347 5554 qui
1379 5500 1517 5539 eum
1544 5487 1682 5556 vita,
1716 5493 1774 5544 et

134 5574 306 5624 morte
329 5578 574 5628 secutus
606 5576 713 5637 est,
735 5589 1010 5628 sermone
1035 5572 1214 5628 etiam
1233 5574 1400 5644 sequi
1422 5591 1544 5630 non
1572 5581 1776 5647 potue-

133 5654 220 5721 rit,
245 5656 398 5716 haud
428 5661 628 5718 video.
652 5662 862 5718 Fateor
893 5660 1172 5734 equidem
1204 5663 1593 5735 epistolarum
1629 5668 1776 5723 scri-

1935 3361 2546 3432 Primo.lmpostorem
2568 3360 2688 3416 olet
2711 3358 2940 3433 ὀναίμην
2963 3362 3138 3418 toties
3163 3362 3235 3417 ab
3258 3379 3327 3418 eo
3351 3380 3516 3419 usur-

1859 3455 2086 3521 patum.
2122 3449 2314 3504 Semel
2345 3455 2544 3504 autem
2575 3449 2631 3504 S.
2664 3449 2885 3505 Paulus
2919 3467 2988 3506 ea
3039 3467 3178 3506 voce
3218 3451 3426 3520 utitur,
3460 3455 3519 3508 et

1861 3539 2105 3610 quidem
2138 3539 2198 3592 in
2225 3539 2486 3610 Epistola
2515 3538 2590 3594 ad
2624 3539 3061 3608 Philemonem,
3087 3540 3188 3595 ubi
3215 3541 3286 3596 de
3317 3542 3520 3597 Onesi-

1863 3644 1959 3683 mo
1992 3627 2203 3699 agitur.
2237 3628 2426 3692 Quare
2487 3644 2622 3682 cum
2680 3627 3023 3684 Theodorus
3077 3631 3273 3684 Beza«
3309 3631 3520 3686 scitam

1861 3718 2086 3772 Perroti
2111 3717 2352 3790 collegae
2377 3717 2466 3771 sui
2492 3716 2897 3787 conjecturam
2922 3740 2948 3769 »
2977 3717 3122 3774 adeo
3145 3721 3520 3776 commenda-

1864 3807 2030 3874 verit,
2064 3807 2164 3876 qui
2220 3825 2248 3855 «
2297 3805 2548 3860 Paulum
2604 3806 2713 3860 hac
2754 3823 2891 3862 voce
2923 3807 3190 3862 alludere
3219 3809 3293 3863 ad
3327 3810 3520 3880 ipsum

1867 3894 2127 3950 Onesimi
2186 3911 2405 3949 nomen
2463 3894 2856 3950 existimavit:
2891 3917 2919 3945 »
2977 3895 3198 3951 mirum
3239 3901 3328 3951 est
3358 3899 3521 3970 lgna-

1868 3987 2016 4042 tium
2047 3990 2319 4040 nostrum
2350 4001 2471 4040 non
2503 3990 2737 4040 tantum
2760 3985 2820 4041 in
2843 3986 3094 4058 epistola
3115 3986 3188 4041 ad
3210 3988 3516 4059 Ephesios,

1867 4075 1968 4131 ubi
2002 4075 2265 4131 Onesimi
2299 4091 2504 4130 eorum
2538 4075 2799 4147 episcopi
2834 4076 3200 4131 mentionem
3227 4076 3386 4145 facit,
3414 4077 3518 4132 sed

1868 4165 2046 4219 etiam
2078 4165 2294 4236 saepius
2327 4164 2468 4219 alibi
2501 4180 2570 4219 ea
2613 4181 2752 4219 voce
2803 4165 2910 4220 uti.
2957 4164 3068 4219 Sed
3097 4182 3206 4222 vox
3237 4165 3341 4220 illa
3373 4162 3521 4218 ὀναί-

1870 4273 1978 4325 μην
2011 4254 2152 4308 satis
2210 4254 2366 4324 apud
2424 4254 2655 4309 Graecos
2713 4270 2949 4325 semper
2987 4254 3126 4310 trita
3181 4254 3311 4310 fuit.
3356 4255 3528 4327 Apud

1869 4343 2225 4414 Hesychium
2256 4342 2510 4415 legitur:
2548 4342 2871 4415 Ὀνήμονος,
2933 4342 3078 4415 ἂξιος
3121 4343 3380 4414 ὀνήσεως.
3415 4345 3521 4400 So-

1867 4433 2104 4506 pingius
2149 4433 2465 4504 legendum
2523 4438 2693 4505 putat
2748 4434 3068 4506 Ὀντςσιμος,
3104 4441 3162 4490 et
3200 4435 3524 4507 Epistolam

1870 4523 2012 4579 citat
2039 4523 2090 4577 S.
2110 4521 2279 4576 Pauli
2303 4522 2377 4577 ad
2397 4522 2795 4579 Timotheum.
2819 4524 2930 4580 Sed
2957 4526 3066 4581 hoc
3090 4525 3266 4582 modo
3296 4531 3523 4582 veteres

1795 4592 1842 4655 ι)
1873 4611 2243 4682 intelligendi
2279 4629 2398 4666 non
2461 4619 2616 4670 sunt.
2671 4614 2810 4678 Quis
2871 4615 3031 4670 enim
3090 4632 3209 4670 non
3235 4615 3392 4670 videt
3418 4632 3525 4686 pro

1875 4700 2178 4772 Ὀνήμονος
2209 4700 2526 4774 legendum
2559 4719 2709 4770 esse,
2754 4703 3065 4776 Ὀνήμενος,
3100 4706 3289 4778 Odyss.
3326 4707 3384 4773 Β,
3419 4707 3526 4761 33:

2091 4821 2314 4886 Ἐσθλός
2349 4844 2442 4896 μοι
2474 4820 2626 4880 δοκεῖ
2653 4818 2845 4898 ἔμμεν’
2882 4825 3169 4899 ὀνήμενος,

1878 4967 2012 5006 cum
2043 4950 2358 5022 explicatio
2389 4952 2684 5022 Hesychii,
2717 4945 2897 5020 ὄνησιν
2932 4951 3123 5005 ἑαυτοῦ
3155 4945 3340 5020 λάϐοι,
3372 4953 3529 5023 apud

1879 5045 2140 5095 veterem
2166 5039 2528 5095 Scholiasten
2553 5056 2619 5094 eo
2646 5041 2775 5095 loco
2801 5042 3037 5096 exstet?
3066 5042 3153 5096 Ad
3184 5042 3527 5098 Onesimum

1880 5135 2060 5196 certe,
2093 5135 2195 5184 aut
2248 5129 2322 5184 ad
2380 5129 2434 5184 S.
2468 5129 2631 5184 Pauli
2694 5129 2891 5184 locum
2923 5147 3044 5185 non
3077 5146 3313 5201 semper
3341 5132 3528 5202 respi-

1882 5221 2159 5279 ciendum
2192 5221 2425 5292 quoties
2455 5218 2528 5274 de
2575 5235 2645 5275 ea
2688 5235 2826 5274 voce
2857 5219 3068 5292 agitur.
3108 5221 3214 5277 Diu
3245 5226 3382 5277 ante
3410 5223 3523 5278 Eu-

1881 5311 2103 5384 ripides
2133 5311 2193 5365 in
2227 5311 2410 5366 Oreste
2435 5325 2448 5364 :

2203 5434 2390 5488 Ὀναιο
2420 5434 2509 5488 καὶ
2542 5431 2628 5506 σὺ,
2659 5431 2750 5488 καὶ
2777 5434 2805 5489 ὁ
2836 5428 3020 5495 διδοὺς
3051 5431 3183 5507 ἐγώ.

1885 5582 2047 5639 Unde
2095 5579 2280 5636 Aulus
2339 5579 2559 5636 Gellius
2609 5581 2713 5638 lib.
2773 5599 2892 5650 xiv,
2949 5597 3077 5654 cap.
3111 5584 3182 5637 6:
3227 5581 3412 5638 Ὄναιο
3442 5579 3526 5652 σὺ,

1885 5674 2156 5744 inquam,
2188 5669 2528 5741 doctissime
2569 5671 2851 5746 virorum,
2901 5670 3101 5743 ταύτης
3143 5678 3241 5742 τῆς
3272 5670 3536 5748 πολυμα-
