3942 6302
395 392 514 450 455

1465 389 1532 451 S.
1577 389 1980 451 IGNATIUS.
2027 421 2106 434 —
2148 385 2764 449 PROLEGOMENA.

3694 382 3822 443 456

397 525 568 593 Θείας,
601 542 721 580 non
774 519 928 578 ὄναιό
961 544 1080 594 σου,
1110 529 1175 581 ut
1230 542 1387 584 nunc
1418 525 1574 583 male
1605 525 1903 582 scribitur.
1935 526 2042 580 Eu-

2216 519 2416 593 atpnv,
2450 522 2610 592 quod
2640 522 2712 576 ab
2745 537 2814 576 eo
2847 519 3102 576 Dallaaus
3133 516 3285 574 mira
3334 517 3580 575 licentia
3620 541 3648 568 ‹‹
3683 536 3820 576 sex-

389 615 612 686 ripides
644 615 705 670 in
735 615 1040 688 Hippolyto
1064 635 1081 670 :

821 761 1100 827 Ὅνασθαι,
1137 758 1213 831 μή
1251 760 1437 831 μαθεῖν
1476 755 1700 833 βούλου.

401 885 563 941 Unde
593 885 915 956 Hesychius
939 902 953 940 :

821 1029 1104 1100 Ὀνασθαι,
1138 1026 1478 1102 ὠφελῆσθαι.

387 1155 596 1211 Suidas
627 1157 689 1208 V.
725 1151 1012 1225 Ὀναίμην,
1049 1154 1192 1209 citat
1224 1154 1383 1209 hunc
1417 1153 1806 1210 versiculum:

387 1279 570 1346 Καύτή
603 1279 704 1351 γὰρ
734 1278 868 1352 ὶγὼ,
900 1276 1073 1338 οὕτως
1105 1277 1340 1350 ὀναίμην
1363 1280 1470 1331 τῶν
1503 1277 1720 1332 τέκνων.

390 1403 502 1457 Sed
535 1402 689 1473 apud
721 1402 1200 1472 AristOphanem,
1221 1402 1378 1457 unde
1410 1404 1799 1476 transcripsit,
1828 1404 2044 1476 legitur

393 1490 641 1562 ὁνοίμην,
680 1491 1245 1562 Thesm0phoriazusis
1266 1509 1286 1544 .-

393 1629 580 1698 Καῦτή
613 1631 723 1703 γὰρΔ
752 1622 938 1703 ἔγωγ’,
973 1625 1145 1690 οὕτως
1169 1628 1427 1703 ξόνοίμην
1449 1634 1554 1685 τῶν
1587 1630 1809 1702 τέκνων,

392 1705 550 1756 Μισῶ
575 1699 666 1755 τόν
688 1699 850 1776 -ἂνδ”ρ’
877 1699 1105 1769 ἐκεῖνον,
1141 1700 1185 1755 εί
1219 1703 1294 1775 μὴ
1318 1699 1614 1775 μαίνομαι.

604 1829 733 1896 Ipsa
763 1829 907 1881 enim
937 1843 1054 1896 ego,
1088 1829 1170 1881 ita
1197 1830 1362 1896 fruar
1391 1829 1574 1884 liberis
1602 1832 1754 1897 meis,

604 1900 708 1955 Odi
737 1901 918 1953 virum
946 1899 1125 1966 illum,
1158 1902 1264 1954 nisi
1305 1901 1546 1956 insanio.

467 2033 631 2090 Unde
665 2033 914 2104 intelligi
974 2039 1166 2104 potest
1199 2035 1471 2105 Hesychii
1516 2037 1712 2092 locum
1765 2039 2043 2094 mutilum

397 2140 548 2189 esse,
582 2122 684 2177 ubi
717 2121 894 2176 habet
951 2121 1196 2189 Ὀνοιτο,
1259 2121 1491 2194 ὀμοῖως.
1543 2127 1716 2181 Deest
1745 2127 1904 2182 enirn
1935 2145 2045 2183 vox

398 2210 628 2281 ὀνοίμην
663 2227 798 2266 cum
829 2211 1219 2282 explicatione
1244 2229 1368 2268 sua.

473 2301 567 2354 Sic
597 2299 880 2355 Admetus
936 2300 1092 2372 apud
1143 2302 1483 2374 Euripidem
1532 2303 1857 2376 alloquitur
1885 2307 2050 2362 Alce-

402 2386 568 2447 stin:

472 2527 726 2609 ⁸⁷Αλιςῌδὶ
756 2527 985 2609 παίδων·
1017 2529 1176 2609 τῷνδ’
1196 2531 1390 2609 Δδνηιξιν
1423 2531 1681 2609 εὔχομαι.

542 2606 695 2664 Θεοῖς
724 2601 986 2677 γενέσθαιο
1021 2607 1116 2657 σοῦ
1147 2605 1252 2679 γὰρ
1284 2601 1382 2660 οὐκ
1411 2601 1690 2680 (Mihi-sea.

397 2749 559 2804 Salus
591 2748 926 2824 liberorum;
956 2749 1148 2804 horum
1184 2753 1507 2819 fruitionem
1531 2772 1732 2824 precor

397 2824 534 2876 Deos
563 2821 710 2875 mihi
745 2822 1099 2890 contingere;
1121 2829 1170 2876 te
1200 2826 1344 2877 enim
1365 2841 1473 2878 non
1503 2821 1760 2898 amplius
1780 2831 2043 2896 fruimur.

401 2947 579 3000 Vetus
613 2962 754 3000 sane
787 2951 845 3000 et
873 2946 1042 3018 vulgo
1075 2947 1213 3002 trita
1247 2947 1528 3020 loquendi
1561 2950 1836 3020 formula,
1869 2953 2043 3019 οὕτως

402 3034 633 3106 ὀναίμην
694 3034 859 3096 τινός.
917 3039 1196 3108 Synesius
1252 3042 1732 3098 accuratissimus
1781 3051 2044 3102 veterum

394 3128 726 3182 Atticorum
773 3129 1036 3184 imitator
1062 3129 1232 3200 epist.
1261 3132 1362 3186 44ε
1397 3131 1556 3186 Οὕτω
1585 3139 1685 3202 τῆς
1717 3135 1864 3209 ἱερᾶς
1889 3135 2043 3213 φιλο-

401 3216 592 3281 σοφίας
628 3217 886 3290 ὀναίμην,
915 3217 1004 3272 καὶ
1064 3217 1284 3292 προσέτι
1338 3223 1448 3274 τῶν
1477 3219 1712 3277 παιδίων
1737 3229 1845 3278 τῶν
1875 3223 2044 3298 ἒμαυ-

2146 612 2372 666 centies
2403 615 2757 682 usurpatum
2788 631 2814 658 ››
2847 610 3016 665 dixit.

2214 720 2413 790 Neque
2473 736 2604 774 vere
2665 734 2916 774 censura
2974 716 3245 773 Arruntii
3311 715 3468 787 apud
3520 717 3811 774 Senecam

2146 808 2472 880 quidquam
2505 807 2778 880 dignitati
2813 806 3118 878 scriptoris
3149 806 3338 860 nostri
3373 805 3647 878 derogat.
3683 809 3818 862 Imi-

2147 903 2303 954 tatus
2325 898 2426 953 ille
2463 898 2809 953 Sallustium
2839 903 2947 964 cst,
2972 902 3031 951 et
3061 896 3240 954 male.
3267 895 3377 951 Sed
3410 897 3628 966 primo,
3652 897 3814 952 male

2146 991 2283 1041 ante
2303 1001 2438 1040 eum
2456 987 2772 1056 scripserat
2796 983 3110 1039 Sallustius
3132 1000 3202 1038 ex
3225 984 3522 1038 sententia
3546 984 3812 1051 Senecas,

2145 1075 2398 1146 ideoque
2429 1091 2550 1130 non
2580 1075 2730 1130 bene
2777 1073 2918 1128 fecit
2964 1073 3306 1140 Arruntius,
3341 1073 3443 1143 qui
3475 1073 3578 1128 illa
3608 1090 3743 1143 quas
3780 1091 3815 1128 a

2149 1164 2430 1221 Sallustio
2454 1165 2607 1220 male
2631 1165 2788 1220 dicta
2815 1168 2954 1219 sunt
2979 1163 3124 1219 adeo
3151 1163 3414 1219 studiose
3436 1171 3675 1219 secutus
3698 1170 3814 1219 est.

2148 1255 2342 1309 Verba
2374 1260 2512 1309 sunt
2544 1255 2780 1309 Seneca:
2807 1270 2820 1320 ;
2850 1274 2877 1301 ‹‹
2902 1252 3078 1307 Vides
3101 1258 3300 1308 autem
3332 1251 3473 1323 quid
3504 1259 3814 1323 sequatur,

2147 1345 2247 1400 ubi
2280 1344 2458 1400 alicui
2490 1343 2697 1398 vitium
2729 1359 2834 1415 pro
2867 1342 3137 1414 exemplo
3171 1348 3278 1396 est.
3317 1365 3344 1392 »
3381 1342 3464 1398 lta
3512 1343 3817 1398 Helladius

2147 1434 2304 1506 apud
2363 1433 2640 1488 Photium
2727 1437 2896 1486 notat
2977 1432 3372 1503 Euphorionis
3461 1429 3818 1500 κακοζηλους

2150 1523 2343 1592 λέξεις,
2363 1540 2480 1578 non
2514 1523 2756 1594 quidem
2787 1547 2806 1571 ι
2830 1539 2948 1577 non
2970 1521 3310 1588 imitandas,
3333 1545 3360 1572 »
3392 1527 3456 1578 ut
3487 1523 3811 1594 interpres,

2151 1613 2254 1669 sed
2285 1636 2311 1663 ‹‹
2347 1629 2418 1667 ex
2449 1612 2605 1668 mala
2635 1613 3010 1666 affectatione
3043 1633 3070 1661 ››
3104 1611 3436 1683 profectas;
3471 1628 3608 1666 nam
3642 1631 3720 1663 πα
3735 1631 3825 1685 ρε-

2153 1700 2370 1771 ζήλωσε
2398 1700 2487 1755 τὸν
2523 1705 2740 1775 πρῶτον
2771 1698 3054 1754 Διονύσιον
3098 1701 3189 1754 τὸν
3235 1697 3489 1761 Σικελίας
3521 1699 3816 1773 τύραννον,

2150 1815 2177 1843 ‹‹
2213 1792 2560 1863 Dionysium
2593 1791 2850 1863 primum
2908 1790 3120 1845 Sicilia:
3177 1795 3497 1861 tyrannum
3539 1791 3814 1846 imitatus

2076 1903 2122 1968 Β
2153 1887 2260 1947 est,
2295 1904 2322 1931 ››
2353 1881 2454 1952 qui
2487 1881 2675 1936 multa
2704 1879 2986 1934 vocabula
3026 1876 3422 1951 καταγέλαστα,
3456 1879 3630 1951 plane
3661 1880 3815 1934 ridi—

2154 1968 2285 2024 cula
2316 1969 2679 2041 excogitavit.
2716 1970 2789 2022 At
2818 1968 3038 2039 optime
3072 1969 3126 2022 S.
3158 1968 3375 2023 Paulus
3407 1985 3546 2023 voce
3578 1965 3819 2037 ὀναίμην

2154 2057 2451 2124 utebatur,
2488 2058 2708 2128 optime
2756 2057 3048 2126 vulgatum
3101 2064 3160 2111 et
3206 2058 3422 2112 Graecis
3451 2058 3817 2112 familiarem

2155 2163 2490 2202 sermonem
2505 2146 2773 2218 religioni
2789 2146 3138 2201 Christianae
3153 2147 3665 2218 attemperavit,op
3675 2148 3820 2202 time

2157 2235 2416 2290 ostendit
2462 2235 2758 2306 quomodo
2811 2234 2932 2289 illis
2984 2236 3085 2306 qui
3143 2235 3314 2290 nobis
3361 2236 3619 2290 maxime
3651 2236 3820 2290 chari

2159 2328 2316 2390 sunt,
2349 2323 2462 2377 frui
2495 2328 2782 2394 oporteat,
2807 2339 3020 2394 nempe
3056 2325 3112 2377 in
3144 2324 3393 2389 Domino,
3429 2323 3515 2377 vel
3547 2329 3614 2377 ut
3643 2323 3824 2396 lgna—

2158 2412 2274 2466 tius
2304 2417 2527 2479 noster,
2563 2433 2590 2462 «
2621 2412 2684 2466 in
2717 2413 2853 2466 Deo.
2881 2433 2908 2461 »
2941 2413 3139 2482 Neque
3170 2413 3349 2484 igitur
3378 2412 3472 2467 hic
3505 2413 3560 2466 S.
3594 2412 3822 2467 Paulus

2156 2519 2263 2573 pro
2297 2500 2709 2569 Sallustio,nec
2740 2501 3126 2572 epistolarum
3157 2502 3413 2572 scriptor
3442 2518 3548 2573 pro
3582 2503 3824 2556 Arrun-

2156 2594 2238 2648 tio
2264 2593 2467 2647 haberi
2492 2591 2712 2646 debuit.
2739 2589 3031 2659 Secundo,
3057 2591 3107 2645 si
3131 2592 3383 2662 scriptor
3409 2590 3562 2645 male
3587 2592 3645 2647 S.
3672 2593 3824 2645 Pau-

2157 2683 2279 2738 lum
2302 2682 2564 2736 imitatus
2585 2680 2985 2746 fuisset,nullo
3019 2681 3194 2735 modo
3224 2681 3493 2750 sequitur
3518 2696 3657 2734 eum
3693 2697 3820 2735 non

2155 2772 2336 2827 fuisse
2369 2773 2558 2826 virum
2590 2776 2648 2825 et
2675 2770 2864 2840 pium,
2897 2777 2953 2824 et
2983 2786 3240 2841 gravem,
3267 2775 3324 2825 et
3353 2771 3599 2825 omnino
3631 2771 3819 2826 talem

2157 2862 2393 2933 qualem
2418 2861 2470 2915 S.
2495 2860 2787 2932 Ignatium
2820 2859 3000 2914 fuisse
3026 2876 3232 2915 omnes
3255 2860 3628 2914 credunt.Sic
3651 2861 3822 2915 enim

2156 2953 2379 3006 Seneca
2408 2950 2479 3005 de
2513 2965 2617 3004 suo
2649 2949 2966 3003 Arruntio:
3029 2971 3056 2998 ‹‹
3109 2950 3242 3004 Haec
3291 2949 3468 3022 igitur
3506 2954 3564 3003 et
3595 2949 3820 3020 hujus-

2153 3041 2315 3096 modi
2348 3040 2505 3105 vitia,
2539 3055 2670 3109 quaa
2705 3038 2882 3092 alicui
2915 3038 3219 3109 impressit
3247 3039 3651 3106 imitatio,non
3682 3045 3825 3094 sunt

2153 3129 2377 3185 indicia
2407 3128 2680 3195 luxuriae,
2705 3145 2815 3182 nec
2847 3129 3032 3182 animi
3066 3129 3352 3200 corrupti.
3385 3129 3636 3199 Propria
3659 3129 3824 3184 enim

2155 3237 2284 3275 esse
2317 3218 2540 3273 debent
2566 3223 2624 3271 et
2653 3234 2723 3271 ex
2755 3218 2884 3288 ipso
2918 3222 3075 3282 nata,
3101 3234 3173 3272 ex
3209 3217 3426 3287 quibus
3458 3223 3522 3272 tu
3555 3219 3827 3273 azstimes

394 3310 515 3375 τοῦ,
548 3306 622 3370 ὡς
654 3307 756 3360 οὐκ
807 3302 868 3361 ἔὶν
904 3311 979 3377 μή
1013 3305 1261 3380 φιλτάτῳ
1293 3309 1373 3362 σοὶ
1433 3312 1763 3388 τυγχάνοντι
1797 3311 2044 3370 συνεϐούο

2216 3309 2410 3380 icujus
2441 3308 2704 3362 atTectus.
2738 3327 2766 3355 ››
2825 3307 2986 3361 Cavit
3041 3306 3201 3361 enim
3263 3307 3526 3362 sollicite
3580 3324 3659 3362 ne
3693 3311 3828 3378 quis

393 3391 562 3448 λευσά
605 3415 658 3448 τι
707 3399 978 3461 τοιοῦτον,
1040 3395 1134 3469 ὅγε
1193 3395 1504 3471 ἆπεύχομαί
1532 3405 1648 3460 τοῖς
1678 3399 1899 3477 ἐχθροῖς
1924 3410 2042 3468 τοῖς

389 3480 571 3553 ἐμοῖς.
633 3507 661 3533 ‹‹
721 3484 806 3539 lta
854 3501 1020 3539 sacra
1084 3485 1479 3558 philosophia,
1513 3490 1834 3564 liberisque
1894 3497 2043 3551 meis

393 3573 638 3644 insuper
669 3573 849 3641 fruar,
882 3578 948 3628 ut
994 3572 1099 3628 tibi
1149 3592 1288 3644 non,
1323 3577 1437 3632 nisi
1469 3580 1864 3639 amicissimus
1895 3586 2044 3640 mihi

396 3679 576 3722 esses,
611 3660 834 3731 aliquid
866 3662 1160 3733 ejusmodi
1208 3664 1419 3721 fuerim
1453 3670 1852 3741 consulturus,
1886 3673 2044 3744 quod

394 3751 656 3805 inimicis
716 3751 862 3805 meis
920 3751 1287 3824 deprecor.»
1346 3756 1426 3810 De
1483 3757 1686 3814 liberis
1745 3763 2042 3834 praecipue

388 3839 687 3910 rebusque
719 3840 1085 3896 charissimis
1126 3849 1227 3897 aut
1275 3847 1546 3915 personis
1577 3849 1728 3904 hanc
1759 3851 2041 3921 loquendi

394 3929 710 3984 formulam
743 3932 1111 4003 usurpabant
1140 3940 1365 3990 veteres
1392 3937 1596 4007 Grazci,
1626 3945 1689 3994 ut
1711 3947 1941 3997 constat
1970 3961 2042 3998 ex

386 4019 690 4091 Euripide,
703 4021 1118 4092 Aristophane,
1143 4024 1411 4096 Synesio,
1437 4043 1668 4083 necnon
1691 4045 1763 4083 ex
1785 4031 2040 4087 Luciano

391 4109 490 4180 qui
542 4109 603 4163 in
631 4105 970 4181 Φιλοψευδεῖ
999 4111 1126 4166 Ι]ωο
1153 4111 1330 4168 habet
1358 4130 1370 4169 ε
1434 4113 1534 4169 Καὶ
1567 4115 1595 4169 ὁ
1627 4115 1906 4191 Εὐκράτης
1939 4117 2043 4173 ὣσ-

395 4218 491 4271 μερ
526 4198 888 4270 ἀναμνησθείς
947 4199 1083 4272 πρὸς
1136 4202 1239 4270 τὴν
1299 4197 1422 4276 ὄψιν
1483 4209 1590 4260 τῶν
1640 4208 1821 4276 υἱέων,
1855 4208 2041 4273 Οὕτως

393 4282 645 4355 ὀναίμην,
682 4277 806 4358 ἔφη,
840 4282 1072 4351 τούτων,
1097 4283 1374 4343 ἐπιϐαλὼν
1402 4291 1591 4355 αὐτοῖς
1622 4295 1720 4363 τήν
1753 4301 1931 4370 χεῖρα,
1965 4299 2040 4360 ὡς

392 4374 600 4442 ἀληθῆ,
654 4371 698 4426 ὦ
748 4372 1028 4448 Τυχιάδη,
1085 4377 1222 4450 πρὸς
1279 4379 1335 4434 σέ
1391 4381 1518 4456 ἐρῶ.
1581 4408 1606 4436 (ι
1641 4389 1710 4441 Et
1739 4390 2040 4458 Eucrates,

394 4463 562 4533 quasi
597 4479 666 4517 ex
721 4472 1041 4535 conspectu
1098 4468 1356 4526 filiorum
1413 4473 1538 4530 haec
1597 4476 1656 4530 in
1689 4479 2040 4536 memoriam

392 4557 754 4606 revocasset:
779 4554 866 4608 Ita
886 4553 1068 4623 fruar,
1088 4557 1415 4628 inquiebat,
1441 4563 1621 4632 hisce,
1648 4564 1767 4619 illis
1798 4583 2040 4625 manum

2148 3397 2304 3452 male
2335 3397 2406 3452 de
2438 3394 2752 3450 virtutibus
2774 3400 2875 3449 aut
2905 3395 3168 3450 moribus
3193 3395 3459 3450 Arruntii
3484 3395 3798 3466 judicaret

2151 3504 2328 3557 quem
2361 3487 2486 3558 ipse
2519 3484 2780 3556 appellat
2835 3484 3024 3539 virum
3085 3501 3232 3539 raras
3291 3484 3681 3557 frugalitatis,
3715 3486 3818 3556 qui

2148 3592 2324 3630 verus
2354 3579 2560 3630 auctor
2590 3575 2849 3628 Historiae
2899 3573 2963 3627 de
3019 3573 3159 3628 bello
3185 3575 3394 3628 Punico
3425 3574 3559 3638 fuit,
3595 3591 3668 3628 ex
3706 3591 3823 3646 qua

2150 3680 2211 3718 se
2244 3663 2564 3736 profecisse
2606 3661 2825 3716 fatetur
2877 3661 3125 3729 Plinius,
3161 3679 3339 3732 quem
3395 3668 3460 3717 ut
3515 3663 3815 3734 Optimum

2149 3759 2445 3808 oratorem
2496 3751 2628 3806 Piso
2687 3751 2748 3804 in
2798 3750 3062 3821 periculo
3110 3752 3302 3822 petiit,
3346 3767 3522 3823 quem
3575 3753 3815 3808 Tacitus

2149 3847 2285 3897 ante
2317 3839 2587 3896 Asinium
2637 3839 2884 3909 Gallum,
2945 3844 3005 3894 et
3065 3840 3400 3895 Marcellum
3450 3841 3815 3897 Aserninum

2148 3929 2495 3999 nominavit,
2531 3945 2708 4000 quem
2734 3931 3029 4001 Augustus
3050 3928 3119 3983 de
3143 3945 3484 3984 successore
3517 3929 3816 3985 sollicitus

2148 4037 2268 4076 non
2299 4019 2606 4091 indignum
2631 4017 3220 4089 imperiojudicavit;
3247 4019 3350 4089 qui
3371 4018 3459 4072 vir
3490 4018 3629 4073 talis
3655 4021 3816 4075 inter

2147 4113 2464 4174 Romanos,
2524 4123 2644 4162 non
2702 4107 2896 4178 qualis
2955 4105 3244 4178 impostor
3297 4107 3664 4176 Dallaaanus,
3708 4109 3811 4164 sed

2147 4199 2342 4270 potius
2365 4196 2558 4268 qualis
2580 4201 2818 4252 sanctus
2837 4196 3096 4267 lgnatius
3119 4196 3277 4268 apud
3298 4198 3811 4262 nostros,habitus

2149 4293 2256 4344 est.
2290 4286 2508 4356 Tertio,
2540 4285 2642 4356 qui
2672 4285 2752 4340 ita
2799 4285 2892 4339 vel
2939 4285 3304 4356 Sallustium,
3338 4286 3425 4341 vel
3456 4289 3810 4342 Arruntium

2147 4381 2351 4448 postea
2370 4375 2636 4430 imitatus
2655 4374 2751 4441 sit,
2773 4374 3076 4429 nemiuem
3109 4377 3382 4431 novimus
3409 4393 3420 4430 :
3452 4377 3809 4448 scriptorem

2147 4471 2345 4522 autem
2378 4469 2650 4519 nostrum
2705 4469 2990 4534 tanquam
3041 4465 3331 4535 optimum
3365 4465 3544 4520 etiam
3582 4466 3646 4520 in
3697 4467 3807 4521 hac

2147 4556 2277 4627 ipsa
2309 4571 2370 4608 re
2401 4553 2614 4608 imitati
2648 4557 2787 4606 sunt
2831 4553 2933 4606 viri
2986 4554 3251 4608 maximi.
3284 4553 3643 4622 Alexander,
3677 4557 3808 4626 epi-

393 4639 694 4709 injiciens,
745 4647 811 4696 ut
861 4659 995 4698 vera
1039 4645 1166 4711 tibi,
1199 4666 1231 4703 ο
1271 4650 1584 4720 Tychiada,
1620 4651 1845 4723 loquor,
1882 4678 1909 4704 »
1938 4656 2046 4713 Rc-
2072 4644 2117 4708 D
2151 4662 2363 4716 scopus
2387 4644 2847 4708 Alexandrinus,
2869 4645 3120 4715 epistola
3142 4646 3214 4700 ad
3238 4646 3637 4701 Alexandrum
3662 4647 3807 4702 Con-

391 4729 733 4800 ceptissima
763 4731 873 4786 hac
900 4732 1177 4804 loquendi
1205 4738 1458 4793 formula
1476 4757 1616 4795 usus
1636 4748 1724 4796 est
1747 4744 1800 4797 S.
1823 4747 2040 4803 Paulus

392 4819 466 4873 ad
493 4817 925 4888 Philemonem,
959 4838 1206 4895 eamque
1265 4828 1433 4897 quasi
1477 4829 1916 4890 Christianitate
1947 4835 2044 4891 do-

393 4906 594 4962 naVit:
628 4905 774 4980 Ἐγὼ
807 4927 901 4960 σου
939 4907 1171 4982 ὀναίμην
1231 4909 1284 4965 ἐν
1341 4912 1549 4987 Κυρίῳ.
1585 4939 1612 4966 ‹‹
1645 4920 1761 4990 Ego
1795 4925 1848 4976 te
1879 4922 2042 4980 fruar

389 4995 452 5050 in
480 4995 752 5052 Domino.
791 5019 820 5046 »
855 4999 919 5053 ln
953 5015 1069 5070 qua
1099 5000 1397 5057 locutione
1421 5027 1446 5053 «
1475 5004 1635 5062 aliud
1663 5008 1849 5065 multo
1873 5011 2038 5067 intel-

391 5083 596 5155 ligitur
627 5101 805 5154 quam
836 5092 1098 5157 putatur,
1137 5113 1156 5139 ι
1214 5096 1278 5144 ut
1325 5091 1593 5151 observat
1625 5096 2035 5172 Hieronymus.

391 5173 473 5227 Ea
503 5172 680 5244 igitur
710 5191 852 5230 usus
883 5180 973 5230 est
1001 5177 1261 5248 Ignatius
1283 5185 1347 5233 ut
1379 5183 1524 5237 satis
1554 5183 2038 5262 familiari,atque

394 5262 638 5332 insuper
668 5279 702 5317 a
732 5263 974 5320 S.Paulo
1005 5275 1308 5338 usurpata.
1333 5270 1444 5326 Sed
1469 5289 1648 5342 quare
1669 5277 1841 5333 toties
1862 5296 2040 5335 usur-

396 5351 575 5422 pavit,
599 5369 733 5406 cum
766 5353 819 5407 S.
854 5354 1073 5409 Paulus
1105 5357 1288 5411 semel
1321 5364 1548 5417 tantum
1572 5363 1600 5418 ?
1628 5365 1820 5422 Semel
1853 5370 2041 5424 utitur

394 5439 552 5494 idem
585 5442 887 5510 apostolus
909 5460 1049 5498 voce
1080 5442 1426 5518 ἆγαθοποιία,
1451 5450 1720 5509 Clemens
1743 5456 2039 5515 Romanus

394 5529 456 5582 in
503 5545 623 5583 una
679 5532 924 5602 epistola
982 5541 1221 5605 quater;
1279 5540 1462 5596 semel
1511 5542 1567 5598 S.
1601 5545 1806 5601 Petrus
1837 5565 2038 5606 vocem

396 5614 947 5717 “£7110ﬂESR1-5C,‘in
1005 5624 1210 5717 eadem
1271 5629 1517 5702 epistola
1548 5633 1817 5690 Clemens
1849 5639 2039 5696 sexies

391 5711 731 5774 usurpavit;
764 5711 936 5766 toties
980 5715 1225 5786 scilicet,
1259 5719 1488 5789 quoties
1537 5721 1798 5795 lgnatius
1837 5733 2040 5784 noster

2150 4734 2746 4806 stantinopolitanum
2778 4751 2790 4787 :
2823 4732 3088 4804 Ὀναίμην
3124 4734 3276 4806 ὑμῶν
3303 4737 3401 4798 τῆς
3434 4732 3804 4812 φιλοχρίστου

2147 4825 2354 4900 ψυχῆς.
2415 4823 2469 4876 S.
2504 4823 2957 4893 Chrysostomus
3014 4823 3076 4877 in
3133 4824 3409 4880 Oratione
3449 4826 3808 4896 panegyrica

2147 4913 2273 4969 haec
2303 4912 2510 4985 lgnatii
2551 4910 2729 4966 verba
2759 4913 3013 4967 maxime
3048 4918 3328 4984 tanquam
3363 4913 3647 4985 praeclara
3678 4913 3809 4969 lau-

2148 5002 2284 5058 dat:
2321 4998 2461 5074 Ἐγὼ
2491 5002 2596 5052 τῶν
2626 4999 2832 5071 θηρίων
2879 4997 3096 5054 ἐκείνων
3129 4999 3388 5074 ὀναίμην,
3419 5007 3479 5058 et
3507 5018 3644 5057 cum
3679 5003 3806 5073 ipse

2148 5090 2393 5145 minime
2456 5089 2631 5144 fuerit
2685 5084 3018 5158 κακόζηλος,
3055 5107 3124 5146 ea
3155 5091 3374 5146 imitari
3407 5097 3659 5148 conatus
3691 5097 3802 5161 est,

2145 5179 2339 5235 verbis
2369 5194 2500 5249 quas
2531 5177 2708 5250 paulo
2761 5183 2896 5234 ante
2943 5180 3322 5251 protulimus,
3356 5179 3503 5256 Ἐγὼ
3531 5182 3642 5233 τῶν
3678 5175 3804 5233 δεσ-

2151 5272 2266 5341 μῶν
2300 5265 2530 5338 ὀναίμην
2560 5263 2774 5320 ἐκείνων
2785 5311 2798 5324 .

2218 5376 2291 5431 Ut
2319 5372 2478 5429 aliud
2508 5371 2840 5441 κακοζηλίας
2889 5377 3227 5449 exemplum
3279 5377 3580 5441 extundat,
3615 5375 3806 5432 multa

2147 5461 2646 5518 comminiscitur.
2707 5464 3008 5520 «Dixerat
3063 5466 3378 5536 Apostolus
3427 5465 3803 5520 Timotheum

2149 5569 2323 5607 suum
2383 5568 2444 5606 se
2505 5550 2725 5606 habere
2783 5549 3052 5630 ἰσόψυχον
3113 5555 3545 5609 unanimem.»
3579 5555 3660 5609 Ne
3694 5555 3804 5609 hoc

2150 5641 2390 5713 quidem
2420 5655 2624 5695 verum
2682 5645 2792 5696 est.
2838 5637 3067 5712 Οὐδένα,
3099 5643 3296 5714 inquit
3323 5644 3378 5697 S.
3412 5642 3655 5712 Paulus,
3687 5635 3804 5720 ἔχω

2149 5726 2442 5806 ῗσὸψυχον.
2478 5731 2565 5784 An
2619 5735 2817 5787 autem
2874 5733 2973 5803 qui
3007 5733 3308 5789 nemiuem
3340 5749 3401 5787 se
3433 5732 3656 5788 habere
3687 5729 3804 5784 ἰσό-
