3942 6302
145 366 259 425 457

911 366 1354 430 PEARSONII
1398 363 1781 430 VINDICIE
1823 362 2306 426 IGNATlANE.
2352 392 2429 411 -ι
2471 362 2675 424 PARS
2719 365 2797 425 II.

3445 367 3568 432 458

144 496 314 569 ψυχον
348 495 519 568 dixit,
554 496 765 554 habere
794 513 858 554 se
877 497 1248 555 Timotheum
1276 497 1540 573 ἰσόψυχον
1574 497 1768 553 (ΙὶΧί88‹

1958 518 1982 559 ς
2013 495 2040 549 ὁ
2071 496 2274 569 Κύριος
2293 494 2384 548 τὸν
2412 494 2543 567 ὑπὶρ
2566 495 2748 568 ἡμῶνο
2785 495 2918 571 ὑπὲρ
2951 499 3048 552 σοῦ
3077 497 3180 566 τὴν
3210 498 3395 573 ψυχὴν
3415 501 3556 556 ἀντι-

149 587 439 656 putandus
470 587 606 644 est?
635 588 742 644 Sed
770 587 890 645 sive
934 589 1204 645 habuerit
1240 595 1296 646 S.
1347 590 1559 647 Paulus
1607 585 1798 660 ἰσόψυ-

147 694 264 750 χον,
287 679 407 734 sive
430 697 546 734 non
571 679 904 754 habuerit,q
917 681 1018 736 uid
1041 680 1150 738 hoc
1172 683 1242 738 ad
1267 683 1560 755 Ignatium
1584 680 1798 753 episto-

144 766 310 822 licum
328 767 354 822 ?
372 769 592 841 Nempe
613 769 729 837 ille,
757 792 785 820 «
811 771 1256 842 compositionis
1284 774 1470 828 forma
1491 770 1796 843 captus,ad

143 856 286 911 idem
317 858 650 929 exemplum
699 859 971 916 formavit
999 857 1296 934 ἂντίψυχος
1327 866 1382 917 et
1411 858 1731 934 ἅντίψυχον.
1771 881 1790 908 ι

143 950 220 1000 An
253 963 390 1004 vero
421 945 519 1002 ille
549 965 676 1003 eam
699 965 901 1005 vocem
932 950 1228 1020 formavit,
1251 967 1381 1022 quae
1401 949 1796 1021 antiqussima

145 1035 290 1090 fuit?
314 1039 400 1091 An
434 1039 505 1092 ad
543 1037 694 1092 idem
727 1038 1060 1111 exemplum
1089 1041 1333 1096 formata
1353 1057 1479 1106 vox,
1505 1056 1628 1110 quas
1648 1056 1795 1111 prae-

146 1125 485 1196 positionem
514 1126 641 1182 loco
691 1127 951 1183 nominis
1011 1128 1237 1185 habet?
1291 1131 1374 1184 An
1436 1127 1577 1185 illud
1628 1127 1792 1184 Pauli

143 1209 396 1288 ἰσόψυχος
430 1215 774 1287 simpliciter
803 1215 1112 1272 aemulatus
1146 1223 1256 1284 est,
1299 1234 1433 1274 cum
1484 1235 1593 1273 vox
1645 1215 1792 1270 ἀντί-

140 1303 309 1376 ψυχας
342 1304 589 1360 alterius
629 1306 800 1377 plane
830 1305 1279 1376 signiﬁcationis
1324 1307 1456 1363 sit?
1514 1307 1586 1362 Ut
1636 1306 1788 1362 idem

141 1393 238 1450 has
294 1393 445 1450 duas
501 1411 667 1453 voces
720 1395 1054 1468 signiﬁcare
1106 1399 1398 1467 ostendat,
1457 1399 1583 1454 vult
1631 1398 1787 1469 apud

144 1481 196 1538 S.
226 1482 495 1554 Paulum,
532 1480 802 1560 ἰσόψυχον
834 1503 961 1542 esse
1009 1487 1374 1557 unanimem,
1415 1490 1472 1543 et
1519 1487 1790 1543 observat

139 1578 377 1628 veterem
415 1573 794 1646 interpretem
829 1574 1036 1647 Ignatii
1068 1575 1151 1630 ita
1191 1576 1430 1632 reddere
1463 1573 1783 1648 ἀντίψυχον.

137 1657 456 1734 Utrumque
485 1662 720 1719 frustra.
742 1663 943 1736 Neque
960 1663 1114 1720 enim
1139 1662 1409 1737 ἰσόψυχος
1429 1666 1576 1736 apud
1593 1663 1783 1736 illum,

137 1765 312 1821 nequo
344 1748 643 1825 ἀπίψυχος
669 1753 823 1824 apud
865 1752 1026 1809 hunc
1077 1753 1419 1809 unanimem
1471 1749 1781 1826 signiﬁcat.

131 1835 297 1895 Vetus
331 1840 392 1897 S.
429 1839 592 1896 Pauli
624 1840 933 1914 interpres,
969 1863 998 1893 «
1030 1846 1148 1897 tam
1193 1844 1532 1898 unanimem
1585 1845 1782 1898 trans-

131 1927 274 1997 tulit,
308 1931 465 2001 quod
500 1929 656 1986 aliud
689 1936 800 2001 est,
833 1937 890 1986 et
920 1932 1063 1988 Beza
1095 1931 1278 1988 multo
1308 1930 1538 2008 melius,
1591 1953 1618 1982 ‹‹
1653 1932 1777 2003 pari

132 2018 308 2074 animo
339 2021 640 2088 affectum,
673 2043 702 2072 »
737 2020 837 2092 qui
871 2043 898 2071 ‹‹
927 2026 1092 2092 putat
1126 2020 1271 2078 alios
1303 2037 1436 2077 cum
1468 2021 1774 2077 Timotheo

131 2110 467 2181 comparari,
501 2132 528 2160 κ
563 2111 716 2182 quod
741 2112 1033 2168 immerito
1061 2111 1303 2184 sugillat
1325 2112 1624 2168 Heinsius.
1646 2112 1774 2168 Sive

132 2198 271 2254 enim
299 2199 635 2270 Timotheo,
671 2202 788 2257 sive
819 2202 931 2258 sibi
965 2200 1232 2276 ἰσόψυχον
1265 2201 1402 2257 velit
1431 2202 1485 2256 S.
1539 2201 1772 2272 Paulus,

129 2288 235 2343 sive
265 2289 499 2361 utrique
529 2290 617 2359 (ut
649 2293 944 2362 accepisse
973 2289 1205 2346 videtur
1225 2291 1492 2347 Clemens
1525 2291 1776 2346 Alexan-

130 2377 337 2447 drinus,
371 2380 610 2450 Strom.,
665 2379 768 2437 lib.
821 2396 921 2436 IV:
973 2379 1210 2451 Ὁμοίως
1263 2379 1353 2432 καὶ
1410 2378 1535 2454 περὶ
1593 2381 1773 2452 Τιμο-

131 2462 239 2518 θέου
267 2467 355 2521 καὶ
413 2467 614 2521 ἑαυτοῦ
669 2466 912 2548 γράφων·
977 2464 1181 2525 Οὐδένα
1237 2467 1340 2542 γὰρ
1407 2466 1545 2543 ἔχω,
1615 2468 1770 2546 φησὶ,

129 2553 398 2634 ἰσόψυχον,
455 2557 801 2613 «Similiter
843 2563 900 2614 et
966 2559 1037 2614 de
1090 2559 1397 2614 Timotheo
1459 2563 1515 2615 et
1575 2561 1770 2632 seipso

125 2648 396 2715 scribens,
426 2651 718 2705 Neminem
747 2650 939 2722 habeo,
974 2650 1184 2721 inquit,
1230 2647 1543 2727 ἰσόψυχον),
1575 2651 1768 2705 virum

130 2736 386 2793 similiter
416 2753 558 2810 erga
588 2737 994 2811 Philippenses
1025 2739 1320 2806 affectum,
1353 2745 1409 2795 et
1456 2739 1579 2812 pari
1632 2756 1772 2795 cura

125 2842 304 2883 eorum
328 2832 553 2884 statum
577 2837 1033 2900 prosequentem
1056 2828 1362 2904 intelligit,
1384 2835 1446 2886 ut
1467 2830 1770 2902 sequentia

126 2916 541 2975 demonstrant.
575 2923 750 2975 Recte
789 2920 1048 2992 optimus
1096 2919 1384 2992 interpres
1431 2921 1768 2993 Chrysosto-

128 3022 284 3063 mus:
319 3004 530 3065 Οὐδὶνα
558 3006 661 3083 γὰρ
694 3003 809 3085 ἔχω
844 3007 1140 3087 ἰσόψυχον,
1171 3008 1415 3064 τουτέστι
1454 3014 1560 3064 τῶν
1607 3011 1770 3084 ὁμοί-

128 3093 194 3155 ὡς
225 3117 314 3168 μοι
351 3099 775 3172 μεριμνώντων,
827 3107 882 3155 et
923 3116 1171 3156 rursus:
1225 3099 1370 3154 ’Λντὶ
1411 3103 1507 3154 τοῦ
1561 3100 1771 3173 ὁμοίως

1915 580 2076 639 δώσω
2104 585 2202 654 τήν
2235 583 2396 658 ἐμήν.
2429 587 2659 641 «Tuam
2695 592 2938 644 mortem
2960 586 3208 646 libenter
3237 591 3564 664 sustinebo,

1913 680 1978 731 ut
2010 676 2291 731 Dominus
2322 693 2424 747 pro
2467 676 2636 731 nobis
2669 681 2916 733 mortem
2950 679 3232 735 sustinuit
3263 696 3276 736 :
3303 680 3563 738 animam

1909 781 2100 821 meam
2133 781 2237 836 pro
2263 769 2320 819 te
2377 765 2649 820 vicariam
2709 765 2879 821 dabo.
2925 789 2954 817 ››
3011 771 3175 823 Certe
3233 765 3561 823 ἅντιδιδόναι

1905 850 2004 918 τήν
2038 851 2222 923 ψυχήν
2259 851 2408 906 idem
2442 857 2532 907 est
2583 867 2648 907 ac
2699 849 2998 927 ἀντίψυχον
3055 853 3206 911 εἶναι,
3257 857 3417 921 Quod
3469 861 3560 912 est

1906 945 2165 1012 Lycurgo
2199 939 2414 995 rhetori
2469 935 2609 993 ἰδίαν
2649 941 2836 1018 ψυχὴν
2886 941 3004 996 ἀντὶ
3052 948 3238 1012 κοινῆς
3281 943 3559 1016 σωτηρίας

1903 1025 2509 1084 ἀντικαταλλάσσεσθαι.
2571 1029 2751 1096 Quale
2838 1029 3134 1106 ἀντίψυχον
3206 1034 3560 1091 describitur

1905 1119 2084 1175 fuisse
2115 1118 2380 1186 Alcestis,
2412 1135 2559 1174 uxor
2587 1120 2837 1191 Admeti,
2870 1123 3024 1193 apud
3055 1122 3554 1196 Euripidem,quaa

1901 1209 2009 1266 viri
2041 1209 2168 1265 loco
2227 1216 2470 1264 mortem
2521 1208 2722 1264 subiit.
2772 1211 2935 1276 Quod
2990 1211 3218 1267 duobus
3277 1213 3469 1269 modis
3524 1229 3558 1270 ο.

1901 1302 2070 1371 poeta
2101 1298 2469 1370 exprimitur.

1969 1406 2113 1462 Nam
2147 1407 2337 1478 primo
2368 1407 2451 1463 ita
2479 1406 2722 1464 Alcestis
2755 1408 2968 1464 aﬂ‘atur
2991 1409 3302 1466 Admetum
3336 1425 3352 1467 :

2005 1511 2148 1587 Ἐγώ
2181 1532 2238 1566 σε
2267 1505 2567 1588 πρεσϐεύου
2581 1533 2665 1580 σα,
2696 1511 2873 1588 κέιντίΔ
2890 1516 2989 1588 τῆς
3019 1510 3159 1588 ἐμῆς

2006 1582 2209 1660 Ψυχῆς
2229 1582 2610 1655 καταστήσασα
2640 1588 2753 1665 φῶς
2784 1582 2899 1641 τόδ’
2923 1582 3156 1662 εἰσορᾷν,

2003 1661 2107 1727 Θνή
2118 1677 2251 1712 σκω.

2005 1766 2114 1830 Ego
2144 1771 2195 1818 te
2227 1762 2432 1818 honore
2460 1761 2742 1888 afficiens,
2777 1772 2827 1819 et
2858 1764 2974 1822 loco
3000 1779 3135 1820 meae

2007 1835 2141 1888 Vitae
2173 1837 2222 1888 te
2247 1833 2495 1888 efﬁciens
2548 1851 2645 1888 ace
2675 1834 2780 1888 hac
2809 1835 2945 1888 frui.

2007 1835 2141 1890 Vitae
2173 1837 2222 1890 te
2247 1833 2503 1905 efﬁciens
2527 1833 2645 1890 luce
2675 1834 2780 1890 hac
2806 1835 2945 1902 frui.

2001 1903 2238 1961 Moriar.

1955 2010 2098 2068 Dein
2131 2013 2414 2067 Admetus
2446 2010 2525 2066 ita
2552 2011 2812 2068 Alcestin
2841 2011 3194 2084 alloquitur:

1996 2117 2071 2170 Σὺ
2101 2113 2146 2169 δ’
2177 2112 2469 2193 ἀντιδοῦσα
2499 2122 2598 2186 τῆς
2631 2116 2771 2190 ἐμῆς
2800 2117 2868 2172 τὰ
2897 2115 3133 2193 φίλτατα

1991 2194 2194 2262 Ψυχῆς
2221 2183 2448 2250 ἔσωσας.

1883 2297 1956 2372 Ta
1984 2313 2110 2353 vero
2135 2298 2285 2372 dans,
2307 2314 2374 2354 ea
2404 2313 2532 2369 quis
2566 2296 2821 2353 habuisti
2856 2299 3187 2355 charissima
3242 2315 3346 2372 pro
3405 2314 3533 2356 mea

1886 2368 2024 2438 Vita,
2055 2371 2287 2425 servasti
2311 2385 2423 2426 me.

1950 2481 2207 2548 Utroque
2239 2480 2436 2532 autem
2470 2476 2641 2532 modo
2698 2474 2997 2550 ἀντίψυχον
3054 2482 3252 2550 aperte
3309 2478 3535 2535 descri-

1880 2565 2060 2621 bitur.
2097 2571 2171 2620 De
2193 2565 2418 2620 Christo
2460 2565 2585 2636 ipso
2615 2571 2671 2620 S.
2707 2566 3069 2622 Athanasius
3099 2568 3203 2623 lib.
3237 2568 3310 2624 De
3347 2571 3533 2624 Incur-

1879 2654 2110 2710 natione
2146 2655 2317 2710 Verbi
2338 2673 2357 2710 .'
2386 2653 2542 2726 ’Υπὲρ
2567 2655 2769 2714 πάντας
2790 2654 2893 2729 γὰρ
2917 2648 2990 2707 ὥν
3015 2655 3042 2708 ὁ
3067 2655 3246 2729 Λόγος
3266 2660 3363 2710 τοῦ
3377 2658 3532 2722 Θεοῦ,

1879 2742 2105 2802 εἰκότως
2159 2743 2249 2796 τὸν
2316 2743 2507 2796 ἑαυτοῦ
2564 2741 2688 2796 ναὸν
2734 2742 2824 2796 καὶ
2872 2743 2934 2796 τὸ
3003 2744 3314 2818 σωματικὸν
3369 2739 3534 2820 ὄργα-

1877 2853 1966 2887 νον
1997 2833 2290 2906 προσάγων
2352 2829 2653 2905 ἀντίψυχον
2707 2830 2838 2905 ὑπὲρ
2889 2832 3121 2903 πάντων,
3173 2832 3420 2908 ἐπλήρου
3463 2832 3527 2887 τὸ

1879 2919 2236 2999 ὀφειλόμενον
2269 2919 2322 2974 ἐν
2354 2924 2432 2992 τῷ
2458 2919 2685 2992 θανότῳ.
2709 2944 2737 2972 ‹‹
2765 2927 2906 2977 Cum
2930 2930 3087 2979 esset
3115 2939 3293 2996 super
3322 2939 3528 2980 omnes

1875 3013 2130 3069 Verbum
2151 3011 2276 3078 Dei,
2307 3011 2436 3082 jure
2470 3027 2642 3067 suum
2675 3010 2962 3084 templum
3004 3017 3061 3068 et
3103 3012 3404 3085 corporale
3435 3013 3523 3070 in-

1876 3105 2270 3158 strumentum
2294 3099 2510 3156 sistens
2533 3096 2827 3177 ἀντίψυχον
2854 3117 2955 3172 pro
2974 3100 3528 3174 omnibus,explevit

128 3181 238 3256 ἐμοὶ
270 3184 581 3260 κηδόμενον
620 3188 773 3260 ὑμῶν
821 3187 909 3242 καὶ
961 3188 1336 3266 φροντίζοντα.
1395 3191 1544 3247 Licet
1590 3191 1768 3264 igitur

1955 3191 2140 3246 bitum
2166 3189 2223 3244 in
2259 3193 2462 3246 morte.
2501 3212 2528 3239 ››
2552 3191 2710 3256 Quod
2743 3189 2876 3246 aliis
2908 3191 3100 3247 verbis
3144 3195 3273 3262 post
3330 3191 3473 3246 dixit
3505 3206 3521 3248 :

125 3274 180 3330 S.
212 3275 421 3334 Paulus
454 3277 753 3351 psalmum
789 3295 874 3346 Lv,
913 3265 979 3334 14
1009 3280 1332 3351 respexisse
1362 3284 1618 3352 putetur,
1670 3281 1768 3337 ubi

1950 3278 2031 3333 ντὶ
2062 3279 2275 3333 πάντων
2303 3278 2394 3333 τὸν
2454 3278 2646 3333 ἑαυτοῦ
2698 3280 2822 3332 ναὸν
2882 3276 2960 3340 εἷς
3021 3277 3244 3344 θάνατον
3294 3278 3521 3353 παραδι-

126 3368 278 3422 vetus
307 3367 625 3440 interpres,
658 3363 906 3440 ἄνθρωπε
944 3365 1178 3441 ἰσόψυχε
1209 3368 1482 3438 reddidit,
1541 3389 1561 3419 ε
1593 3369 1769 3427 homo

129 3456 433 3522 unanimis,
470 3478 501 3507 ››
537 3471 711 3528 quem
744 3456 1025 3514 Glossarii
1062 3461 1262 3512 auctor
1313 3462 1568 3514 secutus.
1623 3462 1767 3530 Apo-

135 3544 305 3600 stolus
336 3551 561 3616 tamen,
597 3547 695 3617 qui
733 3547 967 3602 Hebraea
999 3564 1111 3602 non
1147 3547 1341 3602 minus
1366 3565 1542 3618 quam
1580 3549 1771 3605 Graeca

134 3635 292 3705 novit,
349 3652 481 3690 eum
551 3635 730 3691 Graeci
788 3636 1054 3692 vocabuli
1105 3653 1276 3692 usum
1336 3638 1620 3708 probavit,
1670 3639 1770 3710 qui

131 3722 348 3782 Hebraeo
381 3727 641 3783 maxime
673 3727 990 3784 conformis
1037 3728 1166 3796 fuit,
1218 3745 1298 3786 sc.
1340 3739 1496 3795 πει-ω
1553 3731 1773 3800 «juxta

130 3817 552 3886 proportionem
618 3833 828 3884 meam,
891 3817 1214 3872 secundum
1277 3818 1769 3890 comparationem

130 3915 326 3970 meam,
379 3905 554 3974 juxta
614 3903 1056 3959 aestimationem
1117 3905 1251 3976 mei,
1313 3928 1341 3956 »
1401 3907 1492 3961 cui
1548 3907 1769 3962 notioni

129 3991 326 4060 Optime
357 3993 680 4065 respondet
726 3991 821 4049 hic
869 3991 1140 4067 ἰσόψυχος
1191 4016 1219 4046 ι(
1260 3995 1384 4066 pari
1433 3997 1628 4052 animo
1680 3995 1769 4051 vel

132 4079 320 4136 aii‘ectu
355 4083 658 4154 prmditus.
694 4104 723 4133 »
771 4083 882 4138 Sed
939 4083 986 4138 si
1042 4081 1307 4157 ἰσόψυχος
1359 4102 1460 4157 pro
1507 4087 1768 4142 unanimi

137 4177 407 4242 sumatur,
443 4177 602 4228 certe
633 4173 785 4243 apud
819 4173 1109 4244 Ignatium
1167 4179 1434 4230 nostrum
1477 4173 1768 4250 ἀντίψυχον

129 4255 199 4312 ita
228 4262 373 4316 sumi
401 4277 518 4317 non
554 4253 742 4317 debet.
777 4263 1064 4334 Loquitur
1095 4261 1190 4320 ille
1212 4268 1493 4335 tanquam
1529 4271 1770 4337 martyr,

127 4355 171 4400 et
200 4348 368 4404 vitam
402 4368 466 4407 se
498 4366 702 4407 eorum
749 4351 873 4406 loco
926 4352 1254 4423 positurum
1300 4353 1461 4420 dicit,
1514 4355 1670 4410 unde
1717 4359 1775 4410 et

122 4435 339 4494 vincula
371 4441 550 4496 etiam
600 4440 822 4511 adjicit.
873 4442 956 4495 Ad
1009 4441 1384 4513 Smyrnaeos:
1442 4441 1770 4518 Ἀντίψυχον

131 4523 269 4596 ὑμῶν
301 4527 361 4582 τὸ
393 4527 608 4601 πνεῦμά
640 4549 766 4600 μου,
826 4529 915 4583 καὶ
955 4529 1021 4607 τᾷ
1077 4526 1249 4604 δεσμά
1296 4551 1424 4602 μου.
1469 4534 1547 4588 Ad
1594 4535 1773 4606 Poly-

1877 3366 2024 3432 δούς³
2060 3394 2086 3421 ‹‹
2121 3387 2223 3442 pro
2255 3370 2531 3426 omnibus
2559 3369 2845 3442 templum
2877 3386 3051 3427 suum
3086 3372 3259 3427 morti
3289 3373 3459 3442 dans,
3490 3392 3519 3421 ››

1875 3465 1939 3516 ut
1966 3465 2022 3516 et
2058 3466 2191 3516 ante
2219 3476 2232 3514 :
2260 3457 2408 3514 Ἀντὶ
2447 3459 2661 3513 πάντων
2693 3458 2854 3514 αὑτὸν
2902 3457 3116 3533 θανάτῳ
3164 3456 3519 3534 παραδιδούς.

1875 3549 2039 3605 Idem.
2068 3566 2274 3604 rursus
2323 3564 2454 3620 pag.
2505 3549 2570 3602 91
2607 3565 2620 3604 :
2671 3546 2844 3610 Οὗτός
2891 3546 3031 3602 ἐστιν
3064 3550 3098 3618 ἡ
3133 3549 3346 3604 πάντων
3384 3550 3523 3620 ζωὴ,

1874 3638 1963 3692 καὶ
1995 3639 2022 3691 ὁ
2053 3638 2126 3699 ὡς
2159 3631 2434 3710 πρόϐατον
2468 3637 2600 3711 ὑπὲρ
2647 3644 2748 3706 τῆς
2797 3637 3017 3692 πάντῶν
3063 3639 3333 3714 σωτηρίας
3377 3638 3525 3694 ἀντίη

1877 3729 2055 3802 ψυχον
2087 3727 2149 3780 τὸ
2190 3726 2383 3780 ἑαυτοῦ
2413 3728 2572 3798 σῶμα
2627 3725 2706 3787 εἰς
2752 3725 2977 3781 θάνατον
3025 3725 3321 3803 παραδούς.
3359 3752 3386 3780 ‹‹
3418 3729 3527 3786 Hic

1875 3823 1966 3873 est
1993 3817 2254 3872 omnium
2289 3816 2426 3870 vita.
2461 3816 2559 3887 qui
2595 3821 2655 3871 ut
2687 3816 2808 3872 ovis
2865 3834 2968 3888 pro
3028 3820 3295 3874 omnium
3339 3817 3528 3875 salute

1875 3906 2172 3980 ἆντίψυχον
2203 3923 2411 3976 corpus
2443 3922 2612 3961 suum
2644 3905 2702 3962 in
2738 3911 2984 3962 mortem
3031 3908 3291 3963 tradidit.
3328 3930 3355 3958 »
3404 3913 3526 3965 Hoc

1877 3996 2052 4068 igitur
2090 4000 2176 4050 est
2231 3995 2381 4066 quod
2441 3995 2707 4050 Christus
2764 3995 2929 4064 dixit,
2990 3994 3244 4051 animam
3299 4012 3361 4052 se
3417 4012 3522 4067 pro

1876 4086 2084 4142 ovibus
2115 4084 2666 4156 positurum;dedii
2693 4088 2752 4138 ut
2772 4080 3224 4158 ἀντίλυτρον,ἱίο
3268 4088 3324 4139 et
3371 4081 3522 4138 ἀντίο-

1875 4175 2072 4247 ψυχον.
2106 4179 2225 4228 Hoc
2251 4178 2443 4228 autem
2470 4180 2531 4228 ut
2554 4173 2783 4244 proprie
2804 4177 2860 4228 et
2880 4174 3182 4245 signanter
3202 4173 3272 4228 de
3293 4172 3520 4229 Christo

1877 4263 2094 4318 dictum
2119 4267 2227 4327 est,
2265 4262 2345 4316 ita
2369 4262 2541 4316 etiam
2567 4278 2673 4317 suo
2702 4263 2874 4318 modo
2901 4263 2970 4316 de
2991 4260 3120 4317 aliis
3142 4278 3208 4318 ac
3231 4260 3520 4334 praecipue

1879 4352 2234 4422 martyribus
2251 4350 2518 4421 usurpari
2536 4349 3414 4424 solebat.Certe0rigenes,to:no
3429 4368 3527 4408 no-

1879 4459 1952 4497 no
1977 4444 2035 4496 in
2064 4439 2633 4511 Joannem,sacriﬁcii
2655 4440 2866 4496 Christi
2885 4438 2948 4493 τὸ
2969 4437 3234 4514 ἐξαίρετον
3255 4441 3524 4499 conside-

1879 4548 2014 4586 rans
2046 4529 2242 4601 inquit
2271 4547 2286 4584 :
2328 4528 2527 4582 Λοιπαὶ
2559 4525 2616 4582 δὲ
2645 4527 2733 4582 καὶ
2764 4534 3041 4605 συγγενεῖς
3068 4529 3238 4604 ταύτῃ
3269 4534 3338 4604 τῇ
3370 4529 3528 4601 θυσίᾳ

135 4631 396 4687 carpum:
461 4617 609 4673 Κατὰ
669 4617 840 4672 πάντα
879 4621 974 4672 σοῦ
1033 4619 1333 4696 ἀντίψυχον
1384 4616 1512 4696 ἐγὼ,
1564 4621 1652 4673 καὶ
1708 4619 1775 4675 τὰ
1804 4619 1848 4683 D
1879 4618 2127 4695 ἐκχύσεις
2160 4619 2300 4673 εἶναί
2334 4640 2427 4694 μοι
2458 4618 2740 4694 φαίνονται
2779 4624 2876 4675 τοῦ
2921 4622 3029 4675 τῶν
3086 4619 3346 4696 γενναίων
3401 4637 3532 4695 μαρ-

127 4697 281 4777 saepe
341 4727 444 4778 μου
478 4707 512 4760 ἅ
545 4705 857 4780 ἠγάπησας·
891 4708 1073 4764 Priori
1109 4709 1233 4765 loco
1266 4732 1291 4760 ς(
1327 4710 1708 4780 conformant,
1744 4732 1772 4762 »

127 4797 414 4861 posteriori
449 4817 478 4847 ‹‹
505 4797 878 4870 refrigerium
912 4818 940 4847 »
976 4797 1128 4854 male
1179 4798 1432 4854 reddidit
1480 4799 1772 4872 interpres

129 4877 490 4942 Usserianus.
543 4887 627 4941 Ad
682 4887 1004 4959 Ephesios:
1054 4886 1387 4961 Ἀντίψυχον
1437 4887 1588 4960 ὑμῶν
1647 4887 1773 4963 ἐγώ,

130 4972 264 5028 male
292 4976 504 5031 iterum
533 4975 844 5046 interpres:
868 4998 895 5024 ‹‹
920 4975 1242 5032 Unanimus
1265 4978 1560 5034 vobiscum
1595 4995 1722 5052 ego.
1748 5001 1776 5029 »

136 5058 266 5116 Cum
298 5069 507 5120 neutro
541 5080 749 5135 genere
782 5069 1056 5136 ponatur,
1104 5064 1259 5122 aliud
1310 5066 1532 5138 aliquid
1583 5075 1778 5140 aperte

133 5156 310 5221 sonat,
343 5157 406 5208 ut
437 5153 596 5208 idem
628 5169 837 5226 nempe
882 5153 959 5210 sit
999 5153 1154 5225 quod
1199 5151 1519 5227 ἀντίψυχυν.
1575 5157 1658 5212 Ita
1706 5159 1777 5213 ad

131 5235 544 5314 Polycarpum:
587 5242 915 5322 Ἀντίψυχον
990 5242 1101 5320 ἐγὼ
1154 5247 1260 5298 τῶν
1324 5243 1778 5319 ὑποτασσομένων

132 5329 203 5396 τῷ
249 5325 556 5404 ἐπισκόπῳ,
609 5327 1019 5406 πρεσϐυτέροις,
1075 5329 1367 5397 διακόνοις.
1417 5335 1632 5394 Neutro
1677 5353 1774 5409 ge-

127 5430 252 5474 nere
284 5436 514 5492 semper
546 5428 799 5494 usurpat
837 5429 1057 5491 noster,
1106 5423 1428 5480 masculino
1460 5425 1778 5497 aliquando

137 5503 512 5581 interpolator
544 5517 642 5567 aut
670 5512 856 5569 ﬁctor.
888 5512 1037 5579 Quid
1071 5512 1176 5569 hac
1207 5529 1346 5569 voce
1399 5514 1774 5587 intelligatur,

128 5596 328 5664 optime
359 5599 714 5672 exprimitur
743 5603 935 5659 verbis
963 5606 1020 5658 S.
1053 5601 1302 5658 Joannis
1326 5605 1480 5675 apud
1513 5603 1776 5662 Clemen-

127 5684 236 5744 tem
265 5687 765 5746 Alexandrinum:
796 5690 900 5747 Τὸν
933 5689 1025 5745 σὸν
1057 5691 1286 5749 Θάνατον
1315 5689 1450 5747 ἑκὼν
1500 5691 1775 5765 ὑπομενῶ,

437 5810 709 5870 Parant.
756 5809 866 5871 Gl.
913 5810 984 5872 ν.

1880 4709 2058 4783 τύρων
2092 4705 2342 4781 α’ίματος.
2404 4733 2432 4760 ‹‹
2493 4715 2707 4766 Caetera
2752 4715 2945 4766 autem
3007 4715 3065 4766 et
3109 4712 3245 4767 huic
3275 4719 3532 4784 cognatas

1882 4799 2129 4856 victimae
2161 4800 2475 4856 effusiones
2509 4800 2816 4871 sanguinis
2845 4815 3265 4870 generosarum
3311 4805 3532 4872 marty-

1885 4905 2015 4943 rum
2049 4905 2177 4945 esse
2207 4890 2352 4944 mihi
2378 4890 2670 4945 videntur.
2706 4909 2734 4937 »
2769 4887 2875 4942 Ubi
2926 4904 3024 4943 eos
3080 4893 3380 4960 comparat
3436 4888 3527 4954 iis,

1887 4979 1990 5050 qui
2018 4977 2171 5033 inter
2199 4977 2438 5050 gentiles
2470 4994 2573 5048 pro
2627 4976 2925 5032 communi
2992 4975 3296 5031 hominum
3341 4975 3530 5032 salute

1887 5069 2113 5138 seipsos
2144 5067 2317 5123 morti
2349 5067 2734 5134 tradiderunt,
2768 5081 2903 5122 cum
2948 5063 3285 5138 pestilentes
3338 5065 3527 5122 morbi

1887 5159 2131 5229 patriam
2164 5172 2330 5211 suam
2373 5155 2746 5212 invasissent.
2796 5155 2895 5208 Καὶ
2959 5149 3326 5228 παραδέχεται
3379 5154 3530 5218 ταῦθ’

1889 5244 2064 5307 οὕτως
2093 5245 2361 5321 γεγονέναι
2395 5241 2493 5297 οὒκ
2521 5240 2744 5317 ἀλόγως
2782 5243 3068 5303 πιστεύσας
3099 5247 3219 5303 ταῖς
3262 5241 3528 5316 ἱστορίαις

1890 5335 1918 5388 ὁ
1948 5334 2139 5395 πιστὸς
2171 5330 2408 5406 Κλήμης
2469 5331 2570 5387 ὑπὸ
2614 5331 2826 5389 [lauicos
2889 5332 3351 5408 μαρτυρούμενος.
3407 5355 3435 5384 ‹‹
3465 5333 3533 5390 Et

1889 5424 2013 5480 haec
2045 5425 2308 5479 evenisse
2335 5422 2592 5478 admittit
2621 5439 2733 5477 non
2757 5422 2883 5478 sine
2904 5440 3081 5479 causa
3101 5423 3361 5478 historiis
3391 5425 3531 5491 (non

1887 5514 2226 5586 Scripturis,
2261 5511 2807 5598 utmaleinterpres)
2833 5513 3076 5567 credens
3112 5511 3380 5569 Clemens
3393 5512 3535 5569 iide-

1890 5606 2025 5662 lis.»
2049 5609 2239 5663 Locus
2259 5605 2575 5662 Clementis
2598 5620 2770 5678 quem
2810 5605 3064 5675 respexit
3111 5603 3411 5676 Origenes,
3443 5604 3539 5662 hic

1889 5699 2024 5754 est:
2085 5694 2199 5751 Ἵνα
2256 5691 2314 5748 δὲ
2365 5692 2456 5749 καὶ
2515 5691 2888 5767 ὑποδείγματα
2965 5690 3102 5756 ἐθνῶ
3204 5690 3534 5768 ἑνέγκωμεν.

3215 5813 3290 5874 15
