  <div class='ocr_page' id='page_1' title='image "/cluster/home/n/w/nwhite01/storage/ocr_20150623/5/pst.000005711819/237.png"; bbox 0 0 3942 6302; ppageno 0'>
   <div class='ocr_carea' id='block_1_1' title="bbox 430 393 545 451">
    <p class='ocr_par' dir='ltr' id='par_1_1' title="bbox 430 393 545 451">
     <span class='ocr_line' id='line_1_1' title="bbox 430 393 545 451; baseline -0.017 0"><span class='ocrx_word' id='word_1_1' title='bbox 430 393 545 451; x_wconf 73' lang='grc'><strong>459</strong></span> 
     </span>
    </p>
   </div>
   <div class='ocr_carea' id='block_1_2' title="bbox 1467 385 2756 448">
    <p class='ocr_par' dir='ltr' id='par_1_2' title="bbox 1467 385 2756 448">
     <span class='ocr_line' id='line_1_2' title="bbox 1467 385 2756 448; baseline 0.001 -4"><span class='ocrx_word' id='word_1_2' title='bbox 1467 388 1531 444; x_wconf 88' lang='lat' dir='ltr'><strong>S.</strong></span> <span class='ocrx_word' id='word_1_3' title='bbox 1581 385 1974 445; x_wconf 58' lang='lat' dir='ltr'><strong>lGNATlUS.</strong></span> <span class='ocrx_word' id='word_1_4' title='bbox 2023 415 2098 429; x_wconf 90' lang='lat'><strong>--</strong></span> <span class='ocrx_word' id='word_1_5' title='bbox 2143 386 2756 448; x_wconf 71' lang='lat' dir='ltr'><strong>PROLFGOMENA.</strong></span> 
     </span>
    </p>
   </div>
   <div class='ocr_carea' id='block_1_3' title="bbox 3724 383 3848 442">
    <p class='ocr_par' dir='ltr' id='par_1_3' title="bbox 3724 383 3848 442">
     <span class='ocr_line' id='line_1_3' title="bbox 3724 383 3848 442; baseline -0.016 0"><span class='ocrx_word' id='word_1_6' title='bbox 3724 383 3848 442; x_wconf 73' lang='grc'><strong>460</strong></span> 
     </span>
    </p>
   </div>
   <div class='ocr_carea' id='block_1_4' title="bbox 434 516 2049 598">
    <p class='ocr_par' dir='ltr' id='par_1_4' title="bbox 434 516 2045 598">
     <span class='ocr_line' id='line_1_4' title="bbox 434 516 2045 598; baseline -0.005 -18"><span class='ocrx_word' id='word_1_7' title='bbox 434 523 645 580; x_wconf 78' lang='grc' dir='ltr'>Πολλοὶ</span> <span class='ocrx_word' id='word_1_8' title='bbox 686 521 927 598; x_wconf 75' lang='grc' dir='ltr'><strong>βασιλεῖς</strong></span> <span class='ocrx_word' id='word_1_9' title='bbox 987 520 1073 574; x_wconf 81' lang='grc' dir='ltr'><strong>καὶ</strong></span> <span class='ocrx_word' id='word_1_10' title='bbox 1130 516 1431 592; x_wconf 73' lang='grc' dir='ltr'>ἡγούμενοι</span> <span class='ocrx_word' id='word_1_11' title='bbox 1485 518 1746 592; x_wconf 86' lang='grc' dir='ltr'>λοιμικοῦ</span> <span class='ocrx_word' id='word_1_12' title='bbox 1795 540 1940 581; x_wconf 83' lang='grc' dir='ltr'>τινος</span> <span class='ocrx_word' id='word_1_13' title='bbox 1995 519 2045 572; x_wconf 81' lang='grc' dir='ltr'><strong>ἐν</strong></span> 
     </span>
    </p>
   </div>
   <div class='ocr_carea' id='block_1_5' title="bbox 2259 516 3841 598">
    <p class='ocr_par' dir='ltr' id='par_1_5' title="bbox 2259 518 3841 594">
     <span class='ocr_line' id='line_1_5' title="bbox 2259 518 3841 594; baseline -0.002 -20"><span class='ocrx_word' id='word_1_14' title='bbox 2259 521 2505 576; x_wconf 83' lang='lat' dir='ltr'><strong>ietonius</strong></span> <span class='ocrx_word' id='word_1_15' title='bbox 2525 524 2593 576; x_wconf 81' lang='lat' dir='ltr'><strong>de</strong></span> <span class='ocrx_word' id='word_1_16' title='bbox 2617 522 2914 594; x_wconf 70' lang='lat' dir='ltr'><strong>Caligula:</strong></span> <span class='ocrx_word' id='word_1_17' title='bbox 2943 545 2967 570; x_wconf 83' lang='lat'><strong>«</strong></span> <span class='ocrx_word' id='word_1_18' title='bbox 2992 522 3209 576; x_wconf 73' lang='lat' dir='ltr'><strong>Utvero</strong></span> <span class='ocrx_word' id='word_1_19' title='bbox 3253 521 3308 574; x_wconf 91' lang='lat' dir='ltr'><strong>in</strong></span> <span class='ocrx_word' id='word_1_20' title='bbox 3359 521 3655 574; x_wconf 85' lang='lat' dir='ltr'><strong>adversam</strong></span> <span class='ocrx_word' id='word_1_21' title='bbox 3684 518 3841 572; x_wconf 91' lang='lat' dir='ltr'><strong>vale-</strong></span> 
     </span>
    </p>
   </div>
   <div class='ocr_carea' id='block_1_6' title="bbox 433 605 2078 685">
    <p class='ocr_par' dir='ltr' id='par_1_6' title="bbox 433 605 2078 685">
     <span class='ocr_line' id='line_1_6' title="bbox 433 605 2078 685; baseline -0.004 -17"><span class='ocrx_word' id='word_1_22' title='bbox 433 615 654 674; x_wconf 74' lang='grc' dir='ltr'>στάντος</span> <span class='ocrx_word' id='word_1_23' title='bbox 686 609 896 685; x_wconf 67' lang='grc' dir='ltr'>καιροῦ,</span> <span class='ocrx_word' id='word_1_24' title='bbox 921 605 1466 684; x_wconf 78' lang='grc' dir='ltr'>χρησμοδοτηθέντες</span> <span class='ocrx_word' id='word_1_25' title='bbox 1497 607 1813 681; x_wconf 75' lang='grc' dir='ltr'>παρέδωκαν</span> <span class='ocrx_word' id='word_1_26' title='bbox 1850 609 2078 669; x_wconf 68' lang='grc' dir='ltr'>ἑαυτοὺς</span> 
     </span>
    </p>
   </div>
   <div class='ocr_carea' id='block_1_7' title="bbox 431 696 2080 773">
    <p class='ocr_par' dir='ltr' id='par_1_7' title="bbox 431 696 2080 773">
     <span class='ocr_line' id='line_1_7' title="bbox 431 696 2080 773; baseline -0.002 -16"><span class='ocrx_word' id='word_1_27' title='bbox 431 704 506 764; x_wconf 86' lang='grc' dir='ltr'>εἰς</span> <span class='ocrx_word' id='word_1_28' title='bbox 546 703 769 766; x_wconf 77' lang='grc' dir='ltr'>θάνατον</span> <span class='ocrx_word' id='word_1_29' title='bbox 828 701 915 753; x_wconf 85' lang='grc' dir='ltr'>’ἱνα</span> <span class='ocrx_word' id='word_1_30' title='bbox 971 699 1238 773; x_wconf 77' lang='grc' dir='ltr'>ῥύσωνται</span> <span class='ocrx_word' id='word_1_31' title='bbox 1297 696 1383 752; x_wconf 74' lang='grc' dir='ltr'><strong>διὰ</strong></span> <span class='ocrx_word' id='word_1_32' title='bbox 1427 703 1524 753; x_wconf 76' lang='grc' dir='ltr'><strong>τοῦ</strong></span> <span class='ocrx_word' id='word_1_33' title='bbox 1583 699 1784 754; x_wconf 74' lang='grc' dir='ltr'>ἑαυτῶν</span> <span class='ocrx_word' id='word_1_34' title='bbox 1845 697 2080 772; x_wconf 70' lang='grc' dir='ltr'>α’ίματος</span> 
     </span>
    </p>
   </div>
   <div class='ocr_carea' id='block_1_8' title="bbox 429 789 2079 862">
    <p class='ocr_par' dir='ltr' id='par_1_8' title="bbox 429 789 2079 862">
     <span class='ocr_line' id='line_1_8' title="bbox 429 789 2079 862; baseline -0.001 -16"><span class='ocrx_word' id='word_1_35' title='bbox 429 792 556 853; x_wconf 80' lang='grc' dir='ltr'>τοὺς</span> <span class='ocrx_word' id='word_1_36' title='bbox 587 789 834 854; x_wconf 76' lang='grc' dir='ltr'><strong>πολίτας.</strong></span> <span class='ocrx_word' id='word_1_37' title='bbox 860 813 890 842; x_wconf 81' lang='grc'><strong>‹‹</strong></span> <span class='ocrx_word' id='word_1_38' title='bbox 925 791 995 845; x_wconf 90' lang='lat' dir='ltr'><strong>Ut</strong></span> <span class='ocrx_word' id='word_1_39' title='bbox 1034 799 1228 846; x_wconf 89' lang='lat' dir='ltr'><strong>autem</strong></span> <span class='ocrx_word' id='word_1_40' title='bbox 1261 790 1521 861; x_wconf 79' lang='lat' dir='ltr'><strong>exempla</strong></span> <span class='ocrx_word' id='word_1_41' title='bbox 1549 790 1813 862; x_wconf 88' lang='lat' dir='ltr'><strong>gentium</strong></span> <span class='ocrx_word' id='word_1_42' title='bbox 1867 792 1925 844; x_wconf 89' lang='lat' dir='ltr'><strong>in</strong></span> <span class='ocrx_word' id='word_1_43' title='bbox 1961 807 2079 844; x_wconf 89' lang='lat' dir='ltr'><strong>me-</strong></span> 
     </span>
    </p>
   </div>
   <div class='ocr_carea' id='block_1_9' title="bbox 431 881 2079 954">
    <p class='ocr_par' dir='ltr' id='par_1_9' title="bbox 431 881 2079 954">
     <span class='ocr_line' id='line_1_9' title="bbox 431 881 2079 954; baseline -0.002 -15"><span class='ocrx_word' id='word_1_44' title='bbox 431 885 595 939; x_wconf 92' lang='lat' dir='ltr'><strong>dium</strong></span> <span class='ocrx_word' id='word_1_45' title='bbox 656 884 1043 954; x_wconf 78' lang='lat' dir='ltr'><strong>proferamus,</strong></span> <span class='ocrx_word' id='word_1_46' title='bbox 1104 881 1271 937; x_wconf 78' lang='lat' dir='ltr'><strong>mulli</strong></span> <span class='ocrx_word' id='word_1_47' title='bbox 1332 898 1496 953; x_wconf 87' lang='lat' dir='ltr'><strong>reges</strong></span> <span class='ocrx_word' id='word_1_48' title='bbox 1555 886 1610 938; x_wconf 90' lang='lat' dir='ltr'><strong>et</strong></span> <span class='ocrx_word' id='word_1_49' title='bbox 1641 881 2079 950; x_wconf 74' lang='lat' dir='ltr'><strong>gubernatores,</strong></span> 
     </span>
    </p>
   </div>
   <div class='ocr_carea' id='block_1_10' title="bbox 431 970 2082 1045">
    <p class='ocr_par' dir='ltr' id='par_1_10' title="bbox 431 970 2082 1045">
     <span class='ocr_line' id='line_1_10' title="bbox 431 970 2082 1045; baseline -0.001 -17"><span class='ocrx_word' id='word_1_50' title='bbox 431 980 737 1045; x_wconf 81' lang='lat' dir='ltr'><strong>grassante</strong></span> <span class='ocrx_word' id='word_1_51' title='bbox 760 973 1035 1044; x_wconf 81' lang='lat' dir='ltr'><strong>pestifera</strong></span> <span class='ocrx_word' id='word_1_52' title='bbox 1056 973 1151 1027; x_wconf 90' lang='lat' dir='ltr'><strong>lue</strong></span> <span class='ocrx_word' id='word_1_53' title='bbox 1173 970 1406 1027; x_wconf 89' lang='lat' dir='ltr'><strong>oraculo</strong></span> <span class='ocrx_word' id='word_1_54' title='bbox 1431 971 1835 1034; x_wconf 89' lang='lat' dir='ltr'><strong>moniti,morti</strong></span> <span class='ocrx_word' id='word_1_55' title='bbox 1859 971 2082 1042; x_wconf 88' lang='lat' dir='ltr'><strong>seipsos</strong></span> 
     </span>
    </p>
   </div>
   <div class='ocr_carea' id='block_1_11' title="bbox 430 1059 2074 1130">
    <p class='ocr_par' dir='ltr' id='par_1_11' title="bbox 430 1059 2074 1130">
     <span class='ocr_line' id='line_1_11' title="bbox 430 1059 2074 1130; baseline -0.004 -13"><span class='ocrx_word' id='word_1_56' title='bbox 430 1063 822 1129; x_wconf 87' lang='lat' dir='ltr'><strong>tradiderunt,</strong></span> <span class='ocrx_word' id='word_1_57' title='bbox 885 1067 947 1116; x_wconf 90' lang='lat' dir='ltr'><strong>ut</strong></span> <span class='ocrx_word' id='word_1_58' title='bbox 1005 1078 1112 1117; x_wconf 91' lang='lat' dir='ltr'><strong>suo</strong></span> <span class='ocrx_word' id='word_1_59' title='bbox 1171 1062 1455 1130; x_wconf 80' lang='lat' dir='ltr'><strong>sanguine</strong></span> <span class='ocrx_word' id='word_1_60' title='bbox 1496 1062 1649 1116; x_wconf 84' lang='lat' dir='ltr'><strong>cives</strong></span> <span class='ocrx_word' id='word_1_61' title='bbox 1680 1059 2014 1115; x_wconf 83' lang='lat' dir='ltr'><strong>liberarent.</strong></span> <span class='ocrx_word' id='word_1_62' title='bbox 2047 1079 2074 1110; x_wconf 74' lang='grc' dir='ltr'>ι</span> 
     </span>
    </p>
   </div>
   <div class='ocr_carea' id='block_1_12' title="bbox 431 1148 2082 1220">
    <p class='ocr_par' dir='ltr' id='par_1_12' title="bbox 431 1148 2082 1220">
     <span class='ocr_line' id='line_1_12' title="bbox 431 1148 2082 1220; baseline -0.001 -16"><span class='ocrx_word' id='word_1_63' title='bbox 431 1154 562 1207; x_wconf 64' lang='lat' dir='ltr'><strong>Hac</strong></span> <span class='ocrx_word' id='word_1_64' title='bbox 594 1151 781 1207; x_wconf 86' lang='lat' dir='ltr'><strong>obiter</strong></span> <span class='ocrx_word' id='word_1_65' title='bbox 811 1150 1049 1218; x_wconf 80' lang='lat' dir='ltr'><strong>adduxi,</strong></span> <span class='ocrx_word' id='word_1_66' title='bbox 1084 1150 1239 1220; x_wconf 92' lang='lat' dir='ltr'><strong>quod</strong></span> <span class='ocrx_word' id='word_1_67' title='bbox 1272 1165 1336 1205; x_wconf 88' lang='lat' dir='ltr'><strong>ea</strong></span> <span class='ocrx_word' id='word_1_68' title='bbox 1369 1165 1472 1204; x_wconf 89' lang='lat' dir='ltr'><strong>nec</strong></span> <span class='ocrx_word' id='word_1_69' title='bbox 1531 1167 1564 1204; x_wconf 90' lang='lat' dir='ltr'><strong>a</strong></span> <span class='ocrx_word' id='word_1_70' title='bbox 1621 1148 1936 1204; x_wconf 89' lang='lat' dir='ltr'><strong>Clementis</strong></span> <span class='ocrx_word' id='word_1_71' title='bbox 1977 1165 2082 1204; x_wconf 90' lang='lat' dir='ltr'><strong>nec</strong></span> 
     </span>
    </p>
   </div>
   <div class='ocr_carea' id='block_1_13' title="bbox 433 1237 2082 1312">
    <p class='ocr_par' dir='ltr' id='par_1_13' title="bbox 433 1237 2082 1312">
     <span class='ocr_line' id='line_1_13' title="bbox 433 1237 2082 1312; baseline -0.002 -16"><span class='ocrx_word' id='word_1_72' title='bbox 433 1241 506 1296; x_wconf 85' lang='lat' dir='ltr'><strong>ab</strong></span> <span class='ocrx_word' id='word_1_73' title='bbox 537 1241 806 1312; x_wconf 85' lang='lat' dir='ltr'><strong>Origenis</strong></span> <span class='ocrx_word' id='word_1_74' title='bbox 838 1238 1161 1294; x_wconf 84' lang='lat' dir='ltr'><strong>editoribus</strong></span> <span class='ocrx_word' id='word_1_75' title='bbox 1188 1239 1470 1294; x_wconf 90' lang='lat' dir='ltr'><strong>hactenus</strong></span> <span class='ocrx_word' id='word_1_76' title='bbox 1493 1239 1794 1294; x_wconf 86' lang='lat' dir='ltr'><strong>observata</strong></span> <span class='ocrx_word' id='word_1_77' title='bbox 1843 1254 1969 1294; x_wconf 90' lang='lat' dir='ltr'><strong>esse</strong></span> <span class='ocrx_word' id='word_1_78' title='bbox 2003 1237 2082 1294; x_wconf 79' lang='lat' dir='ltr'><strong>vi-</strong></span> 
     </span>
    </p>
   </div>
   <div class='ocr_carea' id='block_1_14' title="bbox 436 1323 2082 1400">
    <p class='ocr_par' dir='ltr' id='par_1_14' title="bbox 436 1323 2082 1400">
     <span class='ocr_line' id='line_1_14' title="bbox 436 1323 2082 1400; baseline -0.003 -16"><span class='ocrx_word' id='word_1_79' title='bbox 436 1330 644 1385; x_wconf 91' lang='lat' dir='ltr'><strong>derim.</strong></span> <span class='ocrx_word' id='word_1_80' title='bbox 681 1329 1058 1396; x_wconf 81' lang='lat' dir='ltr'><strong>Progreditur</strong></span> <span class='ocrx_word' id='word_1_81' title='bbox 1087 1335 1280 1384; x_wconf 85' lang='lat' dir='ltr'><strong>autem</strong></span> <span class='ocrx_word' id='word_1_82' title='bbox 1321 1328 1644 1400; x_wconf 85' lang='lat' dir='ltr'><strong>Origenes:</strong></span> <span class='ocrx_word' id='word_1_83' title='bbox 1691 1325 1754 1381; x_wconf 82' lang='grc' dir='ltr'><strong>Εἰ</strong></span> <span class='ocrx_word' id='word_1_84' title='bbox 1810 1325 1909 1399; x_wconf 75' lang='grc' dir='ltr'>γὰρ</span> <span class='ocrx_word' id='word_1_85' title='bbox 1957 1323 2082 1380; x_wconf 78' lang='grc' dir='ltr'>τάδε</span> 
     </span>
    </p>
   </div>
   <div class='ocr_carea' id='block_1_15' title="bbox 437 1411 2082 1488">
    <p class='ocr_par' dir='ltr' id='par_1_15' title="bbox 437 1411 2082 1488">
     <span class='ocr_line' id='line_1_15' title="bbox 437 1411 2082 1488; baseline -0.001 -19"><span class='ocrx_word' id='word_1_86' title='bbox 437 1417 530 1488; x_wconf 82' lang='grc' dir='ltr'>μὲν</span> <span class='ocrx_word' id='word_1_87' title='bbox 576 1416 678 1469; x_wconf 79' lang='grc' dir='ltr'>ὑπὸ</span> <span class='ocrx_word' id='word_1_88' title='bbox 712 1413 997 1484; x_wconf 70' lang='grc' dir='ltr'>Ἐλλήνων</span> <span class='ocrx_word' id='word_1_89' title='bbox 1033 1413 1092 1468; x_wconf 84' lang='grc' dir='ltr'><strong>οὐ</strong></span> <span class='ocrx_word' id='word_1_90' title='bbox 1138 1413 1312 1486; x_wconf 77' lang='grc' dir='ltr'>μάτην</span> <span class='ocrx_word' id='word_1_91' title='bbox 1343 1413 1649 1487; x_wconf 72' lang='grc' dir='ltr'><strong>ἱστόρηται,</strong></span> <span class='ocrx_word' id='word_1_92' title='bbox 1679 1414 1745 1468; x_wconf 76' lang='grc' dir='ltr'>τὰ</span> <span class='ocrx_word' id='word_1_93' title='bbox 1795 1411 1850 1468; x_wconf 74' lang='grc' dir='ltr'><strong>δὶ</strong></span> <span class='ocrx_word' id='word_1_94' title='bbox 1897 1412 2082 1476; x_wconf 84' lang='grc' dir='ltr'>καλῶς</span> 
     </span>
    </p>
   </div>
   <div class='ocr_carea' id='block_1_16' title="bbox 432 1501 2083 1579">
    <p class='ocr_par' dir='ltr' id='par_1_16' title="bbox 432 1501 2083 1579">
     <span class='ocr_line' id='line_1_16' title="bbox 432 1501 2083 1579; baseline -0.002 -20"><span class='ocrx_word' id='word_1_95' title='bbox 432 1503 556 1577; x_wconf 80' lang='grc' dir='ltr'>περὶ</span> <span class='ocrx_word' id='word_1_96' title='bbox 615 1508 722 1558; x_wconf 84' lang='grc' dir='ltr'>τῶν</span> <span class='ocrx_word' id='word_1_97' title='bbox 784 1502 1069 1579; x_wconf 78' lang='grc' dir='ltr'>μαρτύρων</span> <span class='ocrx_word' id='word_1_98' title='bbox 1135 1501 1369 1578; x_wconf 76' lang='grc' dir='ltr'>εἷ’ρηται,</span> <span class='ocrx_word' id='word_1_99' title='bbox 1428 1504 1926 1578; x_wconf 77' lang='grc' dir='ltr'>περικαθαμμάτων</span> <span class='ocrx_word' id='word_1_100' title='bbox 1986 1507 2083 1558; x_wconf 81' lang='grc' dir='ltr'>τοῦ</span> 
     </span>
    </p>
   </div>
   <div class='ocr_carea' id='block_1_17' title="bbox 431 1594 2081 1672">
    <p class='ocr_par' dir='ltr' id='par_1_17' title="bbox 431 1594 2081 1672">
     <span class='ocr_line' id='line_1_17' title="bbox 431 1594 2081 1672; baseline 0 -22"><span class='ocrx_word' id='word_1_101' title='bbox 431 1595 643 1669; x_wconf 84' lang='grc' dir='ltr'>κόσμου</span> <span class='ocrx_word' id='word_1_102' title='bbox 674 1597 982 1672; x_wconf 67' lang='grc' dir='ltr'>γενομένων</span> <span class='ocrx_word' id='word_1_103' title='bbox 1025 1595 1114 1649; x_wconf 85' lang='grc' dir='ltr'><strong>καὶ</strong></span> <span class='ocrx_word' id='word_1_104' title='bbox 1164 1596 1378 1651; x_wconf 77' lang='grc' dir='ltr'>πάντων</span> <span class='ocrx_word' id='word_1_105' title='bbox 1436 1596 1723 1672; x_wconf 79' lang='grc' dir='ltr'><strong>περίψημα</strong></span> <span class='ocrx_word' id='word_1_106' title='bbox 1776 1594 2081 1670; x_wconf 72' lang='grc' dir='ltr'>λεγομενων</span> 
     </span>
    </p>
   </div>
   <div class='ocr_carea' id='block_1_18' title="bbox 433 1682 2084 1759">
    <p class='ocr_par' dir='ltr' id='par_1_18' title="bbox 433 1682 2084 1759">
     <span class='ocr_line' id='line_1_18' title="bbox 433 1682 2084 1759; baseline 0 -20"><span class='ocrx_word' id='word_1_107' title='bbox 433 1682 522 1740; x_wconf 78' lang='grc' dir='ltr'><strong>διὰ</strong></span> <span class='ocrx_word' id='word_1_108' title='bbox 575 1689 742 1739; x_wconf 76' lang='grc' dir='ltr'>ταῦτα</span> <span class='ocrx_word' id='word_1_109' title='bbox 780 1684 1125 1759; x_wconf 74' lang='grc' dir='ltr'>ἀποστόλων,</span> <span class='ocrx_word' id='word_1_110' title='bbox 1184 1687 1237 1740; x_wconf 87' lang='grc' dir='ltr'><strong>τί</strong></span> <span class='ocrx_word' id='word_1_111' title='bbox 1297 1684 1648 1756; x_wconf 70' lang='grc' dir='ltr'>ὑποληπτέον</span> <span class='ocrx_word' id='word_1_112' title='bbox 1699 1685 1789 1740; x_wconf 80' lang='grc' dir='ltr'><strong>καὶ</strong></span> <span class='ocrx_word' id='word_1_113' title='bbox 1847 1684 2084 1756; x_wconf 76' lang='grc' dir='ltr'>πηλίκον</span> 
     </span>
    </p>
   </div>
   <div class='ocr_carea' id='block_1_19' title="bbox 428 1772 2085 1850">
    <p class='ocr_par' dir='ltr' id='par_1_19' title="bbox 428 1772 2085 1850">
     <span class='ocr_line' id='line_1_19' title="bbox 428 1772 2085 1850; baseline -0.001 -21"><span class='ocrx_word' id='word_1_114' title='bbox 428 1774 690 1850; x_wconf 78' lang='grc' dir='ltr'>περὶτοῦ</span> <span class='ocrx_word' id='word_1_115' title='bbox 748 1775 923 1848; x_wconf 79' lang='grc' dir='ltr'>ἆμνοῦ</span> <span class='ocrx_word' id='word_1_116' title='bbox 978 1779 1076 1828; x_wconf 78' lang='grc' dir='ltr'>τοῦ</span> <span class='ocrx_word' id='word_1_117' title='bbox 1130 1778 1262 1829; x_wconf 74' lang='grc' dir='ltr'>Θεοῦ</span> <span class='ocrx_word' id='word_1_118' title='bbox 1303 1772 1391 1829; x_wconf 77' lang='grc' dir='ltr'><strong>διὰ</strong></span> <span class='ocrx_word' id='word_1_119' title='bbox 1447 1779 1608 1829; x_wconf 78' lang='grc' dir='ltr'>τοῦτο</span> <span class='ocrx_word' id='word_1_120' title='bbox 1669 1774 1937 1849; x_wconf 75' lang='grc' dir='ltr'>θυομένου</span> <span class='ocrx_word' id='word_1_121' title='bbox 1994 1773 2085 1828; x_wconf 85' lang='grc' dir='ltr'>ἳνα</span> 
     </span>
    </p>
   </div>
   <div class='ocr_carea' id='block_1_20' title="bbox 2187 608 3841 683">
    <p class='ocr_par' dir='ltr' id='par_1_20' title="bbox 2187 608 3841 683">
     <span class='ocr_line' id='line_1_20' title="bbox 2187 608 3841 683; baseline -0.002 -20"><span class='ocrx_word' id='word_1_122' title='bbox 2187 612 2450 666; x_wconf 84' lang='lat' dir='ltr'><strong>tudinem</strong></span> <span class='ocrx_word' id='word_1_123' title='bbox 2485 611 2714 682; x_wconf 87' lang='lat' dir='ltr'><strong>incidit,</strong></span> <span class='ocrx_word' id='word_1_124' title='bbox 2749 611 3225 683; x_wconf 84' lang='lat' dir='ltr'><strong>pernoctantibus</strong></span> <span class='ocrx_word' id='word_1_125' title='bbox 3247 610 3469 664; x_wconf 91' lang='lat' dir='ltr'><strong>cunctis</strong></span> <span class='ocrx_word' id='word_1_126' title='bbox 3491 610 3646 664; x_wconf 91' lang='lat' dir='ltr'><strong>circa</strong></span> <span class='ocrx_word' id='word_1_127' title='bbox 3674 608 3841 680; x_wconf 86' lang='lat' dir='ltr'><strong>pala-</strong></span> 
     </span>
    </p>
   </div>
   <div class='ocr_carea' id='block_1_21' title="bbox 2188 699 3845 772">
    <p class='ocr_par' dir='ltr' id='par_1_21' title="bbox 2188 699 3845 772">
     <span class='ocr_line' id='line_1_21' title="bbox 2188 699 3845 772; baseline -0.001 -18"><span class='ocrx_word' id='word_1_128' title='bbox 2188 700 2356 765; x_wconf 88' lang='lat' dir='ltr'><strong>tium,</strong></span> <span class='ocrx_word' id='word_1_129' title='bbox 2390 718 2502 756; x_wconf 89' lang='lat' dir='ltr'><strong>non</strong></span> <span class='ocrx_word' id='word_1_130' title='bbox 2537 703 2847 757; x_wconf 82' lang='lat' dir='ltr'><strong>defuerunt</strong></span> <span class='ocrx_word' id='word_1_131' title='bbox 2877 701 3426 772; x_wconf 85' lang='lat' dir='ltr'><strong>quidepugnaturos</strong></span> <span class='ocrx_word' id='word_1_132' title='bbox 3450 716 3510 754; x_wconf 88' lang='lat' dir='ltr'><strong>se</strong></span> <span class='ocrx_word' id='word_1_133' title='bbox 3539 699 3722 752; x_wconf 87' lang='lat' dir='ltr'><strong>armis</strong></span> <span class='ocrx_word' id='word_1_134' title='bbox 3740 714 3845 769; x_wconf 91' lang='lat' dir='ltr'><strong>pro</strong></span> 
     </span>
    </p>
   </div>
   <div class='ocr_carea' id='block_1_22' title="bbox 2187 788 3844 862">
    <p class='ocr_par' dir='ltr' id='par_1_22' title="bbox 2187 788 3844 862">
     <span class='ocr_line' id='line_1_22' title="bbox 2187 788 3844 862; baseline -0.001 -19"><span class='ocrx_word' id='word_1_135' title='bbox 2187 789 2374 844; x_wconf 82' lang='lat' dir='ltr'><strong>salute</strong></span> <span class='ocrx_word' id='word_1_136' title='bbox 2407 790 2565 862; x_wconf 68' lang='lat' dir='ltr'><strong>aegri,</strong></span> <span class='ocrx_word' id='word_1_137' title='bbox 2615 792 2834 862; x_wconf 84' lang='lat' dir='ltr'><strong>quique</strong></span> <span class='ocrx_word' id='word_1_138' title='bbox 2893 791 3086 862; x_wconf 84' lang='lat' dir='ltr'><strong>capita</strong></span> <span class='ocrx_word' id='word_1_139' title='bbox 3143 807 3252 845; x_wconf 90' lang='lat' dir='ltr'><strong>sua</strong></span> <span class='ocrx_word' id='word_1_140' title='bbox 3308 789 3478 844; x_wconf 88' lang='lat' dir='ltr'><strong>titulo</strong></span> <span class='ocrx_word' id='word_1_141' title='bbox 3537 788 3844 860; x_wconf 89' lang='lat' dir='ltr'><strong>proposito</strong></span> 
     </span>
    </p>
   </div>
   <div class='ocr_carea' id='block_1_23' title="bbox 2187 876 3843 950">
    <p class='ocr_par' dir='ltr' id='par_1_23' title="bbox 2187 876 3843 950">
     <span class='ocr_line' id='line_1_23' title="bbox 2187 876 3843 950; baseline -0.001 -18"><span class='ocrx_word' id='word_1_142' title='bbox 2187 884 2488 935; x_wconf 88' lang='lat' dir='ltr'><strong>voverunt.</strong></span> <span class='ocrx_word' id='word_1_143' title='bbox 2522 902 2549 930; x_wconf 85' lang='lat'><strong>»</strong></span> <span class='ocrx_word' id='word_1_144' title='bbox 2584 883 2654 934; x_wconf 89' lang='lat' dir='ltr'><strong>Hi</strong></span> <span class='ocrx_word' id='word_1_145' title='bbox 2687 897 2718 934; x_wconf 94' lang='grc' dir='ltr'><strong>ο</strong></span> <span class='ocrx_word' id='word_1_146' title='bbox 2750 879 2964 935; x_wconf 63' lang='grc' dir='ltr'><strong>ῦῐ-δθοιε</strong></span> <span class='ocrx_word' id='word_1_147' title='bbox 2990 879 3284 950; x_wconf 81' lang='grc' dir='ltr'>ἀντίψυχοι</span> <span class='ocrx_word' id='word_1_148' title='bbox 3335 879 3696 933; x_wconf 82' lang='lat' dir='ltr'><strong>dicebantur.</strong></span> <span class='ocrx_word' id='word_1_149' title='bbox 3736 876 3843 930; x_wconf 90' lang='lat' dir='ltr'><strong>Dio</strong></span> 
     </span>
    </p>
   </div>
   <div class='ocr_carea' id='block_1_24' title="bbox 2187 962 3849 1047">
    <p class='ocr_par' dir='ltr' id='par_1_24' title="bbox 2187 962 3849 1047">
     <span class='ocr_line' id='line_1_24' title="bbox 2187 962 3849 1047; baseline -0.002 -27"><span class='ocrx_word' id='word_1_150' title='bbox 2187 966 2290 1024; x_wconf 87' lang='lat' dir='ltr'><strong>lib.</strong></span> <span class='ocrx_word' id='word_1_151' title='bbox 2325 986 2445 1024; x_wconf 84' lang='lat' dir='ltr'><strong>le:</strong></span> <span class='ocrx_word' id='word_1_152' title='bbox 2472 966 2750 1027; x_wconf 72' lang='grc' dir='ltr'>Πούπλιος</span> <span class='ocrx_word' id='word_1_153' title='bbox 2782 964 2839 1021; x_wconf 71' lang='grc' dir='ltr'><strong>δὲ</strong></span> <span class='ocrx_word' id='word_1_154' title='bbox 2873 966 3161 1047; x_wconf 75' lang='grc' dir='ltr'><strong>Ἀφράνιος</strong></span> <span class='ocrx_word' id='word_1_155' title='bbox 3194 970 3446 1038; x_wconf 84' lang='grc' dir='ltr'>Ηοτῖτος,</span> <span class='ocrx_word' id='word_1_156' title='bbox 3503 962 3758 1036; x_wconf 83' lang='grc' dir='ltr'>δημότης</span> <span class='ocrx_word' id='word_1_157' title='bbox 3788 983 3849 1017; x_wconf 90' lang='grc' dir='ltr'><strong>τε</strong></span> 
     </span>
    </p>
   </div>
   <div class='ocr_carea' id='block_1_25' title="bbox 2189 1050 3846 1131">
    <p class='ocr_par' dir='ltr' id='par_1_25' title="bbox 2189 1050 3846 1131">
     <span class='ocr_line' id='line_1_25' title="bbox 2189 1050 3846 1131; baseline -0.001 -22"><span class='ocrx_word' id='word_1_158' title='bbox 2189 1050 2282 1124; x_wconf 80' lang='grc' dir='ltr'>ὥν,</span> <span class='ocrx_word' id='word_1_159' title='bbox 2315 1057 2404 1111; x_wconf 82' lang='grc' dir='ltr'><strong>καὶ</strong></span> <span class='ocrx_word' id='word_1_160' title='bbox 2455 1054 2559 1112; x_wconf 76' lang='grc' dir='ltr'><strong>ἀπὸ</strong></span> <span class='ocrx_word' id='word_1_161' title='bbox 2625 1062 2811 1131; x_wconf 82' lang='grc' dir='ltr'>μωρᾶς</span> <span class='ocrx_word' id='word_1_162' title='bbox 2851 1056 3160 1124; x_wconf 79' lang='grc' dir='ltr'>κολακείας,</span> <span class='ocrx_word' id='word_1_163' title='bbox 3207 1055 3267 1111; x_wconf 81' lang='grc' dir='ltr'><strong>οὐ</strong></span> <span class='ocrx_word' id='word_1_164' title='bbox 3321 1057 3480 1128; x_wconf 85' lang='grc' dir='ltr'>μόνον</span> <span class='ocrx_word' id='word_1_165' title='bbox 3532 1054 3846 1123; x_wconf 74' lang='grc' dir='ltr'>ἐθελοντής,</span> 
     </span>
    </p>
   </div>
   <div class='ocr_carea' id='block_1_26' title="bbox 2187 1141 3851 1223">
    <p class='ocr_par' dir='ltr' id='par_1_26' title="bbox 2187 1141 3851 1223">
     <span class='ocr_line' id='line_1_26' title="bbox 2187 1141 3851 1223; baseline -0.001 -23"><span class='ocrx_word' id='word_1_166' title='bbox 2187 1144 2332 1200; x_wconf 81' lang='grc' dir='ltr'>ἀλλὰ</span> <span class='ocrx_word' id='word_1_167' title='bbox 2370 1147 2460 1200; x_wconf 72' lang='grc' dir='ltr'><strong>καὶ</strong></span> <span class='ocrx_word' id='word_1_168' title='bbox 2493 1141 2736 1223; x_wconf 82' lang='grc' dir='ltr'>ἔνορκος,</span> <span class='ocrx_word' id='word_1_169' title='bbox 2767 1146 2828 1201; x_wconf 79' lang='grc' dir='ltr'>ἄν</span> <span class='ocrx_word' id='word_1_170' title='bbox 2877 1169 2940 1222; x_wconf 89' lang='grc' dir='ltr'><strong>γε</strong></span> <span class='ocrx_word' id='word_1_171' title='bbox 2989 1148 3016 1200; x_wconf 86' lang='grc' dir='ltr'>ὁ</span> <span class='ocrx_word' id='word_1_172' title='bbox 3065 1147 3226 1210; x_wconf 82' lang='grc' dir='ltr'>Γάϊος</span> <span class='ocrx_word' id='word_1_173' title='bbox 3275 1149 3445 1219; x_wconf 79' lang='grc' dir='ltr'>σωθῇ,</span> <span class='ocrx_word' id='word_1_174' title='bbox 3493 1142 3851 1214; x_wconf 69' lang='grc' dir='ltr'>τελευτήσειν</span> 
     </span>
    </p>
   </div>
   <div class='ocr_carea' id='block_1_27' title="bbox 2189 1233 3852 1310">
    <p class='ocr_par' dir='ltr' id='par_1_27' title="bbox 2189 1233 3852 1310">
     <span class='ocr_line' id='line_1_27' title="bbox 2189 1233 3852 1310; baseline -0.001 -21"><span class='ocrx_word' id='word_1_175' title='bbox 2189 1235 2590 1310; x_wconf 88' lang='grc' dir='ltr'>ὑποσχόμενος,</span> <span class='ocrx_word' id='word_1_176' title='bbox 2634 1237 2881 1299; x_wconf 79' lang='grc' dir='ltr'>Ἀτᾶνιός</span> <span class='ocrx_word' id='word_1_177' title='bbox 2934 1237 2992 1292; x_wconf 82' lang='grc' dir='ltr'><strong>τέ</strong></span> <span class='ocrx_word' id='word_1_178' title='bbox 3041 1257 3121 1297; x_wconf 87' lang='grc' dir='ltr'><strong>τις</strong></span> <span class='ocrx_word' id='word_1_179' title='bbox 3172 1233 3490 1301; x_wconf 72' lang='grc' dir='ltr'>Σεκοῦνδος,</span> <span class='ocrx_word' id='word_1_180' title='bbox 3541 1233 3743 1296; x_wconf 76' lang='grc' dir='ltr'>ἱππεύς</span> <span class='ocrx_word' id='word_1_181' title='bbox 3793 1254 3852 1287; x_wconf 92' lang='grc' dir='ltr'><strong>τε</strong></span> 
     </span>
    </p>
   </div>
   <div class='ocr_carea' id='block_1_28' title="bbox 2188 1322 3850 1403">
    <p class='ocr_par' dir='ltr' id='par_1_28' title="bbox 2188 1322 3850 1403">
     <span class='ocr_line' id='line_1_28' title="bbox 2188 1322 3850 1403; baseline -0.001 -25"><span class='ocrx_word' id='word_1_182' title='bbox 2188 1322 2285 1394; x_wconf 83' lang='grc' dir='ltr'><strong>ὥν,</strong></span> <span class='ocrx_word' id='word_1_183' title='bbox 2343 1325 2433 1380; x_wconf 86' lang='grc' dir='ltr'><strong>καὶ</strong></span> <span class='ocrx_word' id='word_1_184' title='bbox 2497 1328 2909 1401; x_wconf 76' lang='grc' dir='ltr'>μονομαχήσειν</span> <span class='ocrx_word' id='word_1_185' title='bbox 2998 1325 3478 1403; x_wconf 67' lang='grc' dir='ltr'>ἐπαγγειλάμενος,</span> <span class='ocrx_word' id='word_1_186' title='bbox 3560 1323 3680 1377; x_wconf 85' lang='grc' dir='ltr'>ἀντὶ</span> <span class='ocrx_word' id='word_1_187' title='bbox 3739 1328 3850 1377; x_wconf 84' lang='grc' dir='ltr'><strong>τῶν</strong></span> 
     </span>
    </p>
   </div>
   <div class='ocr_carea' id='block_1_29' title="bbox 2189 1411 3848 1490">
    <p class='ocr_par' dir='ltr' id='par_1_29' title="bbox 2189 1411 3848 1490">
     <span class='ocr_line' id='line_1_29' title="bbox 2189 1411 3848 1490; baseline 0 -22"><span class='ocrx_word' id='word_1_188' title='bbox 2189 1416 2495 1490; x_wconf 82' lang='grc' dir='ltr'>χρημάτων</span> <span class='ocrx_word' id='word_1_189' title='bbox 2531 1417 2563 1469; x_wconf 79' lang='grc' dir='ltr'>ἅ</span> <span class='ocrx_word' id='word_1_190' title='bbox 2600 1414 2836 1486; x_wconf 65' lang='grc' dir='ltr'>ἤλπιζον</span> <span class='ocrx_word' id='word_1_191' title='bbox 2883 1416 3012 1490; x_wconf 86' lang='grc' dir='ltr'>παρ’</span> <span class='ocrx_word' id='word_1_192' title='bbox 3043 1417 3226 1487; x_wconf 77' lang='grc' dir='ltr'>αὐτοῦ,</span> <span class='ocrx_word' id='word_1_193' title='bbox 3277 1416 3352 1477; x_wconf 83' lang='grc' dir='ltr'>ὡς</span> <span class='ocrx_word' id='word_1_194' title='bbox 3405 1415 3492 1467; x_wconf 82' lang='grc' dir='ltr'><strong>καὶ</strong></span> <span class='ocrx_word' id='word_1_195' title='bbox 3542 1411 3848 1488; x_wconf 86' lang='grc' dir='ltr'>ἀντίψυχοι</span> 
     </span>
    </p>
   </div>
   <div class='ocr_carea' id='block_1_30' title="bbox 2187 1499 3853 1578">
    <p class='ocr_par' dir='ltr' id='par_1_30' title="bbox 2187 1499 3853 1578">
     <span class='ocr_line' id='line_1_30' title="bbox 2187 1499 3853 1578; baseline -0.001 -22"><span class='ocrx_word' id='word_1_196' title='bbox 2187 1504 2240 1557; x_wconf 80' lang='grc' dir='ltr'>οἱ</span> <span class='ocrx_word' id='word_1_197' title='bbox 2271 1503 2554 1559; x_wconf 81' lang='grc' dir='ltr'>ἀποθανεῖν</span> <span class='ocrx_word' id='word_1_198' title='bbox 2604 1502 2983 1577; x_wconf 78' lang='grc' dir='ltr'>ἐθελήσαντες,</span> <span class='ocrx_word' id='word_1_199' title='bbox 3045 1504 3334 1578; x_wconf 74' lang='grc' dir='ltr'>λήψεσθαι,</span> <span class='ocrx_word' id='word_1_200' title='bbox 3402 1499 3698 1558; x_wconf 76' lang='grc' dir='ltr'>ἀποδοῦναι</span> <span class='ocrx_word' id='word_1_201' title='bbox 3750 1504 3853 1571; x_wconf 74' lang='grc' dir='ltr'>τὴν</span> 
     </span>
    </p>
   </div>
   <div class='ocr_carea' id='block_1_31' title="bbox 2189 1591 3845 1672">
    <p class='ocr_par' dir='ltr' id='par_1_31' title="bbox 2189 1591 3845 1672">
     <span class='ocr_line' id='line_1_31' title="bbox 2189 1591 3845 1672; baseline -0.001 -23"><span class='ocrx_word' id='word_1_202' title='bbox 2189 1591 2483 1670; x_wconf 74' lang='grc' dir='ltr'>ὑπόσχεσιν</span> <span class='ocrx_word' id='word_1_203' title='bbox 2570 1598 3002 1671; x_wconf 78' lang='grc' dir='ltr'>ἠναγκάσθησαν,</span> <span class='ocrx_word' id='word_1_204' title='bbox 3087 1597 3174 1651; x_wconf 81' lang='grc' dir='ltr'>ἳνα</span> <span class='ocrx_word' id='word_1_205' title='bbox 3262 1599 3338 1672; x_wconf 78' lang='grc' dir='ltr'>μὴ</span> <span class='ocrx_word' id='word_1_206' title='bbox 3445 1595 3845 1668; x_wconf 68' lang='grc' dir='ltr'>ἐπιορκήσωσι.</span> 
     </span>
    </p>
   </div>
   <div class='ocr_carea' id='block_1_32' title="bbox 2190 1684 3848 1760">
    <p class='ocr_par' dir='ltr' id='par_1_32' title="bbox 2190 1684 3848 1760">
     <span class='ocr_line' id='line_1_32' title="bbox 2190 1684 3848 1760; baseline -0.001 -20"><span class='ocrx_word' id='word_1_207' title='bbox 2190 1705 2216 1740; x_wconf 79' lang='grc' dir='ltr'>ι</span> <span class='ocrx_word' id='word_1_208' title='bbox 2251 1687 2312 1745; x_wconf 89' lang='grc' dir='ltr'><strong>Ρ.</strong></span> <span class='ocrx_word' id='word_1_209' title='bbox 2343 1687 2618 1742; x_wconf 83' lang='lat' dir='ltr'><strong>Afranius</strong></span> <span class='ocrx_word' id='word_1_210' title='bbox 2651 1687 2898 1758; x_wconf 85' lang='lat' dir='ltr'><strong>Potitus,</strong></span> <span class='ocrx_word' id='word_1_211' title='bbox 2959 1687 3220 1760; x_wconf 89' lang='lat' dir='ltr'><strong>plebeius</strong></span> <span class='ocrx_word' id='word_1_212' title='bbox 3270 1687 3465 1754; x_wconf 89' lang='lat' dir='ltr'><strong>homo,</strong></span> <span class='ocrx_word' id='word_1_213' title='bbox 3499 1685 3602 1757; x_wconf 90' lang='lat' dir='ltr'><strong>qui</strong></span> <span class='ocrx_word' id='word_1_214' title='bbox 3659 1684 3848 1741; x_wconf 88' lang='lat' dir='ltr'><strong>stulta</strong></span> 
     </span>
    </p>
   </div>
   <div class='ocr_carea' id='block_1_33' title="bbox 2187 1775 3840 1849">
    <p class='ocr_par' dir='ltr' id='par_1_33' title="bbox 2187 1775 3840 1849">
     <span class='ocr_line' id='line_1_33' title="bbox 2187 1775 3840 1849; baseline -0.001 -17"><span class='ocrx_word' id='word_1_215' title='bbox 2187 1775 2524 1833; x_wconf 90' lang='lat' dir='ltr'><strong>adulatione</strong></span> <span class='ocrx_word' id='word_1_216' title='bbox 2552 1777 2852 1849; x_wconf 90' lang='lat' dir='ltr'><strong>inductus,</strong></span> <span class='ocrx_word' id='word_1_217' title='bbox 2887 1794 3002 1834; x_wconf 92' lang='lat' dir='ltr'><strong>non</strong></span> <span class='ocrx_word' id='word_1_218' title='bbox 3035 1778 3207 1833; x_wconf 91' lang='lat' dir='ltr'><strong>modo</strong></span> <span class='ocrx_word' id='word_1_219' title='bbox 3240 1776 3458 1844; x_wconf 87' lang='lat' dir='ltr'><strong>volens,</strong></span> <span class='ocrx_word' id='word_1_220' title='bbox 3492 1775 3595 1831; x_wconf 90' lang='lat' dir='ltr'><strong>sed</strong></span> <span class='ocrx_word' id='word_1_221' title='bbox 3651 1775 3840 1830; x_wconf 87' lang='lat' dir='ltr'><strong>etiam</strong></span> 
     </span>
    </p>
   </div>
   <div class='ocr_carea' id='block_1_34' title="bbox 427 1864 2049 1948">
    <p class='ocr_par' dir='ltr' id='par_1_34' title="bbox 427 1864 2045 1944">
     <span class='ocr_line' id='line_1_34' title="bbox 427 1864 2045 1944; baseline -0.001 -24"><span class='ocrx_word' id='word_1_222' title='bbox 427 1864 532 1940; x_wconf 77' lang='grc' dir='ltr'><strong>ἄρῃ</strong></span> <span class='ocrx_word' id='word_1_223' title='bbox 567 1865 849 1942; x_wconf 81' lang='grc' dir='ltr'>ἁμαρτίαν,</span> <span class='ocrx_word' id='word_1_224' title='bbox 878 1866 976 1921; x_wconf 78' lang='grc' dir='ltr'><strong>οὐκ</strong></span> <span class='ocrx_word' id='word_1_225' title='bbox 998 1866 1220 1944; x_wconf 85' lang='grc' dir='ltr'>ὀλίγων,</span> <span class='ocrx_word' id='word_1_226' title='bbox 1250 1865 1376 1922; x_wconf 83' lang='grc' dir='ltr'>ἀλλ’</span> <span class='ocrx_word' id='word_1_227' title='bbox 1399 1866 1534 1922; x_wconf 80' lang='grc' dir='ltr'>ὅλου</span> <span class='ocrx_word' id='word_1_228' title='bbox 1556 1870 1652 1922; x_wconf 80' lang='grc' dir='ltr'>τοῦ</span> <span class='ocrx_word' id='word_1_229' title='bbox 1681 1867 1917 1939; x_wconf 85' lang='grc' dir='ltr'>κόσμου,</span> <span class='ocrx_word' id='word_1_230' title='bbox 1945 1865 2045 1921; x_wconf 61' lang='lat' dir='ltr'><strong>aut</strong></span> 
     </span>
    </p>
   </div>
   <div class='ocr_carea' id='block_1_35' title="bbox 2259 1864 3849 1948">
    <p class='ocr_par' dir='ltr' id='par_1_35' title="bbox 2259 1865 3849 1938">
     <span class='ocr_line' id='line_1_35' title="bbox 2259 1865 3849 1938; baseline -0.001 -17"><span class='ocrx_word' id='word_1_231' title='bbox 2259 1867 2570 1937; x_wconf 87' lang='lat' dir='ltr'><strong>rejurando</strong></span> <span class='ocrx_word' id='word_1_232' title='bbox 2597 1883 2658 1922; x_wconf 90' lang='lat' dir='ltr'><strong>se</strong></span> <span class='ocrx_word' id='word_1_233' title='bbox 2679 1867 3086 1938; x_wconf 82' lang='lat' dir='ltr'><strong>obstrinxerat,</strong></span> <span class='ocrx_word' id='word_1_234' title='bbox 3111 1867 3230 1922; x_wconf 91' lang='lat' dir='ltr'><strong>vita</strong></span> <span class='ocrx_word' id='word_1_235' title='bbox 3251 1883 3558 1924; x_wconf 89' lang='lat' dir='ltr'><strong>cessurum</strong></span> <span class='ocrx_word' id='word_1_236' title='bbox 3585 1866 3636 1922; x_wconf 84' lang='lat' dir='ltr'><strong>si</strong></span> <span class='ocrx_word' id='word_1_237' title='bbox 3668 1865 3849 1921; x_wconf 86' lang='lat' dir='ltr'><strong>Caius</strong></span> 
     </span>
    </p>
   </div>
   <div class='ocr_carea' id='block_1_36' title="bbox 429 1953 2079 2030">
    <p class='ocr_par' dir='ltr' id='par_1_36' title="bbox 429 1953 2079 2030">
     <span class='ocr_line' id='line_1_36' title="bbox 429 1953 2079 2030; baseline 0.001 -19"><span class='ocrx_word' id='word_1_238' title='bbox 429 1953 492 2011; x_wconf 79' lang='grc' dir='ltr'>οὗ</span> <span class='ocrx_word' id='word_1_239' title='bbox 523 1955 611 2010; x_wconf 89' lang='grc' dir='ltr'><strong>καὶ</strong></span> <span class='ocrx_word' id='word_1_240' title='bbox 643 1954 915 2027; x_wconf 75' lang='grc' dir='ltr'>πέπονθες</span> <span class='ocrx_word' id='word_1_241' title='bbox 978 1982 1007 2009; x_wconf 89' lang='grc'><strong>‹‹</strong></span> <span class='ocrx_word' id='word_1_242' title='bbox 1039 1959 1097 2014; x_wconf 83' lang='lat' dir='ltr'><strong>Si</strong></span> <span class='ocrx_word' id='word_1_243' title='bbox 1149 1960 1307 2016; x_wconf 90' lang='lat' dir='ltr'><strong>enim</strong></span> <span class='ocrx_word' id='word_1_244' title='bbox 1357 1959 1478 2016; x_wconf 76' lang='lat' dir='ltr'><strong>hzec</strong></span> <span class='ocrx_word' id='word_1_245' title='bbox 1523 1977 1557 2014; x_wconf 89' lang='lat' dir='ltr'><strong>a</strong></span> <span class='ocrx_word' id='word_1_246' title='bbox 1601 1959 1872 2030; x_wconf 84' lang='lat' dir='ltr'><strong>gentibus</strong></span> <span class='ocrx_word' id='word_1_247' title='bbox 1924 1957 2079 2013; x_wconf 89' lang='lat' dir='ltr'><strong>haud</strong></span> 
     </span>
    </p>
   </div>
   <div class='ocr_carea' id='block_1_37' title="bbox 427 2047 2084 2117">
    <p class='ocr_par' dir='ltr' id='par_1_37' title="bbox 427 2047 2084 2117">
     <span class='ocr_line' id='line_1_37' title="bbox 427 2047 2084 2117; baseline 0.001 -15"><span class='ocrx_word' id='word_1_248' title='bbox 427 2047 646 2104; x_wconf 77' lang='lat' dir='ltr'><strong>frustra</strong></span> <span class='ocrx_word' id='word_1_249' title='bbox 675 2048 938 2104; x_wconf 85' lang='lat' dir='ltr'><strong>historiis</strong></span> <span class='ocrx_word' id='word_1_250' title='bbox 976 2049 1255 2105; x_wconf 87' lang='lat' dir='ltr'><strong>mandata</strong></span> <span class='ocrx_word' id='word_1_251' title='bbox 1283 2053 1441 2117; x_wconf 90' lang='lat' dir='ltr'><strong>sunt,</strong></span> <span class='ocrx_word' id='word_1_252' title='bbox 1478 2048 1579 2105; x_wconf 89' lang='lat' dir='ltr'><strong>illa</strong></span> <span class='ocrx_word' id='word_1_253' title='bbox 1608 2053 1802 2105; x_wconf 88' lang='lat' dir='ltr'><strong>autem</strong></span> <span class='ocrx_word' id='word_1_254' title='bbox 1837 2052 1989 2104; x_wconf 86' lang='lat' dir='ltr'><strong>recte</strong></span> <span class='ocrx_word' id='word_1_255' title='bbox 2013 2048 2084 2103; x_wconf 86' lang='lat' dir='ltr'><strong>de</strong></span> 
     </span>
    </p>
   </div>
   <div class='ocr_carea' id='block_1_38' title="bbox 429 2135 2082 2208">
    <p class='ocr_par' dir='ltr' id='par_1_38' title="bbox 429 2135 2082 2208">
     <span class='ocr_line' id='line_1_38' title="bbox 429 2135 2082 2208; baseline -0.001 -18"><span class='ocrx_word' id='word_1_256' title='bbox 429 2135 787 2206; x_wconf 81' lang='lat' dir='ltr'><strong>martyribus</strong></span> <span class='ocrx_word' id='word_1_257' title='bbox 810 2136 966 2191; x_wconf 90' lang='lat' dir='ltr'><strong>dicta</strong></span> <span class='ocrx_word' id='word_1_258' title='bbox 997 2141 1158 2204; x_wconf 91' lang='lat' dir='ltr'><strong>sunt,</strong></span> <span class='ocrx_word' id='word_1_259' title='bbox 1191 2153 1322 2192; x_wconf 91' lang='lat' dir='ltr'><strong>cum</strong></span> <span class='ocrx_word' id='word_1_260' title='bbox 1349 2136 1596 2208; x_wconf 87' lang='lat' dir='ltr'><strong>apostoli</strong></span> <span class='ocrx_word' id='word_1_261' title='bbox 1635 2135 1850 2192; x_wconf 80' lang='lat' dir='ltr'><strong>fuerint</strong></span> <span class='ocrx_word' id='word_1_262' title='bbox 1875 2135 2082 2190; x_wconf 89' lang='lat' dir='ltr'><strong>mundi</strong></span> 
     </span>
    </p>
   </div>
   <div class='ocr_carea' id='block_1_39' title="bbox 430 2219 2083 2296">
    <p class='ocr_par' dir='ltr' id='par_1_39' title="bbox 430 2219 2083 2296">
     <span class='ocr_line' id='line_1_39' title="bbox 430 2219 2083 2296; baseline -0.002 -17"><span class='ocrx_word' id='word_1_263' title='bbox 430 2228 820 2296; x_wconf 84' lang='lat' dir='ltr'><strong>purgamenta</strong></span> <span class='ocrx_word' id='word_1_264' title='bbox 876 2229 933 2280; x_wconf 86' lang='lat' dir='ltr'><strong>et</strong></span> <span class='ocrx_word' id='word_1_265' title='bbox 988 2225 1060 2280; x_wconf 92' lang='lat' dir='ltr'><strong>ob</strong></span> <span class='ocrx_word' id='word_1_266' title='bbox 1120 2225 1270 2281; x_wconf 88' lang='lat' dir='ltr'><strong>hanc</strong></span> <span class='ocrx_word' id='word_1_267' title='bbox 1327 2242 1568 2281; x_wconf 87' lang='lat' dir='ltr'><strong>causam</strong></span> <span class='ocrx_word' id='word_1_268' title='bbox 1607 2225 1748 2280; x_wconf 90' lang='lat' dir='ltr'><strong>dicti</strong></span> <span class='ocrx_word' id='word_1_269' title='bbox 1781 2225 1900 2280; x_wconf 88' lang='lat' dir='ltr'><strong>sint</strong></span> <span class='ocrx_word' id='word_1_270' title='bbox 1927 2219 2083 2296; x_wconf 81' lang='grc' dir='ltr'>περί-</span> 
     </span>
    </p>
   </div>
   <div class='ocr_carea' id='block_1_40' title="bbox 425 2313 2080 2386">
    <p class='ocr_par' dir='ltr' id='par_1_40' title="bbox 425 2313 2080 2386">
     <span class='ocr_line' id='line_1_40' title="bbox 425 2313 2080 2386; baseline 0.004 -22"><span class='ocrx_word' id='word_1_271' title='bbox 425 2313 610 2384; x_wconf 81' lang='grc' dir='ltr'>ψημα,</span> <span class='ocrx_word' id='word_1_272' title='bbox 644 2315 785 2386; x_wconf 90' lang='lat' dir='ltr'><strong>quid</strong></span> <span class='ocrx_word' id='word_1_273' title='bbox 816 2318 874 2368; x_wconf 90' lang='lat' dir='ltr'><strong>et</strong></span> <span class='ocrx_word' id='word_1_274' title='bbox 905 2317 1193 2384; x_wconf 92' lang='lat' dir='ltr'><strong>quantum</strong></span> <span class='ocrx_word' id='word_1_275' title='bbox 1255 2315 1625 2370; x_wconf 86' lang='lat' dir='ltr'><strong>sentiendum</strong></span> <span class='ocrx_word' id='word_1_276' title='bbox 1685 2317 1772 2369; x_wconf 89' lang='lat' dir='ltr'><strong>est</strong></span> <span class='ocrx_word' id='word_1_277' title='bbox 1813 2314 1884 2369; x_wconf 89' lang='lat' dir='ltr'><strong>de</strong></span> <span class='ocrx_word' id='word_1_278' title='bbox 1915 2320 2080 2386; x_wconf 85' lang='lat' dir='ltr'><strong>Agno</strong></span> 
     </span>
    </p>
   </div>
   <div class='ocr_carea' id='block_1_41' title="bbox 425 2399 2082 2471">
    <p class='ocr_par' dir='ltr' id='par_1_41' title="bbox 425 2399 2082 2471">
     <span class='ocr_line' id='line_1_41' title="bbox 425 2399 2082 2471; baseline 0.001 -16"><span class='ocrx_word' id='word_1_279' title='bbox 425 2399 548 2467; x_wconf 89' lang='lat' dir='ltr'><strong>Dei,</strong></span> <span class='ocrx_word' id='word_1_280' title='bbox 573 2402 672 2471; x_wconf 91' lang='lat' dir='ltr'><strong>qui</strong></span> <span class='ocrx_word' id='word_1_281' title='bbox 703 2401 776 2456; x_wconf 91' lang='lat' dir='ltr'><strong>ob</strong></span> <span class='ocrx_word' id='word_1_282' title='bbox 800 2400 949 2455; x_wconf 91' lang='lat' dir='ltr'><strong>hanc</strong></span> <span class='ocrx_word' id='word_1_283' title='bbox 977 2417 1216 2457; x_wconf 85' lang='lat' dir='ltr'><strong>causam</strong></span> <span class='ocrx_word' id='word_1_284' title='bbox 1240 2401 1604 2457; x_wconf 80' lang='lat' dir='ltr'><strong>sacriﬁcatus</strong></span> <span class='ocrx_word' id='word_1_285' title='bbox 1626 2407 1737 2468; x_wconf 88' lang='lat' dir='ltr'><strong>est,</strong></span> <span class='ocrx_word' id='word_1_286' title='bbox 1771 2405 1831 2455; x_wconf 91' lang='lat' dir='ltr'><strong>ut</strong></span> <span class='ocrx_word' id='word_1_287' title='bbox 1855 2400 2082 2456; x_wconf 88' lang='lat' dir='ltr'><strong>tolleret</strong></span> 
     </span>
    </p>
   </div>
   <div class='ocr_carea' id='block_1_42' title="bbox 426 2491 2080 2563">
    <p class='ocr_par' dir='ltr' id='par_1_42' title="bbox 426 2491 2080 2563">
     <span class='ocr_line' id='line_1_42' title="bbox 426 2491 2080 2563; baseline 0.001 -19"><span class='ocrx_word' id='word_1_288' title='bbox 426 2493 755 2560; x_wconf 90' lang='lat' dir='ltr'><strong>peccatum,</strong></span> <span class='ocrx_word' id='word_1_289' title='bbox 788 2505 902 2545; x_wconf 91' lang='lat' dir='ltr'><strong>non</strong></span> <span class='ocrx_word' id='word_1_290' title='bbox 936 2507 1280 2563; x_wconf 88' lang='lat' dir='ltr'><strong>paucorum,</strong></span> <span class='ocrx_word' id='word_1_291' title='bbox 1323 2492 1423 2547; x_wconf 91' lang='lat' dir='ltr'><strong>sed</strong></span> <span class='ocrx_word' id='word_1_292' title='bbox 1485 2491 1661 2546; x_wconf 89' lang='lat' dir='ltr'><strong>totius</strong></span> <span class='ocrx_word' id='word_1_293' title='bbox 1721 2491 1947 2560; x_wconf 90' lang='lat' dir='ltr'><strong>mundi,</strong></span> <span class='ocrx_word' id='word_1_294' title='bbox 1979 2507 2080 2561; x_wconf 92' lang='lat' dir='ltr'><strong>pro</strong></span> 
     </span>
    </p>
   </div>
   <div class='ocr_carea' id='block_1_43' title="bbox 426 2579 2078 2655">
    <p class='ocr_par' dir='ltr' id='par_1_43' title="bbox 426 2579 2078 2655">
     <span class='ocr_line' id='line_1_43' title="bbox 426 2579 2078 2655; baseline -0.001 -20"><span class='ocrx_word' id='word_1_295' title='bbox 426 2595 542 2652; x_wconf 88' lang='lat' dir='ltr'><strong>quo</strong></span> <span class='ocrx_word' id='word_1_296' title='bbox 571 2583 628 2636; x_wconf 91' lang='lat' dir='ltr'><strong>et</strong></span> <span class='ocrx_word' id='word_1_297' title='bbox 658 2596 870 2652; x_wconf 88' lang='lat' dir='ltr'><strong>passus</strong></span> <span class='ocrx_word' id='word_1_298' title='bbox 901 2584 989 2636; x_wconf 90' lang='lat' dir='ltr'><strong>est</strong></span> <span class='ocrx_word' id='word_1_299' title='bbox 1020 2579 1048 2634; x_wconf 73' lang='lat' dir='ltr'><strong>‘P</strong></span> <span class='ocrx_word' id='word_1_300' title='bbox 1077 2603 1104 2631; x_wconf 84' lang='lat'><strong>»</strong></span> <span class='ocrx_word' id='word_1_301' title='bbox 1139 2580 1246 2636; x_wconf 90' lang='lat' dir='ltr'><strong>Ubi</strong></span> <span class='ocrx_word' id='word_1_302' title='bbox 1304 2580 1596 2655; x_wconf 82' lang='grc' dir='ltr'>περίψημα</span> <span class='ocrx_word' id='word_1_303' title='bbox 1653 2583 1852 2636; x_wconf 83' lang='lat' dir='ltr'><strong>eodem</strong></span> <span class='ocrx_word' id='word_1_304' title='bbox 1905 2579 2078 2635; x_wconf 90' lang='lat' dir='ltr'><strong>modo</strong></span> 
     </span>
    </p>
   </div>
   <div class='ocr_carea' id='block_1_44' title="bbox 425 2667 2077 2744">
    <p class='ocr_par' dir='ltr' id='par_1_44' title="bbox 425 2667 2077 2744">
     <span class='ocr_line' id='line_1_44' title="bbox 425 2667 2077 2744; baseline -0.004 -19"><span class='ocrx_word' id='word_1_305' title='bbox 425 2669 624 2738; x_wconf 84' lang='lat' dir='ltr'><strong>sumit,</strong></span> <span class='ocrx_word' id='word_1_306' title='bbox 657 2685 768 2742; x_wconf 90' lang='lat' dir='ltr'><strong>quo</strong></span> <span class='ocrx_word' id='word_1_307' title='bbox 801 2669 899 2725; x_wconf 87' lang='lat' dir='ltr'><strong>alii</strong></span> <span class='ocrx_word' id='word_1_308' title='bbox 929 2668 1250 2744; x_wconf 83' lang='grc' dir='ltr'>ἀντίψυχον.</span> <span class='ocrx_word' id='word_1_309' title='bbox 1313 2670 1384 2725; x_wconf 89' lang='lat' dir='ltr'><strong>Ut</strong></span> <span class='ocrx_word' id='word_1_310' title='bbox 1448 2669 1796 2742; x_wconf 84' lang='lat' dir='ltr'><strong>Hesychius,</strong></span> <span class='ocrx_word' id='word_1_311' title='bbox 1831 2667 2077 2742; x_wconf 85' lang='grc' dir='ltr'>Περίψη-</span> 
     </span>
    </p>
   </div>
   <div class='ocr_carea' id='block_1_45' title="bbox 427 2757 2075 2835">
    <p class='ocr_par' dir='ltr' id='par_1_45' title="bbox 427 2757 2075 2835">
     <span class='ocr_line' id='line_1_45' title="bbox 427 2757 2075 2835; baseline 0.001 -22"><span class='ocrx_word' id='word_1_312' title='bbox 427 2780 521 2832; x_wconf 89' lang='grc' dir='ltr'><strong>μα,</strong></span> <span class='ocrx_word' id='word_1_313' title='bbox 552 2759 1036 2835; x_wconf 85' lang='grc' dir='ltr'>περικατάμαγμα,</span> <span class='ocrx_word' id='word_1_314' title='bbox 1096 2757 1408 2834; x_wconf 86' lang='grc' dir='ltr'>ἀντίλυτρα,</span> <span class='ocrx_word' id='word_1_315' title='bbox 1457 2758 1750 2832; x_wconf 85' lang='grc' dir='ltr'>ἀντίψυχα.</span> <span class='ocrx_word' id='word_1_316' title='bbox 1804 2759 1890 2815; x_wconf 89' lang='lat' dir='ltr'><strong>Ita</strong></span> <span class='ocrx_word' id='word_1_317' title='bbox 1942 2759 2075 2814; x_wconf 92' lang='lat' dir='ltr'><strong>Dio-</strong></span> 
     </span>
    </p>
   </div>
   <div class='ocr_carea' id='block_1_46' title="bbox 424 2849 2074 2921">
    <p class='ocr_par' dir='ltr' id='par_1_46' title="bbox 424 2849 2074 2921">
     <span class='ocr_line' id='line_1_46' title="bbox 424 2849 2074 2921; baseline 0.001 -18"><span class='ocrx_word' id='word_1_318' title='bbox 424 2849 628 2920; x_wconf 89' lang='lat' dir='ltr'><strong>nysius</strong></span> <span class='ocrx_word' id='word_1_319' title='bbox 660 2849 1086 2905; x_wconf 87' lang='lat' dir='ltr'><strong>Alexandrinus</strong></span> <span class='ocrx_word' id='word_1_320' title='bbox 1146 2850 1478 2921; x_wconf 90' lang='lat' dir='ltr'><strong>episcopus,</strong></span> <span class='ocrx_word' id='word_1_321' title='bbox 1540 2849 1609 2904; x_wconf 90' lang='lat' dir='ltr'><strong>de</strong></span> <span class='ocrx_word' id='word_1_322' title='bbox 1665 2849 1820 2919; x_wconf 82' lang='lat' dir='ltr'><strong>gravi</strong></span> <span class='ocrx_word' id='word_1_323' title='bbox 1868 2852 2074 2920; x_wconf 88' lang='lat' dir='ltr'><strong>peste:</strong></span> 
     </span>
    </p>
   </div>
   <div class='ocr_carea' id='block_1_47' title="bbox 423 2932 2076 3008">
    <p class='ocr_par' dir='ltr' id='par_1_47' title="bbox 423 2932 2076 3008">
     <span class='ocr_line' id='line_1_47' title="bbox 423 2932 2076 3008; baseline -0.002 -18"><span class='ocrx_word' id='word_1_324' title='bbox 423 2932 525 2990; x_wconf 84' lang='grc' dir='ltr'><strong>Καὶ</strong></span> <span class='ocrx_word' id='word_1_325' title='bbox 583 2932 788 2988; x_wconf 76' lang='grc' dir='ltr'>πολλοί</span> <span class='ocrx_word' id='word_1_326' title='bbox 845 2937 1314 3006; x_wconf 80' lang='grc' dir='ltr'>νοσοκομήσαντες</span> <span class='ocrx_word' id='word_1_327' title='bbox 1373 2935 1463 2988; x_wconf 82' lang='grc' dir='ltr'><strong>καὶ</strong></span> <span class='ocrx_word' id='word_1_328' title='bbox 1523 2933 1792 3008; x_wconf 78' lang='grc' dir='ltr'>ῥώσαντες</span> <span class='ocrx_word' id='word_1_329' title='bbox 1859 2932 2076 3007; x_wconf 69' lang='grc' dir='ltr'>ἑτέρους</span> 
     </span>
    </p>
   </div>
   <div class='ocr_carea' id='block_1_48' title="bbox 421 3020 2075 3093">
    <p class='ocr_par' dir='ltr' id='par_1_48' title="bbox 421 3020 2075 3093">
     <span class='ocr_line' id='line_1_48' title="bbox 421 3020 2075 3093; baseline 0 -18"><span class='ocrx_word' id='word_1_330' title='bbox 421 3020 772 3092; x_wconf 76' lang='grc' dir='ltr'>ἐτελεύτησαν</span> <span class='ocrx_word' id='word_1_331' title='bbox 809 3023 982 3093; x_wconf 80' lang='grc' dir='ltr'>αὐτοὶ,</span> <span class='ocrx_word' id='word_1_332' title='bbox 1014 3025 1106 3078; x_wconf 87' lang='grc' dir='ltr'>τὸν</span> <span class='ocrx_word' id='word_1_333' title='bbox 1163 3023 1380 3079; x_wconf 83' lang='grc' dir='ltr'>ἐκείνων</span> <span class='ocrx_word' id='word_1_334' title='bbox 1431 3023 1654 3077; x_wconf 75' lang='grc' dir='ltr'>θάνατον</span> <span class='ocrx_word' id='word_1_335' title='bbox 1715 3023 1790 3084; x_wconf 83' lang='grc' dir='ltr'><strong>εἷς</strong></span> <span class='ocrx_word' id='word_1_336' title='bbox 1847 3021 2075 3084; x_wconf 72' lang='grc' dir='ltr'>ἑαυτοὺς</span> 
     </span>
    </p>
   </div>
   <div class='ocr_carea' id='block_1_49' title="bbox 427 3107 2074 3190">
    <p class='ocr_par' dir='ltr' id='par_1_49' title="bbox 427 3107 2074 3190">
     <span class='ocr_line' id='line_1_49' title="bbox 427 3107 2074 3190; baseline -0.001 -24"><span class='ocrx_word' id='word_1_337' title='bbox 427 3113 916 3190; x_wconf 82' lang='grc' dir='ltr'>μεταστησάμενοι,</span> <span class='ocrx_word' id='word_1_338' title='bbox 966 3113 1055 3167; x_wconf 85' lang='grc' dir='ltr'><strong>καὶ</strong></span> <span class='ocrx_word' id='word_1_339' title='bbox 1109 3113 1172 3168; x_wconf 85' lang='grc' dir='ltr'>τὸ</span> <span class='ocrx_word' id='word_1_340' title='bbox 1224 3110 1478 3186; x_wconf 82' lang='grc' dir='ltr'>δημῶδες</span> <span class='ocrx_word' id='word_1_341' title='bbox 1536 3110 1708 3186; x_wconf 76' lang='grc' dir='ltr'>βῆμα,</span> <span class='ocrx_word' id='word_1_342' title='bbox 1763 3107 1935 3184; x_wconf 79' lang='grc' dir='ltr'>μόνης</span> <span class='ocrx_word' id='word_1_343' title='bbox 1993 3111 2074 3166; x_wconf 79' lang='grc' dir='ltr'><strong>ἀεὶ</strong></span> 
     </span>
    </p>
   </div>
   <div class='ocr_carea' id='block_1_50' title="bbox 422 3196 2073 3279">
    <p class='ocr_par' dir='ltr' id='par_1_50' title="bbox 422 3196 2073 3279">
     <span class='ocr_line' id='line_1_50' title="bbox 422 3196 2073 3279; baseline 0.001 -24"><span class='ocrx_word' id='word_1_344' title='bbox 422 3197 616 3256; x_wconf 73' lang='grc' dir='ltr'>δοκοῦν</span> <span class='ocrx_word' id='word_1_345' title='bbox 641 3200 1046 3279; x_wconf 78' lang='grc' dir='ltr'>φιλοφροσύνης</span> <span class='ocrx_word' id='word_1_346' title='bbox 1074 3196 1463 3276; x_wconf 78' lang='grc' dir='ltr'>ἔχεσθαι,ἔργῳ</span> <span class='ocrx_word' id='word_1_347' title='bbox 1485 3198 1551 3269; x_wconf 76' lang='grc' dir='ltr'><strong>δὴ</strong></span> <span class='ocrx_word' id='word_1_348' title='bbox 1575 3202 1697 3256; x_wconf 88' lang='grc' dir='ltr'>τότε</span> <span class='ocrx_word' id='word_1_349' title='bbox 1712 3199 2073 3276; x_wconf 76' lang='grc' dir='ltr'>πληροῦντες,</span> 
     </span>
    </p>
   </div>
   <div class='ocr_carea' id='block_1_51' title="bbox 421 3266 2151 3364">
    <p class='ocr_par' dir='ltr' id='par_1_51' title="bbox 421 3266 2151 3364">
     <span class='ocr_line' id='line_1_51' title="bbox 421 3266 2151 3364; baseline 0.002 -21"><span class='ocrx_word' id='word_1_350' title='bbox 421 3266 674 3355; x_wconf 77' lang='grc' dir='ltr'>ἀπιόντες</span> <span class='ocrx_word' id='word_1_351' title='bbox 731 3266 907 3345; x_wconf 64' lang='grc' dir='ltr'><strong>αξξ-ἑῶν</strong></span> <span class='ocrx_word' id='word_1_352' title='bbox 961 3266 1309 3364; x_wconf 36' lang='grc' dir='ltr'>περίψημα..</span> <span class='ocrx_word' id='word_1_353' title='bbox 1349 3266 1714 3361; x_wconf 63' lang='grc' dir='ltr'>ἓ‹’ἒιιιιιιίιςιυθ</span> <span class='ocrx_word' id='word_1_354' title='bbox 1772 3266 1873 3363; x_wconf 55' lang='lat' dir='ltr'><strong>qui</strong></span> <span class='ocrx_word' id='word_1_355' title='bbox 1931 3266 2076 3347; x_wconf 84' lang='lat' dir='ltr'><strong>alios</strong></span> <span class='ocrx_word' id='word_1_356' title='bbox 2109 3266 2151 3332; x_wconf 84' lang='lat' dir='ltr'>C</span> 
     </span>
    </p>
   </div>
   <div class='ocr_carea' id='block_1_52' title="bbox 427 3380 2076 3453">
    <p class='ocr_par' dir='ltr' id='par_1_52' title="bbox 427 3380 2076 3453">
     <span class='ocr_line' id='line_1_52' title="bbox 427 3380 2076 3453; baseline 0.001 -18"><span class='ocrx_word' id='word_1_357' title='bbox 427 3385 779 3453; x_wconf 63' lang='lat' dir='ltr'><strong>aegrotantes</strong></span> <span class='ocrx_word' id='word_1_358' title='bbox 799 3386 1164 3451; x_wconf 88' lang='lat' dir='ltr'><strong>curaverant,</strong></span> <span class='ocrx_word' id='word_1_359' title='bbox 1199 3387 1253 3436; x_wconf 88' lang='lat' dir='ltr'><strong>et</strong></span> <span class='ocrx_word' id='word_1_360' title='bbox 1273 3381 1334 3436; x_wconf 91' lang='lat' dir='ltr'><strong>in</strong></span> <span class='ocrx_word' id='word_1_361' title='bbox 1356 3381 1663 3452; x_wconf 84' lang='lat' dir='ltr'><strong>pristinam</strong></span> <span class='ocrx_word' id='word_1_362' title='bbox 1687 3380 2076 3436; x_wconf 87' lang='lat' dir='ltr'><strong>valetudinem</strong></span> 
     </span>
    </p>
   </div>
   <div class='ocr_carea' id='block_1_53' title="bbox 424 3469 2076 3538">
    <p class='ocr_par' dir='ltr' id='par_1_53' title="bbox 424 3469 2076 3538">
     <span class='ocr_line' id='line_1_53' title="bbox 424 3469 2076 3538; baseline 0 -14"><span class='ocrx_word' id='word_1_363' title='bbox 424 3470 822 3538; x_wconf 85' lang='lat' dir='ltr'><strong>restituerant,</strong></span> <span class='ocrx_word' id='word_1_364' title='bbox 858 3469 969 3538; x_wconf 89' lang='lat' dir='ltr'><strong>ipsi</strong></span> <span class='ocrx_word' id='word_1_365' title='bbox 998 3469 1370 3537; x_wconf 86' lang='lat' dir='ltr'><strong>interierunt,</strong></span> <span class='ocrx_word' id='word_1_366' title='bbox 1435 3477 1676 3524; x_wconf 89' lang='lat' dir='ltr'><strong>mortem</strong></span> <span class='ocrx_word' id='word_1_367' title='bbox 1740 3469 1974 3524; x_wconf 89' lang='lat' dir='ltr'><strong>illorum</strong></span> <span class='ocrx_word' id='word_1_368' title='bbox 2021 3471 2076 3526; x_wconf 92' lang='lat' dir='ltr'><strong>in</strong></span> 
     </span>
    </p>
   </div>
   <div class='ocr_carea' id='block_1_54' title="bbox 425 3557 2076 3630">
    <p class='ocr_par' dir='ltr' id='par_1_54' title="bbox 425 3557 2076 3630">
     <span class='ocr_line' id='line_1_54' title="bbox 425 3557 2076 3630; baseline 0.001 -18"><span class='ocrx_word' id='word_1_369' title='bbox 425 3557 648 3629; x_wconf 89' lang='lat' dir='ltr'><strong>seipsos</strong></span> <span class='ocrx_word' id='word_1_370' title='bbox 698 3560 1161 3624; x_wconf 87' lang='lat' dir='ltr'><strong>transducentes,</strong></span> <span class='ocrx_word' id='word_1_371' title='bbox 1227 3559 1564 3630; x_wconf 74' lang='lat' dir='ltr'><strong>dictumque</strong></span> <span class='ocrx_word' id='word_1_372' title='bbox 1623 3558 1766 3613; x_wconf 91' lang='lat' dir='ltr'><strong>illud</strong></span> <span class='ocrx_word' id='word_1_373' title='bbox 1824 3558 2076 3628; x_wconf 89' lang='lat' dir='ltr'><strong>vulgare,</strong></span> 
     </span>
    </p>
   </div>
   <div class='ocr_carea' id='block_1_55' title="bbox 425 3647 2077 3718">
    <p class='ocr_par' dir='ltr' id='par_1_55' title="bbox 425 3647 2077 3718">
     <span class='ocr_line' id='line_1_55' title="bbox 425 3647 2077 3718; baseline 0.001 -18"><span class='ocrx_word' id='word_1_374' title='bbox 425 3647 585 3718; x_wconf 92' lang='lat' dir='ltr'><strong>quod</strong></span> <span class='ocrx_word' id='word_1_375' title='bbox 628 3647 899 3703; x_wconf 60' lang='lat' dir='ltr'><strong>ofﬁciosa;</strong></span> <span class='ocrx_word' id='word_1_376' title='bbox 932 3649 1217 3704; x_wconf 86' lang='lat' dir='ltr'><strong>duntaxat</strong></span> <span class='ocrx_word' id='word_1_377' title='bbox 1249 3648 1531 3704; x_wconf 89' lang='lat' dir='ltr'><strong>comitatis</strong></span> <span class='ocrx_word' id='word_1_378' title='bbox 1572 3647 1854 3703; x_wconf 87' lang='lat' dir='ltr'><strong>hactenus</strong></span> <span class='ocrx_word' id='word_1_379' title='bbox 1889 3647 2077 3702; x_wconf 85' lang='lat' dir='ltr'><strong>visum</strong></span> 
     </span>
    </p>
   </div>
   <div class='ocr_carea' id='block_1_56' title="bbox 429 3735 2076 3809">
    <p class='ocr_par' dir='ltr' id='par_1_56' title="bbox 429 3735 2076 3809">
     <span class='ocr_line' id='line_1_56' title="bbox 429 3735 2076 3809; baseline -0.001 -18"><span class='ocrx_word' id='word_1_380' title='bbox 429 3736 836 3808; x_wconf 82' lang='lat' dir='ltr'><strong>t&#39;uerat,reipsa</strong></span> <span class='ocrx_word' id='word_1_381' title='bbox 869 3747 1002 3793; x_wconf 88' lang='lat' dir='ltr'><strong>tunc</strong></span> <span class='ocrx_word' id='word_1_382' title='bbox 1021 3737 1413 3809; x_wconf 89' lang='lat' dir='ltr'><strong>adimplentes</strong></span> <span class='ocrx_word' id='word_1_383' title='bbox 1472 3753 1603 3792; x_wconf 90' lang='lat' dir='ltr'><strong>cum</strong></span> <span class='ocrx_word' id='word_1_384' title='bbox 1653 3737 1890 3791; x_wconf 90' lang='lat' dir='ltr'><strong>illorum</strong></span> <span class='ocrx_word' id='word_1_385' title='bbox 1924 3735 2076 3808; x_wconf 90' lang='lat' dir='ltr'><strong>peri-</strong></span> 
     </span>
    </p>
   </div>
   <div class='ocr_carea' id='block_1_57' title="bbox 424 3825 2078 3897">
    <p class='ocr_par' dir='ltr' id='par_1_57' title="bbox 424 3825 2078 3897">
     <span class='ocr_line' id='line_1_57' title="bbox 424 3825 2078 3897; baseline 0 -17"><span class='ocrx_word' id='word_1_386' title='bbox 424 3841 630 3897; x_wconf 89' lang='lat' dir='ltr'><strong>psema</strong></span> <span class='ocrx_word' id='word_1_387' title='bbox 662 3827 794 3881; x_wconf 81' lang='lat' dir='ltr'><strong>facti</strong></span> <span class='ocrx_word' id='word_1_388' title='bbox 829 3843 895 3880; x_wconf 86' lang='lat' dir='ltr'><strong>ex</strong></span> <span class='ocrx_word' id='word_1_389' title='bbox 954 3826 1065 3882; x_wconf 90' lang='lat' dir='ltr'><strong>hac</strong></span> <span class='ocrx_word' id='word_1_390' title='bbox 1124 3826 1243 3882; x_wconf 90' lang='lat' dir='ltr'><strong>vita</strong></span> <span class='ocrx_word' id='word_1_391' title='bbox 1291 3827 1691 3896; x_wconf 79' lang='lat' dir='ltr'><strong>migrarent.»</strong></span> <span class='ocrx_word' id='word_1_392' title='bbox 1739 3825 1864 3882; x_wconf 90' lang='lat' dir='ltr'><strong>Non</strong></span> <span class='ocrx_word' id='word_1_393' title='bbox 1925 3826 2078 3897; x_wconf 90' lang='lat' dir='ltr'><strong>quod</strong></span> 
     </span>
    </p>
   </div>
   <div class='ocr_carea' id='block_1_58' title="bbox 430 3915 2079 3988">
    <p class='ocr_par' dir='ltr' id='par_1_58' title="bbox 430 3915 2079 3988">
     <span class='ocr_line' id='line_1_58' title="bbox 430 3915 2079 3988; baseline -0.002 -16"><span class='ocrx_word' id='word_1_394' title='bbox 430 3915 745 3972; x_wconf 88' lang='lat' dir='ltr'><strong>Christiani</strong></span> <span class='ocrx_word' id='word_1_395' title='bbox 767 3917 939 3988; x_wconf 87' lang='lat' dir='ltr'><strong>vulgo</strong></span> <span class='ocrx_word' id='word_1_396' title='bbox 964 3934 996 3972; x_wconf 91' lang='lat' dir='ltr'><strong>a</strong></span> <span class='ocrx_word' id='word_1_397' title='bbox 1021 3916 1342 3988; x_wconf 89' lang='lat' dir='ltr'><strong>gentilibus</strong></span> <span class='ocrx_word' id='word_1_398' title='bbox 1366 3916 1473 3971; x_wconf 89' lang='lat' dir='ltr'><strong>hoc</strong></span> <span class='ocrx_word' id='word_1_399' title='bbox 1519 3915 1754 3970; x_wconf 90' lang='lat' dir='ltr'><strong>nomine</strong></span> <span class='ocrx_word' id='word_1_400' title='bbox 1802 3932 2079 3970; x_wconf 85' lang='lat' dir='ltr'><strong>vocaren-</strong></span> 
     </span>
    </p>
   </div>
   <div class='ocr_carea' id='block_1_59' title="bbox 430 4005 2078 4079">
    <p class='ocr_par' dir='ltr' id='par_1_59' title="bbox 430 4005 2078 4079">
     <span class='ocr_line' id='line_1_59' title="bbox 430 4005 2078 4079; baseline -0.002 -16"><span class='ocrx_word' id='word_1_401' title='bbox 430 4011 620 4073; x_wconf 86' lang='lat' dir='ltr'><strong>tur,ut</strong></span> <span class='ocrx_word' id='word_1_402' title='bbox 639 4006 867 4062; x_wconf 90' lang='lat' dir='ltr'><strong>Valesio</strong></span> <span class='ocrx_word' id='word_1_403' title='bbox 891 4006 1111 4079; x_wconf 89' lang='lat' dir='ltr'><strong>placet:</strong></span> <span class='ocrx_word' id='word_1_404' title='bbox 1141 4005 1287 4061; x_wconf 92' lang='lat' dir='ltr'><strong>illud</strong></span> <span class='ocrx_word' id='word_1_405' title='bbox 1338 4005 1491 4060; x_wconf 91' lang='lat' dir='ltr'><strong>enim</strong></span> <span class='ocrx_word' id='word_1_406' title='bbox 1515 4005 1711 4077; x_wconf 89' lang='lat' dir='ltr'><strong>probri</strong></span> <span class='ocrx_word' id='word_1_407' title='bbox 1747 4013 1918 4075; x_wconf 88' lang='lat' dir='ltr'><strong>esset,</strong></span> <span class='ocrx_word' id='word_1_408' title='bbox 1948 4021 2078 4060; x_wconf 92' lang='lat' dir='ltr'><strong>cum</strong></span> 
     </span>
    </p>
   </div>
   <div class='ocr_carea' id='block_1_60' title="bbox 427 4094 2078 4152">
    <p class='ocr_par' dir='ltr' id='par_1_60' title="bbox 427 4094 2078 4152">
     <span class='ocr_line' id='line_1_60' title="bbox 427 4094 2078 4152; baseline -0.001 0"><span class='ocrx_word' id='word_1_409' title='bbox 427 4096 536 4152; x_wconf 91' lang='lat' dir='ltr'><strong>hoc</strong></span> <span class='ocrx_word' id='word_1_410' title='bbox 559 4095 970 4151; x_wconf 73' lang='lat' dir='ltr'><strong>benevolentiae</strong></span> <span class='ocrx_word' id='word_1_411' title='bbox 995 4111 1097 4151; x_wconf 89' lang='lat' dir='ltr'><strong>seu</strong></span> <span class='ocrx_word' id='word_1_412' title='bbox 1129 4095 1422 4150; x_wconf 81' lang='lat' dir='ltr'><strong>comitatis</strong></span> <span class='ocrx_word' id='word_1_413' title='bbox 1469 4094 1711 4150; x_wconf 92' lang='lat' dir='ltr'><strong>verbum</strong></span> <span class='ocrx_word' id='word_1_414' title='bbox 1760 4110 1889 4150; x_wconf 88' lang='lat' dir='ltr'><strong>esse</strong></span> <span class='ocrx_word' id='word_1_415' title='bbox 1925 4096 2078 4150; x_wconf 59' lang='lat' dir='ltr'><strong>dicar</strong></span> 
     </span>
    </p>
   </div>
   <div class='ocr_carea' id='block_1_61' title="bbox 424 4183 2079 4256">
    <p class='ocr_par' dir='ltr' id='par_1_61' title="bbox 424 4183 2079 4256">
     <span class='ocr_line' id='line_1_61' title="bbox 424 4183 2079 4256; baseline -0.002 -15"><span class='ocrx_word' id='word_1_416' title='bbox 424 4190 559 4243; x_wconf 89' lang='lat' dir='ltr'><strong>tur:</strong></span> <span class='ocrx_word' id='word_1_417' title='bbox 585 4202 698 4240; x_wconf 93' lang='lat' dir='ltr'><strong>non</strong></span> <span class='ocrx_word' id='word_1_418' title='bbox 722 4185 872 4256; x_wconf 90' lang='lat' dir='ltr'><strong>quod</strong></span> <span class='ocrx_word' id='word_1_419' title='bbox 895 4183 1066 4256; x_wconf 83' lang='lat' dir='ltr'><strong>vulgo</strong></span> <span class='ocrx_word' id='word_1_420' title='bbox 1090 4185 1161 4239; x_wconf 90' lang='lat' dir='ltr'><strong>ab</strong></span> <span class='ocrx_word' id='word_1_421' title='bbox 1189 4183 1606 4239; x_wconf 86' lang='lat' dir='ltr'><strong>Alexandrinis</strong></span> <span class='ocrx_word' id='word_1_422' title='bbox 1627 4188 1852 4240; x_wconf 90' lang='lat' dir='ltr'><strong>tantum</strong></span> <span class='ocrx_word' id='word_1_423' title='bbox 1905 4201 2079 4239; x_wconf 88' lang='lat' dir='ltr'><strong>usur-</strong></span> 
     </span>
    </p>
   </div>
   <div class='ocr_carea' id='block_1_62' title="bbox 423 4275 2083 4348">
    <p class='ocr_par' dir='ltr' id='par_1_62' title="bbox 423 4275 2083 4348">
     <span class='ocr_line' id='line_1_62' title="bbox 423 4275 2083 4348; baseline 0 -18"><span class='ocrx_word' id='word_1_424' title='bbox 423 4281 623 4346; x_wconf 90' lang='lat' dir='ltr'><strong>patum</strong></span> <span class='ocrx_word' id='word_1_425' title='bbox 657 4275 753 4343; x_wconf 91' lang='lat' dir='ltr'><strong>sit,</strong></span> <span class='ocrx_word' id='word_1_426' title='bbox 785 4276 885 4331; x_wconf 90' lang='lat' dir='ltr'><strong>sed</strong></span> <span class='ocrx_word' id='word_1_427' title='bbox 918 4277 1074 4347; x_wconf 91' lang='lat' dir='ltr'><strong>quod</strong></span> <span class='ocrx_word' id='word_1_428' title='bbox 1114 4275 1418 4347; x_wconf 88' lang='lat' dir='ltr'><strong>vulgatum</strong></span> <span class='ocrx_word' id='word_1_429' title='bbox 1469 4279 1524 4329; x_wconf 88' lang='lat' dir='ltr'><strong>et</strong></span> <span class='ocrx_word' id='word_1_430' title='bbox 1556 4275 1832 4348; x_wconf 76' lang='lat' dir='ltr'><strong>populare</strong></span> <span class='ocrx_word' id='word_1_431' title='bbox 1858 4291 2083 4347; x_wconf 88' lang='lat' dir='ltr'><strong>prover-</strong></span> 
     </span>
    </p>
   </div>
   <div class='ocr_carea' id='block_1_63' title="bbox 426 4363 2078 4438">
    <p class='ocr_par' dir='ltr' id='par_1_63' title="bbox 426 4363 2078 4438">
     <span class='ocr_line' id='line_1_63' title="bbox 426 4363 2078 4438; baseline 0.002 -20"><span class='ocrx_word' id='word_1_432' title='bbox 426 4365 590 4420; x_wconf 91' lang='lat' dir='ltr'><strong>bium</strong></span> <span class='ocrx_word' id='word_1_433' title='bbox 616 4363 880 4435; x_wconf 85' lang='lat' dir='ltr'><strong>fuerit,ut</strong></span> <span class='ocrx_word' id='word_1_434' title='bbox 903 4369 1061 4436; x_wconf 90' lang='lat' dir='ltr'><strong>patet</strong></span> <span class='ocrx_word' id='word_1_435' title='bbox 1083 4382 1151 4420; x_wconf 85' lang='lat' dir='ltr'><strong>ex</strong></span> <span class='ocrx_word' id='word_1_436' title='bbox 1173 4366 1353 4421; x_wconf 92' lang='lat' dir='ltr'><strong>Suida</strong></span> <span class='ocrx_word' id='word_1_437' title='bbox 1373 4371 1430 4421; x_wconf 89' lang='lat' dir='ltr'><strong>et</strong></span> <span class='ocrx_word' id='word_1_438' title='bbox 1466 4366 1744 4421; x_wconf 84' lang='lat' dir='ltr'><strong>Michaele</strong></span> <span class='ocrx_word' id='word_1_439' title='bbox 1792 4366 2078 4438; x_wconf 87' lang='lat' dir='ltr'><strong>apostolo.</strong></span> 
     </span>
    </p>
   </div>
   <div class='ocr_carea' id='block_1_64' title="bbox 425 4453 2080 4526">
    <p class='ocr_par' dir='ltr' id='par_1_64' title="bbox 425 4453 2080 4526">
     <span class='ocr_line' id='line_1_64' title="bbox 425 4453 2080 4526; baseline 0.002 -18"><span class='ocrx_word' id='word_1_440' title='bbox 425 4453 552 4508; x_wconf 91' lang='lat' dir='ltr'><strong>Non</strong></span> <span class='ocrx_word' id='word_1_441' title='bbox 585 4453 773 4524; x_wconf 89' lang='lat' dir='ltr'><strong>magis</strong></span> <span class='ocrx_word' id='word_1_442' title='bbox 804 4453 980 4524; x_wconf 84' lang='lat' dir='ltr'><strong>igitur</strong></span> <span class='ocrx_word' id='word_1_443' title='bbox 1011 4457 1348 4511; x_wconf 88' lang='lat' dir='ltr'><strong>unanimem</strong></span> <span class='ocrx_word' id='word_1_444' title='bbox 1379 4472 1440 4511; x_wconf 91' lang='lat' dir='ltr'><strong>se</strong></span> <span class='ocrx_word' id='word_1_445' title='bbox 1472 4456 1613 4512; x_wconf 83' lang='lat' dir='ltr'><strong>dixit</strong></span> <span class='ocrx_word' id='word_1_446' title='bbox 1644 4455 1924 4526; x_wconf 89' lang='lat' dir='ltr'><strong>Ignatius,</strong></span> <span class='ocrx_word' id='word_1_447' title='bbox 1946 4473 2080 4511; x_wconf 80' lang='lat' dir='ltr'><strong>cum</strong></span> 
     </span>
    </p>
   </div>
   <div class='ocr_carea' id='block_1_65' title="bbox 429 4539 2080 4620">
    <p class='ocr_par' dir='ltr' id='par_1_65' title="bbox 429 4539 2080 4620">
     <span class='ocr_line' id='line_1_65' title="bbox 429 4539 2080 4620; baseline 0.004 -26"><span class='ocrx_word' id='word_1_448' title='bbox 429 4539 750 4617; x_wconf 85' lang='grc' dir='ltr'>ἀντίψυχον,</span> <span class='ocrx_word' id='word_1_449' title='bbox 783 4560 960 4616; x_wconf 88' lang='lat' dir='ltr'><strong>quam</strong></span> <span class='ocrx_word' id='word_1_450' title='bbox 995 4559 1128 4601; x_wconf 92' lang='lat' dir='ltr'><strong>cum</strong></span> <span class='ocrx_word' id='word_1_451' title='bbox 1151 4545 1441 4620; x_wconf 78' lang='grc' dir='ltr'>περίψημα</span> <span class='ocrx_word' id='word_1_452' title='bbox 1479 4561 1540 4601; x_wconf 83' lang='lat' dir='ltr'><strong>se</strong></span> <span class='ocrx_word' id='word_1_453' title='bbox 1565 4545 1726 4599; x_wconf 79' lang='lat' dir='ltr'><strong>dixit.</strong></span> <span class='ocrx_word' id='word_1_454' title='bbox 1768 4543 1929 4600; x_wconf 83' lang='lat' dir='ltr'><strong>Aliud</strong></span> <span class='ocrx_word' id='word_1_455' title='bbox 1963 4561 2080 4600; x_wconf 90' lang='lat' dir='ltr'><strong>om-</strong></span> 
     </span>
    </p>
   </div>
   <div class='ocr_carea' id='block_1_66' title="bbox 2190 1955 3851 2028">
    <p class='ocr_par' dir='ltr' id='par_1_66' title="bbox 2190 1955 3851 2028">
     <span class='ocr_line' id='line_1_66' title="bbox 2190 1955 3851 2028; baseline 0 -17"><span class='ocrx_word' id='word_1_456' title='bbox 2190 1955 2610 2024; x_wconf 87' lang='lat' dir='ltr'><strong>revalesceret;</strong></span> <span class='ocrx_word' id='word_1_457' title='bbox 2645 1961 2702 2012; x_wconf 91' lang='lat' dir='ltr'><strong>et</strong></span> <span class='ocrx_word' id='word_1_458' title='bbox 2733 1958 2980 2012; x_wconf 84' lang='lat' dir='ltr'><strong>Atanius</strong></span> <span class='ocrx_word' id='word_1_459' title='bbox 3007 1958 3308 2014; x_wconf 89' lang='lat' dir='ltr'><strong>Secundus</strong></span> <span class='ocrx_word' id='word_1_460' title='bbox 3339 1973 3540 2028; x_wconf 90' lang='lat' dir='ltr'><strong>eques,</strong></span> <span class='ocrx_word' id='word_1_461' title='bbox 3573 1955 3675 2026; x_wconf 90' lang='lat' dir='ltr'><strong>qui</strong></span> <span class='ocrx_word' id='word_1_462' title='bbox 3709 1972 3851 2027; x_wconf 86' lang='lat' dir='ltr'><strong>pro-</strong></span> 
     </span>
    </p>
   </div>
   <div class='ocr_carea' id='block_1_67' title="bbox 2191 2045 3848 2118">
    <p class='ocr_par' dir='ltr' id='par_1_67' title="bbox 2191 2045 3848 2118">
     <span class='ocr_line' id='line_1_67' title="bbox 2191 2045 3848 2118; baseline 0 -18"><span class='ocrx_word' id='word_1_463' title='bbox 2191 2045 2432 2102; x_wconf 88' lang='lat' dir='ltr'><strong>miserat</strong></span> <span class='ocrx_word' id='word_1_464' title='bbox 2462 2063 2524 2102; x_wconf 89' lang='lat' dir='ltr'><strong>se</strong></span> <span class='ocrx_word' id='word_1_465' title='bbox 2554 2046 2917 2118; x_wconf 86' lang='lat' dir='ltr'><strong>gladiatoriis</strong></span> <span class='ocrx_word' id='word_1_466' title='bbox 2951 2047 3104 2102; x_wconf 90' lang='lat' dir='ltr'><strong>ludis</strong></span> <span class='ocrx_word' id='word_1_467' title='bbox 3135 2048 3636 2118; x_wconf 85' lang='lat' dir='ltr'><strong>depugnaturum,</strong></span> <span class='ocrx_word' id='word_1_468' title='bbox 3671 2045 3848 2101; x_wconf 89' lang='lat' dir='ltr'><strong>ambo</strong></span> 
     </span>
    </p>
   </div>
   <div class='ocr_carea' id='block_1_68' title="bbox 2188 2133 3855 2207">
    <p class='ocr_par' dir='ltr' id='par_1_68' title="bbox 2188 2133 3855 2207">
     <span class='ocr_line' id='line_1_68' title="bbox 2188 2133 3855 2207; baseline -0.003 -17"><span class='ocrx_word' id='word_1_469' title='bbox 2188 2150 2291 2207; x_wconf 88' lang='lat' dir='ltr'><strong>spe</strong></span> <span class='ocrx_word' id='word_1_470' title='bbox 2323 2133 2588 2206; x_wconf 77' lang='lat' dir='ltr'><strong>pecunia:</strong></span> <span class='ocrx_word' id='word_1_471' title='bbox 2629 2153 2660 2191; x_wconf 93' lang='lat' dir='ltr'><strong>a</strong></span> <span class='ocrx_word' id='word_1_472' title='bbox 2719 2135 2853 2191; x_wconf 90' lang='lat' dir='ltr'><strong>Caio</strong></span> <span class='ocrx_word' id='word_1_473' title='bbox 2909 2135 3279 2207; x_wconf 73' lang='lat' dir='ltr'><strong>accipiendas,</strong></span> <span class='ocrx_word' id='word_1_474' title='bbox 3344 2136 3500 2206; x_wconf 90' lang='lat' dir='ltr'><strong>quod</strong></span> <span class='ocrx_word' id='word_1_475' title='bbox 3559 2136 3648 2204; x_wconf 91' lang='lat' dir='ltr'><strong>(ut</strong></span> <span class='ocrx_word' id='word_1_476' title='bbox 3703 2133 3855 2187; x_wconf 79' lang='grc' dir='ltr'>ἀντί-</span> 
     </span>
    </p>
   </div>
   <div class='ocr_carea' id='block_1_69' title="bbox 2186 2224 3851 2298">
    <p class='ocr_par' dir='ltr' id='par_1_69' title="bbox 2186 2224 3851 2298">
     <span class='ocr_line' id='line_1_69' title="bbox 2186 2224 3851 2298; baseline 0.004 -23"><span class='ocrx_word' id='word_1_477' title='bbox 2186 2225 2378 2298; x_wconf 84' lang='grc' dir='ltr'>ψυχοι)</span> <span class='ocrx_word' id='word_1_478' title='bbox 2412 2225 2586 2280; x_wconf 89' lang='lat' dir='ltr'><strong>vitam</strong></span> <span class='ocrx_word' id='word_1_479' title='bbox 2622 2241 2724 2297; x_wconf 91' lang='lat' dir='ltr'><strong>pro</strong></span> <span class='ocrx_word' id='word_1_480' title='bbox 2754 2226 2883 2297; x_wconf 88' lang='lat' dir='ltr'><strong>ejus</strong></span> <span class='ocrx_word' id='word_1_481' title='bbox 2903 2226 3100 2281; x_wconf 90' lang='lat' dir='ltr'><strong>anima</strong></span> <span class='ocrx_word' id='word_1_482' title='bbox 3133 2226 3271 2281; x_wconf 90' lang='lat' dir='ltr'><strong>dare</strong></span> <span class='ocrx_word' id='word_1_483' title='bbox 3311 2224 3625 2296; x_wconf 88' lang='lat' dir='ltr'><strong>voluerint,</strong></span> <span class='ocrx_word' id='word_1_484' title='bbox 3657 2224 3851 2281; x_wconf 89' lang='lat' dir='ltr'><strong>coacti</strong></span> 
     </span>
    </p>
   </div>
   <div class='ocr_carea' id='block_1_70' title="bbox 2185 2313 3847 2386">
    <p class='ocr_par' dir='ltr' id='par_1_70' title="bbox 2185 2313 3847 2386">
     <span class='ocr_line' id='line_1_70' title="bbox 2185 2313 3847 2386; baseline -0.002 -19"><span class='ocrx_word' id='word_1_485' title='bbox 2185 2317 2323 2368; x_wconf 89' lang='lat' dir='ltr'><strong>sunt</strong></span> <span class='ocrx_word' id='word_1_486' title='bbox 2352 2313 2710 2384; x_wconf 89' lang='lat' dir='ltr'><strong>promissum</strong></span> <span class='ocrx_word' id='word_1_487' title='bbox 2730 2313 3077 2385; x_wconf 90' lang='lat' dir='ltr'><strong>persolvere,</strong></span> <span class='ocrx_word' id='word_1_488' title='bbox 3110 2331 3182 2370; x_wconf 88' lang='lat' dir='ltr'><strong>ne</strong></span> <span class='ocrx_word' id='word_1_489' title='bbox 3201 2313 3439 2386; x_wconf 85' lang='lat' dir='ltr'><strong>perjurii</strong></span> <span class='ocrx_word' id='word_1_490' title='bbox 3465 2314 3546 2369; x_wconf 87' lang='lat' dir='ltr'><strong>rei</strong></span> <span class='ocrx_word' id='word_1_491' title='bbox 3571 2318 3797 2370; x_wconf 89' lang='lat' dir='ltr'><strong>essent.</strong></span> <span class='ocrx_word' id='word_1_492' title='bbox 3818 2335 3847 2364; x_wconf 77' lang='grc' dir='ltr'><strong>η</strong></span> 
     </span>
    </p>
   </div>
   <div class='ocr_carea' id='block_1_71' title="bbox 2184 2401 3850 2472">
    <p class='ocr_par' dir='ltr' id='par_1_71' title="bbox 2184 2401 3850 2472">
     <span class='ocr_line' id='line_1_71' title="bbox 2184 2401 3850 2472; baseline 0.002 -17"><span class='ocrx_word' id='word_1_493' title='bbox 2184 2405 2267 2455; x_wconf 88' lang='lat' dir='ltr'><strong>Ita</strong></span> <span class='ocrx_word' id='word_1_494' title='bbox 2335 2401 2393 2456; x_wconf 92' lang='lat' dir='ltr'><strong>S.</strong></span> <span class='ocrx_word' id='word_1_495' title='bbox 2453 2401 2905 2472; x_wconf 81' lang='lat' dir='ltr'><strong>Chrysostomus</strong></span> <span class='ocrx_word' id='word_1_496' title='bbox 2965 2403 3207 2460; x_wconf 91' lang='lat' dir='ltr'><strong>homilia</strong></span> <span class='ocrx_word' id='word_1_497' title='bbox 3263 2405 3297 2457; x_wconf 92' lang='lat'>6</span> <span class='ocrx_word' id='word_1_498' title='bbox 3355 2403 3425 2458; x_wconf 84' lang='lat' dir='ltr'><strong>ad</strong></span> <span class='ocrx_word' id='word_1_499' title='bbox 3481 2403 3850 2470; x_wconf 74' lang='lat' dir='ltr'><strong>Colossenscs,</strong></span> 
     </span>
    </p>
   </div>
   <div class='ocr_carea' id='block_1_72' title="bbox 2186 2492 3855 2565">
    <p class='ocr_par' dir='ltr' id='par_1_72' title="bbox 2186 2492 3855 2565">
     <span class='ocr_line' id='line_1_72' title="bbox 2186 2492 3855 2565; baseline 0.002 -20"><span class='ocrx_word' id='word_1_500' title='bbox 2186 2506 2487 2562; x_wconf 88' lang='lat' dir='ltr'><strong>opponens</strong></span> <span class='ocrx_word' id='word_1_501' title='bbox 2521 2492 2815 2548; x_wconf 88' lang='lat' dir='ltr'><strong>hominem</strong></span> <span class='ocrx_word' id='word_1_502' title='bbox 2850 2495 3144 2565; x_wconf 87' lang='lat' dir='ltr'><strong>baptismo</strong></span> <span class='ocrx_word' id='word_1_503' title='bbox 3206 2498 3544 2549; x_wconf 88' lang='lat' dir='ltr'><strong>renovatum</strong></span> <span class='ocrx_word' id='word_1_504' title='bbox 3589 2494 3855 2565; x_wconf 88' lang='lat' dir='ltr'><strong>primum</strong></span> 
     </span>
    </p>
   </div>
   <div class='ocr_carea' id='block_1_73' title="bbox 2183 2577 3854 2655">
    <p class='ocr_par' dir='ltr' id='par_1_73' title="bbox 2183 2577 3854 2655">
     <span class='ocr_line' id='line_1_73' title="bbox 2183 2577 3854 2655; baseline 0.001 -20"><span class='ocrx_word' id='word_1_505' title='bbox 2183 2587 2420 2636; x_wconf 89' lang='lat' dir='ltr'><strong>creato:</strong></span> <span class='ocrx_word' id='word_1_506' title='bbox 2457 2580 2759 2636; x_wconf 86' lang='grc' dir='ltr'>Πλάττεται</span> <span class='ocrx_word' id='word_1_507' title='bbox 2811 2579 2862 2636; x_wconf 80' lang='grc' dir='ltr'>ἐν</span> <span class='ocrx_word' id='word_1_508' title='bbox 2913 2587 2992 2654; x_wconf 80' lang='grc' dir='ltr'>τῷ</span> <span class='ocrx_word' id='word_1_509' title='bbox 3051 2580 3228 2652; x_wconf 73' lang='grc' dir='ltr'>ὕδατι,</span> <span class='ocrx_word' id='word_1_510' title='bbox 3290 2577 3560 2655; x_wconf 74' lang='grc' dir='ltr'>Ααμϐἀνει</span> <span class='ocrx_word' id='word_1_511' title='bbox 3609 2578 3667 2635; x_wconf 71' lang='grc' dir='ltr'><strong>δὲ</strong></span> <span class='ocrx_word' id='word_1_512' title='bbox 3728 2581 3854 2636; x_wconf 81' lang='grc' dir='ltr'>ἀντί</span> 
     </span>
    </p>
   </div>
   <div class='ocr_carea' id='block_1_74' title="bbox 2181 2670 3849 2747">
    <p class='ocr_par' dir='ltr' id='par_1_74' title="bbox 2181 2670 3849 2747">
     <span class='ocr_line' id='line_1_74' title="bbox 2181 2670 3849 2747; baseline 0.004 -26"><span class='ocrx_word' id='word_1_513' title='bbox 2181 2670 2359 2747; x_wconf 88' lang='grc' dir='ltr'>ψυχον</span> <span class='ocrx_word' id='word_1_514' title='bbox 2391 2674 2645 2742; x_wconf 75' lang='grc' dir='ltr'>πνεῦμαα</span> <span class='ocrx_word' id='word_1_515' title='bbox 2682 2676 2986 2728; x_wconf 88' lang='lat' dir='ltr'><strong>Formatur</strong></span> <span class='ocrx_word' id='word_1_516' title='bbox 3032 2673 3090 2727; x_wconf 89' lang='lat' dir='ltr'><strong>in</strong></span> <span class='ocrx_word' id='word_1_517' title='bbox 3144 2689 3316 2744; x_wconf 89' lang='lat' dir='ltr'><strong>aqua,</strong></span> <span class='ocrx_word' id='word_1_518' title='bbox 3376 2673 3584 2743; x_wconf 90' lang='lat' dir='ltr'><strong>accipit</strong></span> <span class='ocrx_word' id='word_1_519' title='bbox 3643 2678 3849 2728; x_wconf 89' lang='lat' dir='ltr'><strong>autem</strong></span> 
     </span>
    </p>
   </div>
   <div class='ocr_carea' id='block_1_75' title="bbox 2181 2760 3849 2832">
    <p class='ocr_par' dir='ltr' id='par_1_75' title="bbox 2181 2760 3849 2832">
     <span class='ocr_line' id='line_1_75' title="bbox 2181 2760 3849 2832; baseline 0.002 -19"><span class='ocrx_word' id='word_1_520' title='bbox 2181 2776 2284 2830; x_wconf 91' lang='lat' dir='ltr'><strong>pro</strong></span> <span class='ocrx_word' id='word_1_521' title='bbox 2322 2760 2524 2816; x_wconf 82' lang='lat' dir='ltr'><strong>anima</strong></span> <span class='ocrx_word' id='word_1_522' title='bbox 2555 2761 2847 2832; x_wconf 90' lang='lat' dir='ltr'><strong>spiritum.</strong></span> <span class='ocrx_word' id='word_1_523' title='bbox 2882 2782 2906 2813; x_wconf 75' lang='grc' dir='ltr'>ιο</span> <span class='ocrx_word' id='word_1_524' title='bbox 2971 2763 3127 2818; x_wconf 91' lang='lat' dir='ltr'><strong>Idem</strong></span> <span class='ocrx_word' id='word_1_525' title='bbox 3183 2772 3378 2818; x_wconf 76' lang='lat' dir='ltr'><strong>contra</strong></span> <span class='ocrx_word' id='word_1_526' title='bbox 3431 2762 3650 2818; x_wconf 69' lang='lat' dir='ltr'><strong>Iudaeos</strong></span> <span class='ocrx_word' id='word_1_527' title='bbox 3712 2779 3849 2817; x_wconf 86' lang='lat' dir='ltr'><strong>ora-</strong></span> 
     </span>
    </p>
   </div>
   <div class='ocr_carea' id='block_1_76' title="bbox 2181 2848 3844 2925">
    <p class='ocr_par' dir='ltr' id='par_1_76' title="bbox 2181 2848 3844 2925">
     <span class='ocr_line' id='line_1_76' title="bbox 2181 2848 3844 2925; baseline -0.001 -21"><span class='ocrx_word' id='word_1_528' title='bbox 2181 2849 2338 2906; x_wconf 81' lang='lat' dir='ltr'><strong>tione</strong></span> <span class='ocrx_word' id='word_1_529' title='bbox 2394 2851 2472 2906; x_wconf 88' lang='lat'>5:</span> <span class='ocrx_word' id='word_1_530' title='bbox 2534 2849 2756 2905; x_wconf 70' lang='grc' dir='ltr'>Δύναται</span> <span class='ocrx_word' id='word_1_531' title='bbox 2815 2848 3088 2911; x_wconf 78' lang='grc' dir='ltr'>πολλάκις</span> <span class='ocrx_word' id='word_1_532' title='bbox 3149 2849 3245 2924; x_wconf 88' lang='grc' dir='ltr'><strong>μία</strong></span> <span class='ocrx_word' id='word_1_533' title='bbox 3301 2849 3628 2925; x_wconf 85' lang='grc' dir='ltr'>κερδηθεῖσα</span> <span class='ocrx_word' id='word_1_534' title='bbox 3689 2851 3844 2924; x_wconf 80' lang='grc' dir='ltr'>ψυχὶ</span> 
     </span>
    </p>
   </div>
   <div class='ocr_carea' id='block_1_77' title="bbox 2184 2937 3847 3018">
    <p class='ocr_par' dir='ltr' id='par_1_77' title="bbox 2184 2937 3847 3018">
     <span class='ocr_line' id='line_1_77' title="bbox 2184 2937 3847 3018; baseline 0.001 -27"><span class='ocrx_word' id='word_1_535' title='bbox 2184 2938 2394 3012; x_wconf 88' lang='grc' dir='ltr'>μυρίων</span> <span class='ocrx_word' id='word_1_536' title='bbox 2449 2939 2614 3012; x_wconf 75' lang='grc' dir='ltr'>ὄγκον</span> <span class='ocrx_word' id='word_1_537' title='bbox 2665 2937 3073 3012; x_wconf 76' lang='grc' dir='ltr'>ἁμαρτημάτων</span> <span class='ocrx_word' id='word_1_538' title='bbox 3134 2941 3408 3018; x_wconf 79' lang='grc' dir='ltr'>ἀφανίσαι,</span> <span class='ocrx_word' id='word_1_539' title='bbox 3470 2938 3558 2993; x_wconf 77' lang='grc' dir='ltr'><strong>καὶ</strong></span> <span class='ocrx_word' id='word_1_540' title='bbox 3617 2942 3847 3012; x_wconf 79' lang='grc' dir='ltr'>γενέσοα</span> 
     </span>
    </p>
   </div>
   <div class='ocr_carea' id='block_1_78' title="bbox 2178 3025 3848 3104">
    <p class='ocr_par' dir='ltr' id='par_1_78' title="bbox 2178 3025 3848 3104">
     <span class='ocr_line' id='line_1_78' title="bbox 2178 3025 3848 3104; baseline 0.004 -24"><span class='ocrx_word' id='word_1_541' title='bbox 2178 3028 2313 3100; x_wconf 80' lang='grc' dir='ltr'>ἡμῖν</span> <span class='ocrx_word' id='word_1_542' title='bbox 2348 3025 2644 3102; x_wconf 83' lang='grc' dir='ltr'>ἀντίψυχον</span> <span class='ocrx_word' id='word_1_543' title='bbox 2675 3028 2726 3082; x_wconf 85' lang='grc' dir='ltr'>ἐν</span> <span class='ocrx_word' id='word_1_544' title='bbox 2789 3027 2965 3102; x_wconf 80' lang='grc' dir='ltr'>ἐκείνῃ</span> <span class='ocrx_word' id='word_1_545' title='bbox 3018 3033 3086 3103; x_wconf 77' lang='grc' dir='ltr'>τῇ</span> <span class='ocrx_word' id='word_1_546' title='bbox 3137 3031 3337 3104; x_wconf 73' lang='grc' dir='ltr'>ἡμέρᾳ.</span> <span class='ocrx_word' id='word_1_547' title='bbox 3390 3055 3417 3081; x_wconf 88' lang='grc'><em>‹‹</em></span> <span class='ocrx_word' id='word_1_548' title='bbox 3451 3031 3578 3086; x_wconf 85' lang='lat' dir='ltr'><strong>Una</strong></span> <span class='ocrx_word' id='word_1_549' title='bbox 3639 3031 3848 3086; x_wconf 82' lang='lat' dir='ltr'><strong>anima</strong></span> 
     </span>
    </p>
   </div>
   <div class='ocr_carea' id='block_1_79' title="bbox 2179 3116 3848 3192">
    <p class='ocr_par' dir='ltr' id='par_1_79' title="bbox 2179 3116 3848 3192">
     <span class='ocr_line' id='line_1_79' title="bbox 2179 3116 3848 3192; baseline 0.004 -21"><span class='ocrx_word' id='word_1_550' title='bbox 2179 3116 2483 3173; x_wconf 85' lang='lat' dir='ltr'><strong>lucrifacta</strong></span> <span class='ocrx_word' id='word_1_551' title='bbox 2507 3123 2697 3191; x_wconf 90' lang='lat' dir='ltr'><strong>potest</strong></span> <span class='ocrx_word' id='word_1_552' title='bbox 2718 3119 3034 3176; x_wconf 86' lang='lat' dir='ltr'><strong>multorum</strong></span> <span class='ocrx_word' id='word_1_553' title='bbox 3053 3137 3200 3176; x_wconf 91' lang='lat' dir='ltr'><strong>onus</strong></span> <span class='ocrx_word' id='word_1_554' title='bbox 3221 3125 3591 3192; x_wconf 81' lang='lat' dir='ltr'><strong>peccatorum</strong></span> <span class='ocrx_word' id='word_1_555' title='bbox 3608 3120 3848 3188; x_wconf 83' lang='lat' dir='ltr'><strong>tollere,</strong></span> 
     </span>
    </p>
   </div>
   <div class='ocr_carea' id='block_1_80' title="bbox 2184 3208 3848 3282">
    <p class='ocr_par' dir='ltr' id='par_1_80' title="bbox 2184 3208 3848 3282">
     <span class='ocr_line' id='line_1_80' title="bbox 2184 3208 3848 3282; baseline 0.003 -19"><span class='ocrx_word' id='word_1_556' title='bbox 2184 3212 2241 3263; x_wconf 87' lang='lat' dir='ltr'><strong>et</strong></span> <span class='ocrx_word' id='word_1_557' title='bbox 2273 3208 2441 3263; x_wconf 90' lang='lat' dir='ltr'><strong>nobis</strong></span> <span class='ocrx_word' id='word_1_558' title='bbox 2473 3208 2529 3262; x_wconf 92' lang='lat' dir='ltr'><strong>in</strong></span> <span class='ocrx_word' id='word_1_559' title='bbox 2562 3208 2659 3264; x_wconf 90' lang='lat' dir='ltr'><strong>illo</strong></span> <span class='ocrx_word' id='word_1_560' title='bbox 2692 3209 2784 3265; x_wconf 90' lang='lat' dir='ltr'><strong>die</strong></span> <span class='ocrx_word' id='word_1_561' title='bbox 2823 3227 2924 3282; x_wconf 93' lang='lat' dir='ltr'><strong>pro</strong></span> <span class='ocrx_word' id='word_1_562' title='bbox 2990 3211 3317 3282; x_wconf 84' lang='lat' dir='ltr'><strong>expiatione</strong></span> <span class='ocrx_word' id='word_1_563' title='bbox 3377 3229 3523 3268; x_wconf 90' lang='lat' dir='ltr'><strong>esse.</strong></span> <span class='ocrx_word' id='word_1_564' title='bbox 3588 3235 3615 3261; x_wconf 86' lang='grc'>››</span> <span class='ocrx_word' id='word_1_565' title='bbox 3664 3213 3848 3268; x_wconf 85' lang='lat' dir='ltr'><strong>Aliud</strong></span> 
     </span>
    </p>
   </div>
   <div class='ocr_carea' id='block_1_81' title="bbox 2186 3296 3854 3375">
    <p class='ocr_par' dir='ltr' id='par_1_81' title="bbox 2186 3296 3854 3375">
     <span class='ocr_line' id='line_1_81' title="bbox 2186 3296 3854 3375; baseline 0.004 -24"><span class='ocrx_word' id='word_1_566' title='bbox 2186 3298 2364 3369; x_wconf 89' lang='lat' dir='ltr'><strong>igitur</strong></span> <span class='ocrx_word' id='word_1_567' title='bbox 2381 3296 2671 3372; x_wconf 76' lang='grc' dir='ltr'>ἷσόψυχον,</span> <span class='ocrx_word' id='word_1_568' title='bbox 2707 3301 2860 3371; x_wconf 91' lang='lat' dir='ltr'><strong>quod</strong></span> <span class='ocrx_word' id='word_1_569' title='bbox 2885 3318 2950 3357; x_wconf 85' lang='lat' dir='ltr'><strong>ex</strong></span> <span class='ocrx_word' id='word_1_570' title='bbox 2972 3301 3106 3356; x_wconf 77' lang='lat' dir='ltr'><strong>LXX</strong></span> <span class='ocrx_word' id='word_1_571' title='bbox 3143 3303 3560 3374; x_wconf 83' lang='lat' dir='ltr'><strong>interpretibus</strong></span> <span class='ocrx_word' id='word_1_572' title='bbox 3583 3305 3854 3375; x_wconf 86' lang='lat' dir='ltr'><strong>sumpsit</strong></span> 
     </span>
    </p>
   </div>
   <div class='ocr_carea' id='block_1_82' title="bbox 2187 3388 3855 3465">
    <p class='ocr_par' dir='ltr' id='par_1_82' title="bbox 2187 3388 3855 3465">
     <span class='ocr_line' id='line_1_82' title="bbox 2187 3388 3855 3465; baseline 0.004 -21"><span class='ocrx_word' id='word_1_573' title='bbox 2187 3388 2701 3445; x_wconf 88' lang='lat' dir='ltr'><strong>S.Paulus:atiud</strong></span> <span class='ocrx_word' id='word_1_574' title='bbox 2751 3389 3075 3465; x_wconf 85' lang='grc' dir='ltr'>ἀντίψυχον,</span> <span class='ocrx_word' id='word_1_575' title='bbox 3108 3393 3261 3463; x_wconf 87' lang='lat' dir='ltr'><strong>quod</strong></span> <span class='ocrx_word' id='word_1_576' title='bbox 3308 3393 3625 3464; x_wconf 84' lang='lat' dir='ltr'><strong>Apostolus</strong></span> <span class='ocrx_word' id='word_1_577' title='bbox 3690 3411 3855 3451; x_wconf 89' lang='lat' dir='ltr'><strong>nun-</strong></span> 
     </span>
    </p>
   </div>
   <div class='ocr_carea' id='block_1_83' title="bbox 2189 3479 3850 3554">
    <p class='ocr_par' dir='ltr' id='par_1_83' title="bbox 2189 3479 3850 3554">
     <span class='ocr_line' id='line_1_83' title="bbox 2189 3479 3850 3554; baseline 0.004 -22"><span class='ocrx_word' id='word_1_578' title='bbox 2189 3495 2370 3549; x_wconf 89' lang='lat' dir='ltr'><strong>quam</strong></span> <span class='ocrx_word' id='word_1_579' title='bbox 2405 3479 2728 3550; x_wconf 87' lang='lat' dir='ltr'><strong>usurpavit,</strong></span> <span class='ocrx_word' id='word_1_580' title='bbox 2764 3499 2795 3534; x_wconf 91' lang='lat' dir='ltr'><strong>a</strong></span> <span class='ocrx_word' id='word_1_581' title='bbox 2826 3482 3039 3536; x_wconf 68' lang='lat' dir='ltr'><strong>Graecis</strong></span> <span class='ocrx_word' id='word_1_582' title='bbox 3070 3493 3258 3537; x_wconf 78' lang='lat' dir='ltr'><strong>autem</strong></span> <span class='ocrx_word' id='word_1_583' title='bbox 3291 3483 3463 3554; x_wconf 88' lang='lat' dir='ltr'><strong>vulgo</strong></span> <span class='ocrx_word' id='word_1_584' title='bbox 3489 3489 3850 3554; x_wconf 87' lang='lat' dir='ltr'><strong>usurpatum</strong></span> 
     </span>
    </p>
   </div>
   <div class='ocr_carea' id='block_1_84' title="bbox 2188 3567 3853 3643">
    <p class='ocr_par' dir='ltr' id='par_1_84' title="bbox 2188 3567 3853 3643">
     <span class='ocr_line' id='line_1_84' title="bbox 2188 3567 3853 3643; baseline 0.005 -21"><span class='ocrx_word' id='word_1_585' title='bbox 2188 3567 2499 3637; x_wconf 88' lang='lat' dir='ltr'><strong>est;nulla</strong></span> <span class='ocrx_word' id='word_1_586' title='bbox 2522 3568 2700 3639; x_wconf 88' lang='lat' dir='ltr'><strong>igitur</strong></span> <span class='ocrx_word' id='word_1_587' title='bbox 2740 3570 2834 3624; x_wconf 90' lang='lat' dir='ltr'><strong>hic</strong></span> <span class='ocrx_word' id='word_1_588' title='bbox 2881 3569 3209 3639; x_wconf 77' lang='grc' dir='ltr'>κακοζηλία,</span> <span class='ocrx_word' id='word_1_589' title='bbox 3243 3589 3315 3627; x_wconf 93' lang='lat' dir='ltr'><strong>ne</strong></span> <span class='ocrx_word' id='word_1_590' title='bbox 3363 3572 3598 3643; x_wconf 90' lang='lat' dir='ltr'><strong>quidem</strong></span> <span class='ocrx_word' id='word_1_591' title='bbox 3650 3572 3853 3630; x_wconf 80' lang='lat' dir='ltr'><strong>imita-</strong></span> 
     </span>
    </p>
   </div>
   <div class='ocr_carea' id='block_1_85' title="bbox 2186 3656 3850 3731">
    <p class='ocr_par' dir='ltr' id='par_1_85' title="bbox 2186 3656 3850 3731">
     <span class='ocr_line' id='line_1_85' title="bbox 2186 3656 3850 3731; baseline 0.005 -20"><span class='ocrx_word' id='word_1_592' title='bbox 2186 3656 2287 3711; x_wconf 88' lang='lat' dir='ltr'><strong>tio.</strong></span> <span class='ocrx_word' id='word_1_593' title='bbox 2323 3656 2566 3728; x_wconf 81' lang='lat' dir='ltr'><strong>Reliqua</strong></span> <span class='ocrx_word' id='word_1_594' title='bbox 2589 3675 2712 3728; x_wconf 69' lang='lat' dir='ltr'><strong>quae</strong></span> <span class='ocrx_word' id='word_1_595' title='bbox 2735 3675 2804 3713; x_wconf 83' lang='lat' dir='ltr'><strong>ex</strong></span> <span class='ocrx_word' id='word_1_596' title='bbox 2828 3660 3101 3731; x_wconf 88' lang='lat' dir='ltr'><strong>Apostolo</strong></span> <span class='ocrx_word' id='word_1_597' title='bbox 3125 3660 3181 3716; x_wconf 91' lang='lat' dir='ltr'><strong>in</strong></span> <span class='ocrx_word' id='word_1_598' title='bbox 3202 3663 3467 3717; x_wconf 88' lang='lat' dir='ltr'><strong>eamdem</strong></span> <span class='ocrx_word' id='word_1_599' title='bbox 3495 3662 3679 3717; x_wconf 80' lang='lat' dir='ltr'><strong>ferme</strong></span> <span class='ocrx_word' id='word_1_600' title='bbox 3710 3679 3850 3719; x_wconf 90' lang='lat' dir='ltr'><strong>sen-</strong></span> 
     </span>
    </p>
   </div>
   <div class='ocr_carea' id='block_1_86' title="bbox 2193 3746 3850 3819">
    <p class='ocr_par' dir='ltr' id='par_1_86' title="bbox 2193 3746 3850 3819">
     <span class='ocr_line' id='line_1_86' title="bbox 2193 3746 3850 3819; baseline 0.005 -20"><span class='ocrx_word' id='word_1_601' title='bbox 2193 3746 2432 3800; x_wconf 89' lang='lat' dir='ltr'><strong>tentiam</strong></span> <span class='ocrx_word' id='word_1_602' title='bbox 2465 3747 2812 3816; x_wconf 70' lang='lat' dir='ltr'><strong>afferuntur,</strong></span> <span class='ocrx_word' id='word_1_603' title='bbox 2846 3751 2916 3804; x_wconf 83' lang='lat' dir='ltr'><strong>ad</strong></span> <span class='ocrx_word' id='word_1_604' title='bbox 2949 3747 3284 3819; x_wconf 80' lang='grc' dir='ltr'>κακοζηλίαν</span> <span class='ocrx_word' id='word_1_605' title='bbox 3322 3751 3489 3819; x_wconf 87' lang='lat' dir='ltr'><strong>nihil,</strong></span> <span class='ocrx_word' id='word_1_606' title='bbox 3551 3754 3624 3806; x_wconf 90' lang='lat' dir='ltr'><strong>ad</strong></span> <span class='ocrx_word' id='word_1_607' title='bbox 3679 3752 3850 3807; x_wconf 87' lang='lat' dir='ltr'><strong>locu-</strong></span> 
     </span>
    </p>
   </div>
   <div class='ocr_carea' id='block_1_87' title="bbox 2188 3835 3850 3911">
    <p class='ocr_par' dir='ltr' id='par_1_87' title="bbox 2188 3835 3850 3911">
     <span class='ocr_line' id='line_1_87' title="bbox 2188 3835 3850 3911; baseline 0.004 -24"><span class='ocrx_word' id='word_1_608' title='bbox 2188 3835 2405 3890; x_wconf 87' lang='lat' dir='ltr'><strong>tionem</strong></span> <span class='ocrx_word' id='word_1_609' title='bbox 2430 3837 2793 3907; x_wconf 87' lang='lat' dir='ltr'><strong>Ignatianam</strong></span> <span class='ocrx_word' id='word_1_610' title='bbox 2823 3839 3287 3895; x_wconf 84' lang='lat' dir='ltr'><strong>confirmandam</strong></span> <span class='ocrx_word' id='word_1_611' title='bbox 3339 3840 3564 3911; x_wconf 89' lang='lat' dir='ltr'><strong>aliquid</strong></span> <span class='ocrx_word' id='word_1_612' title='bbox 3621 3841 3850 3896; x_wconf 88' lang='lat' dir='ltr'><strong>valent.</strong></span> 
     </span>
    </p>
   </div>
   <div class='ocr_carea' id='block_1_88' title="bbox 2259 3924 3851 4000">
    <p class='ocr_par' dir='ltr' id='par_1_88' title="bbox 2259 3924 3851 4000">
     <span class='ocr_line' id='line_1_88' title="bbox 2259 3924 3851 4000; baseline 0.004 -22"><span class='ocrx_word' id='word_1_613' title='bbox 2259 3924 2457 3996; x_wconf 90' lang='lat' dir='ltr'><strong>Capite</strong></span> <span class='ocrx_word' id='word_1_614' title='bbox 2487 3925 2577 3992; x_wconf 87' lang='lat'><strong>29,</strong></span> <span class='ocrx_word' id='word_1_615' title='bbox 2603 3924 2937 3996; x_wconf 80' lang='grc' dir='ltr'>κακοζηλίας</span> <span class='ocrx_word' id='word_1_616' title='bbox 2987 3933 3404 4000; x_wconf 91' lang='lat' dir='ltr'><strong>argumentum</strong></span> <span class='ocrx_word' id='word_1_617' title='bbox 3444 3929 3851 4000; x_wconf 88' lang='lat' dir='ltr'><strong>persequitur,</strong></span> 
     </span>
    </p>
   </div>
   <div class='ocr_carea' id='block_1_89' title="bbox 2188 4013 3852 4090">
    <p class='ocr_par' dir='ltr' id='par_1_89' title="bbox 2188 4013 3852 4090">
     <span class='ocr_line' id='line_1_89' title="bbox 2188 4013 3852 4090; baseline 0.005 -23"><span class='ocrx_word' id='word_1_618' title='bbox 2188 4017 2263 4079; x_wconf 91' lang='lat' dir='ltr'><strong>et,</strong></span> <span class='ocrx_word' id='word_1_619' title='bbox 2298 4013 2346 4068; x_wconf 90' lang='lat' dir='ltr'><strong>si</strong></span> <span class='ocrx_word' id='word_1_620' title='bbox 2399 4013 2520 4068; x_wconf 80' lang='lat' dir='ltr'><strong>ﬁeri</strong></span> <span class='ocrx_word' id='word_1_621' title='bbox 2581 4016 2783 4086; x_wconf 85' lang='lat' dir='ltr'><strong>possit,</strong></span> <span class='ocrx_word' id='word_1_622' title='bbox 2843 4016 3158 4072; x_wconf 79' lang='lat' dir='ltr'><strong>infelicius.</strong></span> <span class='ocrx_word' id='word_1_623' title='bbox 3224 4039 3251 4067; x_wconf 88' lang='grc'><strong>‹‹</strong></span> <span class='ocrx_word' id='word_1_624' title='bbox 3309 4017 3561 4082; x_wconf 85' lang='lat' dir='ltr'><strong>Dixerat,</strong></span> <span class='ocrx_word' id='word_1_625' title='bbox 3619 4017 3852 4090; x_wconf 89' lang='lat' dir='ltr'><strong>inquit,</strong></span> 
     </span>
    </p>
   </div>
   <div class='ocr_carea' id='block_1_90' title="bbox 2186 4102 3854 4180">
    <p class='ocr_par' dir='ltr' id='par_1_90' title="bbox 2186 4102 3854 4180">
     <span class='ocr_line' id='line_1_90' title="bbox 2186 4102 3854 4180; baseline 0.003 -23"><span class='ocrx_word' id='word_1_626' title='bbox 2186 4107 2242 4157; x_wconf 80' lang='lat'><strong>8.</strong></span> <span class='ocrx_word' id='word_1_627' title='bbox 2269 4103 2478 4158; x_wconf 82' lang='lat' dir='ltr'><strong>Paulus</strong></span> <span class='ocrx_word' id='word_1_628' title='bbox 2511 4120 2572 4160; x_wconf 88' lang='lat' dir='ltr'><strong>se</strong></span> <span class='ocrx_word' id='word_1_629' title='bbox 2601 4102 2894 4179; x_wconf 71' lang='grc' dir='ltr'>ἐλάχιστον</span> <span class='ocrx_word' id='word_1_630' title='bbox 2926 4109 3032 4159; x_wconf 84' lang='grc' dir='ltr'><strong>τῶν</strong></span> <span class='ocrx_word' id='word_1_631' title='bbox 3063 4104 3408 4176; x_wconf 83' lang='grc' dir='ltr'>ἀποστόλων,</span> <span class='ocrx_word' id='word_1_632' title='bbox 3440 4113 3497 4162; x_wconf 91' lang='lat' dir='ltr'><strong>et</strong></span> <span class='ocrx_word' id='word_1_633' title='bbox 3534 4103 3854 4180; x_wconf 75' lang='grc' dir='ltr'>ἑλαχιστό-</span> 
     </span>
    </p>
   </div>
   <div class='ocr_carea' id='block_1_91' title="bbox 2187 4190 3857 4269">
    <p class='ocr_par' dir='ltr' id='par_1_91' title="bbox 2187 4190 3857 4269">
     <span class='ocr_line' id='line_1_91' title="bbox 2187 4190 3857 4269; baseline 0.007 -24"><span class='ocrx_word' id='word_1_634' title='bbox 2187 4211 2339 4267; x_wconf 84' lang='grc' dir='ltr'>τερον</span> <span class='ocrx_word' id='word_1_635' title='bbox 2371 4190 2581 4246; x_wconf 85' lang='grc' dir='ltr'>πάντων</span> <span class='ocrx_word' id='word_1_636' title='bbox 2612 4193 2800 4269; x_wconf 81' lang='grc' dir='ltr'>ἁγίων,</span> <span class='ocrx_word' id='word_1_637' title='bbox 2859 4195 3034 4251; x_wconf 86' lang='lat' dir='ltr'><strong>semel</strong></span> <span class='ocrx_word' id='word_1_638' title='bbox 3095 4195 3318 4252; x_wconf 89' lang='lat' dir='ltr'><strong>scilicet</strong></span> <span class='ocrx_word' id='word_1_639' title='bbox 3375 4202 3549 4268; x_wconf 89' lang='lat' dir='ltr'><strong>atque</strong></span> <span class='ocrx_word' id='word_1_640' title='bbox 3595 4197 3857 4256; x_wconf 90' lang='lat' dir='ltr'><strong>iterum.</strong></span> 
     </span>
    </p>
   </div>
   <div class='ocr_carea' id='block_1_92' title="bbox 2188 4283 3854 4356">
    <p class='ocr_par' dir='ltr' id='par_1_92' title="bbox 2188 4283 3854 4356">
     <span class='ocr_line' id='line_1_92' title="bbox 2188 4283 3854 4356; baseline 0.004 -19"><span class='ocrx_word' id='word_1_641' title='bbox 2188 4283 2394 4338; x_wconf 88' lang='lat' dir='ltr'><strong>Noster</strong></span> <span class='ocrx_word' id='word_1_642' title='bbox 2425 4300 2571 4354; x_wconf 90' lang='lat' dir='ltr'><strong>pene</strong></span> <span class='ocrx_word' id='word_1_643' title='bbox 2601 4301 2805 4339; x_wconf 90' lang='lat' dir='ltr'><strong>omnes</strong></span> <span class='ocrx_word' id='word_1_644' title='bbox 2825 4285 3097 4356; x_wconf 89' lang='lat' dir='ltr'><strong>epistolas</strong></span> <span class='ocrx_word' id='word_1_645' title='bbox 3130 4285 3220 4342; x_wconf 91' lang='lat' dir='ltr'><strong>his</strong></span> <span class='ocrx_word' id='word_1_646' title='bbox 3243 4295 3300 4342; x_wconf 87' lang='lat' dir='ltr'><strong>et</strong></span> <span class='ocrx_word' id='word_1_647' title='bbox 3341 4287 3637 4342; x_wconf 87' lang='lat' dir='ltr'><strong>similibus</strong></span> <span class='ocrx_word' id='word_1_648' title='bbox 3688 4289 3854 4344; x_wconf 83' lang='lat' dir='ltr'><strong>voci—</strong></span> 
     </span>
    </p>
   </div>
   <div class='ocr_carea' id='block_1_93' title="bbox 2189 4371 3852 4451">
    <p class='ocr_par' dir='ltr' id='par_1_93' title="bbox 2189 4371 3852 4451">
     <span class='ocr_line' id='line_1_93' title="bbox 2189 4371 3852 4451; baseline 0.005 -25"><span class='ocrx_word' id='word_1_649' title='bbox 2189 4371 2300 4427; x_wconf 89' lang='lat' dir='ltr'><strong>bus</strong></span> <span class='ocrx_word' id='word_1_650' title='bbox 2332 4372 2591 4444; x_wconf 87' lang='lat' dir='ltr'><strong>replevit.</strong></span> <span class='ocrx_word' id='word_1_651' title='bbox 2628 4395 2656 4423; x_wconf 87' lang='lat'>»</span> <span class='ocrx_word' id='word_1_652' title='bbox 2688 4376 2756 4429; x_wconf 86' lang='lat' dir='ltr'><strong>At</strong></span> <span class='ocrx_word' id='word_1_653' title='bbox 2785 4374 2894 4432; x_wconf 92' lang='lat' dir='ltr'><strong>hoc</strong></span> <span class='ocrx_word' id='word_1_654' title='bbox 2953 4380 3150 4448; x_wconf 88' lang='lat' dir='ltr'><strong>aperte</strong></span> <span class='ocrx_word' id='word_1_655' title='bbox 3202 4375 3412 4431; x_wconf 82' lang='lat' dir='ltr'><strong>falsum</strong></span> <span class='ocrx_word' id='word_1_656' title='bbox 3473 4381 3578 4432; x_wconf 85' lang='lat' dir='ltr'><strong>est.</strong></span> <span class='ocrx_word' id='word_1_657' title='bbox 3642 4377 3852 4451; x_wconf 88' lang='lat' dir='ltr'><strong>Neque</strong></span> 
     </span>
    </p>
   </div>
   <div class='ocr_carea' id='block_1_94' title="bbox 2197 4462 3854 4540">
    <p class='ocr_par' dir='ltr' id='par_1_94' title="bbox 2197 4462 3854 4540">
     <span class='ocr_line' id='line_1_94' title="bbox 2197 4462 3854 4540; baseline 0.004 -23"><span class='ocrx_word' id='word_1_658' title='bbox 2197 4462 2352 4517; x_wconf 90' lang='lat' dir='ltr'><strong>enim</strong></span> <span class='ocrx_word' id='word_1_659' title='bbox 2373 4463 2486 4530; x_wconf 89' lang='lat' dir='ltr'><strong>his,</strong></span> <span class='ocrx_word' id='word_1_660' title='bbox 2521 4479 2709 4534; x_wconf 90' lang='lat' dir='ltr'><strong>neque</strong></span> <span class='ocrx_word' id='word_1_661' title='bbox 2731 4463 3025 4520; x_wconf 82' lang='lat' dir='ltr'><strong>similibus</strong></span> <span class='ocrx_word' id='word_1_662' title='bbox 3057 4465 3295 4521; x_wconf 90' lang='lat' dir='ltr'><strong>vocibus</strong></span> <span class='ocrx_word' id='word_1_663' title='bbox 3317 4466 3594 4538; x_wconf 88' lang='lat' dir='ltr'><strong>epistolas</strong></span> <span class='ocrx_word' id='word_1_664' title='bbox 3631 4468 3854 4540; x_wconf 87' lang='lat' dir='ltr'><strong>imple-</strong></span> 
     </span>
    </p>
   </div>
   <div class='ocr_carea' id='block_1_95' title="bbox 2190 4550 3855 4630">
    <p class='ocr_par' dir='ltr' id='par_1_95' title="bbox 2190 4550 3855 4630">
     <span class='ocr_line' id='line_1_95' title="bbox 2190 4550 3855 4630; baseline 0.004 -23"><span class='ocrx_word' id='word_1_665' title='bbox 2190 4552 2288 4607; x_wconf 91' lang='lat' dir='ltr'><strong>vit.</strong></span> <span class='ocrx_word' id='word_1_666' title='bbox 2323 4552 2425 4607; x_wconf 84' lang='lat' dir='ltr'><strong>Hi8</strong></span> <span class='ocrx_word' id='word_1_667' title='bbox 2455 4553 2694 4609; x_wconf 82' lang='lat' dir='ltr'><strong>vocibus</strong></span> <span class='ocrx_word' id='word_1_668' title='bbox 2742 4550 3060 4628; x_wconf 72' lang='grc' dir='ltr'>ἐλάχιστος,</span> <span class='ocrx_word' id='word_1_669' title='bbox 3112 4561 3167 4610; x_wconf 86' lang='lat' dir='ltr'><strong>et</strong></span> <span class='ocrx_word' id='word_1_670' title='bbox 3218 4553 3642 4630; x_wconf 83' lang='grc' dir='ltr'>ἐλαχιστότερος</span> <span class='ocrx_word' id='word_1_671' title='bbox 3706 4575 3855 4616; x_wconf 73' lang='grc' dir='ltr'>Παε-</span> 
     </span>
    </p>
   </div>
   <div class='ocr_carea' id='block_1_96' title="bbox 428 4629 3857 4718">
    <p class='ocr_par' dir='ltr' id='par_1_96' title="bbox 428 4629 3857 4718">
     <span class='ocr_line' id='line_1_96' title="bbox 428 4629 3857 4718; baseline 0.002 -34"><span class='ocrx_word' id='word_1_672' title='bbox 428 4629 566 4686; x_wconf 92' lang='lat' dir='ltr'><strong>nino</strong></span> <span class='ocrx_word' id='word_1_673' title='bbox 599 4631 811 4688; x_wconf 66' lang='lat' dir='ltr'><strong>Griecis</strong></span> <span class='ocrx_word' id='word_1_674' title='bbox 841 4633 961 4689; x_wconf 58' lang='lat' dir='ltr'><strong>haec</strong></span> <span class='ocrx_word' id='word_1_675' title='bbox 986 4651 1091 4690; x_wconf 85' lang='lat' dir='ltr'><strong>vox</strong></span> <span class='ocrx_word' id='word_1_676' title='bbox 1130 4639 1318 4691; x_wconf 90' lang='lat' dir='ltr'><strong>sonat.</strong></span> <span class='ocrx_word' id='word_1_677' title='bbox 1378 4635 1540 4689; x_wconf 87' lang='lat' dir='ltr'><strong>Certe</strong></span> <span class='ocrx_word' id='word_1_678' title='bbox 1599 4633 1907 4688; x_wconf 88' lang='lat' dir='ltr'><strong>unanimes</strong></span> <span class='ocrx_word' id='word_1_679' title='bbox 1963 4652 2075 4690; x_wconf 91' lang='lat' dir='ltr'><strong>non</strong></span> <span class='ocrx_word' id='word_1_680' title='bbox 2109 4635 2154 4699; x_wconf 89' lang='lat' dir='ltr'><strong>D</strong></span> <span class='ocrx_word' id='word_1_681' title='bbox 2187 4659 2362 4714; x_wconf 78' lang='lat' dir='ltr'><strong>quam</strong></span> <span class='ocrx_word' id='word_1_682' title='bbox 2395 4660 2538 4699; x_wconf 75' lang='lat' dir='ltr'><strong>usus</strong></span> <span class='ocrx_word' id='word_1_683' title='bbox 2583 4648 2672 4700; x_wconf 72' lang='lat' dir='ltr'><strong>est</strong></span> <span class='ocrx_word' id='word_1_684' title='bbox 2729 4646 3032 4717; x_wconf 71' lang='lat' dir='ltr'><strong>Ignatius;</strong></span> <span class='ocrx_word' id='word_1_685' title='bbox 3096 4663 3165 4702; x_wconf 71' lang='lat' dir='ltr'><strong>ne</strong></span> <span class='ocrx_word' id='word_1_686' title='bbox 3225 4647 3404 4703; x_wconf 70' lang='lat' dir='ltr'><strong>semel</strong></span> <span class='ocrx_word' id='word_1_687' title='bbox 3465 4629 3702 4718; x_wconf 69' lang='lat' dir='ltr'><strong>quidem</strong></span> <span class='ocrx_word' id='word_1_688' title='bbox 3771 4651 3857 4706; x_wconf 61' lang='lat' dir='ltr'><strong>ita</strong></span> 
     </span>
    </p>
   </div>
   <div class='ocr_carea' id='block_1_97' title="bbox 427 4720 2076 4793">
    <p class='ocr_par' dir='ltr' id='par_1_97' title="bbox 427 4720 2076 4793">
     <span class='ocr_line' id='line_1_97' title="bbox 427 4720 2076 4793; baseline 0 -19"><span class='ocrx_word' id='word_1_689' title='bbox 427 4720 662 4775; x_wconf 82' lang='lat' dir='ltr'><strong>fuerunt</strong></span> <span class='ocrx_word' id='word_1_690' title='bbox 684 4721 1010 4778; x_wconf 90' lang='lat' dir='ltr'><strong>Memnonis</strong></span> <span class='ocrx_word' id='word_1_691' title='bbox 1033 4723 1262 4792; x_wconf 90' lang='lat' dir='ltr'><strong>aves,de</strong></span> <span class='ocrx_word' id='word_1_692' title='bbox 1283 4721 1500 4793; x_wconf 88' lang='lat' dir='ltr'><strong>quibus</strong></span> <span class='ocrx_word' id='word_1_693' title='bbox 1525 4721 1870 4793; x_wconf 86' lang='lat' dir='ltr'><strong>Hesychius:</strong></span> <span class='ocrx_word' id='word_1_694' title='bbox 1896 4720 2076 4777; x_wconf 83' lang='grc' dir='ltr'>Ἀντί-</span> 
     </span>
    </p>
   </div>
   <div class='ocr_carea' id='block_1_98' title="bbox 425 4806 2072 4885">
    <p class='ocr_par' dir='ltr' id='par_1_98' title="bbox 425 4806 2072 4885">
     <span class='ocr_line' id='line_1_98' title="bbox 425 4806 2072 4885; baseline 0.004 -22"><span class='ocrx_word' id='word_1_695' title='bbox 425 4811 620 4885; x_wconf 87' lang='grc' dir='ltr'>ψυχοι,</span> <span class='ocrx_word' id='word_1_696' title='bbox 655 4809 797 4866; x_wconf 75' lang='grc' dir='ltr'>οὕτω</span> <span class='ocrx_word' id='word_1_697' title='bbox 850 4811 1142 4867; x_wconf 80' lang='grc' dir='ltr'>καλοῦνται</span> <span class='ocrx_word' id='word_1_698' title='bbox 1195 4813 1247 4866; x_wconf 73' lang='grc' dir='ltr'>οἱ</span> <span class='ocrx_word' id='word_1_699' title='bbox 1301 4808 1591 4882; x_wconf 80' lang='grc' dir='ltr'>Μέμνονος</span> <span class='ocrx_word' id='word_1_700' title='bbox 1648 4806 1877 4884; x_wconf 79' lang='grc' dir='ltr'>ὄρνιθες·</span> <span class='ocrx_word' id='word_1_701' title='bbox 1937 4813 2072 4884; x_wconf 68' lang='lat' dir='ltr'><strong>illas,</strong></span> 
     </span>
    </p>
   </div>
   <div class='ocr_carea' id='block_1_99' title="bbox 424 4899 1849 4974">
    <p class='ocr_par' dir='ltr' id='par_1_99' title="bbox 424 4899 1849 4974">
     <span class='ocr_line' id='line_1_99' title="bbox 424 4899 1849 4974; baseline 0.001 -18"><span class='ocrx_word' id='word_1_702' title='bbox 424 4900 666 4972; x_wconf 90' lang='lat' dir='ltr'><strong>scilicet,</strong></span> <span class='ocrx_word' id='word_1_703' title='bbox 699 4903 770 4958; x_wconf 89' lang='lat' dir='ltr'><strong>de</strong></span> <span class='ocrx_word' id='word_1_704' title='bbox 804 4903 1022 4974; x_wconf 89' lang='lat' dir='ltr'><strong>quibus</strong></span> <span class='ocrx_word' id='word_1_705' title='bbox 1052 4903 1292 4958; x_wconf 90' lang='lat' dir='ltr'><strong>Ovidius</strong></span> <span class='ocrx_word' id='word_1_706' title='bbox 1323 4901 1538 4956; x_wconf 74' lang='lat' dir='ltr'><strong>Metam.</strong></span> <span class='ocrx_word' id='word_1_707' title='bbox 1574 4899 1677 4955; x_wconf 92' lang='lat' dir='ltr'><strong>lib.</strong></span> <span class='ocrx_word' id='word_1_708' title='bbox 1710 4918 1849 4959; x_wconf 86' lang='lat' dir='ltr'><strong>xm:</strong></span> 
     </span>
    </p>
   </div>
   <div class='ocr_carea' id='block_1_100' title="bbox 495 5027 1725 5100">
    <p class='ocr_par' dir='ltr' id='par_1_100' title="bbox 495 5027 1725 5100">
     <span class='ocr_line' id='line_1_100' title="bbox 495 5027 1725 5100; baseline 0.001 -18"><span class='ocrx_word' id='word_1_709' title='bbox 495 5029 626 5082; x_wconf 84' lang='lat' dir='ltr'><strong>Tum</strong></span> <span class='ocrx_word' id='word_1_710' title='bbox 655 5027 762 5083; x_wconf 86' lang='lat' dir='ltr'><strong>duo</strong></span> <span class='ocrx_word' id='word_1_711' title='bbox 789 5029 1004 5084; x_wconf 76' lang='lat' dir='ltr'><strong>diversa</strong></span> <span class='ocrx_word' id='word_1_712' title='bbox 1031 5028 1224 5100; x_wconf 79' lang='lat' dir='ltr'><strong>pepuli</strong></span> <span class='ocrx_word' id='word_1_713' title='bbox 1243 5027 1307 5082; x_wconf 88' lang='lat' dir='ltr'><strong>de</strong></span> <span class='ocrx_word' id='word_1_714' title='bbox 1329 5032 1495 5098; x_wconf 81' lang='lat' dir='ltr'><strong>parte</strong></span> <span class='ocrx_word' id='word_1_715' title='bbox 1522 5028 1725 5100; x_wconf 78' lang='lat' dir='ltr'><strong>[eroces</strong></span> 
     </span>
    </p>
   </div>
   <div class='ocr_carea' id='block_1_101' title="bbox 493 5099 2032 5170">
    <p class='ocr_par' dir='ltr' id='par_1_101' title="bbox 493 5099 2032 5170">
     <span class='ocr_line' id='line_1_101' title="bbox 493 5099 2032 5170; baseline 0.003 -17"><span class='ocrx_word' id='word_1_716' title='bbox 493 5101 646 5154; x_wconf 82' lang='lat' dir='ltr'><strong>Bella</strong></span> <span class='ocrx_word' id='word_1_717' title='bbox 675 5105 894 5167; x_wconf 82' lang='lat' dir='ltr'><strong>gerunt,</strong></span> <span class='ocrx_word' id='word_1_718' title='bbox 925 5099 1226 5170; x_wconf 49' lang='lat' dir='ltr'><strong>rostrisque</strong></span> <span class='ocrx_word' id='word_1_719' title='bbox 1249 5105 1303 5154; x_wconf 84' lang='lat' dir='ltr'><strong>et</strong></span> <span class='ocrx_word' id='word_1_720' title='bbox 1333 5099 1563 5154; x_wconf 80' lang='lat' dir='ltr'><strong>aduncis</strong></span> <span class='ocrx_word' id='word_1_721' title='bbox 1593 5099 1867 5168; x_wconf 79' lang='lat' dir='ltr'><strong>unguibus</strong></span> <span class='ocrx_word' id='word_1_722' title='bbox 1896 5103 2032 5158; x_wconf 73' lang='lat' dir='ltr'><strong>iras.</strong></span> 
     </span>
    </p>
   </div>
   <div class='ocr_carea' id='block_1_102' title="bbox 489 5171 1925 5243">
    <p class='ocr_par' dir='ltr' id='par_1_102' title="bbox 489 5171 1925 5243">
     <span class='ocr_line' id='line_1_102' title="bbox 489 5171 1925 5243; baseline 0.001 -18"><span class='ocrx_word' id='word_1_723' title='bbox 489 5171 783 5242; x_wconf 66' lang='lat' dir='ltr'><strong>Exercent,</strong></span> <span class='ocrx_word' id='word_1_724' title='bbox 815 5174 1044 5243; x_wconf 81' lang='lat' dir='ltr'><strong>alasque</strong></span> <span class='ocrx_word' id='word_1_725' title='bbox 1073 5174 1406 5240; x_wconf 78' lang='lat' dir='ltr'><strong>adversaque</strong></span> <span class='ocrx_word' id='word_1_726' title='bbox 1435 5175 1649 5240; x_wconf 83' lang='lat' dir='ltr'><strong>pectora</strong></span> <span class='ocrx_word' id='word_1_727' title='bbox 1682 5172 1925 5241; x_wconf 82' lang='lat' dir='ltr'><strong>lassant;</strong></span> 
     </span>
    </p>
   </div>
   <div class='ocr_carea' id='block_1_103' title="bbox 489 5244 1758 5367">
    <p class='ocr_par' dir='ltr' id='par_1_103' title="bbox 489 5244 1758 5367">
     <span class='ocr_line' id='line_1_103' title="bbox 489 5244 1758 5367; baseline 0.002 -72"><span class='ocrx_word' id='word_1_728' title='bbox 489 5244 818 5367; x_wconf 63' lang='lat' dir='ltr'><strong>Icnferiwque</strong></span> <span class='ocrx_word' id='word_1_729' title='bbox 849 5245 1052 5299; x_wconf 83' lang='lat' dir='ltr'><strong>cadunt</strong></span> <span class='ocrx_word' id='word_1_730' title='bbox 1081 5245 1258 5298; x_wconf 76' lang='lat' dir='ltr'><strong>cineri</strong></span> <span class='ocrx_word' id='word_1_731' title='bbox 1295 5251 1525 5310; x_wconf 81' lang='lat' dir='ltr'><strong>cognata</strong></span> <span class='ocrx_word' id='word_1_732' title='bbox 1551 5244 1758 5314; x_wconf 74' lang='lat' dir='ltr'><strong>sepulto</strong></span> 
     </span>
     <span class='ocr_line' id='line_1_104' title="bbox 533 5330 750 5367; baseline 0 0"><span class='ocrx_word' id='word_1_733' title='bbox 533 5330 750 5367; x_wconf 74' lang='lat' dir='ltr'><strong>oraora.</strong></span> 
     </span>
    </p>
   </div>
   <div class='ocr_carea' id='block_1_104' title="bbox 533 5330 750 5385">
    <p class='ocr_par' dir='ltr' id='par_1_104' title="bbox 533 5330 750 5385">
     <span class='ocr_line' id='line_1_105' title="bbox 533 5330 750 5385; baseline -0.009 -15"><span class='ocrx_word' id='word_1_734' title='bbox 533 5330 750 5385; x_wconf 82' lang='lat' dir='ltr'><strong>orpora.</strong></span> 
     </span>
    </p>
   </div>
   <div class='ocr_carea' id='block_1_105' title="bbox 489 5435 2067 5512">
    <p class='ocr_par' dir='ltr' id='par_1_105' title="bbox 489 5435 2067 5512">
     <span class='ocr_line' id='line_1_106' title="bbox 489 5435 2067 5512; baseline 0 -19"><span class='ocrx_word' id='word_1_735' title='bbox 489 5442 587 5494; x_wconf 88' lang='lat' dir='ltr'><strong>Ita</strong></span> <span class='ocrx_word' id='word_1_736' title='bbox 642 5440 795 5511; x_wconf 82' lang='lat' dir='ltr'><strong>apud</strong></span> <span class='ocrx_word' id='word_1_737' title='bbox 858 5439 1179 5495; x_wconf 90' lang='lat' dir='ltr'><strong>Lucianum</strong></span> <span class='ocrx_word' id='word_1_738' title='bbox 1240 5438 1501 5511; x_wconf 72' lang='grc' dir='ltr'>χρήματα</span> <span class='ocrx_word' id='word_1_739' title='bbox 1558 5437 1827 5512; x_wconf 81' lang='grc' dir='ltr'>ἀντίψυχα</span> <span class='ocrx_word' id='word_1_740' title='bbox 1909 5435 2067 5493; x_wconf 80' lang='grc' dir='ltr'>διδό-</span> 
     </span>
    </p>
   </div>
   <div class='ocr_carea' id='block_1_106' title="bbox 413 5525 2066 5599">
    <p class='ocr_par' dir='ltr' id='par_1_106' title="bbox 413 5525 2066 5599">
     <span class='ocr_line' id='line_1_107' title="bbox 413 5525 2066 5599; baseline 0.004 -21"><span class='ocrx_word' id='word_1_741' title='bbox 413 5525 500 5579; x_wconf 84' lang='grc' dir='ltr'><strong>ναὶ</strong></span> <span class='ocrx_word' id='word_1_742' title='bbox 532 5531 621 5583; x_wconf 87' lang='lat' dir='ltr'><strong>est</strong></span> <span class='ocrx_word' id='word_1_743' title='bbox 641 5527 949 5599; x_wconf 83' lang='lat' dir='ltr'><strong>pecuniam</strong></span> <span class='ocrx_word' id='word_1_744' title='bbox 981 5544 1084 5599; x_wconf 94' lang='lat' dir='ltr'><strong>pro</strong></span> <span class='ocrx_word' id='word_1_745' title='bbox 1117 5527 1335 5594; x_wconf 89' lang='lat' dir='ltr'><strong>anima,</strong></span> <span class='ocrx_word' id='word_1_746' title='bbox 1371 5527 1430 5582; x_wconf 90' lang='lat' dir='ltr'><strong>id</strong></span> <span class='ocrx_word' id='word_1_747' title='bbox 1486 5533 1574 5584; x_wconf 89' lang='lat' dir='ltr'><strong>est</strong></span> <span class='ocrx_word' id='word_1_748' title='bbox 1632 5545 1734 5599; x_wconf 92' lang='lat' dir='ltr'><strong>pro</strong></span> <span class='ocrx_word' id='word_1_749' title='bbox 1760 5529 1875 5584; x_wconf 88' lang='lat' dir='ltr'><strong>vita</strong></span> <span class='ocrx_word' id='word_1_750' title='bbox 1905 5529 2066 5585; x_wconf 90' lang='lat' dir='ltr'><strong>redi-</strong></span> 
     </span>
    </p>
   </div>
   <div class='ocr_carea' id='block_1_107' title="bbox 417 5617 2068 5690">
    <p class='ocr_par' dir='ltr' id='par_1_107' title="bbox 417 5617 2068 5690">
     <span class='ocr_line' id='line_1_108' title="bbox 417 5617 2068 5690; baseline 0.003 -19"><span class='ocrx_word' id='word_1_751' title='bbox 417 5617 632 5674; x_wconf 87' lang='lat' dir='ltr'><strong>menda</strong></span> <span class='ocrx_word' id='word_1_752' title='bbox 662 5619 815 5675; x_wconf 88' lang='lat' dir='ltr'><strong>dare.</strong></span> <span class='ocrx_word' id='word_1_753' title='bbox 851 5621 973 5674; x_wconf 88' lang='lat' dir='ltr'><strong>Mos</strong></span> <span class='ocrx_word' id='word_1_754' title='bbox 1018 5618 1192 5674; x_wconf 87' lang='lat' dir='ltr'><strong>etiam</strong></span> <span class='ocrx_word' id='word_1_755' title='bbox 1263 5625 1389 5675; x_wconf 87' lang='lat' dir='ltr'><strong>erat</strong></span> <span class='ocrx_word' id='word_1_756' title='bbox 1444 5619 1596 5690; x_wconf 87' lang='lat' dir='ltr'><strong>apud</strong></span> <span class='ocrx_word' id='word_1_757' title='bbox 1657 5618 1971 5690; x_wconf 88' lang='lat' dir='ltr'><strong>Romanos,</strong></span> <span class='ocrx_word' id='word_1_758' title='bbox 2005 5623 2068 5676; x_wconf 91' lang='lat' dir='ltr'><strong>ut</strong></span> 
     </span>
    </p>
   </div>
   <div class='ocr_carea' id='block_1_108' title="bbox 416 5704 2059 5782">
    <p class='ocr_par' dir='ltr' id='par_1_108' title="bbox 416 5704 2059 5782">
     <span class='ocr_line' id='line_1_109' title="bbox 416 5704 2059 5782; baseline 0.004 -21"><span class='ocrx_word' id='word_1_759' title='bbox 416 5704 597 5777; x_wconf 88' lang='lat' dir='ltr'><strong>aliqui</strong></span> <span class='ocrx_word' id='word_1_760' title='bbox 631 5724 734 5780; x_wconf 91' lang='lat' dir='ltr'><strong>pro</strong></span> <span class='ocrx_word' id='word_1_761' title='bbox 765 5707 952 5764; x_wconf 89' lang='lat' dir='ltr'><strong>salute</strong></span> <span class='ocrx_word' id='word_1_762' title='bbox 976 5707 1346 5782; x_wconf 86' lang='lat' dir='ltr'><strong>imperatoris</strong></span> <span class='ocrx_word' id='word_1_763' title='bbox 1370 5708 1543 5764; x_wconf 88' lang='lat' dir='ltr'><strong>morti</strong></span> <span class='ocrx_word' id='word_1_764' title='bbox 1585 5724 1649 5763; x_wconf 86' lang='lat' dir='ltr'><strong>se</strong></span> <span class='ocrx_word' id='word_1_765' title='bbox 1696 5709 2059 5767; x_wconf 88' lang='lat' dir='ltr'><strong>devoverent.</strong></span> 
     </span>
    </p>
   </div>
   <div class='ocr_carea' id='block_1_109' title="bbox 2186 4730 3854 4805">
    <p class='ocr_par' dir='ltr' id='par_1_109' title="bbox 2186 4730 3854 4805">
     <span class='ocr_line' id='line_1_110' title="bbox 2186 4730 3854 4805; baseline 0.007 -20"><span class='ocrx_word' id='word_1_766' title='bbox 2186 4730 2464 4804; x_wconf 89' lang='lat' dir='ltr'><strong>loquitur.</strong></span> <span class='ocrx_word' id='word_1_767' title='bbox 2499 4731 2685 4788; x_wconf 89' lang='lat' dir='ltr'><strong>Simili</strong></span> <span class='ocrx_word' id='word_1_768' title='bbox 2722 4750 2882 4801; x_wconf 81' lang='lat' dir='ltr'><strong>voce,</strong></span> <span class='ocrx_word' id='word_1_769' title='bbox 2917 4735 2966 4790; x_wconf 90' lang='lat' dir='ltr'><strong>si</strong></span> <span class='ocrx_word' id='word_1_770' title='bbox 2998 4743 3052 4791; x_wconf 91' lang='lat' dir='ltr'><strong>el</strong></span> <span class='ocrx_word' id='word_1_771' title='bbox 3082 4735 3182 4791; x_wconf 89' lang='lat' dir='ltr'><strong>illa</strong></span> <span class='ocrx_word' id='word_1_772' title='bbox 3235 4735 3446 4793; x_wconf 89' lang='lat' dir='ltr'><strong>similis</strong></span> <span class='ocrx_word' id='word_1_773' title='bbox 3506 4737 3604 4805; x_wconf 87' lang='lat' dir='ltr'><strong>sit,</strong></span> <span class='ocrx_word' id='word_1_774' title='bbox 3654 4741 3854 4796; x_wconf 88' lang='lat' dir='ltr'><strong>semel</strong></span> 
     </span>
    </p>
   </div>
   <div class='ocr_carea' id='block_1_110' title="bbox 2187 4821 3847 4899">
    <p class='ocr_par' dir='ltr' id='par_1_110' title="bbox 2187 4821 3847 4899">
     <span class='ocr_line' id='line_1_111' title="bbox 2187 4821 3847 4899; baseline 0.007 -25"><span class='ocrx_word' id='word_1_775' title='bbox 2187 4825 2410 4876; x_wconf 88' lang='lat' dir='ltr'><strong>tantum</strong></span> <span class='ocrx_word' id='word_1_776' title='bbox 2437 4824 2643 4889; x_wconf 84' lang='lat' dir='ltr'><strong>utitur,</strong></span> <span class='ocrx_word' id='word_1_777' title='bbox 2703 4821 2778 4883; x_wconf 87' lang='grc' dir='ltr'>ὡς</span> <span class='ocrx_word' id='word_1_778' title='bbox 2841 4824 3160 4899; x_wconf 82' lang='grc' dir='ltr'>μικρότερος</span> <span class='ocrx_word' id='word_1_779' title='bbox 3219 4823 3392 4897; x_wconf 79' lang='grc' dir='ltr'>ὑμῶν,</span> <span class='ocrx_word' id='word_1_780' title='bbox 3453 4825 3702 4897; x_wconf 88' lang='lat' dir='ltr'><strong>epistola</strong></span> <span class='ocrx_word' id='word_1_781' title='bbox 3767 4831 3847 4885; x_wconf 77' lang='lat' dir='ltr'><strong>ad</strong></span> 
     </span>
    </p>
   </div>
   <div class='ocr_carea' id='block_1_111' title="bbox 2188 4909 3850 4987">
    <p class='ocr_par' dir='ltr' id='par_1_111' title="bbox 2188 4909 3850 4987">
     <span class='ocr_line' id='line_1_112' title="bbox 2188 4909 3850 4987; baseline 0.006 -23"><span class='ocrx_word' id='word_1_782' title='bbox 2188 4909 2537 4982; x_wconf 86' lang='lat' dir='ltr'><strong>Magnesios,</strong></span> <span class='ocrx_word' id='word_1_783' title='bbox 2570 4929 2815 4985; x_wconf 86' lang='lat' dir='ltr'><strong>eamque</strong></span> <span class='ocrx_word' id='word_1_784' title='bbox 2846 4931 3041 4970; x_wconf 91' lang='lat' dir='ltr'><strong>voccm</strong></span> <span class='ocrx_word' id='word_1_785' title='bbox 3081 4931 3193 4970; x_wconf 94' lang='lat' dir='ltr'><strong>non</strong></span> <span class='ocrx_word' id='word_1_786' title='bbox 3252 4932 3320 4971; x_wconf 85' lang='lat' dir='ltr'><strong>ex</strong></span> <span class='ocrx_word' id='word_1_787' title='bbox 3377 4917 3433 4971; x_wconf 90' lang='lat' dir='ltr'><strong>S.</strong></span> <span class='ocrx_word' id='word_1_788' title='bbox 3487 4916 3689 4987; x_wconf 88' lang='lat' dir='ltr'><strong>Paulo,</strong></span> <span class='ocrx_word' id='word_1_789' title='bbox 3741 4921 3850 4976; x_wconf 86' lang='lat' dir='ltr'><strong>sed</strong></span> 
     </span>
    </p>
   </div>
   <div class='ocr_carea' id='block_1_112' title="bbox 2182 4999 3853 5082">
    <p class='ocr_par' dir='ltr' id='par_1_112' title="bbox 2182 4999 3853 5082">
     <span class='ocr_line' id='line_1_113' title="bbox 2182 4999 3853 5082; baseline 0.008 -28"><span class='ocrx_word' id='word_1_790' title='bbox 2182 4999 2642 5070; x_wconf 67' lang='lat' dir='ltr'><strong>velS.Matthaao,</strong></span> <span class='ocrx_word' id='word_1_791' title='bbox 2677 5004 2756 5057; x_wconf 85' lang='lat' dir='ltr'><strong>vel</strong></span> <span class='ocrx_word' id='word_1_792' title='bbox 2783 5003 2841 5059; x_wconf 90' lang='lat' dir='ltr'><strong>S.</strong></span> <span class='ocrx_word' id='word_1_793' title='bbox 2871 5007 3018 5060; x_wconf 89' lang='lat' dir='ltr'><strong>Luca</strong></span> <span class='ocrx_word' id='word_1_794' title='bbox 3065 5003 3297 5061; x_wconf 89' lang='lat' dir='ltr'><strong>haurire</strong></span> <span class='ocrx_word' id='word_1_795' title='bbox 3341 5007 3550 5078; x_wconf 89' lang='lat' dir='ltr'><strong>potuit.</strong></span> <span class='ocrx_word' id='word_1_796' title='bbox 3586 5006 3853 5082; x_wconf 82' lang='lat' dir='ltr'><strong>Reliqua</strong></span> 
     </span>
    </p>
   </div>
   <div class='ocr_carea' id='block_1_113' title="bbox 2183 5089 3853 5168">
    <p class='ocr_par' dir='ltr' id='par_1_113' title="bbox 2183 5089 3853 5168">
     <span class='ocr_line' id='line_1_114' title="bbox 2183 5089 3853 5168; baseline 0.007 -25"><span class='ocrx_word' id='word_1_797' title='bbox 2183 5089 2421 5144; x_wconf 85' lang='lat' dir='ltr'><strong>omnino</strong></span> <span class='ocrx_word' id='word_1_798' title='bbox 2445 5107 2567 5161; x_wconf 67' lang='lat' dir='ltr'><strong>quas</strong></span> <span class='ocrx_word' id='word_1_799' title='bbox 2601 5107 2669 5147; x_wconf 85' lang='lat' dir='ltr'><strong>ex</strong></span> <span class='ocrx_word' id='word_1_800' title='bbox 2703 5093 2923 5162; x_wconf 89' lang='lat' dir='ltr'><strong>Ignatio</strong></span> <span class='ocrx_word' id='word_1_801' title='bbox 2955 5094 3206 5160; x_wconf 89' lang='lat' dir='ltr'><strong>citat,ad</strong></span> <span class='ocrx_word' id='word_1_802' title='bbox 3241 5095 3353 5150; x_wconf 89' lang='lat' dir='ltr'><strong>alia</strong></span> <span class='ocrx_word' id='word_1_803' title='bbox 3375 5095 3853 5168; x_wconf 84' lang='lat' dir='ltr'><strong>apostoliverba,</strong></span> 
     </span>
    </p>
   </div>
   <div class='ocr_carea' id='block_1_114' title="bbox 2183 5179 3855 5252">
    <p class='ocr_par' dir='ltr' id='par_1_114' title="bbox 2183 5179 3855 5252">
     <span class='ocr_line' id='line_1_115' title="bbox 2183 5179 3855 5252; baseline 0.008 -21"><span class='ocrx_word' id='word_1_804' title='bbox 2183 5183 2285 5232; x_wconf 90' lang='lat' dir='ltr'><strong>aut</strong></span> <span class='ocrx_word' id='word_1_805' title='bbox 2316 5179 2431 5233; x_wconf 85' lang='lat' dir='ltr'><strong>alia</strong></span> <span class='ocrx_word' id='word_1_806' title='bbox 2462 5180 2782 5236; x_wconf 90' lang='lat' dir='ltr'><strong>etiamloca</strong></span> <span class='ocrx_word' id='word_1_807' title='bbox 2805 5183 3118 5252; x_wconf 87' lang='lat' dir='ltr'><strong>pertinent,</strong></span> <span class='ocrx_word' id='word_1_808' title='bbox 3162 5189 3264 5239; x_wconf 86' lang='lat' dir='ltr'><strong>aut.</strong></span> <span class='ocrx_word' id='word_1_809' title='bbox 3312 5186 3381 5240; x_wconf 90' lang='lat' dir='ltr'><strong>ad</strong></span> <span class='ocrx_word' id='word_1_810' title='bbox 3425 5186 3681 5240; x_wconf 76' lang='lat' dir='ltr'><strong>Paulinae</strong></span> <span class='ocrx_word' id='word_1_811' title='bbox 3722 5205 3855 5246; x_wconf 86' lang='lat' dir='ltr'><strong>mo-</strong></span> 
     </span>
    </p>
   </div>
   <div class='ocr_carea' id='block_1_115' title="bbox 2181 5267 3858 5345">
    <p class='ocr_par' dir='ltr' id='par_1_115' title="bbox 2181 5267 3858 5345">
     <span class='ocr_line' id='line_1_116' title="bbox 2181 5267 3858 5345; baseline 0.008 -26"><span class='ocrx_word' id='word_1_812' title='bbox 2181 5267 2780 5325; x_wconf 64' lang='lat' dir='ltr'><strong>destimimitationem</strong></span> <span class='ocrx_word' id='word_1_813' title='bbox 2801 5271 3255 5329; x_wconf 83' lang='lat' dir='ltr'><strong>relerriomnino</strong></span> <span class='ocrx_word' id='word_1_814' title='bbox 3272 5292 3383 5330; x_wconf 92' lang='lat' dir='ltr'><strong>non</strong></span> <span class='ocrx_word' id='word_1_815' title='bbox 3417 5282 3694 5345; x_wconf 85' lang='lat' dir='ltr'><strong>possunt.</strong></span> <span class='ocrx_word' id='word_1_816' title='bbox 3735 5279 3858 5334; x_wconf 74' lang='grc' dir='ltr'>Οὐκ</span> 
     </span>
    </p>
   </div>
   <div class='ocr_carea' id='block_1_116' title="bbox 2180 5351 3850 5438">
    <p class='ocr_par' dir='ltr' id='par_1_116' title="bbox 2180 5351 3850 5438">
     <span class='ocr_line' id='line_1_117' title="bbox 2180 5351 3850 5438; baseline 0.011 -32"><span class='ocrx_word' id='word_1_817' title='bbox 2180 5351 2324 5426; x_wconf 77' lang='grc' dir='ltr'>ἄξιον</span> <span class='ocrx_word' id='word_1_818' title='bbox 2352 5353 2637 5420; x_wconf 84' lang='grc' dir='ltr'>καλεῖσθαι</span> <span class='ocrx_word' id='word_1_819' title='bbox 2669 5373 2721 5415; x_wconf 88' lang='lat' dir='ltr'><strong>et</strong></span> <span class='ocrx_word' id='word_1_820' title='bbox 2753 5355 3004 5434; x_wconf 67' lang='grc' dir='ltr'>λέγεσθαι</span> <span class='ocrx_word' id='word_1_821' title='bbox 3055 5379 3116 5417; x_wconf 85' lang='lat' dir='ltr'><strong>se</strong></span> <span class='ocrx_word' id='word_1_822' title='bbox 3162 5364 3323 5432; x_wconf 86' lang='lat' dir='ltr'><strong>dixit,</strong></span> <span class='ocrx_word' id='word_1_823' title='bbox 3376 5369 3441 5420; x_wconf 91' lang='lat' dir='ltr'><strong>ut</strong></span> <span class='ocrx_word' id='word_1_824' title='bbox 3490 5368 3850 5438; x_wconf 81' lang='lat' dir='ltr'><strong>Apostolus,</strong></span> 
     </span>
    </p>
   </div>
   <div class='ocr_carea' id='block_1_117' title="bbox 2179 5444 3853 5514">
    <p class='ocr_par' dir='ltr' id='par_1_117' title="bbox 2179 5444 3853 5514">
     <span class='ocr_line' id='line_1_118' title="bbox 2179 5444 3853 5514; baseline 0.01 -16"><span class='ocrx_word' id='word_1_825' title='bbox 2179 5444 2279 5499; x_wconf 74' lang='grc' dir='ltr'><strong>οὐκ</strong></span> <span class='ocrx_word' id='word_1_826' title='bbox 2319 5445 2502 5500; x_wconf 75' lang='grc' dir='ltr'>ἱκανὸς</span> <span class='ocrx_word' id='word_1_827' title='bbox 2556 5445 2836 5512; x_wconf 82' lang='grc' dir='ltr'>καλεῖσθαι</span> <span class='ocrx_word' id='word_1_828' title='bbox 2898 5450 3257 5514; x_wconf 79' lang='grc' dir='ltr'>’Δπόστολος.</span> <span class='ocrx_word' id='word_1_829' title='bbox 3321 5456 3429 5509; x_wconf 86' lang='lat' dir='ltr'><strong>Sed</strong></span> <span class='ocrx_word' id='word_1_830' title='bbox 3493 5456 3686 5513; x_wconf 88' lang='lat' dir='ltr'><strong>multo</strong></span> <span class='ocrx_word' id='word_1_831' title='bbox 3759 5460 3853 5514; x_wconf 87' lang='lat' dir='ltr'><strong>hic</strong></span> 
     </span>
    </p>
   </div>
   <div class='ocr_carea' id='block_1_118' title="bbox 2178 5535 3853 5614">
    <p class='ocr_par' dir='ltr' id='par_1_118' title="bbox 2178 5535 3853 5614">
     <span class='ocr_line' id='line_1_119' title="bbox 2178 5535 3853 5614; baseline 0.009 -24"><span class='ocrx_word' id='word_1_832' title='bbox 2178 5535 2426 5592; x_wconf 84' lang='lat' dir='ltr'><strong>Dallaeus</strong></span> <span class='ocrx_word' id='word_1_833' title='bbox 2457 5537 2867 5610; x_wconf 88' lang='lat' dir='ltr'><strong>interpolatore</strong></span> <span class='ocrx_word' id='word_1_834' title='bbox 2897 5542 3183 5614; x_wconf 87' lang='lat' dir='ltr'><strong>sagacior,</strong></span> <span class='ocrx_word' id='word_1_835' title='bbox 3217 5543 3318 5614; x_wconf 91' lang='lat' dir='ltr'><strong>qui</strong></span> <span class='ocrx_word' id='word_1_836' title='bbox 3360 5543 3504 5599; x_wconf 89' lang='lat' dir='ltr'><strong>nihil</strong></span> <span class='ocrx_word' id='word_1_837' title='bbox 3564 5547 3853 5604; x_wconf 82' lang='lat' dir='ltr'><strong>animad-</strong></span> 
     </span>
    </p>
   </div>
   <div class='ocr_carea' id='block_1_119' title="bbox 2175 5625 3856 5706">
    <p class='ocr_par' dir='ltr' id='par_1_119' title="bbox 2175 5625 3856 5706">
     <span class='ocr_line' id='line_1_120' title="bbox 2175 5625 3856 5706; baseline 0.007 -26"><span class='ocrx_word' id='word_1_838' title='bbox 2175 5626 2348 5681; x_wconf 84' lang='lat' dir='ltr'><strong>vertit</strong></span> <span class='ocrx_word' id='word_1_839' title='bbox 2378 5625 2517 5683; x_wconf 90' lang='lat' dir='ltr'><strong>hinc</strong></span> <span class='ocrx_word' id='word_1_840' title='bbox 2537 5629 2763 5700; x_wconf 89' lang='lat' dir='ltr'><strong>Ignatio</strong></span> <span class='ocrx_word' id='word_1_841' title='bbox 2813 5630 3082 5704; x_wconf 88' lang='lat' dir='ltr'><strong>periculi,</strong></span> <span class='ocrx_word' id='word_1_842' title='bbox 3114 5633 3362 5705; x_wconf 90' lang='lat' dir='ltr'><strong>ideoque</strong></span> <span class='ocrx_word' id='word_1_843' title='bbox 3423 5650 3554 5706; x_wconf 86' lang='lat' dir='ltr'><strong>pro,</strong></span> <span class='ocrx_word' id='word_1_844' title='bbox 3589 5633 3717 5691; x_wconf 73' lang='grc' dir='ltr'>ὅθεν</span> <span class='ocrx_word' id='word_1_845' title='bbox 3755 5637 3856 5691; x_wconf 70' lang='lat' dir='ltr'><strong>0.5x</strong></span> 
     </span>
    </p>
   </div>
   <div class='ocr_carea' id='block_1_120' title="bbox 2176 5707 3852 5799">
    <p class='ocr_par' dir='ltr' id='par_1_120' title="bbox 2176 5707 3852 5799">
     <span class='ocr_line' id='line_1_121' title="bbox 2176 5707 3852 5799; baseline 0.017 -35"><span class='ocrx_word' id='word_1_846' title='bbox 2176 5707 2321 5784; x_wconf 70' lang='grc' dir='ltr'>ἄξιός</span> <span class='ocrx_word' id='word_1_847' title='bbox 2352 5713 2470 5788; x_wconf 75' lang='grc' dir='ltr'>εἶμι</span> <span class='ocrx_word' id='word_1_848' title='bbox 2525 5712 2831 5792; x_wconf 86' lang='grc' dir='ltr'>καλεῖσθαι,</span> <span class='ocrx_word' id='word_1_849' title='bbox 2885 5718 2997 5776; x_wconf 86' lang='lat' dir='ltr'><strong>ista</strong></span> <span class='ocrx_word' id='word_1_850' title='bbox 3054 5722 3336 5792; x_wconf 86' lang='lat' dir='ltr'><strong>reposuit,</strong></span> <span class='ocrx_word' id='word_1_851' title='bbox 3395 5721 3465 5792; x_wconf 77' lang='grc' dir='ltr'><strong>ἦς</strong></span> <span class='ocrx_word' id='word_1_852' title='bbox 3525 5723 3631 5779; x_wconf 77' lang='grc' dir='ltr'><strong>οὖκ</strong></span> <span class='ocrx_word' id='word_1_853' title='bbox 3684 5725 3852 5799; x_wconf 77' lang='grc' dir='ltr'>’ἄξιός</span> 
     </span>
    </p>
   </div>
  </div>
