3942 6302
129 388 231 448 461

129 521 243 595 εἰμι
270 519 566 577 καλεῖσθαι
599 519 915 592 ἐπίσκοπος,
947 529 1012 580 ut
1034 525 1209 581 verba
1257 526 1562 599 Ignatiana
1603 524 1787 595 magis
1816 525 1872 592 Α

125 614 384 672 Paulinis
408 617 768 687 respondere
789 616 879 672 vid
891 614 1268 672 erentur.06x
1293 615 1366 677 ὡς
1388 612 1462 669 ὣν
1493 615 1789 684 rcq,semel

123 721 152 757 a
176 711 372 760 nostro
397 716 765 776 usurpatum,
790 709 847 762 et
869 707 1104 778 quidem
1128 705 1188 761 in
1213 706 1459 778 epistola
1503 709 1569 762 ad
1596 706 1782 777 Ephe-

122 794 238 849 sios
270 797 436 864 (nam
468 795 571 850 illa
601 813 670 850 ex
697 796 946 868 epistola
971 797 1388 853 ad'Tarsenses
1446 801 1506 852 et
1560 795 1784 866 Philip-

125 901 335 956 penses
381 885 639 941 adducta
695 887 766 941 ad
825 886 1088 942 fictorem
1149 886 1458 958 spectant),
1543 885 1788 957 apostoli

124 974 350 1030 nullam
382 975 776 1030 imitationem
799 975 1094 1044 continet;
1119 977 1219 1031 sed
1244 977 1436 1048 potius
1468 974 1790 1045 discipulos

121 1064 383 1119 Simonis
435 1063 798 1136 perstringit,
852 1064 952 1136 qui
1010 1065 1156 1121 dixit
1223 1065 1362 1118 εἴναί
1419 1084 1542 1119 τινα
1599 1063 1786 1118 ἑαυτὸν

126 1151 318 1228 μέγαν,
353 1156 482 1210 Act.
516 1155 721 1223 vm,9,
781 1159 846 1210 ut
904 1159 1039 1211 ante
1094 1155 1373 1211 Theudae
1433 1151 1606 1230 λέγων
1651 1153 1786 1207 εἶναι

118 1263 237 1296 τινα
268 1242 490 1311 ἑαυτὸν,
533 1249 658 1299 Act.
692 1260 746 1310 ν,
805 1245 894 1300 35.
963 1245 1114 1300 Illud
1173 1249 1372 1301 autem
1405 1245 1656 1317 epistola
1709 1245 1781 1300 ad

125 1333 421 1389 Romanos
449 1330 698 1405 ἠλέημαί
725 1353 812 1394 τις
843 1334 980 1387 εἶναι
1007 1333 1123 1391 alio
1147 1339 1388 1406 spectat,
1420 1335 1493 1391 ad
1537 1334 1784 1406 gloriam

121 1439 337 1494 nempe
355 1425 618 1479 futuram
644 1439 713 1479 ex
732 1423 1034 1496 martyrio,
1067 1428 1132 1479 ut
1152 1440 1221 1480 ex
1250 1424 1442 1480 verbis
1486 1423 1784 1495 adjunctis

122 1516 299 1584 patet,
333 1509 425 1564 ἐὰν
457 1515 589 1565 Θεοῦ
647 1507 920 1589 ἐπιτύχω.
985 1513 1062 1570 Eo
1120 1513 1359 1586 quidem
1410 1513 1536 1569 loco
1589 1517 1785 1584 aperte

117 1601 468 1672 Apostolum
499 1602 783 1670 imitatur,
820 1599 884 1654 οὐ
915 1601 1019 1678 γάρ
1052 1599 1167 1673 εἶμι
1198 1601 1367 1672 ἄξιος,
1416 1595 1491 1655 ὤν
1548 1599 1784 1676 ἔσχατος

117 1688 290 1745 αὐτῶν
319 1689 414 1745 καὶ
446 1686 725 1764 ἔκτρωμα,
759 1692 860 1748 sed
917 1691 1093 1748 verba
1149 1693 1278 1763 ejus
1337 1695 1569 1748 tantum
1617 1705 1784 1747 usur-

114 1785 233 1851 pat,
266 1780 387 1837 alio
422 1795 601 1836 sensu
634 1781 704 1836 de
738 1797 800 1836 se
832 1779 1068 1852 accipit,
1130 1781 1229 1851 qui
1271 1797 1392 1836 suae
1459 1779 1781 1836 conditioni

898 389 1317 451 PEARSONII
1361 388 1738 454 VINDICIA
1783 385 2257 449 IGNATIANIE.
2305 415 2380 430 -—
2424 384 2630 444 PARS
2675 383 2753 444 Il.

3438 381 3562 443 462

1970 525 2121 578 sunt.
2149 522 2220 577 De
2252 519 2617 591 inscriptio-ne
2647 515 3563 591 epistolaad_Romanos__dispus

1971 599 2156 658 tatur,
2217 601 2269 648 et
2318 594 2386 647 de
2431 588 2542 646 illa
2591 588 2685 645 ad'
2719 589 3216 658 Philadelphenses.
3299 588 3556 644 Aliorum

1969 664 2220 736 exempla
2256 668 2444 720 nostro
2466 679 2573 718 non
2597 661 2890 736 o/ﬁci_unt._
2912 662 3239 736 conjectura
3285 660 3352 736 de
3404 660 3557 736 mata

1968 733 2281 792 imitatione
2329 737 2507 805 ipsius
2566 734 2783 803 Ignatii
2834 733 2901 788 ab
2942 735 3242 805 impostore
3288 734 3556 805 in_stituta

1965 809 2305 879 exploditur.
2340 803 2750 879 Argumentum
2771 822 2818 879 νᾳ
2843 804 3268 874 repetitionibus
3327 803 3553 860 ductum

1961 876 2132 952 plane
2161 876 2434 952 frivolum
2453 895 2566 935 esse
2593 876 2926 934 ostenditur.

1965 986 2164 1058 Capite
2182 987 2252 1040 30
2275 985 2689 1056 inscriptiones
2709 983 3087 1054 epistolarum
3103 981 3360 1053 exagitat
3380 979 3555 1052 quasi

1895 1074 2463 1147 longiusculas,etin
2498 1074 2590 1130 his
2619 1071 2950 1141 κακοζηλίαν
2983 1070 3378 1143 reprehendit.
3413 1069 3554 1124 lmi-

1895 1165 2002 1219 tari
2037 1165 2330 1236 Ignatium
2365 1168 2633 1220 nostrum
2662 1164 2720 1219 S.
2755 1161 2920 1219 Pauli
2950 1160 3381 1231 inscriptiones,
3433 1175 3551 1214 non

1895 1255 2088 1309 minus
2111 1270 2288 1325 quam
2314 1253 2568 1325 reliquas
2593 1251 2972 1322 epistolarum
2995 1249 3313 1322 particulas
3333 1249 3552 1318 fateor;

1893 1343 2217 1414 exemplum
2246 1342 2400 1398 enim
2445 1343 2638 1413 aptius
2670 1349 2766 1398 aut
2798 1339 3136 1413 preclarius
3175 1338 3288 1394 sibi
3337 1343 3578 1409 propo-’

1893 1448 2025 1488 nere
2058 1448 2172 1488 non
2204 1433 2431 1503 potuit;
2467 1431 2569 1488 sed
2604 1446 2871 1503 perverse
2901 1433 3003 1486 aut
3029 1427 3340 1485 infeliciter
3381 1426 3442 1482 id
3471 1426 3547 1482 ab

1891 1537 1957 1578 eo
1987 1522 2206 1577 factum
2256 1537 2384 1578 esse
2434 1537 2597 1592 nego.
2648 1542 2676 1571 «
2720 1518 3057 1592 Apostolus,
3103 1515 3319 1588 inquit,
3365 1513 3550 1571 semel

1891 1614 2064 1681 atque
2094 1612 2306 1667 iterum
2335 1611 2393 1666 id
2427 1611 2659 1678 fecerat,
2692 1609 2940 1681 scriptor
2970 1612 3169 1664 noster
3187 1607 3248 1662 in
3271 1603 3548 1662 omnibus

1894 1715 2036 1772 pene
2066 1699 2354 1772 epistolis.
2386 1719 2415 1750 »
2453 1700 2568 1756 Hoc
2599 1699 2784 1770 primo
2815 1697 3030 1754 falsum
3062 1700 3170 1762 est,
3216 1699 3275 1752 et
3303 1693 3543 1766 quidem

1888 1805 1957 1844 ex
1983 1793 2229 1860 utraque
2259 1792 2442 1861 parte.
2485 1790 2642 1845 inter
2671 1789 2738 1844 14
2789 1785 3070 1859 epistolas
3118 1784 3400 1840 Paulinae
3442 1799 3542 1839 eas

116 1869 721 1926 convenientissimus
741 1870 868 1924 fuit.
905 1868 1219 1940 Apostolus
1269 1870 1340 1925 de
1397 1874 1658 1940 tempore
1688 1886 1783 1925 vo-

1965 1878 2044 1934 las
2078 1880 2289 1934 fatetur
2309 1893 2440 1935 esse
2459 1877 2878 1950 longiusculas,
2909 1892 3033 1947 quas
3056 1876 3283 1946 scriptae
3306 1879 3444 1930 sunt
3469 1873 3542 1928 ad

117 1960 370 2016 cationis
404 1959 685 2033 loquitur,
716 1960 1014 2016 Christum
1072 1959 1184 2016 sibi
1223 1952 1474 2036 ἔσχατον,
1525 1977 1626 2016 seu
1676 1977 1776 2032 po-

116 2056 335 2108 stremo
358 2050 488 2107 loco
522 2055 650 2122 post
667 2067 872 2107 omnes
899 2050 1193 2122 apostolos
1237 2056 1414 2122 atque
1463 2051 1632 2108 etiam
1662 2052 1776 2105 fra-

119 2147 238 2198 tres
273 2142 648 2214 apparuisse,
683 2156 743 2197 se
777 2141 932 2196 enim
966 2145 1128 2198 extra
1157 2145 1388 2213 tempus
1447 2141 1774 2212 legitimum

120 2231 396 2286 obortum
424 2231 834 2302 esse,ideoque
855 2232 1092 2286 nomine
1116 2230 1371 2302 Apostoli
1390 2230 1479 2286 vix
1506 2230 1774 2301 dignum,

124 2322 278 2390 quod
308 2319 630 2376 Ecclesiam
665 2325 1005 2392 persecutus
1026 2321 1120 2377 sit.
1154 2321 1366 2377 Noster
1415 2337 1531 2376 non
1577 2321 1648 2376 de
1677 2338 1774 2376 vo-

123 2411 374 2479 catione,
406 2410 508 2466 sed
541 2412 612 2467 de
642 2412 1132 2467 condemnatione
1183 2428 1292 2467 sua
1348 2411 1628 2482 loquitur,
1661 2427 1778 2482 qua

122 2501 190 2556 de
221 2499 446 2572 papulo
495 2500 857 2557 Antiocheno
917 2502 1144 2558 excisus
1224 2500 1356 2569 fuit,
1416 2507 1474 2556 et
1531 2501 1776 2556 inﬁmus

121 2605 323 2645 eorum
348 2589 566 2656 factus,
598 2590 669 2646 ab
688 2589 946 2646 Ecclesia
994 2593 1309 2657 extractus,
1341 2594 1397 2647 et
1453 2591 1526 2646 ad
1550 2590 1773 2661 suppli-

120 2679 276 2734 cium
303 2679 526 2735 ductus
556 2694 743 2751 neque
771 2680 1231 2736 misericordiam
1273 2678 1444 2735 alium
1495 2694 1778 2736 consecu-

121 2772 240 2834 tus,
276 2784 461 2838 quam
493 2772 556 2823 ut
585 2784 688 2840 per
709 2769 1052 2841 martyrium
1079 2768 1197 2825 Deo
1229 2769 1341 2824 frui
1369 2772 1589 2841 posset.

187 2856 270 2913 De
303 2857 540 2913 arcanis
570 2862 629 2913 et
657 2858 728 2913 de
758 2859 956 2930 pueris
979 2860 1106 2930 jam
1156 2863 1290 2914 ante
1344 2858 1621 2915 diximus.
1665 2857 1774 2914 Sed

124 2947 280 3017 quod
326 2945 472 3001 illud
521 2946 803 3020 Apostoli,
859 2949 1064 3004 Donate
1103 2948 1243 3004 mihi
1288 2948 1429 3004 hanc
1486 2947 1774 3019 injuriam,

129 3040 332 3091 nostro
364 3035 623 3106 objiciet,
657 3037 832 3108 idque
880 3045 1154 3110 tanquam
1213 3039 1568 3105 affectatum,
1597 3047 1650 3093 et
1705 3036 1779 3094 ad

131 3125 419 3182 orationis
442 3141 737 3197 pompam,
769 3125 963 3182 miror.
999 3127 1309 3198 Gregorius
1357 3127 1774 3194 Nazianzenus,

133 3214 496 3284 purissimus
519 3214 786 3287 scriptor,
819 3215 1031 3287 saepius
1055 3217 1257 3272 eadem
1283 3216 1466 3272 forma
1495 3233 1640 3272 usus
1670 3225 1775 3272 est.

131 3304 411 3361 Oratione
443 3305 550 3359 25:
586 3303 649 3359 Εἰ
687 3300 746 3358 δὲ
790 3305 872 3360 ὅτι
920 3304 1346 3378 τυραννούμενος
1403 3304 1570 3384 φέρω,
1620 3308 1780 3360 τοῦτο

131 3390 330 3462 ἀδικῶ,
373 3390 671 3468 χαρίσασθέ
721 3415 814 3466 μοι
867 3395 966 3462 τήν
1013 3391 1225 3449 ἀδικίαν
1274 3395 1495 3466 ταύτην.
1565 3419 1584 3445 ι
1619 3396 1780 3460 Quod

131 3483 178 3538 si
202 3489 518 3556 propterea
540 3483 818 3555 injuriam
853 3484 1180 3557 facio,quia
1205 3485 1512 3557 tyrannide
1544 3502 1785 3555 pressus

129 3589 296 3644 aequo
330 3573 532 3628 animo
565 3573 704 3642 fero,
761 3574 972 3630 donate
1019 3575 1156 3629 mihi
1219 3573 1369 3630 hanc
1421 3574 1720 3643 injuriam.
1753 3596 1780 3626 »

132 3663 351 3718 Iterum
385 3660 648 3718 oratione
671 3661 790 3716 32:
834 3661 895 3718 Ei
951 3659 1116 3716 ταῦτα
1169 3659 1317 3716 δεινά
1369 3662 1580 3738 γέγονε,
1637 3682 1784 3737 παρ-

130 3750 396 3822 ελήλυθε·
458 3750 754 3827 χαρίσασθέ
809 3773 902 3826 μοι
959 3754 1058 3822 τήν
1116 3749 1332 3808 ἀδικίαν
1382 3752 1606 3823 ταύτην.
1666 3756 1788 3812 «Si

133 3842 255 3899 haec
279 3842 484 3914 gravia
522 3842 760 3913 fuerint,
794 3844 1216 3915 praeterierunt,
1242 3845 1451 3901 donate
1471 3845 1614 3900 mihi
1638 3844 1788 3901 hanc

131 3932 477 4002 iniuriam.»
511 3933 578 3988 At
609 3937 808 3988 noster
837 3949 907 3988 ne
967 3932 1074 3990 hac
1134 3934 1368 4005 quidem
1428 3935 1614 3990 forma
1648 3950 1789 3990 usus

136 4026 244 4087 est,
280 4021 728 4093 autquidquam
757 4020 837 4076 illi
865 4021 1056 4078 simile
1079 4022 1244 4078 dixit.
1281 4023 1473 4079 lronia
1516 4028 1604 4080 est
1634 4023 1786 4096 apud

139 4109 511 4181 Apostolum,
544 4115 602 4166 et
630 4110 868 4182 quidem
903 4112 1211 4168 manifesta
1267 4112 1353 4184 (ut
1392 4117 1449 4168 et
1498 4115 1650 4184 apud
1685 4112 1792 4167 Na-

137 4199 506 4270 zianzenum)
528 4217 639 4270 qua
667 4200 922 4271 graviter
957 4200 1288 4257 Corinthios
1335 4202 1622 4272 objurgat,
1659 4199 1795 4274 μετᾶ

140 4286 367 4356 πολλῆς
432 4288 737 4362 βαρύτητος
793 4285 954 4358 ἔθηκε
1007 4291 1109 4358 τὴν
1168 4288 1508 4363 ἐπιτίμησιν,
1585 4289 1675 4345 καὶ
1731 4289 1793 4345 τὸ

139 4379 263 4450 ἑξῆς
325 4379 756 4451 φορτικώτερον,
815 4378 1007 4452 inquit
1064 4381 1536 4452 Chrysostomus.
1624 4381 1796 4436 Nulla

139 4467 297 4539 apud
333 4469 628 4538 Ignatium
663 4469 926 4524 beneficii
987 4472 1486 4539 commemoratio,
1519 4470 1676 4526 nulla
1708 4471 1794 4526 in-

140 4556 310 4628 iuria:
335 4557 579 4626 mentio,
614 4559 760 4613 forte
802 4573 874 4614 ne
892 4559 1333 4616 condonationis
1365 4560 1624 4630 quidem.
1656 4565 1799 4632 Σογ-

1891 1969 2183 2025 Romanos
2229 1973 2288 2024 et
2319 1970 2388 2024 ad
2431 1968 2644 2023 Titum.
2689 1971 2765 2022 At
2807 1965 3110 2036 inscriptio
3150 1963 3418 2034 Epistolas
3467 1963 3541 2018 ad

1886 2058 2124 2114 Galatas
2151 2059 2412 2130 quinque
2435 2055 2739 2114 versiculis
2768 2058 3066 2119 constans,
3116 2069 3244 2109 eam
3290 2069 3418 2124 quas
3460 2054 3535 2110 ad

1885 2147 2071 2203 Titum
2099 2153 2207 2207 est.
2242 2148 2435 2221 potius
2466 2151 2720 2218 superat.
2758 2145 2958 2216 Neque
2994 2159 3128 2200 vero
3169 2142 3354 2198 multo
3402 2141 3536 2198 bre-

1883 2237 2006 2294 vior
2038 2239 2228 2310 prima
2267 2239 2337 2293 ad
2371 2237 2739 2294 Corinthios:
2778 2239 2930 2291 certe
2960 2233 3192 2306 longior
3221 2232 3529 2305 Ignatiana

1881 2327 1972 2383 vel
2005 2329 2076 2383 ad
2110 2327 2462 2398 Smyrnaeos,
2495 2327 2582 2382 vel
2613 2325 2684 2382 ad
2726 2323 3130 2394 Polycarpum,
3177 2321 3270 2377 vel
3307 2321 3379 2376 ad
3407 2324 3529 2375 Ma-

1885 2417 2140 2487 gnesios,
2171 2417 2260 2473 vel
2281 2417 2350 2472 ad
2372 2416 2722 2484 Trallesios;
2756 2413 2996 2486 aequalis
3017 2412 3103 2468 illi
3125 2412 3197 2467 ad
3229 2409 3534 2483 Ephesios,

1886 2523 2012 2577 quae
2036 2507 2281 2562 fortasse
2301 2507 2567 2562 omnium
2593 2505 2748 2576 apud
2767 2510 3029 2559 nostrum
3053 2499 3399 2573 longissima
3417 2505 3530 2555 est.

1957 2596 2067 2650 Sed
2101 2610 2368 2666 perverse
2399 2601 2592 2650 tamen
2624 2599 2682 2649 et
2727 2591 3036 2648 infeliciter
3075 2589 3322 2645 imitatio
3367 2587 3535 2645 insti-

1884 2688 2008 2739 tuta
2029 2694 2114 2740 est
2134 2701 2147 2752 ;
2173 2684 2312 2755 quia
2346 2683 2756 2754 inscriptiones
2777 2697 3000 2745 omnes,
3035 2695 3181 2750 quas
3203 2694 3310 2734 nos
3335 2677 3537 2733 defen-

1886 2773 2102 2839 dimus,
2137 2789 2253 2828 una
2281 2774 2352 2828 ad
2385 2771 2768 2844 Polycarpum
2801 2773 3116 2840 excepta,et
3143 2767 3438 2822 laciniosa:
3469 2770 3529 2822 et

1887 2863 2356 2936 impeditissima:
2388 2870 2545 2928 sunt,
2587 2862 2852 2933 quaedam
2898 2859 3072 2914 etiam
3124 2857 3296 2929 plane
3345 2855 3539 2927 prodi-

1888 2953 2084 3026 giosae.
2116 2953 2224 3008 Ain
2263 2969 2399 3009 vero
2451 2951 2877 3021 inscriptiones,
2926 2952 3132 3020 praeter
3182 2945 3414 3001 unicam
3459 2945 3532 3000 ad

1888 3042 2604 3116 Polycarpnm,laciniosas
2621 3037 3175 3111 etimpeditissimas
3186 3051 3316 3092 esse
3330 3036 3358 3090 ‘I
3379 3034 3545 3090 Certe

1887 3132 2192 3204 inscriptio
2216 3133 2286 3188 ad
2311 3137 2641 3204 Smyrnaaos
2663 3130 2806 3186 satis
2831 3127 3098 3201 expedita
3127 3130 3216 3183 est
3241 3141 3255 3193 ;
3280 3127 3350 3181 ab
3373 3124 3540 3181 initio

1892 3223 1961 3277 ad
1996 3223 2167 3278 finem
2202 3220 2503 3293 equaliter
2533 3219 2701 3286 ﬂuit;
2743 3218 2903 3274 nullo
2925 3218 3095 3272 modo
3116 3213 3314 3270 hiulca
3339 3213 3544 3269 autin-

1891 3317 2041 3367 terru
2052 3317 2151 3384 pta
2179 3319 2306 3380 est;
2341 3310 2574 3382 singula
2605 3315 2798 3366 autem
2821 3308 3042 3380 optime
3061 3305 3370 3362 cohaerent.
3395 3305 3542 3369 Quo-

1889 3404 2043 3459 circa
2076 3419 2190 3456 non
2224 3402 2421 3456 minus
2449 3399 2564 3455 ista
2595 3416 2769 3470 quam
2801 3398 2988 3470 ipsius
3017 3411 3214 3452 comes
3245 3395 3317 3450 ad
3363 3392 3539 3463 Poly-

1889 3507 2154 3563 carpum,
2187 3490 2527 3562 excipienda
2557 3489 2686 3546 fuit.
2721 3489 2877 3544 idem
2908 3485 3221 3543 dicendum
3244 3485 3314 3540 de
3337 3482 3438 3538 illa
3467 3482 3540 3538 ad

1889 3581 2189 3653 Ephesios,
2225 3581 2296 3635 de
2325 3579 2426 3635 illa
2457 3579 2628 3634 etiam
2664 3579 2735 3634 ad
2766 3577 3075 3633 Trallesios
3107 3601 3121 3644 ;
3154 3590 3343 3646 neque
3382 3573 3541 3630 enim

1892 3675 2093 3726 contra
2125 3671 2231 3725 has
2261 3669 2350 3724 vel
2383 3685 2499 3723 una
2538 3668 2872 3739 exceptione
2922 3667 3102 3733 utitur
3143 3665 3232 3720 vir
3279 3663 3544 3720 doctissi-

1892 3777 2045 3816 mus.
2079 3765 2220 3816 Tres
2246 3759 2427 3830 igitur
2483 3757 2891 3812 tantummodo
2940 3761 3279 3826 supersunt,
3329 3752 3544 3826 quibus

1895 3851 2034 3923 quid
2063 3849 2237 3904 habet
2268 3847 2422 3919 quod
2455 3845 2692 3917 objiciet
2720 3845 3044 3901 videamus.

1962 3939 2168 3995 Totam
2215 3936 2379 3992 illam
2426 3937 2497 3991 ad
2546 3936 2837 3990 Romanos
2893 3938 2951 3989 et
2999 3933 3191 3988 Graece
3238 3936 3296 3987 et
3347 3931 3548 3987 Latine

1895 4028 2288 4098 transcripsit,
2316 4027 2578 4082 etGreca
2608 4023 2844 4096 quidem
2867 4038 2984 4078 uno
3007 4025 3235 4077 tantum
3269 4019 3549 4074 vocabulo

1897 4121 2030 4172 Θεοῦ
2084 4117 2363 4173 auctiora.
2425 4114 2815 4171 Prolixitatem
2865 4115 3147 4177 accusat;
3199 4109 3459 4164 defendit
3487 4108 3547 4163 S.

1898 4207 2134 4275 Paulus,
2168 4205 2269 4277 qui
2302 4204 2561 4277 epistolae
2584 4220 2703 4259 suae
2726 4203 2795 4258 ad
2820 4201 3086 4258 eamdem
3118 4197 3436 4254 Ecclesiam
3461 4198 3551 4251 in-

1899 4298 2276 4368 scriptionem
2307 4293 2552 4365 praefixit
2598 4291 2837 4364 aqualis
2885 4289 3091 4346 saltem
3138 4286 3548 4360 longitudinis.

1898 4387 2133 4443 Meliora
2165 4384 2397 4456 scripsit
2435 4381 2770 4454 Apostolus,
2821 4396 2934 4436 non
2987 4378 3272 4435 breviora.
3323 4379 3554 4433 Coacer-

1899 4485 2028 4533 vata
2053 4481 2109 4531 et
2141 4489 2419 4545 Spumosa
2469 4471 2723 4543 epitheta
2779 4471 3060 4538 damnat;
3095 4469 3331 4525 excusat
3359 4465 3551 4538 gentis

1901 4572 2175 4639 Syrorum
2211 4565 2269 4619 in
2302 4562 2611 4619 scribendo
2655 4577 2802 4629 mos,
2853 4569 2907 4616 et
2956 4557 3261 4618 familiaris
3309 4571 3554 4614 consue-

135 4651 476 4721 γνωμονεῖτε
507 4652 634 4702 tum
666 4647 736 4703 ad
786 4646 1133 4717 Trallenses,
1179 4653 1306 4705 tum
1369 4649 1442 4705 ad
1497 4649 1790 4706 Romanos
1823 4648 1866 4712 D
1898 4659 2061 4725 tudo,
2124 4671 2249 4726 quas
2305 4657 2362 4708 S.
2427 4651 2652 4724 lgnatio
2707 4651 2901 4722 potius
2958 4665 3280 4721 congruere
3349 4652 3551 4704 osten-

142 4737 344 4808 potius
378 4757 403 4788 α
438 4736 816 4806 acquiescite,
848 4737 907 4792 in
957 4751 1144 4794 meam
1198 4737 1551 4794 sententiam
1599 4753 1798 4794 conce-

145 4826 291 4892 dite,
326 4845 351 4876 ι
399 4824 775 4900 συγῃώμονές
833 4845 929 4898 μοι
980 4822 1117 4896 ἔστε,
1179 4828 1249 4882 ad
1309 4828 1595 4884 Romanos
1652 4845 1797 4900 pra:-

147 4915 378 4980 sertim,
413 4913 844 4989 συγγνωμονεῖτέ
877 4934 994 4988 μοι,
1043 4916 1121 4989 μὴ
1172 4911 1508 4988 ἐμποδίσητὲ
1557 4936 1650 4988 μοι
1701 4920 1799 4985 ζῆ..

148 5025 261 5060 σαι.
298 5026 325 5053 ‹‹
349 5003 738 5060 Consentiatis
763 5006 930 5071 mihi,
960 5023 1030 5062 ne
1049 5005 1467 5078 impedimento
1501 5005 1632 5062 sitis
1654 5022 1799 5077 quo-

151 5095 356 5152 minus
375 5093 587 5150 vivam.
621 5117 651 5145 »
674 5094 733 5150 Si
755 5098 1187 5169 συγγνωμενεῖτε
1226 5100 1543 5165 vertamus,
1577 5115 1609 5149 ‹‹
1636 5095 1798 5167 igno-

150 5187 326 5257 scite,
358 5210 388 5238 n
410 5204 480 5244 ne
511 5186 596 5243 sic
627 5186 863 5258 quidem
895 5187 1138 5244 Paulino
1173 5187 1492 5262 χαρίζεσθαι
1553 5203 1799 5260 respon-

148 5277 249 5335 det
304 5283 409 5334 aut
460 5277 624 5334 illius
678 5278 878 5334 ironia;
936 5278 1288 5351 elegantiam
1351 5279 1646 5351 exprimit,
1705 5287 1802 5335 aut

145 5368 473 5441 quidquam
507 5384 643 5424 cum
675 5367 775 5424 illo
815 5369 885 5424 ad
929 5368 1258 5426 Corinthios
1316 5368 1442 5426 loco
1491 5383 1802 5426 commune

143 5457 343 5529 habet,
379 5458 566 5516 multo
599 5458 798 5515 minus
828 5457 1111 5515 orationis
1134 5475 1430 5532 pompam.

777 5565 1005 5622 CAPUT
1033 5564 1172 5624 XVI.

147 5668 609 5736 lgnatz'usnouer
637 5665 949 5737 Apostolum
980 5665 1038 5720 in
1101 5663 1556 5737 inscriptionibus
1606 5663 1806 5735 episto-

219 5741 408 5797 larum
446 5736 731 5798 imitatur.
795 5737 924 5806 Quae
979 5737 1299 5810 apostolicis
1360 5736 1636 5806 longiores
1692 5751 1804 5792 non

1905 4746 2008 4802 dit.
2041 4744 2357 4801 Asiaticum
2391 4739 2667 4813 loquendi
2698 4756 2884 4812 genus
2907 4737 3410 4809 reprehendebant
3429 4735 3551 4792 cri-

1906 4836 2006 4893 tici
2037 4839 2298 4902 veteres;
2331 4831 2434 4887 sed
2489 4829 2634 4885 nihil
2685 4829 2840 4883 aliud
2902 4827 3315 4897 exspectabant
3353 4826 3426 4880 ab
3478 4825 3554 4880 iis

1908 4926 2005 4998 qui
2037 4925 2097 4979 in
2123 4924 2259 4978 Asia
2290 4936 2523 4992 semper
2553 4920 2841 4975 vixerunt.
2875 4916 3068 4970 Cicero
3115 4919 3194 4970 De
3238 4913 3408 4968 clari:
3437 4927 3556 4968 ora-

1909 5014 2121 5071 toribus
2156 5028 2168 5066 :
2203 5034 2231 5061 «
2265 5010 2409 5064 Hinc
2429 5007 2664 5064 Asiatici
2696 5009 2954 5061 oratores
2976 5019 3091 5058 non
3140 4999 3555 5057 contemnendi

1910 5103 2148 5177 quidem
2177 5114 2282 5154 nec
2313 5095 2602 5151 celeritate
2624 5111 2728 5150 nec
2760 5092 2944 5165 copia,
2977 5091 3076 5148 sed
3127 5105 3333 5162 parum
3368 5087 3558 5161 pressi

1911 5176 1968 5249 et
1990 5189 2167 5246 nimis
2209 5185 2623 5241 redundantes.
2655 5205 2676 5232 ι
2714 5183 2774 5239 Si
2812 5181 3206 5238 redundantes
3234 5181 3292 5234 et
3319 5176 3561 5233 tumide

1909 5284 2220 5340 videantur
2240 5274 2651 5346 inscriptiones
2676 5275 3014 5346 lgnatianae,
3031 5288 3202 5328 nemo
3225 5268 3557 5337 mirabitur,

1913 5373 2013 5446 qui
2032 5374 2327 5428 auctorem
2352 5381 2419 5421 ex
2444 5363 2575 5419 Asia
2609 5362 2698 5418 vel
2720 5363 2886 5434 Syria
2916 5364 3240 5433 profectum
3289 5375 3418 5415 esse
3460 5373 3564 5413 no-

1911 5467 2013 5523 vit.
2033 5464 2200 5521 Alius
2221 5460 2458 5532 quidem
2481 5456 2780 5512 character
2809 5455 3070 5526 epistolis
3115 5451 3554 5510 convenientior

1913 5555 2107 5629 putari
2140 5552 2303 5619 solet,
2336 5550 2437 5606 sed
2470 5546 2881 5603 familiaribus.
2914 5545 3024 5600 Ubi
3057 5545 3127 5600 ad
3165 5544 3450 5600 maximas
3481 5540 3567 5597 ci-

1912 5647 2123 5703 vitates
2182 5641 2479 5708 scribitur,
2531 5635 2754 5709 aliquid
2802 5633 3015 5691 elatius
3067 5633 3425 5690 conceditur.
3480 5629 3569 5686 Ita

1913 5740 2081 5793 vetus
2103 5732 2354 5805 scriptor
2368 5728 2490 5806 περὶ
2525 5720 2814 5802 ἑρμηνείας
2844 5724 2954 5782 sub
2998 5721 3278 5781 Demetrii
3308 5716 3569 5776 Phalerii
