3942 6302
387 369 508 427 463

1426 366 1488 422 S.
1535 363 1942 423 lGNATIUS.
1993 393 2068 404 ——
2110 357 2734 418 PROLEGOMENA.

3680 351 3807 410 464

389 499 627 556 nomine
653 497 803 553 Ἐπεὶ
835 493 892 549 δὲ
919 495 1009 549 καὶ
1039 495 1233 548 πόλεσί
1264 514 1393 548 ποτε
1441 493 1530 547 καί
1582 491 1861 568 βασιλεῦσι
1892 511 1946 565 γε

2250 506 2366 545 :um
2399 489 2506 544 hac
2527 486 2774 558 epistola
2805 483 3176 551 continebat;
3228 484 3378 538 unde
3439 481 3645 537 titvlus
3705 482 3807 537 hic

391 611 581 666 φομεν,
615 582 847 642 ἔστωσαν
906 589 1147 639 τοιαῦται
1196 585 1249 638 αἱ
1298 582 1582 638 ἐπιστολαὶ
1636 584 1828 657 μικρὸν
1879 580 2029 654 ἐξηρ-

397 678 550 750 μὲναι
585 699 722 739 πως.
759 679 946 734 «Cum
978 682 1171 731 autem
1208 677 1280 731 ad
1339 676 1598 730 civitates
1631 673 1943 730 scribimus
1975 677 2031 727 et

389 785 578 841 reges,
612 769 732 825 sint
753 769 897 823 tales
929 766 1184 838 epistolae
1217 765 1390 838 paulo
1449 765 1882 836 quodammodo
1914 761 2028 818 ela-

387 857 588 914 tiores.
623 879 651 906 ››
669 859 806 912 Cum
834 857 1011 928 igitur
1034 856 1155 911 bsic
1184 854 1430 926 epistola
1463 853 1535 908 ad
1574 854 1863 910 Romanos
1886 850 2032 907 scri—

387 953 488 1020 pta
518 948 614 1014 sit,
647 953 703 1004 et
733 948 805 1003 ab
833 946 1069 1002 homine
1139 946 1412 1012 Asiatico,
1445 960 1565 1000 non
1622 944 1835 998 mirum
1874 941 1922 998 si
1955 943 2036 997 in-

389 1037 628 1109 scriptio
659 1041 716 1092 et
749 1037 1082 1092 redundans
1105 1039 1160 1090 et
1190 1035 1338 1090 elata
1369 1034 1464 1090 sit.
1503 1032 1825 1088 Recolenda
1858 1031 2034 1087 etiam

389 1128 486 1183 hic
506 1130 784 1198 suntque:
808 1127 878 1182 de
901 1141 1146 1181 numero
1169 1125 1556 1196 epithetorum
1607 1131 1738 1179 ante
1759 1122 2035 1178 diximus.

390 1216 594 1287 Neque
615 1217 686 1271 de
716 1216 809 1271 his
844 1215 1193 1270 sententiam
1252 1213 1520 1269 Halloixii
1570 1229 1782 1281 moror,
1825 1212 1886 1266 in
1921 1227 2038 1282 quo

389 1305 510 1361 viro
530 1305 823 1375 judicium
847 1321 961 1359 non
983 1307 1211 1359 tantum
1235 1321 1269 1358 a
1298 1302 1532 1371 nostris,
1565 1302 1665 1358 sed
1716 1307 1772 1357 et
1829 1319 1862 1356 a
1893 1300 2035 1364 suis,

393 1393 1361 1464 etaDalltsomaxime,requiritur.
1397 1392 1601 1462 Rejicit
1647 1391 1742 1447 ille
1787 1391 2042 1462 epitheta

393 1489 678 1554 tanquam
711 1483 863 1538 male
883 1487 1175 1553 congesta,
1210 1499 1336 1554 quis
1377 1499 1510 1538 cum
1578 1480 1717 1536 alibi
1757 1480 2038 1550 admittit,

396 1574 697 1643 rejiciendi
729 1573 872 1628 satis
903 1588 1135 1644 gravem
1169 1587 1403 1627 causam
1438 1588 1554 1627 non
1595 1571 1816 1626 habuit.
1875 1571 2039 1634 Quod

397 1667 589 1718 autem
614 1662 857 1731 vulgata:
879 1662 1247 1732 inscriptioni
1270 1661 1432 1717 illam
1455 1661 1862 1732 Metaphrastze
1897 1677 2041 1731 prea-

393 1751 589 1806 tulerit
620 1751 958 1820 Halloixius,
998 1751 1058 1805 in
1082 1766 1148 1806 ea
1171 1767 1230 1806 re
1289 1756 1443 1806 certe
1493 1767 1607 1806 non
1659 1751 1801 1806 adeo
1845 1749 2042 1820 exagi—

2138 579 2196 634 in
2231 597 2338 634 ms.
2370 578 2594 634 Caiensi
2630 577 2901 648 praeﬁxus
2933 582 3172 647 apparet
3201 590 3214 628 :
3251 575 3591 644 Martyrium
3652 572 3807 628 San—

2138 673 2214 725 cli
2242 670 2442 740 Ignatii
2498 669 2739 738 episcopi
2791 667 3122 732 Antiochia,
3185 666 3300 719 sive
3367 665 3600 734 epistola
3687 663 3803 730 XII.

2140 759 2268 831 ipsa
2287 765 2483 814 autem
2508 759 2651 812 Acta
2671 756 3017 828 interpolata
3035 759 3194 821 sunt,
3228 763 3281 810 et
3303 771 3369 810 eo
3413 754 3650 825 quidem
3679 753 3808 808 loco

2142 849 2242 904 ubi
2273 847 2520 920 epistola
2540 847 2661 902 haec
2715 846 3034 905 inseritur;
3097 849 3160 899 ut
3217 861 3248 899 a
3282 842 3800 915 perspicacissimo

2141 937 2506 995 Armachano
2533 938 2910 994 observatum
2935 938 3042 990 est.
3076 939 3268 1004 Atque
3311 933 3429 988 hac
3475 933 3546 987 de
3576 933 3804 988 codici-

2143 1029 2254 1083 bus
2277 1027 2490 1083 Gracis
2509 1031 2565 1082 et
2589 1026 2834 1082 Latinis.
2867 1025 3157 1087 Secundo,
3193 1025 3242 1079 si
3289 1025 3410 1079 haec
3432 1027 3806 1094 reputemus,

2146 1116 2339 1173 nescio
2372 1118 2660 1188 quomodo
2693 1115 3057 1186 inscriptioni
3119 1113 3530 1185 Metaphrastee
3562 1129 3805 1168 omnem

2146 1208 2339 1264 locum
2363 1205 2941 1278 denegabimus.lpse
2962 1204 3262 1275 professus
3281 1208 3370 1260 est
3391 1219 3451 1259 se
3493 1202 3807 1275 epistolam

2151 1299 2297 1356 hanc
2329 1298 2400 1352 ad
2461 1298 2750 1352 Romanos
2800 1294 2887 1348 ἐπὶ
2938 1293 3164 1365 λέξεως,
3221 1295 3292 1350 ad
3348 1294 3589 1349 verbum
3643 1299 3812 1348 tran-

2150 1386 2543 1458 scripsisse,et
2566 1384 2802 1456 scriptis
2825 1385 2951 1441 suis
2977 1383 3319 1440 inseruisse.
3355 1387 3443 1438 An
3473 1382 3587 1438 hoc
3637 1399 3812 1438 men-

2150 1474 2382 1530 dacium
2413 1490 2540 1530 esse
2579 1475 2866 1542 dicemus,
2912 1472 3235 1545 praesertim
3278 1488 3410 1528 cum
3443 1473 3810 1528 contrarium

2150 1579 2351 1618 verum
2375 1579 2500 1618 esse
2531 1560 2691 1616 nullo
2725 1562 2898 1618 modo
2931 1562 3176 1633 probare
3202 1560 3544 1632 possimus?
3587 1560 3812 1615 Demus

2149 1652 2478 1708 Simeonem
2505 1650 2668 1706 illum
2702 1649 2888 1706 multa
2920 1649 3066 1706 falsa
3098 1650 3444 1721 scripsisse;
3507 1653 3566 1705 at
3601 1651 3812 1705 eadem

2152 1743 2223 1797 ab
2246 1741 2377 1797 aliis
2397 1759 2527 1797 eum
2562 1741 2858 1814 accepisse
2881 1741 3119 1796 omnino
3164 1741 3542 1796 credendum.
3574 1740 3811 1795 Scimus

392 1841 612 1897 tandus
638 1845 782 1908 erat,
814 1842 866 1897 si
911 1856 1032 1897 rem
1064 1841 1404 1912 ipsam,non
1433 1841 1563 1910 ejus
1589 1839 1866 1906 rationes,
1901 1855 2036 1895 con-
2070 1869 2116 1934 B
2153 1833 2339 1888 ωυηᾶ
2361 1850 2485 1904 (111ίὲ
2511 1833 2844 1904 εοῖίρείίνθδ
2869 1832 3125 1888 historia
3153 1833 3266 1888 ﬁde
3315 1832 3525 1900 aliena,
3562 1834 3634 1887 ab
3677 1831 3810 1888 aliis

393 1931 743 1988 sideremus.
771 1932 1099 2004 Inscriptio,
1132 1948 1309 2002 quam
1343 1932 1577 1988 unicam
1611 1931 1708 1987 ille
1754 1931 1916 1999 vidit,
1945 1931 2037 1985 in-

390 2020 757 2094 terpolatoris
791 2039 968 2077 manu
1001 2028 1056 2077 et
1089 2029 1314 2078 mutata
1372 2029 1427 2077 et
1474 2027 1644 2078 aucta
1690 2021 1822 2092 fuit,
1856 2035 2038 2091 neque

390 2127 496 2182 pro
518 2112 748 2167 sincera
770 2111 967 2167 haberi
989 2113 1210 2168 debuit.
1239 2111 1343 2166 Illa
1364 2121 1578 2180 autem,
1613 2128 1786 2182 quam
1812 2111 2040 2166 exhibet

396 2199 835 2271 Metaphrastes,
869 2200 916 2256 si
946 2217 1048 2271 pro
1080 2201 1336 2272 genuina
1366 2200 1698 2268 haberetur,
1732 2218 1764 2255 a
1810 2200 2044 2256 nemine

395 2289 578 2344 refelli
612 2295 829 2360 posset.
866 2291 1118 2359 Ideoque
1149 2289 1243 2345 hic
1286 2290 1568 2345 Halloixio
1627 2307 1906 2346 assensus
1958 2294 2046 2346 est

398 2378 711 2446 Usserius;
747 2394 935 2450 neque
970 2379 1180 2434 horum
1214 2380 1561 2435 sententiam
1621 2379 1813 2435 Dallaai
1870 2396 2044 2451 argu-

401 2474 597 2522 menta
628 2466 748 2521 ullo
780 2469 952 2523 modo
986 2467 1356 2524 labefactant.
1391 2469 1605 2537 Primo,
1640 2469 1849 2541 inquit,
1885 2492 1912 2520 «
1955 2485 2045 2526 re-

399 2558 626 2626 pugnat
645 2554 908 2610 omnium
933 2556 1219 2612 librorum
1244 2558 1480 2626 ﬁdes,et
1494 2558 1826 2614 Graecorum
1851 2563 1905 2614 et
1937 2559 2044 2613 La-

401 2644 676 2711 tinorum,
706 2645 806 2716 qui
838 2644 1036 2715 istam,
1068 2663 1233 2717 quam
1261 2648 1654 2714 recitavimus,
1709 2648 2043 2718 inscriptio-

403 2750 537 2791 nem
559 2735 855 2792 exhibent.
875 2759 901 2785 υ
922 2741 996 2791 At
1018 2753 1221 2793 omnes
1240 2738 1296 2792 hi
1322 2738 1499 2794 Graeci
1524 2738 1654 2793 libri
1680 2739 1794 2794 duo
1815 2742 2046 2794 tantum

403 2830 560 2895 sunt,
594 2825 1077 2898 Nydpruccianus
1099 2829 1566 2899 etAugustanus;
1595 2833 1839 2900 uterque
1854 2833 2047 2885 autem

403 2916 476 2971 ab
506 2916 723 2972 infelici
755 2917 1185 2988 interpolatoris
1218 2937 1414 2977 manu.
1449 2920 1594 2975 Nam
1640 2922 1819 2976 codex
1870 2920 2050 2976 Medi-

403 3022 540 3062 ceus
572 3006 668 3064 hic
697 3025 802 3064 nos
834 3009 1219 3079 destituit,cui
1251 3010 1401 3066 hanc
1432 3011 1742 3081 epistolam
1795 3011 2049 3066 defuisse

403 3101 461 3152 et
484 3096 652 3152 docet
705 3102 762 3154 et
810 3099 1072 3169 queritur
1121 3099 1498 3155 doctissimus
1579 3100 1845 3156 Vossius.
1900 3099 2049 3165 Quid

403 3187 557 3258 quod
590 3203 696 3242 nec
720 3187 778 3241 hi
817 3187 932 3242 duo
965 3187 1145 3242 Grmci
1178 3178 1428 3257 codices,
1452 3205 1638 3260 neque
1660 3189 1929 3260 vulgatus
1960 3190 2050 3244 in-

2152 1927 2284 1978 ante
2317 1927 2544 1990 tradita,
2567 1928 2624 1978 et
2646 1923 2730 1978 vel
2774 1939 2870 1978 ore
2893 1922 3154 1978 omnium
3178 1923 3505 1990 decantata,
3536 1921 3629 1976 vel
3659 1921 3806 1977 scri-

2150 2012 2265 2083 ptis
2299 2012 2470 2068 etiam
2497 2014 2770 2068 mandata
2793 2013 2989 2082 fuisse,
3026 2018 3090 2068 ut
3137 2013 3209 2069 iis
3239 2013 3381 2067 nihil
3406 2011 3502 2067 ille
3532 2012 3652 2067 nisi
3685 2028 3814 2066 me-

2151 2102 2395 2158 thodum
2429 2108 2486 2159 et
2517 2107 2788 2159 ornatum
2832 2104 3166 2158 contulerit.
3227 2103 3438 2158 Habuit
3487 2101 3674 2174 igitur
3714 2101 3816 2157 ille

2151 2192 2460 2264 epistolam
2485 2193 2556 2248 ad
2583 2193 2878 2249 Romanos
2901 2193 2959 2248 in
2987 2193 3140 2248 Actis
3165 2194 3370 2265 Ignatii
3427 2192 3815 2262 descriptam,

2151 2296 2296 2347 Acta
2326 2292 2721 2364 interpolavit,
2743 2292 2942 2347 omnia
2960 2308 3091 2363 quae
3108 2293 3180 2347 de
3205 2296 3461 2364 martyre
3479 2290 3823 2362 autlegerat

2153 2389 2250 2437 aut
2271 2382 2589 2451 audiverat,
2620 2383 2678 2436 in
2722 2381 3086 2439 luculentum
3113 2383 3373 2438 ordinem
3403 2381 3628 2453 redegit
3654 2398 3666 2448 ;
3701 2380 3823 2451 epi-

2154 2471 2391 2539 stolam,
2427 2477 2490 2526 ut
2525 2472 2840 2541 invenerat,
2867 2473 3111 2528 totidem
3165 2471 3357 2527 verbis
3415 2471 3818 2542 transcripsit.

2154 2565 2242 2616 Ita
2255 2561 2487 2616 tandem
2503 2578 2594 2616 res
2610 2562 2721 2616 huc
2735 2562 2977 2630 redit,ut
2995 2563 3134 2618 meri
3146 2568 3202 2618 to
3217 2578 3473 2634 quaerere
3486 2562 3707 2632 possim
3719 2576 3816 2628 us,

2155 2666 2224 2704 an
2253 2648 2354 2704 illa
2378 2649 2686 2720 inscriptio
2717 2664 2891 2720 quam
2925 2649 2986 2704 in
3019 2651 3180 2705 Actis
3209 2650 3422 2721 Ignatii
3464 2649 3686 2704 invenit
3716 2648 3818 2703 in-

2156 2743 2379 2810 terpres
2410 2737 2760 2794 Usserianus
2787 2756 2800 2806 ;
2826 2756 2898 2794 an
2933 2739 3034 2795 illa
3057 2756 3234 2811 quam
3259 2739 3318 2794 in
3350 2739 3612 2808 ejusdem
3650 2738 3820 2793 Actis

2157 2829 2370 2900 reperit
2391 2829 2623 2884 Simeon
2648 2831 3129 2901 Metaphrastes-J
3143 2831 3375 2886 udicent
3391 2830 3603 2885 eruditi
3634 2829 3820 2897 ;mihi

2157 2918 2390 2974 interim
2423 2924 2629 2974 neutra
2659 2927 2854 2976 nostro
2883 2919 3122 2992 indigna
3166 2920 3416 2975 videtur.
3451 2920 3578 2974 Haec
3636 2919 3826 2990 igitur

2159 3008 2269 3063 erit
2298 3006 2556 3077 legitima
2603 3009 2926 3079 inscriptio,
2983 3010 3032 3064 si
3085 3009 3490 3080 Metaphrastte
3550 3007 3824 3064 codicem

2161 3112 2498 3167 sequamur,
2531 3101 2588 3152 et
2620 3114 2688 3152 ex
2718 3097 3150 3169 comparatione
3167 3115 3301 3154 cum
3341 3097 3604 3169 reliquis,
3637 3114 3822 3154 unam

2164 3191 2265 3241 aut
2284 3186 2525 3242 alteram
2557 3187 2926 3243 manifestam
2950 3188 3462 3259 interpolationem
3511 3188 3826 3246 tollamus.

402 3239 628 3347 ἴστορι-οε
655 3276 887 3331 Latinus
923 3293 1050 3332 eam
1111 3277 1360 3348 exhibet,
1387 3239 1565 3349 quam
1607 3239 1871 3335 recitgvit
1913 3279 1957 3334 D

2274 3273 2444 3336 άτιος.
2499 3276 2526 3327 ὁ
2575 3273 2663 3328 καὶ
2715 3275 3012 3354 Θεοφόρος,
3072 3239 3140 3349 τῇ
3199 3274 3482 3349 ἠλεημένῃ
3536 3275 3586 3330 ἐν
3646 3297 3831 3352 μεγα-

404 3364 547 3420 lseus
575 3365 602 3419 ?
626 3365 727 3419 Hic
745 3365 900 3420 enim
924 3381 1050 3420 eam
1075 3367 1183 3422 hoc
1206 3366 1330 3423 loco
1352 3368 1555 3434 edidit,
1597 3385 1771 3439 quam
1813 3372 2050 3425 Isaacus

406 3454 654 3510 Vossius
684 3471 751 3508 ex
805 3454 1070 3509 versione
1123 3454 1437 3512 Usseriana
1485 3458 1748 3529 confecit,
1809 3463 1864 3513 et
1924 3463 2052 3530 post

409 3547 580 3597 notas
613 3543 670 3596 in
702 3542 1008 3613 epistolam
1041 3545 1112 3598 ad
1139 3545 1423 3601 Romanos
1471 3546 1562 3601 edi
1621 3547 1842 3602 curavit
1877 3567 1891 3614 ;
1935 3564 2048 3602 non

413 3635 564 3704 quod
591 3633 649 3687 in
683 3632 799 3689 ullo
831 3634 1027 3692 codice
1058 3635 1138 3690 ita
1170 3635 1475 3708 legeretur,
1512 3638 1612 3693 sed
1668 3639 1825 3709 quod
1861 3638 1941 3692 ita
1971 3638 2051 3693 le-

412 3724 660 3796 gendam
693 3740 822 3780 esse
864 3741 930 3779 ex
962 3726 1140 3780 veteri
1196 3725 1513 3797 interprete
1563 3728 1686 3799 ipse
1718 3729 2051 3798 conjiceret.

412 3813 540 3869 Haec
559 3819 752 3870 autem
782 3813 1081 3870 Usseriani
1103 3815 1438 3887 interpretis
1469 3834 1600 3872 cum
1635 3817 1849 3872 Graecis
1898 3818 2053 3873 codi-

414 3903 580 3958 cibus
612 3921 726 3960 non
751 3905 894 3960 bene
926 3905 1294 3960 conveniunt.
1329 3906 1624 3962 Nonnulla
1653 3907 1749 3961 ille
1796 3906 1966 3963 aliter
1995 3907 2053 3961 in

411 4007 516 4048 suo
549 3993 744 4048 codice
774 3993 934 4064 legit,
959 3998 1024 4048 ut
1059 4011 1158 4063 pro
1189 3995 1515 4068 ἠγιασμένῃ,
1569 3995 1918 4070 ἠγαπημένη,
1954 4013 2055 4068 pro

411 4083 762 4152 ποιήσαντος,
797 4079 1148 4150 θελήσαντος,
1192 4100 1293 4154 pro
1351 4082 1472 4150 ἣτις
1504 4085 1626 4153 ἠτις
1666 4084 1778 4154 καί,
1807 4103 1909 4157 pro
1942 4106 2057 4162 χω-

414 4169 553 4243 ρίου,
589 4171 677 4242 (υι
706 4171 955 4241 videtur)
987 4173 1180 4244 χοροῦ,
1225 4189 1327 4243 pro
1380 4171 1835 4245 ἀξιοεπίτευκτος,
1882 4174 2053 4244 ἀξιοε-

418 4259 700 4326 πίτακτος,
752 4275 856 4329 pro
904 4257 1136 4328 ἀγάπης,
1188 4257 1239 4312 ἐν
1293 4261 1502 4334 ἀγάπῃ,
1554 4280 1655 4334 pro
1711 4263 1897 4330 αὐτοῦ,
1947 4269 2059 4317 Πα-

413 4345 565 4421 τρός,
599 4364 702 4419 pro
731 4344 784 4399 ἐν
823 4351 936 4417 Θεῷ
977 4347 1066 4402 καὶ
1116 4349 1300 4423 Κυρίῳ
1349 4353 1531 4424 ἡμῶν,
1593 4351 1645 4406 ἐν
1705 4353 1883 4427 Κυρίῳ
1943 4359 2059 4426 Θεφ

417 4435 600 4506 ἡμῶν,
636 4453 702 4490 ac
733 4436 1003 4508 denique,
1033 4443 1098 4494 ut
1135 4440 1338 4496 Dallazo
1361 4442 1568 4512 placet,
1604 4460 1702 4512 pro
1751 4444 2060 4516 χριστώνυ-

423 4544 544 4595 μος,
576 4524 968 4598 χριστόνομος·
1004 4528 1170 4599 plura
1200 4529 1260 4584 in
1293 4547 1357 4585 eo
1390 4548 1503 4585 non
1537 4532 1700 4597 vidit,
1736 4539 1797 4586 ut
1820 4536 1972 4599 Θεοῦ,
2005 4538 2062 4590 et

2161 3359 2405 3433 λειότητι
2467 3364 2676 3437 Ματρὸς
2740 3363 2965 3437 ὑψίστου
3031 3367 3121 3419 καὶ
3190 3367 3370 3436 Ἰησοῦ
3428 3367 3663 3440 Χριστοῦ
3725 3369 3830 3421 τοῦ

2164 3457 2490 3529 μονογενοῦς
2533 3455 2666 3508 Υἱοῦ
2727 3454 2912 3525 αὐτοῦ,
2975 3453 3276 3526 Ἐκκλησίᾳ
3331 3456 3665 3530 ἠγαπημένη
3728 3473 3826 3525 καὶ

2159 3539 2541 3620 πεφωτισμένῃ
2577 3542 2628 3597 ἐν
2673 3542 2943 3616 θελήματι
2987 3548 3082 3598 τοῦ
3136 3544 3470 3615 θελήσαντος
3526 3547 3593 3598 τὰ
3641 3546 3827 3600 πάντα

2161 3633 2194 3685 ἅ
2237 3631 2346 3686 ἐστι
2377 3633 2493 3687 κατ’
2533 3631 2748 3708 ἀγάπην
2792 3634 2972 3703 Ἰησοῦ
3021 3635 3251 3707 Χριστοῦ
3297 3639 3394 3689 τοῦ
3442 3639 3576 3688 Θεοῦ
3627 3637 3819 3706 ἡμῶν,

2161 3719 2285 3789 ἥτις
2317 3724 2406 3776 κάὶ
2438 3722 2780 3794 προκάθηται
2809 3721 2859 3776 ἐν
2908 3723 3062 3795 τόπῳ
3111 3723 3322 3800 χωρίου
3375 3725 3664 3796 Ῥωμαίων
3728 3725 3816 3796 (ἢν

2161 3810 2252 3864 καὶ
2314 3811 2624 3884 ἀσπάζομαι
2684 3810 2736 3865 ἒν
2802 3809 3029 3885 ὀνόματι
3119 3815 3298 3883 Ἰησοῦ
3383 3815 3619 3887 Χριστοῦ
3675 3817 3824 3869 κατά

2166 3899 2334 3973 σάρκα
2392 3901 2482 3954 καὶ
2541 3905 2754 3973 πνεῦμα
2811 3901 3102 3974 ἡνωμένην
3161 3904 3306 3977 πάσῃ
3367 3901 3563 3976 ἐντολῇ
3625 3902 3826 3976 αὐτοῦ,

2166 3989 2608 4063 πεπληρωμένην
2681 3992 2908 4065 χάριτος
2993 3995 3166 4066 Θεοῦ),
3245 3990 3296 4045 ἐν
3357 3994 3572 4067 Χριστῷ
3633 3993 3828 4062 Ἰησοῦ

2163 4083 2243 4151 τῷ
2275 4083 2393 4150 Θεῷ
2423 4079 2658 4156 χαίρειν.
2718 4104 2745 4130 ‹‹
2804 4083 3088 4154 Ignalius,
3140 4085 3239 4154 qui
3299 4090 3352 4137 et
3411 4083 3830 4154 Theophorus,

2171 4179 2630 4235 misericordiam
2658 4185 2978 4236 consecutae
3011 4182 3069 4236 in
3096 4182 3400 4252 majestate
3421 4182 3613 4236 Patris
3653 4185 3831 4240 altis-

2169 4269 2307 4324 simi
2338 4274 2394 4324 et
2423 4268 2561 4324 Jesu
2594 4269 2805 4324 Christi
2841 4269 3021 4325 solius
3053 4271 3180 4341 ejus
3208 4271 3378 4340 'Filii,
3413 4271 3681 4327 Ecclesiae
3751 4275 3838 4328 di-

2170 4357 2356 4427 lectae,
2389 4365 2442 4412 et
2474 4358 2816 4413 illuminatae
2845 4358 3141 4414 voluntate
3179 4360 3427 4416 volentis
3463 4361 3664 4417 omnia
3700 4381 3835 4436 qua:

2171 4454 2311 4503 sunt
2332 4449 2657 4504 secundum
2683 4449 3054 4506 dilectionem
3072 4451 3212 4506 Jesu
3237 4451 3449 4506 Christi
3477 4451 3572 4507 Dei
3612 4456 3835 4522 nostri,

2171 4554 2300 4609 quae
2322 4544 2377 4593 et
2399 4539 2668 4610 praesidet
2690 4539 2746 4594 in
2768 4538 2890 4595 loco
2915 4541 3170 4612 regionis
3191 4541 3583 4599 Romanorum
3621 4544 3835 4613 (quam

421 4630 626 4670 rursus
658 4617 811 4684 Θεοῦ,
845 4614 1020 4669 πίστιν
1048 4617 1158 4684 καὶ,
1208 4617 1297 4671 καὶ
1350 4625 1620 4693 σωτῆρος,
1676 4639 1978 4695 πνευματος

2277 4645 2345 4683 ιω
2379 4627 2570 4682 saluto
2615 4627 2674 4683 in
2736 4629 2972 4684 nomine
3024 4631 3152 4685 Jesu
3206 4630 3439 4697 Christi,
3500 4633 3834 4688 secundum

425 4721 538 4776 ρος,
599 4707 731 4757 Θεοῦ
785 4706 1223 4780 παντοκράτορος
1280 4706 1391 4779 καὶ,
1472 4705 1668 4777 πᾶσης,
1727 4709 1817 4762 καὶ
1894 4712 2063 4786 lla-cpi

423 4790 1286 4867 ml.Aliaigiturestinscriptio
1310 4815 1484 4868 quam
1537 4798 1678 4853 vidit
1720 4799 2062 4871 Halloixius,

425 4883 540 4939 alia
568 4902 741 4955 quam
775 4901 844 4940 ex
884 4885 1087 4940 Latino
1151 4887 1461 4956 interprete
1519 4888 1763 4943 confecit
1803 4891 2062 4964 Vossius,

424 4974 1151 5030 recitavitDallzeus.Solus
1187 4975 1667 5046 igiturinterpres
1717 4978 2062 5038 Usserianus

424 5061 660 5117 relictus
685 5065 904 5134 est,qni
935 5063 1301 5134 inscriptioni
1323 5081 1354 5118 a
1377 5064 1586 5119 Dallazo
1610 5069 1860 5124 recitata:
1889 5070 2061 5126 (idem

421 5150 625 5217 faciat;
647 5153 804 5222 quod
833 5152 1067 5224 quidem
1095 5170 1197 5223 per
1220 5153 1484 5209 melicet.
1519 5154 1671 5209 Nihil
1724 5159 1877 5213 enim
1908 5160 1963 5213 in
1997 5178 2064 5217 ea

421 5239 836 5312 invenio,quod
871 5243 928 5297 S.
964 5242 1182 5310 Ignatio
1217 5243 1391 5296 tribui
1426 5260 1539 5298 non
1604 5246 1807 5302 merito
1860 5252 2060 5318 possit.

420 5331 496 5383 Ut
523 5334 717 5384 tamen
770 5332 922 5400 quod
982 5347 1182 5385 verum
1216 5347 1343 5385 esse
1391 5332 1554 5389 video
1589 5334 1813 5391 dicam:
1863 5355 2062 5408 parem

415 5415 594 5471 fidem
617 5417 902 5490 interpres
916 5419 1265 5474 Usserianus
1313 5419 1370 5474 in
1397 5421 1641 5492 epistola
1657 5426 1726 5480 ad
1746 5426 2061 5496 Romanos,

417 5507 467 5562 ei
490 5509 740 5577 quamin
770 5508 900 5564 aliis
924 5510 1166 5576 obtinet,
1204 5511 1405 5566 mereri
1432 5513 1676 5571 fortasse
1715 5533 1829 5572 non
1865 5517 2064 5574 videa-

415 5596 662 5652 tur.Non
678 5599 832 5655 enim
857 5615 984 5654 eam
1007 5616 1076 5654 ex
1105 5599 1354 5671 simplici
1375 5602 1625 5659 editione
1669 5605 2060 5676 genuinarum

417 5683 800 5756 epistularum
821 5688 1254 5760 transtulit,sed
1273 5708 1341 5748 ex
1367 5691 1490 5758 illa,
1524 5710 1650 5765 quae
1667 5696 2063 5769 ActaSJgna-

2175 4732 2409 4771 carnem
2441 4720 2498 4770 et
2547 4715 2816 4787 spiritum
2869 4719 3090 4773 unitam
3143 4721 3302 4774 omni
3357 4721 3629 4776 mandato
3673 4723 3840 4796 ejus,

2174 4807 2405 4878 plenam
2438 4808 2636 4879 gratiae
2661 4810 2778 4879 Dei)
2812 4809 2870 4863 in
2903 4810 3133 4866 Christo
3164 4811 3304 4866 Jesu
3337 4813 3452 4868 Deo
3483 4813 3774 4884 gaudere.
3811 4838 3841 4864 ››

2172 4899 2243 4951 At
2275 4919 2303 4946 ‹‹
2337 4895 2594 4968 epistolae
2641 4898 2713 4952 ad
2764 4897 3301 4970 Philadelphienses
3347 4902 3679 4972 inscriptio,
3743 4906 3844 4961 in-

2175 4985 2500 5054 quit,etiam
2529 5002 2704 5056 quam
2729 4986 2851 5042 haec
2876 4987 3105 5059 longior
3121 4996 3246 5058 est;
3279 4992 3473 5061 nquod
3521 4992 3718 5048 cuivis
3753 4995 3846 5051 vel

2175 5079 2488 5143 utramque
2517 5075 2694 5130 simul
2714 5076 3045 5148 inspicienti
3078 5079 3268 5150 prima
3295 5080 3439 5135 facie
3481 5081 3703 5138 falsum
3744 5088 3844 5141 de-

2175 5163 2575 5233 prehenditur,
2611 5163 3179 5237 nisiinterpolatorrs
3211 5169 3510 5240 inscriptio
3549 5187 3685 5226 cum
3735 5192 3844 5246 ge-

2175 5253 2358 5307 nuina
2381 5253 2950 5326 conferatur.Aliqua
2972 5273 3038 5311 ex
3057 5275 3121 5313 ea
3145 5259 3305 5324 libat,
3340 5268 3402 5314 ut
3452 5266 3509 5315 et
3552 5278 3618 5315 ex
3641 5264 3845 5321 altera

2175 5342 2244 5395 ad
2264 5346 2592 5412 Smyrnaeos
2614 5345 2770 5412 (nam
2797 5343 2897 5399 illa
2919 5347 2988 5399 ad
3005 5347 3322 5404 Tarsenses
3345 5355 3398 5403 et
3437 5354 3734 5407 Heronem
3769 5355 3846 5409 ad

2175 5448 2281 5486 nos
2315 5448 2424 5485 non
2459 5431 2800 5503 pertinent),
2827 5440 2889 5488 ut
2919 5434 3002 5488 illi
3037 5437 3285 5503 videtur,
3319 5440 3542 5509 putida,
3577 5445 3641 5493 ut
3665 5444 3845 5512 mihi,

2176 5521 2453 5592 praeclara
2482 5524 2540 5574 et
2569 5523 2888 5592 apostolica
2915 5525 3207 5594 ;jndicent
3249 5528 3485 5582 eruditi.
3521 5553 3550 5580 ‹‹
3604 5529 3670 5586 In
3707 5533 3846 5589 aliis

2173 5610 2658 5683 inscriptionibus
2677 5614 3392 5686 quaedam,inquit,hiulca
3404 5623 3580 5686 sunt;
3606 5641 3634 5670 »
3651 5637 3844 5680 unam

2172 5700 2418 5758 tandum
2444 5701 2514 5757 ad
2539 5703 2868 5773 Magnesios
2886 5705 3187 5778 nominat;
3219 5723 3348 5778 quae
3366 5724 3502 5766 cum
3526 5712 3673 5769 satis
3714 5715 3848 5772 bre-
