3942 6302
173 421 272 478 405

930 413 1350 476 PEARSONII
1396 412 1768 478 VINDICIAE
1810 413 2278 476 IGNATIANAL
2326 449 2402 460 -—
2447 413 2649 478 PARS
2694 417 2771 478 II.

3443 420 3561 482 466

176 552 248 606 vis
271 554 323 605 et
351 567 382 606 a
412 565 622 622 pompa
655 548 906 604 maxime
938 547 1144 619 aliena,
1179 551 1232 604 et
1260 549 1332 604 ab
1382 547 1661 603 omnibus
1709 547 1792 602 vi-
1821 550 1876 615 Α
1905 547 2445 605 Philomeliensium
2470 567 2586 606 non
2608 552 2750 606 adeo
2774 551 3139 623 praeclaram,
3171 554 3271 610 sed
3322 557 3381 610 st
3411 571 3558 626 prte-

174 639 499 712 tiis,quibus
531 637 675 694 alias
702 642 926 706 onerat,
951 638 1135 693 libera
1160 638 1260 708 sit,
1293 643 1572 708 tanquam
1607 636 1801 693 hiulca

174 731 593 786 condemnatur.
623 730 783 792 Quod
817 733 1011 783 tamen
1044 728 1260 783 mirum
1287 733 1376 783 est
1425 726 1799 798 interpolato-

174 835 276 874 rem
307 836 416 874 non
449 817 833 889 perspexisse,
871 833 1043 889 quem
1104 817 1323 873 ﬁctoris
1381 816 1470 873 sui
1532 820 1722 871 errata
1745 819 1801 871 et

172 909 435 980 praecipue
493 907 839 962 elocutionis
910 907 1064 961 mala
1123 923 1353 979 semper
1412 906 1798 977 corrigentem

173 998 466 1053 introducit
498 996 771 1052 Dallaeus.
801 996 998 1067 Neque
1024 997 1240 1051 mirum
1273 1000 1388 1065 est,
1423 1012 1555 1050 cum
1586 995 1800 1050 similis

175 1089 410 1160 enallage
437 1088 496 1142 in
530 1087 960 1142 constructione
991 1087 1145 1158 apud
1176 1087 1427 1157 optimos
1488 1087 1800 1158 scriptores

176 1196 306 1250 srepe
336 1181 690 1234 observetur.
724 1179 868 1233 Cum
903 1182 1034 1250 post
1059 1195 1254 1233 vocem
1307 1175 1646 1252 εὐλογημὲνῃ
1693 1179 1800 1232 Ec-

174 1269 322 1324 clesia
352 1273 656 1340 sequatur,
692 1268 958 1338 quamvis
992 1266 1104 1322 alio
1137 1284 1297 1335 casu,
1328 1267 1597 1322 dubitare
1630 1283 1800 1321 nemo

173 1359 354 1429 potuit,
382 1359 522 1430 quin
559 1359 630 1413 ad
666 1375 791 1413 eam
855 1357 1158 1412 referenda
1207 1361 1382 1413 esset.
1441 1357 1497 1410 Si
1559 1356 1802 1412 dixisset

170 1447 225 1515 ἢν
251 1447 546 1520 ἀσπάζομαι
581 1445 938 1515 Ἐκκλησίαν,
973 1447 1128 1502 idem
1189 1446 1434 1502 dixisset
1493 1447 1649 1518 quod
1686 1445 1801 1500 fere

176 1553 355 1592 omnes
388 1543 518 1592 ante
549 1553 686 1593 eum
714 1536 995 1592 dixerant.
1020 1536 1186 1590 Nunc
1218 1551 1350 1590 cum
1395 1535 1802 1590 intercesserat

176 1641 353 1681 nomen
384 1627 622 1696 Christi,
656 1623 706 1678 ἐν
735 1625 803 1696 ᾧ,
839 1642 939 1697 pro
969 1623 1096 1692 ἢνὶν
1131 1623 1280 1695 αὖτῷ
1338 1624 1592 1680 breviter
1632 1622 1797 1694 dixit,

178 1718 308 1788 quod
336 1717 485 1772 idem
513 1721 626 1772 est.

230 1809 295 1860 At
316 1829 341 1856 «
374 1823 539 1863 nemo
560 1823 629 1863 ex
652 1807 813 1863 omni
835 1806 1273 1864 Christianismi
1328 1810 1456 1878 post
1505 1803 1799 1877 apostolos

173 1897 426 1952 memoria
474 1897 786 1970 reperitur,
847 1898 946 1970 qui
1006 1895 1347 1968 hujusmodi
1393 1894 1875 1981 inscriptionesB

172 1986 348 2058 quales
369 1987 538 2043 istius
563 1987 856 2052 sunt,suis
880 1985 1143 2058 epistolis
1166 1985 1427 2058 praefixit.
1453 2007 1480 2035 »
1509 1985 1792 2041 Fortasse.

168 2077 294 2140 Quid
325 2082 512 2133 autem
576 2077 626 2132 si
687 2093 847 2134 nemo
905 2080 1039 2149 post
1081 2074 1374 2148 apostolos
1431 2075 1489 2130 id
1547 2075 1796 2130 fecerit?

166 2165 345 2222 Nonne
375 2167 515 2224 satis
548 2172 658 2231 est,
683 2168 836 2238 quod
858 2167 1173 2239 Apostolus
1212 2166 1337 2239 ipse
1359 2165 1512 2221 idem
1545 2165 1744 2221 fecerit
1769 2163 1797 2220 ‘?

163 2256 352 2312 Habuit
383 2258 437 2312 S.
472 2257 728 2312 Paulum
760 2257 813 2313 S.
861 2257 1120 2328 Ignatius
1177 2271 1348 2326 quem
1408 2258 1750 2327 sequeretur
1780 2279 1794 2323 ;

165 2346 431 2405 meliorem
458 2349 626 2421 sequi
658 2365 773 2405 non
803 2348 1011 2420 potuit.
1074 2347 1234 2411 Quod
1287 2346 1346 2402 in
1395 2362 1635 2418 corpore
1673 2346 1792 2417 epi-

165 2438 423 2495 stolarum
449 2456 688 2512 semper
711 2439 870 2510 facit,
891 2456 995 2495 cur
1012 2455 1128 2494 non
1152 2441 1208 2494 et
1231 2438 1287 2493 in
1311 2436 1796 2509 inscriptionibus

167 2528 355 2585 faceret
385 2531 410 2585 7
440 2531 556 2586 Cur
590 2529 876 2586 Ecclesias
934 2526 1290 2599 ἀποστολικῷ
1348 2533 1679 2601 χαρακτῆρι,
1732 2530 1797 2582 ut

164 2615 268 2688 ipse
289 2621 594 2690 proﬁtetur
623 2621 692 2676 ad
719 2618 1050 2688 Trallesios,
1083 2635 1200 2674 non
1241 2616 1566 2674 salutaret?
1615 2615 1798 2672 Unica

166 2709 370 2762 tantum
404 2709 652 2780 epistola
686 2716 887 2780 praeter
920 2707 1274 2780 apostolicae
1304 2707 1372 2762 ad
1432 2705 1793 2777 singularem

164 2794 392 2867 aliquam
427 2798 748 2855 Ecclesiam
773 2803 894 2853 tum
928 2798 1150 2870 scripta
1200 2797 1505 2869 reperitur,
1538 2795 1795 2851 Clemen-

163 2885 226 2937 tis
253 2887 470 2943 scilicet
504 2889 576 2943 ad
614 2886 964 2943 Corinthios.
1002 2889 1085 2941 An
1117 2902 1288 2959 coges
1345 2886 1633 2956 Ignatium
1667 2885 1794 2940 Cle-

166 2981 390 3030 mentem
426 2976 670 3042 imitari,
699 2984 754 3032 S.
792 2977 1028 3032 Paulum
1062 2974 1374 3031 deserere?
1407 2978 1492 3029 An
1526 2974 1788 3028 Clemen-

164 3066 263 3117 tem
297 3066 485 3135 potius
516 3083 696 3137 quam
725 3067 783 3122 S.
808 3065 1050 3121 Paulum
1083 3065 1308 3120 itineris
1363 3064 1635 3120 comitem
1688 3063 1790 3118 ha-

165 3151 342 3210 buisse
373 3157 676 3228 putandus
707 3160 814 3224 est,
867 3160 967 3211 aut
1025 3155 1074 3210 si
1104 3159 1378 3210 neutrum
1433 3152 1699 3209 habuerit
1729 3153 1789 3207 in

1903 641 2058 694 terea
2084 639 2158 694 ad
2189 657 2393 696 omnes
2426 640 2765 706 catholicos,
2798 641 2919 698 haec
2979 643 3050 698 ad
3085 645 3293 700 fratres
3339 644 3400 700 in
3420 646 3558 702 Asia

1901 732 1960 782 et
1983 726 2234 800 Phrygia
2255 729 2468 800 ubique
2486 730 3084 801 constitutos,quibus
3107 733 3244 788 talia
3289 736 3558 792 encomia

1903 832 2017 870 non
2037 818 2476 886 conveniebant,
2513 819 2914 890 prasertimin
2938 820 3204 892 epistolis
3247 838 3375 893 quae
3409 823 3556 879 nihil

1903 904 2062 960 aliud
2105 923 2279 976 quam
2338 907 2696 964 narrationes
2757 911 3036 980 quasdam
3092 912 3163 966 de
3214 913 3339 966 suis
3378 915 3556 968 rebus

1903 995 2300 1052 continebant.
2332 1002 2388 1051 8.
2421 997 2690 1070 Cypriani
2725 1003 2779 1052 et
2810 999 3138 1054 Firmiliani
3195 1000 3453 1071 epistolas.
3483 1003 3555 1059 ad

1904 1104 2184 1158 personas
2218 1089 2545 1160 singulares
2580 1089 2946 1161 plerumque,
2980 1097 3080 1145 aut
3100 1092 3171 1147 de
3192 1092 3423 1163 negotio
3443 1093 3548 1148 ali-

1903 1193 2018 1248 quo
2050 1177 2352 1248 peculiari,
2375 1178 2604 1249 scriptis
2633 1183 2768 1233 sunt
2803 1196 2815 1234 :
2849 1185 2906 1234 et
2966 1179 3174 1251 Ignatii
3227 1181 3414 1252 ipsius
3465 1181 3555 1236 in-

1904 1265 2142 1336 scriptio
2176 1267 2244 1320 ad
2279 1267 2516 1321 unicum
2586 1268 2967 1339 Polycarpum
3027 1269 3173 1323 satis
3224 1270 3414 1325 brevis
3465 1274 3556 1326 est

1904 1359 2080 1426 atque
2111 1356 2359 1411 concisa.
2411 1360 2694 1411 Praaterea
2752 1357 3089 1426 posterioris
3139 1359 3238 1413 zsvi
3297 1359 3555 1431 epistolae

1905 1445 2129 1500 similes
2152 1445 2900 1516 Ignatianisinscriptiones
2925 1447 3134 1504 habere
3169 1448 3329 1504 nullo
3380 1450 3552 1505 modo

1904 1535 2251 1590 debuerunt.
2276 1535 2605 1606 Smyrnzeos
2636 1534 2948 1592 illetaudat
2988 1541 3052 1592 ut
3099 1535 3447 1610 ἠλεημένους
3500 1537 3551 1590 ἐν

1903 1623 2059 1677 παντὶ
2091 1621 2414 1700 χαρίσματι,
2460 1629 2517 1679 et
2574 1624 2967 1697 ἀνυστερήτους
3025 1627 3227 1687 παντὸς
3284 1626 3555 1704 χαρίσμα-

1901 1732 2018 1782 τος,
2050 1730 2176 1785 quae
2207 1713 2558 1770 charismata
2574 1717 2714 1769 tunc
2736 1716 3019 1788 temporis
3057 1716 3312 1788 plurima
3361 1717 3550 1773 mani-

1905 1805 2046 1860 feste
2078 1803 2137 1859 in
2169 1803 2430 1860 ecclesiis
2461 1804 2840 1876 apparebant,
2873 1805 3158 1876 paulatim
3216 1822 3348 1862 vero
3390 1807 3552 1862 defe-

1905 1897 2131 1950 cerunt.
2166 1894 2328 1949 Certe
2347 1893 2530 1948 multo
2559 1893 2939 1950 verisimilius
2973 1898 3036 1950 ut
3065 1895 3122 1950 S.
3175 1895 3436 1966 Ignatius
3465 1895 3553 1951 vir

1905 1982 2260 2054 apostolicus
2291 1997 2489 2039 revera
2519 1985 2576 2039 S.
2637 1982 2886 2039 Paulum
2946 1983 3004 2039 in
3064 1985 3549 2056 inscriptionibus

1899 2071 2252 2139 imitaretur,
2290 2089 2467 2144 quam
2499 2077 2566 2128 ut
2594 2073 2898 2144 impostor,
2941 2074 3096 2130 circa
3161 2073 3336 2130 ﬂnem
3370 2074 3548 2141 tertii,

1901 2167 2004 2218 aut
2034 2162 2271 2218 initium
2305 2162 2492 2233 quarti
2527 2162 2745 2230 seculi,
2778 2163 3079 2219 hominem
3139 2169 3342 2220 contra
3389 2179 3550 2219 com-

1906 2268 2136 2309 munem
2168 2252 2347 2308 totius
2373 2251 2638 2326 Ecclesiaa
2669 2254 3151 2310 consuetudinem
3183 2254 3256 2310 ab
3309 2261 3539 2326 aposto~

1905 2343 2093 2400 lorum
2127 2347 2384 2414 tempore
2413 2341 2765 2398 scribentem
2798 2343 3058 2415 fingeret.

1973 2443 2092 2498 Sub
2122 2441 2294 2498 titulo
2324 2441 2501 2514 hujus
2549 2442 2880 2513 argumenti
2937 2444 3008 2498 ab
3068 2442 3549 2516 inscriptionibus

1903 2533 2168 2603 petiti,de
2187 2532 2422 2605 scriptis
2443 2537 2500 2588 et
2519 2534 2690 2588 dictis
2714 2534 2771 2590 S.
2824 2533 3036 2606 Ignatii
3076 2533 3549 2591 dissertationem

1903 2625 2049 2680 mire
2074 2623 2393 2680 introducit
2418 2640 2430 2690 ;
2455 2624 2554 2679 sed
2583 2624 2841 2679 fictorem
2865 2639 3037 2679 suum
3060 2625 3386 2689 ostendere,
3419 2624 3552 2696 opi-

1904 2729 2029 2781 nor,
2063 2711 2264 2781 voluit,
2300 2729 2411 2767 non
2467 2715 2693 2767 tantum
2757 2713 2815 2768 S.
2873 2712 3057 2780 Pauli,
3091 2714 3192 2768 sed
3247 2717 3303 2767 et
3336 2713 3549 2784 Ignatii

1904 2802 2123 2857 malum
2155 2801 2664 2868 imitatorem,sive
2686 2802 2919 2857 simiam
2944 2802 3144 2857 fuisse.
3181 2801 3374 2857 Primo
3413 2817 3548 2858 con-

1898 2893 2180 2961 iecturam
2208 2891 2441 2963 promit,
2473 2907 2600 2961 quas
2634 2908 2706 2945 an
2763 2907 2896 2946 vera
2926 2891 3022 2959 sit,
3057 2907 3129 2945 ne
3157 2890 3305 2962 ipse,
3334 2891 3546 2962 inquit,

1901 2980 2227 3054 perspicere
2253 2981 2452 3052 potuit.
2475 2980 2575 3034 «Si
2599 2979 2796 3051 aliqua
2819 2979 3084 3052 Ignatius
3129 2981 3384 3050 scripsit,
3418 2982 3547 3052 ejus

1900 3071 2292 3126 characterem
2328 3071 2396 3124 ad
2429 3069 2624 3123 vivum
2674 3068 2996 3141 exprimere
3054 3068 3248 3124 voluit.
3277 3070 3386 3127 Sed
3439 3069 3546 3126 hoc

1899 3178 1971 3216 an
2005 3177 2204 3215 verum
2239 3159 2334 3226 sit,
2363 3160 2664 3230 explorare
2693 3176 2759 3214 ac
2793 3159 3118 3230 perspicere
3159 3176 3274 3214 non
3338 3176 3547 3230 possu-

163 3243 393 3314 scriptis,
432 3263 629 3301 nonne
653 3246 807 3301 hunc
830 3246 1024 3317 potius
1047 3262 1223 3317 quam
1251 3244 1416 3299 illum
1443 3244 1712 3299 intimum
1736 3246 1791 3298 et
1822 3275 1863 3341 Β
1904 3267 2092 3306 mus.»
2120 3251 2294 3314 Quasi
2314 3266 2443 3304 vero
2476 3249 2742 3304 dubitare
2787 3265 2942 3303 nunc
2987 3253 3266 3320 oporteat,
3323 3265 3394 3304 an
3441 3248 3546 3303 ali-

164 3331 211 3384 in
245 3334 412 3389 animi
447 3352 682 3390 recessu
700 3334 1120 3397 habuit?Quid
1150 3335 1302 3405 quod
1347 3333 1613 3388 Clemens
1665 3332 1789 3402 ipse

165 3439 261 3480 non
285 3443 383 3482 suo
406 3428 649 3484 nomine
681 3427 910 3499 scripsit
944 3428 1014 3483 ad
1057 3426 1412 3493 Corinthios,
1447 3426 1547 3481 sed
1595 3424 1790 3480 Eccle-

165 3512 236 3566 sia
255 3515 502 3572 Romans
540 3513 633 3569 διὰ
665 3514 986 3587 Κλήμεντος
1020 3516 1092 3570 ad
1117 3515 1426 3570 Ecclesiam
1449 3514 1787 3570 Corinthia-

160 3618 290 3669 cam,
320 3622 571 3679 eamque
605 3606 841 3676 pessina
871 3605 1210 3660 schismatis
1262 3609 1422 3677 peste
1480 3604 1739 3658 efﬂatam
1762 3603 1791 3658 ?

161 3692 232 3745 An
255 3699 611 3766 exspectaret
632 3696 945 3767 quisquam
981 3702 1043 3749 ut
1081 3694 1336 3749 Ecclesia
1394 3699 1671 3764 Romana,
1703 3696 1791 3748 tot

163 3785 419 3842 encomiis
442 3787 513 3841 ab
529 3785 808 3856 Apostolo
829 3801 1012 3854 nuper
1029 3789 1254 3849 ornata,
1277 3799 1642 3838 summorum
1661 3799 1792 3854 apo-

164 3872 422 3930 stolorum
448 3875 733 3946 martyrio
758 3875 928 3930 modo
952 3889 1012 3929 cc
1025 3878 1246 3940 renata,
1269 3873 1599 3928 Corinthios
1629 3889 1790 3928 acer-

163 3958 289 4015 rime
310 3963 718 4035 objurgatura,
752 3960 1196 4031 inscriptionem
1213 3960 1643 4016 Corinthiorum
1669 3959 1792 4014 lau-

165 4046 317 4104 dibus
330 4053 559 4122 plenam
589 4050 938 4106 adhiberet?
959 4049 1084 4106 Alia
1111 4050 1310 4105 omnia
1332 4048 1551 4120 Ignatio
1591 4064 1794 4104 conve-

163 4137 884 4197 niebant.Florentissimas
900 4139 1180 4195 Ecclesiae
1193 4139 1545 4210 salutatipse
1561 4138 1791 4208 unicus;

161 4226 383 4284 vinculis
432 4230 710 4296 innexus,
769 4230 839 4283 ad
901 4229 1117 4283 bestias
1203 4227 1538 4294 damnatus,
1595 4225 1790 4297 quoti-

162 4314 312 4373 diana
325 4319 718 4377 Ecclesiarum
736 4318 1167 4373 ministratione
1181 4321 1570 4384 sustentatus,
1603 4317 1791 4388 iisque

163 4407 344 4463 multis
368 4409 712 4465 nominibus
730 4409 1056 4478 devinctus,
1092 4407 1231 4478 quid
1293 4407 1490 4461 minus
1540 4405 1791 4462 scribere

161 4496 328 4564 potuit
349 4515 521 4570 quam
547 4498 710 4569 quod
730 4497 991 4568 exemplo
1012 4502 1067 4552 S.
1107 4495 1264 4552 Pauli
1316 4495 1594 4567 scripsit?
1622 4495 1788 4567 Poly-

163 4585 1310 4660 carpi,Smyrnensium,Lugdunensium,
1325 4585 1788 4657 Cyprianietiam

164 4677 213 4727 et
238 4676 549 4732 Firmiliani
567 4675 986 4747 inscriptiones
1009 4675 1222 4729 frustra
1243 4675 1789 4744 adducuntur,quos

162 4761 644 4838 imitarilgnatius
668 4782 780 4821 non
809 4765 1016 4836 potuit,
1051 4768 1252 4835 utpote
1294 4780 1539 4835 quorum
1574 4764 1791 4835 episto—

165 4849 240 4906 las
269 4856 452 4910 serius
475 4854 733 4926 scriptas
756 4870 1060 4924 nunquam
1091 4852 1406 4908 viderit.At
1428 4852 1792 4925 illi,inquies,

163 4938 433 5009 lgnatium
466 4943 692 4998 imitari
717 4943 1084 5014 potuissent;
1119 4945 1432 5012 potuerunt
1462 4943 1796 5013 quidem,et

166 5029 207 5081 si
237 5033 430 5088 eadem
463 5033 695 5089 occasio
727 5049 788 5088 se
809 5031 1137 5098 obtulisset,
1160 5032 1270 5086 sub
1315 5031 1518 5086 iisdem
1555 5031 1797 5087 circum-

160 5121 374 5176 stantiis
406 5122 555 5178 forte
585 5123 741 5177 idem
771 5122 1065 5176 fecissent.
1096 5122 1166 5174 At
1195 5120 1254 5176 S.
1292 5120 1659 5192 Polycarpus,
1697 5139 1796 5176 ne-

159 5222 259 5276 que
288 5210 850 5283 solus,ut1gnatius,
885 5225 1074 5281 neque
1098 5225 1166 5264 ea
1187 5209 1522 5264 conditione
1551 5211 1794 5282 positus,

160 5311 329 5368 neque
362 5300 506 5355 adeo
566 5299 1047 5370 Philippensibus
1105 5297 1444 5365 obstrictus,
1507 5301 1607 5354 sed
1666 5316 1798 5356 cum

158 5387 493 5459 presbyteris
525 5393 582 5444 et
612 5389 779 5460 quasi
805 5387 1071 5444 Ecclesiae
1095 5403 1217 5441 sua:
1261 5388 1517 5457 nomine,
1554 5389 1624 5443 ad
1668 5389 1798 5443 Phi-

160 5472 439 5547 lippenses
465 5481 584 5535 fere
617 5481 820 5535 eodem
856 5479 1030 5534 modo
1063 5494 1178 5548 quo
1210 5478 1472 5532 Clemens
1505 5480 1575 5533 ad
1599 5480 1801 5534 Corin-

161 5564 303 5622 thios
334 5569 600 5640 scripsit,
636 5569 879 5640 ideoque
939 5584 1071 5623 eum
1135 5567 1328 5638 potius
1387 5567 1652 5623 imitatus
1689 5574 1800 5627 est.

164 5652 588 5728 Smyrnensium
622 5658 795 5714 etiam
827 5663 883 5712 et
915 5657 1400 5729 Lugdunensium
1440 5657 1700 5728 epistolas
1728 5659 1803 5714 ab

165 5742 425 5803 Ecclesiis
444 5749 640 5804 missis
666 5751 825 5818 sunt,
856 5753 914 5804 et
933 5745 1036 5803 illa
1084 5746 1318 5818 quidem
1380 5746 1451 5800 ad
1485 5745 1802 5806 Ecclesiam

1818 4631 1866 4695 D

1903 3355 2017 3410 qua
2040 3338 2337 3410 scripserit
2359 3338 2633 3408 Ignatius,
2661 3339 2730 3392 de
2753 3354 2867 3408 qua
2891 3353 2950 3392 re
2972 3337 3264 3393 neminem
3286 3354 3546 3408 unquam

1898 3429 2202 3484 dubitasse
2232 3433 2364 3482 ante
2408 3428 2514 3482 hoc
2572 3427 2771 3482 infelix
2825 3427 3102 3482 saeculum
3151 3427 3442 3493 novimus,
3476 3428 3547 3483 de

1901 3519 2070 3587 cujus
2093 3517 2324 3589 scriptis
2347 3506 2468 3571 eoin
2481 3515 2671 3587 plures
2694 3517 2852 3572 omni
2874 3516 3085 3572 saeculo
3118 3515 3344 3572 locutos
3393 3531 3544 3586 esse,

1900 3608 1970 3662 ab
2004 3608 2128 3677 ipso
2160 3623 2274 3677 quo
2306 3606 2543 3676 scripsit
2574 3623 2726 3662 anno
2777 3607 3014 3661 scimus.
3049 3606 3156 3662 Sed
3201 3605 3398 3677 aliqua
3431 3608 3545 3662 for-

1899 3701 2055 3751 tasse
2089 3695 2202 3750 alia
2232 3695 2432 3759 voluit,
2468 3711 2599 3749 cum
2634 3711 2748 3750 non
2806 3694 2927 3749 haec
2982 3694 3272 3751 admittat.
3305 3701 3380 3750 At
3411 3695 3546 3766 quis

1901 3801 2156 3856 unquam
2177 3785 2317 3839 feret
2339 3783 2620 3852 ﬁctorem,
2654 3782 2747 3837 cui
2792 3782 3205 3838 obstetricatus
3236 3799 3364 3839 esse
3394 3783 3544 3840 dici-

1899 3878 1992 3929 tur
2024 3873 2335 3939 Eusebius,
2369 3889 2434 3927 ea
2466 3871 2674 3943 Ignatii
2705 3873 2920 3942 scripta
2949 3869 3183 3937 vidisse,
3216 3889 3339 3941 quae
3371 3873 3546 3928 Euse-

1903 3963 2033 4018 bius
2055 3962 2180 4034 ipse
2204 3977 2313 4016 non
2336 3961 2629 4031 vidit,quas
2653 3975 2823 4016 nemo
2842 3964 2996 4027 ante,
3030 3975 3201 4015 nemo
3247 3965 3378 4031 post
3406 3977 3540 4016 eum

1901 4051 2085 4109 oculis
2115 4051 2413 4122 usurpavit
2443 4050 2774 4114 ?Quorsum
2801 4049 2980 4121 igitur
3001 4048 3122 4103 hac
3139 4049 3392 4105 scribit?
3433 4049 3541 4104 sci-

1899 4139 2050 4209 licet,
2088 4145 2148 4195 ut
2165 4140 2431 4195 ostendat
2451 4139 2646 4209 aliqua
2665 4138 2872 4209 Ignatii
2894 4142 3089 4194 tenere
3107 4155 3235 4206 nos,
3267 4154 3398 4210 quis
3421 4145 3541 4192 tur—

1902 4246 2029 4302 pem
2059 4229 2396 4301 impostoris
2419 4228 2806 4283 imitationem
2832 4229 3126 4300 produnt;
3162 4227 3262 4284 sed
3294 4228 3446 4282 dicta
3475 4243 3544 4283 ea

1899 4321 2024 4374 vult
2055 4335 2086 4372 a
2114 4323 2165 4372 S.
2193 4322 2467 4390 martyre,
2493 4333 2792 4388 nunquam
2825 4321 3017 4374 autem
3052 4317 3287 4388 scripta.
3322 4317 3366 4373 Ο
3395 4333 3540 4387 prte-

1900 4407 2122 4463 clarum
2156 4410 2556 4462 commentum
2590 4405 2602 4459 l
2634 4405 2908 4478 Legimus
2939 4407 3092 4478 apud
3124 4406 3430 4478 Origenem
3451 4404 3542 4460 di-

1899 4499 2054 4554 xisse
2086 4497 2423 4569 Ignatium:
2476 4497 2534 4552 Ὁ
2593 4493 2728 4568 ἔρως
2789 4495 2816 4549 ὁ
2874 4493 3004 4567 ἐμὸς
3060 4493 3414 4570 ἐσταύρωται.
3456 4499 3542 4552 An

1901 4604 2163 4659 unquam
2201 4586 2460 4658 Ignatius
2483 4586 2618 4641 alibi
2637 4603 2705 4642 ea
2724 4587 2900 4641 verba
2922 4586 3088 4656 dixit,
3120 4604 3294 4657 quam
3345 4587 3404 4641 in
3437 4587 3553 4656 epi-

1900 4676 2094 4731 stola?
2123 4677 2331 4730 Annon
2363 4675 2660 4746 Origenes,
2694 4691 2868 4746 quem
2928 4675 3204 4746 epistolas
3262 4676 3436 4731 hasce
3461 4675 3547 4729 vi-

1903 4767 2058 4821 disse
2090 4781 2190 4835 pro
2223 4769 2377 4820 certo
2408 4765 2709 4829 evicimus,
2743 4778 2811 4818 ex
2847 4763 2944 4818 illa
2976 4765 3046 4819 ad
3108 4765 3397 4820 Romanos
3428 4765 3550 4820 haec

1901 4855 2346 4925 transcripsisse
2376 4853 2671 4924 putandus
2703 4857 2812 4916 est,
2845 4869 2977 4907 cum
3011 4852 3161 4907 hanc
3202 4853 3553 4909 sententiam

1903 4943 2068 4999 alteri
2101 4943 2333 5012 scriptae
2367 4941 2646 5011 adjungat
2669 4941 2696 4996 ?
2728 4942 2890 5012 Apud
2926 4941 3200 4995 eumdem
3242 4941 3551 5012 Origenem

1903 5034 2110 5088 iterum
2132 5032 2384 5102 legimus
2407 5048 2418 5084 :
2445 5053 2472 5079 α
2499 5030 2807 5100 Eleganter
2829 5029 2888 5084 in
2913 5030 3223 5099 cujusdam
3279 5032 3553 5102 martyris

1905 5121 2148 5192 epistola
2179 5121 2461 5189 scriptum
2494 5119 2676 5188 reperi
2709 5117 3022 5190 (lgnatium
3055 5118 3552 5192 dico,episcopum

1908 5209 2228 5266 Antiochiae
2258 5213 2389 5280 post
2420 5211 2658 5264 Petrum
2692 5209 3036 5278 secundum)
3069 5208 3168 5278 qui
3200 5210 3258 5263 in
3287 5226 3558 5280 persecu-

1907 5300 2063 5354 tione
2086 5298 2365 5370 pugnavit
2386 5298 2456 5353 ad
2473 5298 2689 5353 bestias
2717 5313 2729 5350 :
2759 5318 2780 5344 υ
2810 5295 3134 5367 Principem
3160 5298 3354 5352 seaculi
3374 5298 3557 5369 hujus

1908 5389 2083 5444 latuit
2100 5387 2403 5459 virginitas
2427 5387 2638 5444 Marias.
2663 5387 2866 5441 Nonne
2893 5385 3010 5440 htec
3033 5389 3320 5442 sententia
3339 5389 3559 5459 scripta

1911 5480 2145 5546 dicitur,
2177 5483 2232 5533 et
2263 5479 2499 5549 quidem
2530 5478 2587 5533 in
2620 5475 2884 5550 epistola,
2915 5483 3090 5546 atque
3119 5475 3296 5532 etiam
3346 5482 3560 5552 marty-

1911 5571 1991 5624 ris
2014 5569 2042 5623 ?
2074 5573 2275 5624 Nonne
2307 5577 2524 5639 martyr
2555 5567 2651 5623 ille
2708 5566 2922 5623 diserte
2981 5565 3248 5637 Ignatius
3297 5571 3558 5638 vocatur,

1911 5658 2084 5714 etiam
2113 5657 2420 5728 episcopus
2451 5657 2786 5728 Antiochia,
2821 5670 3012 5712 nonne
3033 5654 3186 5710 idem
3209 5656 3307 5728 qui
3333 5672 3558 5728 pugna-

1911 5748 1991 5805 vit
2024 5747 2094 5802 ad
2128 5745 2607 5802 bestias?Nonne
2650 5747 2772 5802 hec
2811 5743 3084 5817 praeclara
3131 5743 3442 5813 sententia,
3477 5751 3564 5806 tot
