3942 6302
448 373 564 433 46⁸1

1495 373 1562 432 S.
1610 371 2014 432 IGNATIUS.
2058 401 2135 414 --
2182 365 2794 430 PROLEGOMENA.

3751 371 3857 431 468

452 505 722 562 Patribus
777 505 1087 561 decantata
1142 521 1210 561 ex
1253 505 1502 576 epistola
1558 504 1768 576 lgnatii
1809 504 1994 559 nostri
2022 503 2094 558 ab
2129 507 2180 572 Α
2209 503 2430 559 dictum
2465 519 2609 560 seex
2631 503 2881 575 epistola
2902 503 3110 575 Ignatii
3134 503 3205 559 ad
3229 502 3520 560 Romanos
3543 503 3857 576 sumpsisse

450 597 720 668 Origene,
755 599 811 651 et
838 595 908 650 ab
936 593 1034 650 illo
1061 594 1238 650 etiam
1269 593 1445 666 quiS.
1471 594 1684 650 Basilio
1715 592 1948 667 ἀρχαῖος
1970 591 2106 664 ἀνὴρ

452 685 797 757 appellatur,
829 684 1122 755 descripta
1145 687 1256 753 est,
1289 684 1389 738 diu
1448 689 1765 755 antequam
1825 701 1858 738 a
1895 682 2104 738 Dallmo

451 775 738 846 impostor
770 778 939 829 natus
971 789 1100 828 esse
1133 773 1371 844 ﬁngitur
1398 774 1425 827 ?

520 864 724 919 Fateor
753 862 1026 933 equidem
1090 859 1504 932 Hieronymum
1565 862 1893 934 scripsisse,
1945 862 2105 932 lgna-

453 953 601 1008 tium
624 954 795 1008 verba
817 969 939 1023 quae
965 955 1120 1024 apud
1145 953 1430 1008 Irenaeum
1482 957 1738 1018 exstant,
1773 956 1911 1006 tunc
1941 951 2104 1007 locu-

447 1047 570 1098 tum
604 1043 810 1104 fuisse,
841 1058 974 1098 cum
1015 1041 1313 1113 rugientes
1339 1041 1566 1096 audiret
1593 1043 1787 1096 leones
1815 1060 1830 1109 ;
1860 1042 1960 1096 sed
1996 1040 2104 1096 hoc

446 1131 635 1188 abillo
653 1132 878 1187 dictum
896 1130 1021 1188 sine
1050 1131 1173 1186 ulla
1195 1132 1542 1186 auctoritate
1591 1130 1782 1201 etiam;
1798 1136 1859 1184 ut
1884 1132 2102 1186 latean-

447 1230 546 1281 tur
567 1225 886 1282 adversarii
906 1239 1144 1280 necesse
1175 1228 1284 1279 est.
1320 1223 1531 1278 Omnia
1583 1239 1710 1294 quae
1764 1224 1836 1278 de
1878 1223 2103 1294 Iguatio

446 1315 622 1370 habet
641 1314 700 1368 in
725 1314 1022 1385 Catalogo,
1055 1329 1123 1367 ex
1152 1311 1382 1368 Eusebii
1434 1312 1676 1367 Historia
1706 1312 1961 1383 sumpsit
1994 1329 2007 1379 ;
2037 1329 2104 1367 ex

446 1404 548 1460 illa
578 1403 946 1474 transcripsit
977 1404 1370 1474 Hieronymus
1425 1403 1775 1458 sententiam
1835 1401 1986 1458 hanc
2029 1402 2103 1458 ab

445 1494 659 1550 Irenaeo
690 1493 985 1549 laudatam
1022 1509 1035 1559 ;
1071 1491 1217 1547 nihil
1252 1491 1367 1547 tale
1425 1491 1733 1558 Eusebius,
1785 1491 1931 1548 nihil
1981 1492 2100 1548 Ire-

445 1599 630 1649 meus,
663 1583 818 1654 apud
880 1595 1056 1653 quem
1087 1585 1308 1654 martyr
1332 1580 1675 1654 κατακριθεὶς
1724 1580 1861 1655 πρὸς
1915 1579 2098 1656 θηρία,

449 1694 474 1720 α
512 1687 644 1726 cum
671 1672 790 1741 jam
818 1671 1134 1726 damnatus
1156 1671 1395 1727 essetad
1416 1671 1636 1728 bestias
1660 1693 1688 1722 ››
1711 1687 1779 1726 ea
1799 1671 1975 1727 verba
2022 1671 2102 1727 lo-

449 1765 619 1816 cutus
650 1776 778 1816 esse
834 1759 1081 1829 dicitur;
1143 1760 1214 1816 de
1272 1777 1380 1817 suo
1428 1761 1600 1816 verba
1642 1765 1849 1817 caetera
1875 1760 2102 1817 addidit

2215 609 2283 647 ex
2340 594 2528 649 verbis
2586 593 2991 664 sequentibus,
3059 595 3298 647 τοιοῦτοι
3356 593 3457 668 γὰρ
3518 593 3570 647 οἱ
3641 593 3856 669 ἐρῶντες

2218 679 2350 754 ὅπερ
2383 681 2444 736 ἄν
2498 681 2788 756 πάσχωσιν
2833 682 2936 736 ὑπὸ
2988 685 3096 736 τῶν
3157 681 3444 756 ἐρωμένων
3497 687 3618 756 μεθ’
3664 681 3856 753 ἡδονῆς

2221 769 2496 846 δέχονται·
2532 797 2561 825 ε(
2593 777 2698 839 Qui
2741 774 2894 830 enim
2929 775 3013 830 sic
3044 787 3267 842 amant,
3301 776 3586 847 quidquid
3623 776 3694 831 ab
3721 793 3859 831 ama-

2216 863 2320 918 siis
2353 863 2676 933 patiuntur,
2716 880 2850 918 cum
2883 863 3185 932 voluptate
3214 865 3528 936 accipiunt.
3563 887 3591 915 υ
3645 864 3860 919 Alludit

2215 953 2371 1006 enim
2407 953 2718 1008 manifeste
2740 955 2811 1008 ad
2845 951 3234 1023 praeclarailla
3258 952 3468 1025 lgnatii
3490 954 3670 1009 verba
3706 954 3850 1009 etab

2213 1041 2489 1098 omnibus
2545 1043 2872 1105 decantata,
2933 1042 2960 1094 6
3019 1035 3155 1115 ἔρως
3215 1041 3242 1096 6
3311 1040 3441 1114 ἐμὸς
3485 1040 3847 1115 ἐσταύρωταιε

2214 1152 2243 1182 «
2273 1134 2452 1187 Amor
2484 1147 2647 1186 meus
2675 1132 2986 1187 cruciﬁxus
3015 1138 3124 1198 est,
3160 1153 3188 1181 »
3218 1148 3349 1204 qua:
3378 1133 3436 1187 in
3496 1133 3702 1189 eadem
3745 1135 3851 1204 epi-

2213 1221 2364 1276 stola
2392 1221 2784 1278 continentur.
2819 1221 3139 1278 Levissima
3170 1221 3351 1294 igitur
3405 1224 3750 1293 conjectura
3782 1228 3857 1277 est

2214 1310 2619 1381 impostorem,
2652 1311 2805 1382 quod
2839 1309 2958 1365 haec
2988 1311 3059 1366 ab
3092 1310 3313 1380 Ignatio
3370 1311 3524 1366 dicta
3578 1329 3697 1367 non
3732 1312 3859 1367 scri-

2217 1403 2314 1470 pta
2344 1399 2687 1468 audivisset,
2719 1399 2845 1454 ideo
2878 1401 3006 1455 suis
3045 1399 3308 1472 epistolis
3359 1401 3706 1465 inseruisse,
3739 1417 3856 1456 cum

2218 1488 2500 1561 Origenes
2532 1505 2647 1544 non
2679 1493 2911 1544 tantum
2945 1488 3082 1544 dicti
3118 1489 3467 1555 meminerit,
3503 1491 3605 1545 sed
3639 1495 3699 1546 et
3731 1491 3862 1562 epis-

2221 1578 2350 1634 tolis
2403 1580 2793 1650 Hieronymus
2849 1578 3160 1650 epistolam
3213 1579 3427 1635 diserte
3457 1579 3860 1646 nominaverit,

2209 1667 2663 1740 Cbrysostomus
2688 1672 2884 1739 aperte
2913 1669 3191 1723 innuerit.

2284 1757 2483 1829 Capite
2504 1759 2569 1813 31
2593 1756 2868 1813 ultimum
2885 1762 3297 1827 argumentum
3320 1763 3377 1814 et
3397 1758 3450 1814 vi
3475 1763 3532 1816 et
3552 1760 3855 1816 ordiuead-

448 1849 838 1922 Hieronymus
862 1849 1115 1917 incaute,
1145 1857 1206 1904 ut
1227 1848 1500 1922 pleraque
1519 1849 1631 1906 alia
1659 1868 1729 1907 ex
1762 1850 2008 1906 Eusebio
2039 1851 2098 1904 in
2129 1884 2183 1948 Β
2213 1847 2428 1914 ducit,«
2449 1847 2736 1919 Ignatium
2766 1846 3006 1915 scilicet,
3041 1848 3244 1902 decere
3276 1864 3390 1904 non
3420 1849 3677 1916 videtur,
3711 1848 3852 1920 quod

453 1939 552 1995 illo
575 1938 847 2010 Catalogo
875 1939 1074 1994 minus
1107 1943 1258 1995 recte
1317 1940 1811 1996 transcribuutur.
1846 1941 2106 2012 Iguatius
2137 1936 2182 1948 ”
2216 1937 2388 1992 toties
2417 1938 2616 1992 eadem
2649 1936 2879 2008 repetit.
2914 1957 2942 1986 »
2977 1936 3054 1991 At
3083 1936 3286 2008 quidni
3313 1937 3610 2009 Ignatium
3645 1938 3854 2006 deceat,

453 2029 610 2085 enim
634 2046 748 2084 non
782 2033 996 2097 Romae,
1033 2031 1133 2085 sed
1185 2031 1499 2087 Antiochiae
1557 2032 1872 2087 damnatus
1916 2037 2002 2088 est
2032 2033 2102 2087 ad

451 2119 754 2188 bestias,et
777 2125 910 2190 post
931 2119 1090 2175 illam
1115 2120 1660 2176 condemnationem
1686 2135 1819 2178 cum
1845 2122 2104 2193 Smyrnae

448 2226 518 2264 ea
541 2210 719 2264 verba
748 2208 1072 2279 scripserit,
1129 2208 1472 2281 κατακριθεὶς
1520 2209 1656 2283 πρὸς
1703 2210 1870 2283 θηρία
1918 2212 2105 2282 scrip-

448 2299 586 2369 psit.
617 2296 1030 2354 Certissimum
1101 2303 1191 2355 est
1245 2299 1659 2371 Hieronymum
1722 2301 2102 2372 epistolarum

446 2385 660 2457 lgnatii
685 2386 1109 2452 meminisse,et
1127 2387 1286 2443 illius
1311 2389 1596 2459 precipue
1618 2389 1894 2460 epistolae,
1913 2407 2090 2461 quam

447 2477 520 2532 ad
553 2476 847 2532 Romanos
886 2475 1142 2548 scripsit,
1177 2477 1234 2531 in
1267 2493 1382 2547 qua
1414 2493 1570 2532 nunc
1628 2477 1748 2532 haec
1803 2477 2104 2548 ipsissima

445 2569 723 2639 leguntur
747 2566 1006 2634 verba,et
1032 2572 1167 2622 ante
1187 2569 1312 2637 ejus
1335 2572 1560 2623 aetatem
1588 2568 2097 2640 legebantur.Nam

443 2657 596 2728 quod
619 2657 690 2712 de
711 2656 980 2728 praesenti
1001 2652 1281 2728 ἀλήθομαι
1321 2659 1496 2712 motor
1527 2663 1854 2730 argutatur,
1875 2659 2097 2714 nullam

440 2746 556 2800 vim
582 2744 824 2801 obtinet.
849 2744 980 2800 Sive
1002 2745 1156 2800 enim
1181 2746 1347 2816 dixit,
1377 2747 1499 2802 sive
1521 2748 1781 2819 scripsit,
1818 2765 1931 2804 non
1965 2765 2098 2804 cum

435 2835 561 2904 jam
595 2833 942 2902 laniaretur,
977 2834 1033 2889 id
1069 2835 1288 2890 factum
1320 2841 1427 2906 est,
1462 2837 1563 2892 sed
1594 2852 1728 2892 cum
1770 2837 1963 2893 adhuc
2015 2837 2096 2894 la-

445 2923 700 2979 niandus
721 2929 894 2980 esset.
928 2924 997 2980 Et
1013 2925 1290 2981 omnibus
1334 2926 1393 2981 in
1438 2942 1596 2982 more
1631 2927 1884 2998 positum
1909 2933 1997 2984 est
2029 2929 2099 2984 de

441 3029 503 3068 re
518 3020 670 3069 certe
685 3013 879 3069 futura
897 3015 1167 3084 praesenti
1182 3020 1445 3086 tempore
1459 3015 1561 3072 uti.
1586 3016 1699 3071 Nec
1713 3016 1834 3073 haec
1847 3018 2097 3089 objectio

442 3102 862 3175 Hieronymum
922 3106 1128 3174 tangit,
1188 3104 1289 3174 qui
1351 3121 1462 3159 non
1528 3106 1735 3170 molor,
1768 3108 1867 3162 sed
1911 3108 2099 3164 molar

438 3191 745 3248 transtulit
778 3192 1627 3264 ;undeSophrouiusitavertit
1657 3212 1670 3250 :
1705 3193 1808 3250 Καὶ
1849 3192 2087 3270 εὔχομαι

2214 2027 2367 2098 quod
2400 2027 2498 2082 alii
2527 2027 2585 2080 in
2619 2025 2780 2082 omni
2811 2041 3022 2096 genere
3069 2025 3382 2098 scriptores
3441 2043 3504 2082 se
3533 2028 3741 2086 decere
3770 2047 3857 2102 pu-

2212 2115 2458 2171 terunt?
2492 2112 2770 2175 Πολλάκις
2830 2113 2894 2168 τὸ
2947 2115 3077 2169 αὐτὸ
3127 2113 3254 2191 ἐρῶ,
3316 2116 3512 2190 inquit
3550 2118 3855 2176 Luciauus.

2210 2210 2266 2260 S.
2300 2206 2650 2262 Athanasius
2706 2206 2778 2262 de
2835 2206 3234 2263 incarnatione
3291 2206 3459 2263 Verbi
3511 2208 3615 2264 Dei
3648 2225 3662 2266 :
3695 2210 3782 2279 Μή
3811 2229 3854 2261 τι

2208 2295 2515 2370 θαυμάσῃς,
2550 2293 2592 2348 εἷ
2629 2294 2903 2356 πολλάκις
2928 2295 2997 2350 τὰ
3027 2295 3163 2350 αὐτᾶ
3215 2295 3339 2371 περὶ
3385 2301 3496 2352 τῶν
3539 2299 3723 2354 αὐτῶν
3773 2297 3854 2353 λέο

2207 2401 2413 2456 γομενε
2453 2385 2583 2440 «Ne
2607 2384 2858 2451 mireris,
2922 2386 2971 2441 si
3021 2386 3237 2458 saepius
3295 2387 3501 2443 eadem
3545 2388 3618 2444 de
3655 2390 3853 2444 iisdem

2209 2471 2482 2526 dicimus.
2521 2493 2547 2520 »
2581 2471 2901 2543 Xenophon
2960 2472 3159 2544 plures
3215 2473 3529 2529 sententias
3591 2475 3769 2531 habet
3805 2476 3855 2529 in

2209 2564 2485 2636 Historia,
2518 2581 2666 2636 quas
2717 2565 2924 2636 repetit
2980 2565 3037 2621 iu
3086 2565 3216 2621 Vita
3268 2566 3543 2639 Agesilai.
3603 2567 3856 2624 Plurima

2209 2655 2361 2724 apud
2395 2653 2736 2725 Gregorium
2761 2654 3188 2711 Nazianzeuum
3221 2655 3280 2711 in
3314 2673 3433 2712 una
3471 2657 3738 2713 oratione
3760 2658 3856 2714 ba-

2210 2742 2444 2810 bentur,
2477 2759 2603 2814 qua
2635 2743 2693 2798 in
2727 2743 2840 2799 alia
2863 2761 2994 2799 mox
3024 2749 3389 2816 repetuntur.
3423 2746 3532 2802 Sed
3591 2746 3703 2803 hoc
3749 2763 3853 2802 non

2206 2833 2677 2905 decetIguatium
2699 2855 2724 2885 α
2750 2834 3066 2905 ωῐείὶε]αω
3083 2841 3395 2907 provectae;
3428 2858 3456 2885 »
3482 2837 3658 2908 quasi
3693 2853 3852 2893 senes

2205 2923 2649 2994 repetitionibus
2682 2923 2880 2980 minus
2937 2925 3117 2980 dediti
3175 2925 3316 2998 sint,
3364 2943 3536 2998 quam
3588 2929 3847 2998 juvenes.

2202 3010 2328 3066 Non
2363 3012 2527 3067 decet
2547 3013 2842 3067 hominem
2865 3033 2890 3066 ι
2925 3015 3080 3085 apud
3115 3015 3409 3086 apostolos
3430 3018 3751 3073 educatum
3787 3040 3850 3085 ;»

2204 3101 2371 3172 quasi
2397 3119 2509 3157 non
2536 3103 2738 3158 deceat
2757 3102 3170 3174 apostolicum,
3202 3107 3353 3176 quod
3407 3107 3853 3179 decuitAposto-

2201 3191 2348 3244 lum.
2379 3190 2460 3246 Τὰ
2492 3189 2626 3244 αὐτὰ
2653 3190 2878 3268 γράφειν
2915 3191 3068 3264 ὑμῖν,
3121 3190 3246 3265 ἐμοὶ
3300 3195 3394 3266 μὲν
3437 3196 3538 3249 οὐκ
3597 3196 3847 3272 ὀκνηρὸν,

432 3284 548 3341 τοῖς
578 3277 764 3335 ὀδοῦσι
793 3283 902 3334 τῶν
936 3279 1140 3354 θηρίων
1171 3278 1488 3349 ἀλεσθῆναι,
1517 3307 1544 3334 α
1600 3288 1655 3338 et
1685 3289 1818 3355 opto
1843 3255 2081 3341 utnden-

2244 3282 2326 3348 μῖν
2357 3276 2413 3334 δὲ
2442 3255 2702 3358 ἀσφαλὲςί
2738 3255 3008 3337 «Ἐξιὰθτῐι
3041 3255 3202 3338 vobis
3260 3255 3532 3352 scribere,
3571 3304 3667 3343 me
3717 3255 3847 3359 qui;

436 3371 592 3427 tibus
623 3370 948 3427 bestiarum
982 3371 1224 3427 molar.»
1243 3375 1314 3427 At
1345 3372 1486 3428 illud
1516 3390 1528 3429 :
1583 3397 1611 3424 «
1653 3375 1882 3432 Utinam
1921 3378 2080 3434 fruar

433 3460 638 3516 bestiis
654 3459 799 3515 mihi
814 3460 1052 3532 paratis,
1067 3461 1276 3533 inquit,
1299 3479 1366 3518 ex
1377 3463 1686 3536 Cbry'sosto
1697 3483 1786 3522 mo
1803 3467 1942 3522 certi
1973 3485 2074 3523 su-

432 3564 567 3604 mus
582 3548 772 3604 Romae
788 3548 1078 3620 Ignatium
1095 3551 1162 3606 ad
1183 3551 1464 3609 Romanos
1479 3560 1792 3624 praesentes
1805 3557 2075 3624 dixisse;»

433 3653 568 3694 cum
596 3638 1048 3710 Chrysostomus
1079 3640 1318 3696 minime
1349 3650 1560 3708 narret,
1587 3659 1717 3699 cum
1744 3653 1838 3700 aut
1858 3647 1929 3701 ad
1965 3647 2074 3702 Ro-

434 3743 638 3783 manos
668 3734 1001 3799 praesentes,
1035 3734 1136 3785 aut
1167 3730 1360 3785 Romae
1422 3749 1486 3788 ea
1535 3734 1708 3789 verba
1739 3735 2071 3806 protulisse.

429 3818 696 3873 Allirmat
726 3819 1017 3889 Ignatium
1051 3819 1288 3876 lubente
1319 3821 1520 3877 animo
1575 3824 1792 3879 bestias
1835 3825 2073 3882 vidisse.

431 3907 596 3962 Πόθεν
625 3906 786 3961 τοῦτο
820 3904 991 3976 δῆλον
1021 3927 1034 3976 ;
1070 3932 1097 3960 ‹‹
1131 3909 1293 3966 Unde
1326 3911 1434 3966 hoc
1490 3914 1766 3984 apparet?
1795 3936 1824 3964 »
1865 3916 2076 3986 inquit,

429 3993 534 4050 ἀπὸ
563 4001 670 4050 τῶν
725 3994 983 4071 ῥημάτων
1042 3997 1115 4051 ὧν
1185 3997 1542 4068 ἀποθνήσκειν
1606 3998 1826 4072 μέλλων
1889 4001 2076 4080 ἄφθεγ-

429 4085 573 4153 ξατο.
616 4105 637 4133 ι
670 4087 750 4142 Ab
793 4086 910 4142 illis
941 4088 1152 4152 verbis,
1187 4105 1313 4159 quae
1346 4106 1482 4144 cum
1532 4093 1856 4149 moriturus
1901 4099 2074 4164 esset,

429 4175 782 4231 locutusest.
819 4194 840 4223 ι
863 4181 1079 4231 Aterat
1104 4174 1430 4246 ἀπονήσκειν
1469 4176 1686 4250 μέλλων
1716 4182 1788 4237 ab
1812 4199 1878 4238 eo
1927 4187 2075 4239 tem-

432 4281 712 4336 pore,quo
737 4266 804 4320 ad
831 4270 1075 4321 mortem
1098 4267 1521 4326 condemnatus
1543 4275 1659 4325 est:
1698 4289 1884 4343 neque
1918 4273 2074 4328 enim

436 4349 660 4424 μέλλειν
693 4369 811 4408 rem
836 4361 1202 4424 praesentem,
1233 4363 1335 4412 aut
1365 4359 1563 4414 statim
1602 4360 1856 4416 futuram
1891 4363 2077 4433 signi-

436 4441 588 4497 ﬁcat.
621 4441 738 4496 Hoc
797 4458 1002 4498 rursus
1054 4445 1298 4516 probat:
1347 4445 1619 4510 Ἀκούσας
1673 4447 1772 4523 γὰρ
1805 4449 1886 4504 ὃτι
1921 4448 2077 4513 οὗτος

435 4529 592 4584 αὐτὸν
625 4537 724 4599 τῆς
761 4532 1028 4605 τιμωρίας
1050 4534 1078 4588 6
1106 4536 1310 4608 τρόπος
1347 4535 1514 4610 μένει,
1548 4536 1657 4612 ἐγὼ
1704 4543 1812 4592 τῶν
1870 4540 2074 4614 θηρίων

436 4617 654 4674 ἐκείνων
715 4619 947 4694 ὀναίμην
1005 4619 1177 4698 ἔλεγε.
1242 4650 1268 4676 (ι

436 4709 546 4766 hoc
574 4727 708 4766 eum
767 4711 1041 4783 supplicii
1101 4731 1286 4785 genus
1346 4728 1628 4772 manere:
1690 4715 1924 4774 Utinam
1976 4736 2080 4793 ego

436 4800 567 4855 istis
599 4801 802 4857 bestiis
833 4802 988 4858 fruar
1016 4802 1044 4857 ‘?
1073 4803 1393 4874 inquiebat.
1453 4827 1481 4854 ‹‹
1539 4806 1854 4862 Audiverat
1885 4815 2078 4866 autem

436 4892 494 4947 S.
525 4892 785 4962 Ignatius
821 4893 918 4948 diu
957 4899 1270 4966 antequam
1303 4898 1544 4951 Romam
1597 4900 1938 4968 perveniret,
1973 4903 2080 4959 hoc

433 4981 544 5037 sibi
575 4983 777 5038 mortis
809 4998 994 5053 genus
1027 4988 1292 5052 paratum
1328 4985 1532 5055 fuisse,
1577 4987 1646 5042 ad
1699 4991 1852 5060 quod
1889 4992 2079 5047 Antio-

430 5070 572 5124 chiae
595 5071 1026 5128 condemnatus
1047 5074 1254 5128 fuerat.
1291 5075 1358 5128 Et
1380 5074 1612 5144 quidem
1635 5079 1706 5132 ad
1730 5082 2074 5138 sententiam

429 5159 868 5232 abimperatore
892 5161 1064 5218 latam
1110 5163 1436 5232 respexisse
1473 5164 1948 5238 Chrysostomum
1983 5188 2079 5241 pa-

427 5253 529 5307 tet.
565 5249 662 5304 Διά
688 5255 851 5305 τοῦτο
881 5255 989 5305 τῶν
1024 5250 1254 5324 θηρίων,
1303 5247 1510 5326 ἔλεγεν,
1570 5256 1824 5330 ὀναίμην,
1878 5283 1906 5310 ς(
1937 5261 2073 5317 Pro-

427 5344 646 5411 pterea,
680 5340 884 5396 bestiis
917 5343 1097 5409 lruar,
1131 5341 1379 5408 dicebat,
1417 5367 1444 5393 »
1477 5345 1564 5398 καὶ
1623 5345 1821 5418 πολλῷ
1862 5348 2071 5403 τούτων

426 5428 749 5501 ἡμερώτεροι
776 5427 842 5483 τὰ
876 5428 1118 5500 στόματα
1166 5429 1406 5502 ἐνόμιζεν
1465 5433 1598 5489 εἶναι
1663 5443 1763 5505 τῆς
1827 5436 1925 5492 τοῦ
1978 5459 2071 5494 τυ-

387 5583 390 5586 ,
430 5515 625 5590 ράννου
654 5515 927 5592 γλώττης.
961 5541 987 5569 ε(
1014 5523 1084 5575 Et
1107 5519 1286 5575 mullo
1321 5523 1410 5578 his
1435 5528 1833 5584 mansuetiora
1854 5529 2070 5585 bestia-

431 5620 563 5659 rum
603 5622 704 5662 ora
771 5607 993 5678 putavit
1047 5624 1195 5674 esse,
1258 5625 1434 5681 quam
1468 5612 1728 5685 linguam
1757 5619 2006 5688 tyranni.
2043 5640 2070 5667 ››

428 5693 786 5753 Ρτωιθτθιε.
816 5695 1260 5770 Cbryspstomus
1283 5701 1428 5759 satis
1474 5701 1628 5759 clare
1674 5705 1932 5761 ostendit
1962 5706 2070 5764 hoc

2194 3367 2325 3422 dem
2359 3385 2473 3422 non
2508 3369 2684 3440 piget,
2717 3370 2880 3425 vobis
2911 3375 3104 3426 autem
3136 3375 3327 3428 tutum
3362 3378 3471 3445 est,
3507 3397 3534 3424 »
3570 3376 3767 3448 inquit
3790 3377 3841 3432 S.

2191 3457 2412 3512 Paulus
2442 3457 2693 3530 Philipp.
2727 3475 2810 3527 ιιι,
2848 3463 2894 3512 1.

2265 3564 2412 3629 Quid
2446 3580 2598 3635 vero,
2626 3583 2695 3620 an
2739 3566 2849 3622 hoc
2869 3570 2960 3622 est
3009 3568 3210 3624 eadem
3237 3574 3515 3640 repetere,
3548 3571 3709 3628 idem
3740 3589 3838 3628 vo-

2193 3652 2467 3709 cabulum
2491 3653 2801 3726 aliquoties
2822 3671 3101 3726 usurpare
3127 3656 3154 3712 '?
3173 3657 3326 3714 Dixit
3365 3660 3422 3715 S.
3474 3659 3696 3718 Paulus
3729 3661 3842 3717 loco

2184 3743 2310 3813 jam
2346 3742 2610 3799 laudato:
2649 3740 2889 3799 Βλέπετε
2916 3745 3042 3806 τοὺς
3074 3745 3258 3815 κύνας,
3314 3746 3543 3822 βλέπετε
3590 3752 3724 3813 τοὺς
3754 3773 3841 3805 κτι-

2192 3829 2322 3892 κοὺς
2353 3829 2600 3905 ἐργάτας,
2636 3831 2866 3906 βλέπετε
2922 3835 3021 3903 τὴν
3081 3839 3417 3909 κατατομήν.
3470 3845 3592 3896 Non
3650 3849 3842 3900 tamen

2193 3920 2301 3976 hoc
2323 3923 2587 3993 est,quod
2613 3930 2741 3979 ante
2759 3924 2929 3990 dixit,
2959 3923 3026 3978 τὰ
3057 3923 3191 3980 αὐτὰ
3219 3925 3468 4003 γράφειν.
3527 3933 3640 3986 Sed
3706 3931 3846 3985 ὀναί-

2197 4031 2304 4083 μην
2333 4015 2389 4067 et
2419 4009 2718 4086 ἄντίψυχον
2755 4036 2782 4063 ‹‹
2804 4013 3020 4085 ubique
3045 4016 3200 4087 apud
3247 4015 3399 4072 hunc
3448 4029 3786 4078 occurrunt.
3822 4045 3845 4071 ››

2190 4102 2356 4172 Apud
2390 4101 2547 4156 hunc
2570 4109 2762 4157 autem
2795 4103 3321 4178 ubique?8cripsit
3379 4125 3534 4166 unus
3572 4111 3845 4183 idemque

2193 4195 2416 4261 septem
2448 4191 2745 4262 epistolas,
2773 4196 2836 4247 ut
2858 4193 3142 4263 arbitror;
3205 4201 3270 4250 ut
3295 4202 3355 4252 tu
3389 4199 3716 4272 existimas,
3749 4219 3845 4257 sex

2192 4283 2421 4336 tantum
2452 4281 2737 4352 impostor
2764 4286 2922 4338 tuus.
2977 4287 3129 4355 Lego
3176 4285 3384 4342 harum
3430 4294 3712 4359 quatuor,
3744 4309 3842 4346 vox

2192 4367 2492 4444 ἀντίψυχον
2526 4370 2581 4424 in
2619 4387 2816 4426 earum
2845 4371 3006 4427 nulla
3026 4375 3279 4430 occurrit
3312 4392 3325 4432 :
3387 4393 3459 4432 an
3509 4378 3693 4450 igitur
3725 4382 3842 4436 ubi-

2192 4474 2302 4529 que
2332 4457 2518 4529 PLego
2546 4461 2756 4516 iterum
2790 4468 3062 4534 quatuor,
3096 4480 3200 4520 nec
3257 4467 3510 4522 occurrit
3544 4485 3657 4525 vox
3694 4471 3842 4523 ὀναί-

2197 4564 2326 4618 μην⁶
2361 4565 2547 4619 neque
2577 4549 2678 4605 illa
2727 4550 2906 4622 igitur
2962 4552 3199 4624 ubique.
3257 4559 3378 4610 Cur
3431 4558 3660 4614 veritati
3724 4565 3840 4616 tam

1331 4627 1472 4682 Cum
1543 4628 1697 4682 enim
1761 4617 2088 4688 audivisset
2110 4623 2158 4688 D
2188 4617 2380 4706 aperte
2403 4617 2804 4694 contradicis'?
2826 4639 3036 4710 Objicit
3062 4617 3118 4696 e-t
3141 4642 3283 4711 hac,
3317 4661 3379 4700 se
3398 4645 3688 4704 minorem
3718 4665 3844 4706 esse

2192 4727 2658 4799 aliis,indignum
2691 4745 2970 4794 esse,non
3001 4747 3130 4787 esse
3149 4732 3395 4805 aliquid,
3431 4751 3543 4791 non
3607 4744 3674 4794 ut
3707 4756 3843 4812 apo-

2189 4815 2403 4871 stolum
2430 4817 2742 4888 praecipere
2776 4833 2790 4872 :
2825 4818 3194 4888 quibussuos
3217 4821 3571 4895 Smyrnaeos,
3605 4832 3840 4900 Magne-

2188 4905 2408 4970 sianos,
2437 4904 2783 4973 Trallianos,
2818 4907 3130 4976 Romanos,
3162 4909 3465 4982 Ephesios,
3495 4913 3840 4985 Tarsenses,

2187 4992 2749 5065 Philadelphienses,
2777 4995 3164 5054 Anliochenos
3196 5009 3252 5054 et
3283 4999 3696 5074 Philippenses
3743 5009 3840 5063 ob-

2188 5081 2397 5136 tundit.
2431 5081 2583 5137 Prob
2636 5083 2880 5140 miseros
2928 5083 3219 5153 homines,
3271 5088 3342 5144 ad
3394 5105 3541 5162 quos
3574 5093 3841 5164 Ignatius

2185 5170 2457 5242 scripsit!
2485 5174 2606 5228 Imo
2624 5189 2759 5228 vero
2798 5173 2882 5228 illi
2907 5173 3052 5230 satis
3086 5175 3281 5232 felices
3306 5195 3322 5247 ;
3347 5195 3452 5236 nos
3473 5183 3671 5250 potius
3716 5186 3841 5242 Dal-

2183 5257 2326 5314 laius
2344 5259 2741 5334 obtundit,qui
2766 5264 2981 5334 saepius
3007 5264 3126 5319 haec
3146 5266 3316 5323 nobis
3347 5267 3622 5336 inculcat,
3661 5292 3841 5347 quam

2183 5349 2307 5404 suis
2339 5349 2636 5420 lgnatius;
2671 5352 2889 5423 quique
2919 5353 3134 5425 optime
3164 5357 3324 5412 novit
3381 5360 3657 5418 eumdem
3707 5368 3843 5422 scri-

2182 5443 2408 5510 ptorem
2456 5440 2556 5510 qui
2605 5440 2936 5510 Smyrnaeos
2990 5440 3283 5499 allocutus
3342 5452 3453 5513 est,
3493 5447 3842 5520 Tarsenses,

2180 5528 2572 5585 Antiocheuos
2629 5538 2683 5586 et
2739 5530 3148 5603 Philippenses
3208 5551 3322 5590 non
3383 5537 3725 5610 obtudisse,
3775 5561 3839 5599 ne

2179 5615 2493 5674 allocutum
2521 5620 2755 5691 quidem
2789 5636 2891 5690 per
2919 5621 3227 5692 epistolam
3247 5639 3396 5680 esse.
3427 5629 3498 5683 ΒΘ
3545 5629 3833 5689 minorem

2178 5722 2308 5764 esse
2331 5707 2462 5764 aliis
2484 5707 2666 5765 semel
2688 5713 2916 5766 tantum
2935 5709 3098 5777 dixit,
3136 5728 3344 5786 nempe
3365 5715 3439 5772 ad
3474 5721 3834 5792 Magnesiae,
