3942 6302
197 326 316 384 469

975 322 1410 385 PEARSONII
1453 323 1839 386 VINDICIB
1879 323 2362 386 IGNATIAN/E.
2406 358 2488 372 --
2531 327 2732 388 PARS
2779 329 2857 389 ΙΙ.

3500 335 3624 394 4Ὶο

199 459 334 514 illos
366 458 554 530 igitur
570 473 638 514 ea
659 457 951 514 locutione
981 458 1221 514 minime
1246 458 1496 525 obtudit,
1529 459 1743 514 nedum
1775 475 1858 513 re-
1884 462 1940 528 Α
1969 458 2101 514 dem
2137 459 2564 532 Magnesiauos,
2597 484 2625 510 «
2659 461 2825 532 quasi
2859 479 2975 518 non
2999 463 3144 520 satis
3166 463 3620 535 intellexissent,

196 549 430 620 liquos:
465 566 531 604 se
564 565 682 604 non
717 563 841 604 esse
875 547 1339 620 aliquem,seme1
1380 548 1866 614 tantum,scilicet

199 640 272 694 ad
299 639 587 709 Ephesios
615 655 765 693 :non
786 641 845 693 ut
869 637 1196 709 apostolum
1251 637 1587 709 praecipere,
1621 637 1711 693 bis
1744 645 1863 693 lan-

194 732 414 795 tum,et
435 727 677 800 quidem
701 728 771 782 ad
804 729 1098 796 diversos;
1170 727 1381 799 saepius
1443 744 1504 782 se
1553 727 1860 800 indignum

193 820 588 889 vocavit,qute
619 835 727 873 vox
750 819 828 873 ita
853 818 1104 890 posteris
1162 817 1404 891 placuit,
1464 821 1528 872 ut
1587 820 1861 875 omnibus

197 909 316 980 piis
341 909 640 980 episc0pis
662 907 831 979 quasi
851 909 1188 963 adhaereret.
1222 909 1383 963 Adeo
1434 924 1562 962 rara
1584 924 1699 963 non
1722 913 1862 964 sunt

194 1015 329 1071 quae
349 998 531 1054 semel
559 998 718 1066 dicit,
755 1002 820 1052 ut
840 1014 908 1052 ex
925 997 1018 1054 his
1041 1003 1294 1069 quatuor
1342 1014 1468 1068 quae
1491 997 1661 1052 toties
1678 997 1860 1052 incul-

192 1089 318 1144 cari
353 1088 494 1156 vult,
530 1089 645 1143 duo
668 1086 850 1144 semel
892 1092 1118 1143 tantum
1147 1088 1374 1144 dixerit.
1398 1089 1456 1142 Si
1480 1088 1599 1143 haac
1622 1092 1852 1159 aposto-

191 1179 380 1234 licum
413 1178 605 1232 virum
635 1177 867 1247 feriant,
895 1178 1035 1249 quid
1095 1178 1166 1233 de
1219 1177 1276 1233 S.
1337 1177 1514 1233 Paulo
1546 1178 1810 1233 dicemus
1831 1177 1858 1232 ?

194 1267 915 1340 Vocabulumilliplacuit
941 1266 1338 1340 κατενάρκησα,
1374 1269 1528 1339 quod
1579 1270 1679 1340 qui
1720 1271 1852 1324 ante

188 1375 331 1414 eum
368 1359 760 1429 usurpaverit,
812 1358 1104 1413 neminem
1163 1358 1407 1413 scimus.
1469 1362 1586 1412 Hoc
1633 1362 1850 1424 autem,

188 1448 352 1518 quod
386 1447 684 1518 proposito
719 1462 824 1502 suo
856 1447 1075 1519 optime
1114 1447 1422 1502 convenire
1451 1449 1700 1517 putaret,
1736 1463 1850 1502 non

186 1535 376 1593 semel
403 1553 547 1592 usus
569 1540 679 1605 est,
707 1540 763 1591 et
811 1537 1043 1607 quidem
1073 1537 1143 1590 ad
1189 1536 1442 1606 eosdem,
1471 1534 1744 1604 IICor.x1,
1771 1536 1805 1589 8
1834 1552 1848 1591 :

189 1625 266 1685 Οὐ
331 1624 709 1700 κατενάρκησα
768 1621 1003 1685 οὐδενὸς.
1067 1625 1288 1682 Rursus
1363 1643 1490 1698 cap.
1571 1643 1674 1691 XII,
1738 1625 1847 1682 i3:

187 1715 369 1778 Αὐτὸς
403 1714 515 1788 ἐγὼ
547 1711 613 1768 οἷ)
658 1713 1024 1788 κανενάρκησα
1077 1715 1248 1788 ὑμῶν,
1303 1719 1359 1772 et
1405 1715 1691 1772 versiculo
1744 1733 1848 1788 pro

183 1809 352 1864 ximo
383 1825 400 1867 :
431 1805 508 1863 Οὔ
547 1808 942 1882 καταναρκήσω
997 1808 1169 1880 ὑμῶν.
1222 1808 1282 1863 Si
1342 1807 1468 1864 haec
1515 1808 1846 1881 scripsisset
1875 1843 1922 1905 Β

185 1897 483 1971 Ignatius,
517 1915 665 1970 quas
695 1899 901 1954 turbas
931 1898 1240 1953 excitasset
1288 1897 1572 1953 Dallaeusl
1627 1898 1845 1954 Nactus

187 1993 280 2045 est
310 1989 557 2044 verbum
591 2004 788 2044 rarum
817 1995 871 2044 et
929 1986 1250 2056 insolitum,
1284 1989 1437 2060 quod
1463 1988 1532 2043 ad
1567 1987 1844 2043 orationis

184 2095 473 2152 pompam
497 2083 552 2134 et
574 2073 736 2153 ὄγκον
760 2079 990 2136 faceret.
1023 2101 1050 2129 ‹‹
1098 2078 1214 2133 Ηοο
1273 2078 1386 2134 sibi
1430 2078 1583 2133 salse
1611 2082 1668 2134 et
1696 2077 1843 2134 belle

181 2169 355 2229 visus
377 2177 461 2224 est
484 2167 722 2225 dixisse.
758 2191 786 2219 »
809 2168 934 2223 Non
958 2167 1138 2240 igitur
1153 2166 1266 2224 sibi
1288 2172 1611 2238 temperare
1630 2168 1838 2240 potuit,

184 2259 333 2332 quin
366 2258 571 2313 iisdem
605 2258 914 2327 occineret,
950 2275 1167 2330 eosque
1193 2258 1452 2314 conferta
1502 2258 1840 2330 repetitione

179 2348 555 2416 obtunderet,
590 2351 646 2403 et
676 2347 805 2418 ipsa
837 2347 1141 2418 torpedine
1171 2347 1464 2419 potentius
1493 2347 1834 2419 obstupefa-

176 2441 358 2493 ceret.
394 2437 510 2492 Nec
535 2443 728 2493 tamen
759 2437 977 2493 veritus
992 2440 1082 2492 est
1100 2436 1413 2508 Gregorius
1435 2436 1837 2493 Nazianzenus

182 2528 323 2582 dem
353 2526 710 2584 vocabulum
745 2531 874 2599 post
909 2525 969 2582 S.
1007 2525 1254 2581 Paulum
1289 2526 1464 2581 etiam
1507 2527 1836 2598 repetitum

180 2617 326 2671 dare
356 2617 619 2671 oratione
647 2618 718 2671 28
745 2633 757 2670 :
784 2614 928 2668 Πάνυ
959 2615 1086 2690 γὰρ,
1122 2615 1195 2676 ὡς
1235 2614 1387 2687 ὁρᾷς,
1411 2612 1681 2668 πλείστῶν
1705 2635 1832 2668 κατ-

176 2707 584 2777 εναρκτςσαμεν,
666 2703 912 2778 καίτοιγε
1012 2701 1502 2779 προκαλουμένων·
1589 2702 1650 2757 οὐ
1732 2705 1833 2779 γὰρ

172 2793 651 2869 ἂχαριστήσομεν·
686 2793 731 2848 εἷ’
781 2790 837 2846 δὲ
893 2793 981 2846 καὶ
1039 2794 1538 2865 κατεναρκήσαμεν,
1587 2791 1665 2865 τῷ
1718 2793 1832 2872 φεί-

179 2881 368 2938 δεσθαι
404 2881 643 2955 μᾶλλον,
676 2879 711 2951 ἤ
742 2887 819 2954 τῷ
850 2881 1188 2954 προσίεσθαι.

247 2984 570 3038 Enumerat
601 2984 841 3053 phrases
872 2983 1158 3054 quasdam
1216 2985 1318 3037 aut
1385 2981 1829 3052 similitudines,

173 3091 310 3146 qua:
339 3074 396 3129 in
422 3075 650 3129 duabus
679 3078 780 3128 aut
810 3074 954 3128 forte
987 3073 1176 3128 tribus
1223 3071 1489 3144 epistolis
1522 3073 1829 3128 inveniun-

172 3168 360 3231 tur,et
382 3164 505 3218 haec
533 3164 703 3220 toties
733 3180 1015 3235 usurpare
1050 3158 1404 3237 βαττολογεῖν
1464 3178 1593 3218 esse
1643 3166 1826 3234 putat.

1974 547 2062 604 bis
2092 547 2256 604 dixit.
2289 571 2317 600 »
2343 550 2541 622 Neque
2574 552 2789 606 mirum
2826 568 2997 608 :cum
3054 553 3178 624 ipse
3237 553 3454 623 Cicero,
3497 558 3622 629 epi-

1971 637 2117 693 stola
2140 639 2210 692 ad
2236 638 2509 706 Marium,
2542 657 2675 695 cum
2700 640 2878 695 semel
2912 641 3060 697 belle
3106 642 3384 700 dixisset:
3412 668 3437 696 «ι
3471 645 3619 703 Veni

1969 727 2291 796 domum,si
2323 734 2478 785 esset
2507 729 2703 801 aliqua
2735 732 2922 786 forma
2963 733 3296 804 reipublicae
3333 739 3618 808 tanquam

1969 817 2026 871 in
2061 817 2245 888 patria
2279 822 2343 873 ut
2381 835 2569 874 essem
2602 836 2613 875 :
2642 821 2688 874 si
2713 820 2892 886 nulla,
2915 825 3197 892 tanquam
3219 823 3278 877 in
3301 825 3504 880 exsilio
3538 846 3552 894 ;
3585 847 3616 878 ι)

1967 920 2082 960 non
2107 905 2217 960 sibi
2243 907 2649 978 temperaverit
2665 908 2803 979 quin
2821 907 2991 978 paulo
3006 915 3137 981 post
3149 910 3363 968 diceret
3377 930 3392 969 :
3408 935 3436 963 «
3451 913 3616 970 Nunc

1968 1001 2160 1049 autem
2196 996 2243 1049 si
2277 995 2396 1050 ί]ωο
2421 997 2624 1053 civitas
2658 1002 2768 1064 est,
2823 998 3006 1053 civem
3065 1016 3193 1055 esse
3233 1017 3363 1070 me;
3397 1002 3446 1057 si
3477 1020 3612 1073 non,

1966 1085 2225 1140 exsulem
2261 1101 2408 1141 esse.
2443 1106 2472 1136 η
2506 1087 2814 1158 Nunquam
2849 1088 3223 1159 repetitiones
3263 1091 3613 1163 frequentio-

1966 1190 2058 1229 res
2093 1179 2231 1228 sunt
2262 1190 2436 1245 quam
2464 1175 2523 1229 in
2552 1175 2842 1246 epistolis,
2874 1176 2922 1231 si
2954 1194 3070 1232 non
3107 1177 3338 1246 iisdem,
3369 1184 3523 1237 certe
3552 1182 3612 1237 in

1966 1263 2312 1319 diversis.Et
2332 1263 2568 1334 quidem
2594 1264 2705 1335 ipsi
2732 1265 2994 1322 Ciceroni
3015 1275 3312 1324 oratorum
3357 1272 3609 1330 maximo

1963 1350 2101 1406 olim
2135 1352 2487 1423 objiciebsnt
2516 1353 2716 1408 eadem
2760 1358 2958 1409 omnia
3011 1357 3449 1430 obtrectatores,
3483 1378 3609 1432 quae

1962 1457 2118 1497 nunc
2153 1441 2376 1513 lgnatio
2410 1446 2610 1498 nostro
2641 1443 2843 1514 objicit
2873 1443 3147 1501 Dallasus.
3191 1451 3273 1502 Ita
3331 1449 3612 1506 nimirum

1960 1531 2378 1598 Quintilianus,
2406 1532 2744 1589 Ciceronem
2778 1550 3022 1591 suorum
3064 1540 3395 1609 temporum
3427 1539 3614 1596 homi-

1959 1636 2062 1677 nes
2092 1621 2384 1678 incessere
2413 1622 2708 1680 audebant
2737 1629 2799 1679 ut
2841 1625 3236 1696 tumidiorem,
3287 1633 3344 1685 et
3397 1630 3610 1686 Asiati-

1956 1715 2176 1780 cum,et
2205 1713 2650 1781 redundantem,
2683 1713 2822 1769 etin
2851 1715 3288 1786 repititionibus
3336 1718 3604 1776 nimium.

2030 1804 2184 1858 Inter
2216 1817 2422 1858 omnes
2453 1818 2553 1857 eas
2582 1803 2904 1859 sententias
2971 1820 3117 1876 quas
3172 1811 3474 1863 enumerat
3517 1809 3608 1865 bis

1953 1890 2042 1948 vel
2072 1895 2160 1948 ter
2190 1892 2246 1946 in
2280 1890 2539 1963 epistolis
2571 1895 2890 1964 usurpatas
2907 1910 3082 1950 unam
3108 1894 3377 1952 observat
3393 1896 3608 1954 absur-

1955 1982 2083 2036 dam
2113 1985 2169 2036 et
2203 1982 2497 2046 absonam,
2531 1982 2603 2038 ab
2659 1981 3077 2053 interpolatore
3126 1984 3467 2056 indicatam,
3500 1987 3602 2059 qui

1951 2088 2079 2126 eam
2113 2071 2260 2128 ferre
2283 2089 2398 2127 non
2422 2072 2633 2143 potuit,
2663 2071 2910 2143 ideoque
2955 2073 3180 2144 quoties
3211 2075 3269 2129 in
3296 2091 3422 2131 eam
3452 2076 3600 2133 inci-

1953 2160 2058 2232 dit,
2092 2161 2176 2217 vel
2209 2161 2506 2232 expunxil,
2539 2160 2624 2216 vel
2657 2162 2920 2218 mutavit.
2955 2166 3042 2218 An
3092 2164 3284 2220 omnia
3343 2165 3601 2222 absurda

1950 2267 2004 2316 et
2034 2262 2253 2318 absona
2281 2265 2440 2327 sunt,
2473 2278 2600 2333 quae
2633 2261 2884 2317 mutavit
2929 2263 3355 2334 interpolator?
3399 2264 3601 2322 Infeli-

1948 2350 2173 2407 cissimi
2210 2351 2386 2423 igitur
2405 2351 2736 2408 mortalium
2757 2351 2811 2408 S.
2840 2351 3212 2422 Athanasius,
3247 2354 3305 2411 S.
3331 2353 3599 2412 Theodo-

1949 2445 2108 2496 retus
2125 2440 2342 2512 aliique
2364 2445 2608 2510 veteres,
2627 2441 2725 2512 qui
2747 2445 2833 2497 tot
2853 2441 2978 2498 loca
2999 2458 3069 2497 ex
3114 2444 3333 2514 Ignatio
3385 2445 3456 2500 ad
3489 2462 3598 2502 sua

1947 2531 2165 2601 scripta
2187 2531 2520 2587 exornanda
2541 2535 2597 2586 et
2616 2530 2883 2587 Ecclesia:
2907 2533 3181 2605 dogmata
3197 2533 3599 2591 conﬁrmanda

1947 2621 2367 2692 produxerunt,
2401 2636 2650 2691 quorum
2685 2620 2979 2692 pleraque,
3015 2625 3080 2676 ut
3121 2622 3379 2678 absurda
3437 2624 3600 2680 scili-

1946 2713 2036 2764 cet
2065 2713 2120 2763 et
2151 2709 2373 2765 absona
2407 2709 2678 2776 mutavit,
2710 2710 3058 2777 obscuravit,
3119 2715 3219 2765 aut
3268 2711 3597 2769 obliteravit

1943 2797 2345 2868 interpolator,
2376 2799 2721 2869 prudentior
2751 2801 2936 2855 multo
2966 2805 3138 2871 atque
3177 2801 3461 2873 sagacior.
3493 2803 3596 2859 Ille

1942 2887 2140 2941 omnia
2159 2903 2260 2959 pro
2284 2886 2453 2942 libitu
2478 2887 2735 2957 miscuit,
2770 2892 2835 2943 ut
2879 2892 3012 2943 ante
3053 2889 3442 2959 ostendimus,
3475 2908 3598 2947 ma-

1939 2975 2096 3030 xima
2112 2975 2355 3030 minima
2378 2975 2621 3031 licenter
2643 2976 3014 3031 immutavit:
3043 2975 3198 3032 illius
3237 2978 3592 3050 quisquilias

1940 3072 1991 3119 et
2022 3069 2210 3119 errata
2254 3069 2531 3134 tanquam
2596 3063 2834 3120 oracula
2891 3064 3140 3120 Dallaeus
3198 3067 3589 3123 exosculatur.

1942 3153 2203 3224 lguatius
2236 3171 2349 3209 non
2383 3170 2450 3209 ea
2481 3153 2651 3220 dixit,
2680 3171 2806 3224 quae
2855 3171 3025 3210 nemo
3076 3154 3306 3210 locutus
3324 3162 3432 3227 est,
3457 3173 3591 3214 cum

171 3216 1208 3324 Eadem'i'gituvrlo‘quendiit‘ormula,
1243 3216 1344 3306 alit
1383 3216 1607 3323 eadem,
1643 3216 1830 3308 iusta;
1861 3216 1904 3284 Ο
1940 3216 2212 3319 episcopo
2241 3251 2342 3302 aut
2374 3216 2645 3303 diaconis
2696 3216 2945 3316 ἐντολήν,
3007 3247 3367 3319 presbxterio
3417 3216 3589 3322 νόμον

169 3343 359 3415 phora
389 3341 448 3397 in
475 3341 670 3412 aliqua
693 3341 940 3411 epistola
962 3341 1196 3413 uti,qua
1223 3341 1280 3395 in
1306 3339 1421 3396 alia
1438 3357 1578 3396 usus
1625 3340 1827 3408 fueris,

170 3437 262 3488 est
289 3429 638 3505 βαττολογία.
676 3431 921 3485 Severus
945 3430 1122 3484 nimis
1155 3430 1388 3485 criticus
1419 3434 1507 3486 est
1555 3429 1825 3487 Dallaaus.

169 3521 322 3585 Quid
348 3521 426 3575 sit
445 3517 930 3596 Bazzoltoytamon
951 3534 1155 3574 omnes
1173 3519 1536 3574 consentiunt
1565 3537 1578 3586 ;
1619 3535 1826 3590 quam-

167 3627 402 3682 cunque
429 3609 824 3681 acceptionem
861 3608 1146 3680 sequaris,
1207 3607 1496 3680 Ignatium
1558 3612 1823 3664 nostrum

171 3697 533 3774 βαττολογεῖν
567 3715 871 3770 nunquam
895 3698 1132 3754 efficies.
1167 3697 1496 3754 Delectatus
1517 3699 1743 3754 videtur
1765 3705 1824 3756 S.

169 3789 392 3846 Paulus
425 3789 766 3861 metaphora
790 3786 895 3840 ἀπὸ
928 3789 1032 3840 τῶν
1097 3783 1284 3840 ὅπλων
1343 3788 1518 3842 ducta
1562 3788 1620 3841 in
1652 3788 1826 3860 expli-

167 3880 357 3936 canda
389 3878 654 3934 doctrina
685 3876 1056 3946 Christiana;
1087 3876 1346 3931 scribens
1378 3876 1578 3948 itaque
1614 3877 1684 3932 ad
1718 3878 1824 3934 Ro-

169 3985 380 4025 manes
410 3964 557 4021 ὅπλα
587 3963 798 4027 ἀδικίας
847 3965 1014 4036 dixit,
1076 3966 1208 4020 dein
1272 3963 1416 4019 ὅπλα
1455 3962 1819 4039 δικαιοσύνης,

165 4077 302 4115 mox
332 4060 507 4114 etiam
532 4055 678 4112 ὅπλα
715 4060 811 4111 τοῦ
847 4055 1045 4132 φωτός·
1078 4073 1283 4112 rursus
1314 4055 1578 4112 scribens
1617 4057 1687 4111 ad
1721 4057 1822 4112 Co-

163 4149 442 4215 rinthios,
472 4149 681 4204 iterum
709 4144 856 4201 ὅπλα
897 4142 1270 4218 δικαιοσύνης,
1318 4145 1406 4198 καὶ
1457 4143 1603 4199 ὅπλα
1656 4164 1817 4217 στρα-

161 4236 333 4308 τείας,
368 4239 436 4294 ad
497 4237 803 4308 Ephesios,
855 4228 1148 4288 ἀναλάϐετε
1199 4234 1297 4302 τήν
1353 4231 1664 4290 πανοπλίαν
1716 4233 1816 4289 τοὺ

162 4331 322 4395 Θεοῦ,
357 4322 643 4388 ἐνδύσασθε
673 4325 774 4394 τὴν
804 4321 1112 4378 πανοπλίαν
1144 4327 1242 4377 τοῦ
1275 4327 1428 4390 Θεοῦ,
1462 4341 1641 4396 quam
1671 4326 1814 4381 adeo

163 4415 561 4490 particulatim
589 4413 982 4486 persequitur,
1012 4416 1076 4467 ut
1101 4412 1433 4468 Sarravium
1468 4428 1613 4482 pene
1644 4414 1813 4469 obtu-

162 4505 335 4563 derit.
366 4505 458 4560 Sic
488 4504 643 4560 enim
677 4502 915 4574 scripsit
975 4501 1048 4556 ad
1096 4501 1451 4557 Salmasium
1489 4503 1559 4556 de
1607 4502 1814 4558 militia

161 4596 348 4651 multa
371 4594 752 4650 meditantem
773 4573 833 4647 τι(
853 4591 1065 4646 Divinas
1088 4590 1306 4646 militias
1328 4606 1560 4661 semper
1579 4593 1814 4648 studere
1844 4573 1889 4637 D

157 4689 404 4755 oportet.
439 4684 598 4746 Quod
634 4683 774 4737 dum
800 4680 944 4737 facio
976 4681 1210 4752 quando
1267 4684 1433 4735 vacat
1488 4675 1538 4733 ἐν
1594 4683 1660 4749 τῇ
1710 4683 1808 4734 τοῦ

158 4777 291 4828 Θεοῦ
322 4769 625 4842 πανοπλίᾳ,
685 4787 859 4842 quam
907 4770 1158 4841 explicat
1207 4770 1520 4841 Apostolus
1559 4769 1809 4841 epistola

155 4865 224 4920 ad
260 4863 567 4934 Ephesios,
600 4861 855 4932 plurima
874 4866 1189 4915 occurrunt
1229 4864 1536 4914 armatura
1575 4875 1805 4930 genere,

153 4955 372 5026 quibus
397 4953 578 5006 fateor
599 4966 692 5006 me
717 4967 830 5006 non
855 4967 1025 5022 posse
1047 4949 1236 5019 indui,
1269 4965 1403 5004 cum
1440 4965 1506 5005 ea
1523 4967 1636 5005 non
1661 4950 1806 5005 satis

151 5043 499 5113 intelligam.
534 5041 808 5112 Clypeum
844 5040 1144 5110 fidei,quia
1175 5038 1315 5111 quid
1341 5043 1497 5094 esset
1517 5039 1683 5106 dixit,
1717 5039 1802 5094 fa-

149 5133 254 5188 cile
271 5131 460 5202 capio.
495 5131 605 5185 Sed
655 5129 896 5200 reliqua,
932 5145 1142 5201 nempe
1176 5129 1335 5195 στῆτε
1366 5127 1802 5201 περιζωσάμενοι

146 5223 246 5290 τὴν
280 5220 452 5296 ὀσφὺν
488 5219 640 5292 ὑμῶν
675 5216 725 5271 ἐν
771 5217 1022 5288 ἀληθείᾳ,
1071 5217 1160 5272 καὶ
1218 5214 1625 5289 ὑποδησάμενοι
1675 5219 1800 5279 τοὺς

149 5307 319 5372 πόδας
364 5308 419 5363 ἐν
486 5306 772 5378 ἑτοιμασίᾳ
828 5311 923 5361 τοῦ
983 5305 1323 5382 Εὑαγγελίου
1399 5313 1498 5374 τῆς
1556 5307 1798 5381 εἰρήνης.

149 5406 289 5458 Item
323 5399 501 5472 Θώραξ
537 5394 904 5466 δικαιοσύνης,
953 5402 1011 5452 et
1061 5393 1458 5470 περικεφαλαία
1487 5399 1584 5450 τοῦ
1617 5417 1798 5464 σωτη-

147 5490 288 5565 ρίου,
321 5495 379 5546 et
432 5485 679 5561 μάχαιρα
725 5486 1032 5560 πνεύματος
1076 5503 1254 5558 quam
1315 5484 1500 5560 σχέσιν
1553 5486 1800 5542 habeant

148 5597 280 5637 cum
314 5577 633 5633 virtutibus
661 5575 974 5631 Christiani
1008 5575 1232 5644 militis,
1267 5579 1506 5649 paratus
1538 5592 1666 5631 sum
1713 5575 1797 5631 di-

144 5686 330 5739 scere,
363 5668 417 5726 si
448 5665 556 5724 tibi
586 5664 759 5724 liceat
789 5681 879 5722 me
908 5667 1132 5722 docere.
1165 5687 1194 5716 »
1239 5670 1313 5722 At
1359 5665 1513 5722 idem
1563 5666 1634 5721 ad
1667 5681 1797 5723 eos-

1937 3335 2172 3406 Χριστοῦ
2204 3335 2471 3390 adhibuit
2498 3351 2510 3388 :
2537 3336 2633 3391 sed
2657 3339 2712 3388 S.
2746 3335 2992 3391 Paulum
3035 3336 3298 3392 imitatus
3346 3342 3455 3406 est,
3489 3339 3590 3409 qui

1936 3423 2139 3478 eodem
2167 3424 2334 3478 modo
2362 3419 2621 3496 διαταγήν
2660 3425 2985 3496 usurpavit,
3046 3425 3208 3481 Rom.
3264 3443 3385 3492 xm,
3415 3427 3451 3480 2
3483 3443 3497 3482 :
3529 3429 3589 3483 Ὁ

1936 3508 2382 3583 ἀντιτασσόμενος
2440 3516 2508 3586 τῇ
2580 3512 2810 3584 ἐξουσίᾳ,
2868 3517 2937 3587 τῇ
2991 3517 3088 3568 τοῦ
3167 3517 3300 3568 Θεοῦ
3359 3512 3587 3591 διαταγῇ

1935 3600 2276 3671 ἀνθέστηκεν.
2320 3603 2463 3659 Nam
2496 3604 2544 3658 si
2602 3603 2696 3658 ille
2756 3603 2856 3674 qui
2917 3605 3283 3678 magistratui
3340 3604 3588 3660 ἀντιτάσ-

1935 3711 2080 3745 σεται
2113 3692 2212 3747 Dei
2248 3687 2474 3764 διαταγῇ
2509 3689 2877 3745 ἀντιτάσσεται
2937 3697 3062 3748 tum
3121 3695 3219 3751 ille
3267 3697 3442 3751 etiam
3485 3697 3586 3768 qui

1931 3782 2202 3853 episcopo
2235 3779 2613 3850 ὑποτάσσεται,
2646 3781 2744 3836 Dei
2806 3778 3000 3853 ἐντολῇ
3053 3781 3428 3854 ὑποτάσσεται,
3483 3802 3586 3842 se-

1930 3871 2188 3925 cundum
2221 3871 2574 3926 sententiam
2605 3871 2663 3926 S.
2715 3871 2948 3941 Ignatii,
3003 3871 3112 3927 hoc
3161 3877 3271 3941 est,
3311 3874 3584 3947 episcopo

1930 3959 2244 4029 subjicitur
2274 3961 2373 4030 qui
2415 3959 2689 4014 mandato
2715 3959 2809 4014 Dei
2839 3959 3193 4015 constitutus
3223 3966 3331 4016 est.

2003 4056 2258 4128 Denique
2285 4058 2554 4113 observat
2602 4061 2870 4113 nostrum
2911 4056 3184 4129 plurimis
3236 4059 3308 4114 de
3356 4059 3582 4117 unitate

1927 4147 2344 4215 conservanda,
2370 4146 2442 4202 de
2472 4145 2802 4201 obedientia
2844 4145 3195 4218 evangelieis
3224 4149 3578 4218 praestanda,

1925 4235 1997 4289 de
2018 4234 2308 4290 haereticis
2325 4239 2382 4290 et
2409 4235 2800 4291 schismaticis
2818 4235 3111 4308 fugiendis
3137 4236 3442 4304 disserere,
3478 4252 3579 4294 ea-

1923 4323 2174 4394 demque
2204 4323 2263 4378 in
2296 4324 2573 4380 omnibus
2601 4325 2716 4380 fere
2748 4325 3015 4397 epistolis
3048 4325 3364 4383 inculcare.
3413 4326 3576 4391 Quod

1923 4414 2159 4484 quidem
2183 4429 2384 4468 verum
2411 4417 2518 4468 est.
2553 4417 2698 4468 Nam
2733 4418 2798 4468 ut
2827 4419 2979 4470 recte
3003 4413 3062 4470 S.
3088 4415 3446 4473 Athanasius
3467 4416 3571 4489 lib,

1921 4503 1994 4557 De
2036 4504 2422 4559 Incarnatione
2471 4502 2666 4558 Verbi:
2721 4502 2826 4557 Καὶ
2872 4502 2970 4574 γὰρ
3026 4501 3244 4576 βέλτιον
3302 4503 3570 4560 ταυτολο-

1918 4589 2036 4665 γίας
2074 4584 2279 4663 μὲμψιν
2317 4591 2640 4659 ὑποστῆναι,
2689 4589 2725 4659 ἢ
2777 4590 3113 4665 παραλεῐψαί
3151 4613 3203 4647 τι
3247 4597 3354 4648 τῶν
3412 4595 3566 4672 ὀφει-

1919 4677 2128 4732 λόντων
2168 4685 2460 4756 γραφῆναι.
2496 4702 2525 4731 ‹‹
2558 4680 2766 4736 Melius
2797 4683 2952 4736 enim
2986 4685 3073 4737 est
3102 4683 3435 4756 tautologia
3454 4685 3566 4740 cri-

1918 4785 2050 4823 men
2076 4769 2390 4836 sustinere,
2423 4785 2600 4840 quam
2632 4769 2851 4840 aliquid
2873 4785 3075 4825 eorum
3123 4773 3566 4843 praetermittere

1916 4874 2044 4928 quae
2076 4859 2253 4914 scribi
2287 4859 2627 4914 debuerant.
2664 4879 2693 4908 »
2744 4857 3174 4914 Pullulantibus
3216 4865 3411 4916 autem
3444 4861 3562 4916 ha-

1915 4930 2229 5016 resibus,et
2251 4954 2379 5018 post
2402 4949 2664 5003 omnium
2691 4947 3088 5018 apostolorum
3114 4953 3356 5004 mortem
3380 4948 3561 5008 libere

1914 5041 1971 5091 et
2002 5042 2200 5108 aperte
2231 5037 2698 5105 erumpentibus,
2723 5036 3039 5092 schismate
3085 5036 3260 5091 etiam
3317 5037 3429 5094 late
3461 5055 3563 5110 per

1913 5125 2202 5182 Ecclesias
2224 5129 2548 5196 grassante,
2582 5126 2719 5195 quid
2756 5125 3164 5181 sanctissimus
3200 5131 3424 5199 martyr
3453 5145 3558 5200 op-

1917 5215 2222 5286 portunius
2241 5214 2531 5272 Ecclesiae
2555 5221 2834 5281 moneret,
2867 5233 3043 5287 quam
3079 5220 3140 5271 ut
3169 5216 3241 5271 ab
3267 5216 3374 5273 hac
3399 5223 3559 5289 peste

1913 5305 2285 5377 potissimum
2305 5303 2786 5367 caverent?0uod
2805 5310 2994 5360 autem
3010 5305 3206 5378 aptius
3232 5307 3556 5364 remedium

1912 5395 1981 5450 ad
2014 5395 2283 5450 vitandas
2315 5393 2562 5448 haereses
2587 5398 2642 5448 et
2663 5393 3040 5464 exstirpanda
3058 5396 3374 5462 schismata
3389 5397 3556 5452 adhi-

1910 5484 2044 5539 bere
2075 5484 2285 5555 potuit,
2319 5499 2494 5554 quam
2527 5490 2588 5536 ut
2619 5482 2975 5554 pastoribus,
3027 5501 3175 5555 quos
3215 5486 3341 5558 ipse
3397 5486 3555 5544 novit

1907 5577 1964 5632 in
1989 5582 2146 5634 recta
2172 5578 2284 5634 ﬁde
2323 5583 2498 5645 stare,
2558 5574 2916 5632 unanimiter
2971 5577 3380 5634 adhaererent?
3435 5581 3554 5652 Ego

1907 5671 2060 5723 certe
2100 5668 2244 5723 nihil
2277 5668 2434 5724 aliud
2467 5665 2602 5722 inde
2633 5662 3024 5735 colligendum
3057 5666 3346 5733 existimo,
3371 5683 3554 5740 quam
