3942 6302
392 381 511 442 471

1451 375 1514 433 S.
1563 374 1972 436 IGNATlUS.
2018 407 2096 420 --
2140 377 2749 440 PROLEGOMENA.

3697 374 3823 433 472

384 515 504 572 ista
532 514 592 568 in
625 511 882 569 Ecclesia
911 511 1162 567 maxime
1183 525 1314 566 esse
1345 509 1642 581 fugienda,
1674 509 1784 564 hoc
1814 511 1884 565 ad
1909 527 2039 566 eum
2069 512 2126 578 Α
2157 515 2270 567 tate
2302 519 2611 581 armasset,
2645 513 2817 583 cujus
2850 512 3103 583 potestas
3135 526 3202 565 ea
3233 511 3600 580 tempestate,
3631 507 3816 563 etiam

393 605 573 660 ﬁnem
603 618 733 658 esse
763 617 995 657 summe
1026 599 1424 655 necessarium
1463 617 1476 665 ;
1510 600 1665 671 quod
1725 616 1928 656 omnes
1973 601 2044 655 ab

387 692 553 748 initio
581 691 922 746 Christiane
971 689 1272 760 religionis
1331 687 1574 758 professi
1641 691 1797 742 sunt.
1834 687 1937 742 Vel
1991 688 2037 743 si

389 779 740 853 conjecturis
763 784 818 834 et
848 778 1084 849 quidem
1113 777 1464 848 justissimis
1498 777 1800 848 indulgere
1850 777 2039 844 liceat,

389 888 458 927 ex
488 872 594 926 hac
624 868 909 940 frequenti
933 867 1327 923 admonitione
1348 867 1418 921 de
1445 867 1776 921 obedientia
1816 868 2043 937 episco-

385 961 503 1034 pis,
535 958 890 1031 presbyteris
917 962 974 1012 et
1004 956 1264 1010 diaconis
1312 955 1488 1011 simul
1539 957 1889 1026 {ra-stands,
1936 973 2042 1028 ego

388 1050 606 1120 optimo
635 1049 763 1118 jure
819 1045 1211 1115 colligendum
1271 1060 1418 1111 reor,
1480 1061 1593 1098 non
1651 1045 1770 1098 haec
1821 1047 2043 1116 scripta

386 1137 566 1194 fuisse
598 1137 710 1192 sub
740 1135 907 1190 initio
931 1135 1123 1206 quarti
1153 1133 1374 1198 saeculi,
1407 1137 1508 1188 aut
1563 1133 1718 1188 tertii
1779 1132 1910 1202 ﬁne,
1941 1134 2043 1189 sed

389 1229 587 1298 potius
610 1227 720 1282 sub
744 1225 914 1280 initio
935 1224 1202 1280 secundi.
1236 1227 1416 1279 Nemo
1439 1223 1593 1279 enim
1626 1227 1743 1278 tam
1763 1224 1906 1278 seris
1934 1224 2041 1279 Ec-

387 1317 578 1374 clesia
606 1315 970 1388 temporibus
1000 1317 1088 1368 tot
1117 1312 1321 1385 elogiis
1353 1320 1617 1368 ornasset
1658 1313 2041 1368 diaconorum

392 1405 840 1479 ofﬁcium,quod
872 1408 1013 1459 tunc
1039 1403 1321 1475 temporis
1363 1403 1600 1474 ubique,
1634 1408 1875 1475 excepta
1927 1421 2044 1460 una

389 1497 641 1554 ecclesia
672 1495 836 1552 urbis
867 1493 1314 1562 Romanas,adeo
1347 1491 1666 1561 eviluerat;
1701 1510 1871 1550 nemo
1911 1511 2040 1567 pre-

391 1589 714 1661 sbyterium
746 1589 834 1643 tot
866 1585 1142 1642 laudibus
1174 1583 1554 1652 cumulasset,
1587 1588 1752 1640 tanta
1790 1585 2043 1642 auctori-

2155 601 2646 672 Alexandriaambi
2671 602 2923 658 maxime
2953 602 3256 669 floruerat,
3288 602 3593 670 tantopere
3623 597 3824 653 immi-

2154 697 2294 746 nuta
2323 698 2431 747 est.
2466 692 2627 746 Vidit
2654 692 2764 748 hoc
2785 690 3132 758 Salmasius,
3166 697 3218 744 et
3245 689 3316 744 ob
3345 704 3470 742 eam
3520 688 3816 742 rationem

2153 781 2435 852 scriptum
2470 781 2598 846 hoc,
2625 783 3028 852 cujuscunque
3060 780 3156 845 sit,
3191 777 3450 834 secundo
3473 777 3686 832 saeculo
3715 793 3822 832 as-

2153 872 2463 925 serendum
2487 871 2790 942 judicavit.
2827 871 2896 924 Et
2919 870 2964 923 si
2999 869 3142 939 quid
3173 883 3279 938 ego
3304 868 3362 921 in
3397 866 3502 921 hac
3543 883 3605 921 re
3637 865 3819 920 intel-

2152 958 2292 1030 ligo,
2323 959 2657 1030 quicunque
2682 957 3061 1030 presbyterali
3110 954 3385 1026 dignitati
3438 955 3818 1010 auctoritati-

2152 1066 2264 1120 que
2296 1051 2548 1104 maxime
2580 1051 2838 1115 student,
2875 1063 2988 1101 non
3023 1046 3244 1101 habent
3274 1062 3391 1099 suae
3434 1045 3823 1100 existimatio-

2154 1139 2244 1194 nis
2273 1139 2500 1195 firmius
2531 1143 2633 1194 aut
2663 1137 2912 1194 solidius
2944 1137 3390 1191 fundamentum
3451 1151 3627 1205 quam
3669 1133 3826 1204 epis-

2151 1227 2300 1284 tolas
2329 1229 2388 1284 S.
2423 1228 2632 1300 Ignatii
2663 1227 2892 1283 nostri:
2947 1241 3136 1296 neque
3187 1225 3342 1279 enim
3401 1224 3459 1278 in
3521 1222 3638 1278 ullo
3681 1239 3821 1278 vere

2155 1318 2396 1390 antiquo
2429 1319 2711 1391 scriptore
2741 1321 2903 1373 extra
2935 1316 3042 1372 has
3073 1314 3353 1387 epistolas
3386 1318 3473 1370 tot
3531 1331 3599 1370 ac
3653 1318 3828 1369 tanta

2155 1410 2596 1480 presbyteratus
2647 1408 2936 1480 prieconia
3007 1403 3326 1475 invenient,
3381 1419 3569 1475 neque
3652 1402 3822 1458 illius

2155 1497 2376 1552 ordinis
2408 1499 2690 1552 honorem
2719 1496 2844 1552 sine
2872 1497 3243 1567 episcopatus
3298 1493 3684 1566 prmrogativa
3728 1492 3821 1548 ul-

2147 1586 2257 1643 libi
2289 1587 2677 1644 constitutum
2705 1585 3012 1658 reperient.

1426 1739 1934 1797 Pearsonianarum
1967 1741 2172 1813 Ignatii
2205 1741 2588 1798 Vindiciarum
2627 1741 2774 1812 ﬁnis.

1416 2105 2780 2258 DISSERTATIO

1118 2403 1282 2498 DE
1358 2401 2006 2496 EPISTOLIS
2076 2400 2525 2495 SANCTI
2617 2399 3108 2495 IGNATII

1322 2612 1552 2678 VERIS,
1611 2612 2130 2671 INTERPOLATIS
2184 2612 2271 2668 ET
2327 2610 2866 2668 SUPPOSITITIIS.

555 2785 785 2842 Auctore
859 2785 921 2840 D.
1001 2785 1078 2840 La
1153 2784 1417 2852 Nouaav,
1491 2782 1806 2855 presbytero
1877 2781 2264 2908 etsmgnaclto
2339 2781 2550 2838 ordinis
2624 2780 2680 2836 S.
2756 2781 3052 2837 Benedicti
3128 2798 3158 2838 e
3233 2783 3668 2853 congregatione

1998 2894 2011 2908 .
2093 2869 2245 2908 auri.

1998 2894 2011 2908 .
2045 2869 2245 2911 lauri.

1051 3026 1360 3097 Apparatus
1389 3023 1470 3080 ad
1502 3022 1894 3080 Bibliotheoam
1941 3023 2200 3089 Patrum,
2231 3021 2278 3090 Ι,
2309 3023 2402 3091 78,
2435 3021 2699 3090 Parisiis,
2732 3022 2890 3092 1703,
2925 3021 3144 3094 in-fol.)

1687 3311 2001 3405 PARS
2078 3310 2490 3404 PRIMA.

1420 3489 1503 3544 De
1560 3489 1748 3546 veris
1804 3490 2035 3547 sancti
2091 3489 2357 3563 Ignatii
2414 3488 2773 3562 epistolis.

921 3641 1154 3698 CAPUT
1217 3639 1525 3696 PRIMUM.

391 3775 594 3817 ςτιτσε
649 3774 996 3822 ουεετιοκιε
1048 3777 1114 3815 ΒΤ
1193 3771 1570 3815 GENUINARUM
1629 3776 1834 3814 IGNATII
1896 3773 2051 3816 EPIS-

713 3847 980 3888 TOLARUH
1034 3848 1298 3887 ANALYSIS
1350 3847 1665 3887 PROPONITU
1674 3848 1729 3887 Β.

692 3949 722 4015 §
751 3948 792 4002 Ι.
827 3947 1017 4003 Status
1045 3949 1367 4020 quaestionis
1393 3949 1741 4019 proponitur.

463 4067 727 4132 Quatuor
747 4075 885 4121 sunt
915 4066 1297 4138 epistolarum
1360 4066 1564 4138 Ignatii
1625 4066 1862 4137 classes,
1905 4083 2052 4139 qua-

397 4173 527 4212 rum
559 4157 751 4226 prima
780 4171 980 4210 earum
1039 4160 1148 4222 est,
1210 4172 1359 4226 quas
1413 4156 1648 4212 Isaacus
1711 4159 1955 4213 Vossius
1984 4174 2052 4214 ex

399 4247 797 4316 manuscripto
830 4247 1026 4301 Graeco
1058 4245 1432 4302 Bibliotheca
1466 4246 1804 4302 Florentinis
1855 4249 2052 4305 codice

397 4337 592 4392 Graece
649 4333 872 4402 edidit;
928 4350 1299 4404 quarumque
1359 4335 1658 4406 antiquam
1724 4339 2050 4393 versionem

399 4424 667 4480 Latinam
701 4421 970 4477 Usserius
1003 4423 1485 4496 archiepiscopus
1545 4425 1954 4482 Armachanus
1984 4443 2053 4483 ex

404 4511 628 4566 duobus
659 4511 960 4567 codicibus
995 4528 1170 4567 manu
1205 4514 1475 4581 exaratis,
1501 4513 1684 4568 altero
1730 4513 2050 4570 Bibliothe-

401 4617 478 4655 ca;
509 4599 779 4655 Richardi
815 4600 1177 4669 Montacutii,
1210 4602 1390 4657 altero
1437 4602 1910 4673 Cantabrigensis
1955 4619 2052 4658 an-

401 4693 496 4745 tea
527 4689 945 4761 divulgaverat.

475 4779 744 4835 Secunda
776 4778 982 4835 classis
1013 4779 1247 4836 easdem
1275 4779 1696 4850 complectitur,
1730 4779 1829 4834 sed
1881 4779 2052 4838 inter-

404 4869 648 4940 polatae,
683 4885 748 4924 ac
779 4885 911 4924 cum
939 4869 1063 4924 suis
1099 4867 1498 4923 additionibus
1547 4866 1740 4924 Graece
1769 4873 1825 4924 et
1859 4869 2052 4927 Latine

403 4959 613 5014 editas.

2079 3645 2129 3708 Α
2235 3641 2510 3698 Omnium
2543 3647 2739 3700 autem
2797 3644 3070 3701 harumce
3126 3645 3506 3716 epistolarum
3569 3663 3820 3706 examen

2158 3731 2334 3786 abiis
2364 3731 2650 3799 ordimur,
2708 3749 2837 3805 quae
2903 3734 3102 3806 primae
3161 3743 3299 3790 sunt
3352 3736 3582 3806 classis,
3647 3743 3706 3794 et
3746 3741 3819 3795 de

2157 3820 2372 3891 quibus
2401 3821 2692 3894 praecipua
2724 3840 2881 3879 nunc
2913 3840 2978 3879 ac
3007 3841 3154 3896 pene
3187 3824 3381 3881 omnis
3413 3826 3566 3882 inter
3613 3829 3820 3884 erudi-

2153 3913 2246 3965 tos
2276 3915 2364 3965 est
2393 3912 2804 3969 controversia.
2837 3913 3069 3985 Septem
3103 3931 3274 3986 porro
3304 3919 3446 3970 sunt
3477 3917 3818 3986 ejuscemo-

2156 3999 2214 4055 di
2243 3999 2521 4072 epistolae,
2556 4017 2806 4073 quarum
2837 4006 2901 4057 ut
2931 4003 3117 4074 major
3145 4003 3435 4059 habeatur
3484 4006 3716 4078 notitia,
3750 4025 3819 4064 ac

2155 4088 2226 4144 de
2258 4089 2330 4143 iis
2362 4090 2576 4145 certius
2630 4091 2703 4145 ab
2763 4090 3038 4146 omnibus
3092 4091 3384 4162 judicium
3439 4093 3573 4148 ferri
3602 4096 3816 4166 possit,

2155 4176 2384 4233 brevem
2417 4193 2634 4249 earum,
2667 4180 2767 4234 sed
2801 4178 3018 4234 claram
3051 4185 3504 4253 accuratamque
3532 4199 3634 4254 pro
3658 4183 3818 4239 virili

2157 4265 2438 4338 analysim
2475 4267 2918 4338 praemittemus.

2325 4451 2355 4523 §
2386 4450 2457 4506 Il.
2492 4449 2761 4520 Anatysis
2786 4459 2987 4523 septem
3014 4449 3381 4522 epistolam»:
3410 4455 3645 4524 Ignatii.

2224 4613 2370 4666 Cum
2407 4610 2672 4682 lgnatius
2702 4610 3020 4666 Antiochiae
3052 4611 3370 4667 damnatus
3402 4617 3554 4668 esset
3583 4615 3658 4670 ad
3716 4615 3822 4672 be-

2156 4698 2320 4768 stias,
2355 4701 2734 4771 Romamque,
2767 4705 2831 4755 ut
2862 4700 2934 4756 iis
2964 4700 3335 4772 objiceretur,
3361 4701 3593 4758 vinctus
3641 4704 3825 4762 duce-

2160 4792 2403 4856 retur,et
2428 4789 2738 4860 Smyrnam
2767 4789 3097 4861 appulisset
3127 4807 3148 4851 ,·
3175 4790 3309 4845 inde
3341 4795 3591 4862 quatuor
3649 4793 3824 4863 prio-

2156 4876 2348 4938 res,de
2379 4876 2597 4948 quibus
2620 4877 2744 4947 jam
2777 4877 2993 4948 agitur,
3025 4877 3189 4932 dedit
3227 4877 3527 4949 epistolas.
3589 4879 3819 4938 Harum

2159 4963 2350 5034 prima
2381 4965 2650 5021 Ecclesiae
2682 4964 3008 5037 Ephesinai,
3042 4982 3172 5038 qua
3203 4967 3275 5023 ad
3309 4983 3441 5023 eum
3473 4985 3543 5023 ex
3581 4969 3824 5027 difﬁcil-

510 5012 542 5014 ν
575 5012 586 5014 -
2161 5012 2350 5034 Γπ-
2381 5012 2648 5021 ..-ην-..η
2682 5012 3008 5037 -..η-.-.η
3089 5012 3172 5022 -νν
3203 5012 3275 5023 η..
3310 5012 3441 5023 νη...-
3474 5012 3543 5023 ν..
3583 5012 3821 5027 ...μινυ-

473 5047 666 5103 Tertia
692 5047 899 5104 classis
931 5049 1192 5121 quinque
1214 5047 1358 5102 alias
1377 5046 1653 5118 continet,
1694 5049 1886 5105 Graece
1909 5049 2049 5107 item
2080 5012 2128 5078 Β
2158 5052 2280 5108 limi
2307 5053 2534 5109 itineris
2559 5055 2975 5128 defatigatione
2996 5012 3376 5112 recreandum
3401 5058 3829 5118 reficiendum-

403 5142 459 5192 et
490 5136 695 5192 Latine
724 5137 1072 5208 publicatas,
1106 5153 1233 5208 quae
1267 5137 1323 5190 in
1367 5137 1680 5192 Usseriana
1735 5139 2052 5196 Vossiana-

401 5242 515 5298 que
547 5226 958 5294 editione,aliis
989 5243 1165 5296 supra
1198 5226 1557 5293 memoratis,
1583 5227 2049 5300 subjunguntur.

472 5316 688 5379 Quarta
717 5315 969 5387 denique
1002 5316 1057 5369 in
1091 5313 1278 5368 classe
1309 5313 1670 5372 collocantur
1695 5319 1810 5372 tria
1844 5321 2052 5390 Ignatii

402 5403 692 5475 epistolis,
725 5404 840 5458 duo
901 5404 971 5457 ad
1024 5403 1308 5458 Joannem
1367 5405 1804 5477 evangelistam,
1839 5413 1894 5462 et
1940 5416 2056 5464 ter-

402 5493 553 5547 tium
586 5493 656 5547 ad
689 5501 914 5546 sacram
947 5491 1230 5563 virginem
1261 5493 1522 5560 Mariam,
1546 5496 1762 5551 Christi
1784 5502 2052 5567 matrem,

407 5581 501 5635 cui
531 5581 788 5649 ejusdem
823 5580 1010 5636 Mariae
1045 5583 1116 5636 ad
1149 5583 1438 5653 lgnatium
1488 5585 1789 5657 responsio
1847 5587 2056 5644 subne-

403 5670 566 5726 titur.

2160 5158 2293 5213 que,
2329 5149 2502 5200 antea
2531 5145 2874 5201 Onesimum
2935 5146 3268 5217 episcopum
3302 5163 3473 5203 suum
3510 5165 3623 5204 una
3678 5166 3828 5208 cum

2161 5231 2360 5302 Byrro,
2401 5231 2577 5302 Euplo
2603 5237 2661 5287 et
2694 5233 2980 5288 Frontone
3039 5232 3301 5300 miserat,
3361 5236 3656 5293 destinata
3706 5246 3830 5298 est.

2165 5319 2319 5374 Hanc
2349 5324 2546 5375 autem
2585 5319 2922 5387 Ecclesiam,
2953 5321 3025 5376 ob
3059 5321 3331 5378 eximiam
3368 5324 3425 5378 in
3459 5340 3522 5380 se
3560 5325 3831 5384 cbaritav

2164 5410 2276 5462 tem
2307 5407 2560 5476 primum
2592 5408 3164 5481 laudat,gratiasque
3196 5413 3485 5469 maximas
3511 5415 3563 5468 ei
3616 5431 3831 5487 repen-

2165 5495 2426 5552 dit.Tum
2457 5497 2812 5554 Christianos
2843 5514 3068 5569 omnes,
3130 5516 3378 5571 quorum
3437 5519 3500 5558 se
3556 5504 3828 5578 discipu-

2165 5585 2289 5641 lum
2321 5603 2450 5642 esse
2479 5587 2588 5642 etsi
2621 5587 2830 5644 lubens
2854 5589 3126 5654 fateatur,
3169 5607 3402 5647 summo
3451 5597 3652 5651 tamen
3716 5613 3826 5656 suo

2166 5691 2302 5748 erga
2324 5691 2424 5732 eos
2447 5691 2646 5733 amore
2665 5681 2726 5734 et
2741 5677 2938 5734 studio
2955 5678 3168 5748 victus,
3199 5685 3400 5736 monet
3421 5688 3481 5736 ut
3516 5681 3576 5738 in
3608 5685 3819 5743 eadem
