3942 6302
184 425 304 484 4Ί3

1185 425 1255 482 Ι).
1305 423 1636 487 NOURRII
1683 427 2221 494 DISSERTATIO.
2266 467 2344 481 —-
2385 438 2593 498 PARS
2635 439 2683 500 Ι.

3490 450 3608 509 474

192 574 428 630 semper
450 574 592 614 cum
615 557 892 614 Onesimo
915 561 970 614 et
987 557 1420 615 necessitudine
1446 564 1503 616 et
1525 561 1852 621 obedientia
1884 572 1937 640 Α
1969 569 2234 640 quamvis
2256 569 2399 625 nihil
2426 570 2723 629 molestius
2757 591 3018 647 unquam
3041 577 3261 646 tulerit,
3296 596 3470 652 quam
3518 582 3610 637 ni-

190 654 570 721 perseverent
605 675 619 717 ;
653 654 989 721 quantaque
1046 650 1182 705 inde
1224 651 1474 724 singulis
1518 654 1853 727 quibusque

191 740 348 795 bona
379 744 558 810 atque
593 739 875 794 utilitates
941 740 1227 808 oriantur,
1289 742 1507 798 eisdem
1550 745 1753 814 aperit.
1789 747 1850 800 In

192 829 301 885 hoc
337 838 535 884 autem
573 828 727 900 quod
786 828 1071 898 quosdam
1125 829 1447 897 haereticos,
1481 831 1580 902 qui
1638 833 1851 889 Christi

190 923 450 974 mortem
480 924 537 974 et
561 917 1044 973 resurrectionem
1072 920 1263 974 lictam
1283 924 1339 974 et
1359 920 1697 977 simulatam
1723 938 1851 979 esse

192 1007 800 1074 dicebant,uoluerint
823 1009 1043 1075 audire,
1078 1008 1179 1064 sed
1217 1009 1526 1066 continuas
1571 1012 1641 1066 ad
1665 1016 1848 1068 Deum

191 1116 297 1172 pro
322 1099 562 1154 illorum
598 1096 975 1153 conversione
1000 1114 1198 1170 preces
1215 1098 1492 1169 fuderint,
1517 1101 1691 1156 {idem
1724 1101 1849 1156 illo-

189 1207 321 1245 rum
359 1188 658 1260 prsedicat.
697 1190 815 1244 Sub
840 1189 959 1244 haec
1001 1188 1284 1245 nonnulla
1337 1189 1421 1246 eis
1481 1191 1660 1246 tradit
1718 1193 1850 1248 vitae

189 1295 551 1350 morumque
581 1283 887 1350 prmeepta,
913 1279 1112 1350 ibique
1162 1279 1232 1333 de
1272 1295 1333 1334 se
1352 1283 1514 1335 tanto
1538 1280 1716 1336 sentit
1735 1281 1848 1336 hu-

189 1367 423 1436 milius,
460 1371 677 1438 quanto
711 1367 954 1422 virtutes
1002 1366 1234 1423 illorum
1268 1368 1475 1424 altrius
1505 1368 1748 1425 extollit.
1785 1371 1848 1425 In

189 1459 409 1531 primis
445 1474 579 1515 vero
613 1474 712 1513 eos
743 1459 1014 1513 hortatur
1045 1458 1217 1514 fidem
1247 1457 1538 1531 integram
1596 1465 1846 1530 servent,

189 1563 436 1619 semper
461 1547 700 1602 credant
727 1545 1028 1602 Christum
1089 1563 1217 1602 vere
1261 1547 1493 1618 quidem
1540 1563 1608 1603 ex
1666 1547 1850 1602 Maria

189 1637 427 1708 virgine
459 1641 688 1706 natum,
722 1637 822 1691 sed
855 1636 1062 1691 matris
1095 1635 1483 1705 virginitatem
1511 1640 1568 1693 et
1601 1641 1848 1693 mortem

187 1726 351 1793 Filii,
387 1727 560 1797 cujus
589 1725 866 1781 divinitas
918 1741 984 1781 eo
1042 1725 1252 1795 sidere,
1298 1727 1452 1798 quod
1485 1742 1663 1798 supra
1694 1729 1850 1782 astra

191 1817 401 1872 omnia
433 1814 820 1889 resplenduit,
847 1815 1217 1872 manifestata
1273 1820 1383 1886 est,
1414 1815 1644 1872 diabolo
1693 1833 1850 1888 pror-

194 1925 304 1964 sus
338 1906 520 1962 fuisse
551 1905 900 1977 incognitas.
961 1905 1274 1961 Pollicetur
1327 1906 1536 1962 deinde
1578 1923 1640 1962 se
1670 1905 1845 1962 aliam

192 2000 266 2056 ad
301 2015 425 2065 eos,
458 1999 507 2054 si
541 2013 642 2069 per
666 1997 845 2053 Deum
878 1996 1068 2060 liceat,
1102 1998 1370 2053 daturum
1395 1997 1702 2068 epistolam
1735 2016 1750 2066 ;
1783 2014 1848 2054 ac

189 2089 436 2146 tandem
468 2091 785 2160 postquam
807 2103 1006 2144 eorum
1038 2086 1404 2143 orationibus
1426 2088 1844 2144 Antiochenam

187 2178 632 2236 commendavit
664 2176 1004 2245 Ecclcsiam,
1062 2178 1261 2248 primae
1320 2177 1454 2233 huic
1494 2178 1749 2250 epistolae
1777 2179 1844 2234 fi-

183 2283 324 2324 nem
359 2267 629 2339 imponit.

257 2367 532 2424 Secunda
560 2367 778 2438 scripta
818 2371 908 2424 est
953 2365 1223 2423 Ecclesiae
1278 2367 1676 2437 Magnesianas,
1713 2385 1839 2440 quae

179 2459 436 2515 Damam
467 2457 810 2529 episcopum
846 2473 1039 2525 suum,
1073 2460 1131 2512 et
1160 2458 1424 2524 Bassum,
1457 2461 1628 2530 atque
1662 2457 1842 2528 Apol-

179 2548 410 2604 lonium
433 2547 828 2619 presbyteros,
856 2563 921 2601 ac
944 2545 1214 2602 Solonem
1259 2545 1558 2602 diaconem
1608 2548 1676 2602 ad
1703 2564 1838 2602 eum

178 2639 501 2693 direxerat.
533 2636 603 2692 Ili
627 2641 938 2708 postquam
962 2635 1254 2708 Ignatium
1279 2637 1348 2690 de
1373 2635 1527 2692 felici
1571 2637 1836 2708 ejusdem

181 2727 461 2784 Ecclesiae
493 2730 649 2782 statu
683 2725 988 2782 certiorem
1019 2725 1314 2793 fecissent,
1348 2727 1417 2782 ad
1464 2742 1591 2782 eam
1643 2727 1839 2783 confe-

181 2817 322 2874 stim
353 2817 508 2872 hanc
525 2815 622 2872 ille
645 2815 902 2872 exaravit
921 2815 1256 2888 epistolam,
1280 2815 1339 2870 in
1364 2832 1478 2886 qua
1499 2816 1570 2871 de
1596 2832 1658 2871 se
1673 2825 1835 2872 enm-

184 2922 286 2961 ma
320 2922 454 2961 cum
478 2905 835 2962 demissione
853 2904 1625 2977 locutus,Magnesianorum
1644 2905 1836 2961 chari-

183 2999 392 3066 tatem,
426 2995 793 3051 concordiam
817 2998 1166 3065 caeterasque
1187 2994 1430 3051 virtutes
1473 2993 1838 3052 Christianas

187 3101 426 3143 summe
457 3085 849 3142 commendat.
878 3085 1014 3140 Eam
1049 3100 1282 3156 quoque
1304 3085 1377 3140 ob
1412 3101 1671 3152 causam,
1702 3086 1837 3141 bre-

184 3175 412 3234 viorem
445 3191 508 3231 se
529 3174 737 3230 fecisse
758 3173 1064 3246 epistolam
1090 3176 1370 3244 testatur;
1393 3174 1548 3246 quod
1583 3173 1836 3230 homini-

184 3268 419 3333 bus,tot
443 3265 742 3335 tantisque
763 3262 1077 3319 virtutibus
1100 3267 1157 3319 et
1193 3262 1582 3319 sanctimonia
1625 3264 1833 3331 praedi-

183 3353 676 3426 tis,prolixiorem
703 3353 958 3409 scribere
981 3369 1127 3424 opus
1156 3369 1271 3408 non
1315 3356 1457 3409 erat.
1493 3351 1615 3408 Illis
1644 3352 1834 3424 itaque

183 3445 497 3512 duntaxat,
529 3447 591 3499 ut
620 3443 1095 3515 presbyterorum
1155 3442 1363 3510 instar,
1393 3442 1452 3497 in
1487 3441 1681 3498 debita
1707 3458 1836 3509 suo,

180 3535 323 3592 licet
347 3534 594 3605 juniori,
625 3533 898 3605 episcopo
955 3532 1310 3599 obedientia,
1371 3531 1696 3588 reverentia
1734 3532 1836 3587 ad-

181 3640 390 3680 versus
422 3623 796 3696 presbyteros
827 3626 883 3678 et
913 3621 1196 3679 diaconos
1219 3621 1567 3690 exhibenda,
1604 3629 1834 3678 mutua-

183 3731 300 3786 que
330 3713 486 3769 inter
515 3729 577 3768 ee
608 3728 749 3783 pace
788 3720 842 3767 el
901 3712 1211 3768 concordia
1269 3711 1554 3767 servanda
1609 3726 1838 3781 semper

185 3800 962 3876 perseverent,adhortatur.
984 3802 1155 3856 Docet
1178 3799 1384 3856 deinde
1407 3816 1607 3856 omnes
1620 3800 1836 3871 Moysis

184 3893 312 3965 lege
341 3891 588 3961 solutos,
623 3890 748 3946 sola
778 3889 991 3946 Christi
1049 3889 1370 3946 Servatoris
1428 3887 1554 3960 lege
1603 3889 1783 3945 teneri
1817 3908 1830 3957 ;

187 3998 363 4055 quem
389 3997 520 4036 vere
551 3987 869 4046 mortuum,
893 3983 949 4034 et
975 3997 1008 4034 a
1040 3979 1287 4035 mortuis
1327 3980 1676 4034 suscitatum
1707 3992 1835 4033 esse

187 4072 573 4127 demonstrat.
609 4069 772 4134 Quod
830 4068 1067 4140 quidem
1127 4085 1238 4123 non
1288 4067 1415 4123 ideo
1473 4067 1833 4138 argumentis

183 4160 556 4234 probandum
593 4175 656 4213 se
687 4159 1018 4230 suscepisse
1049 4157 1206 4228 dicit,
1240 4158 1392 4229 quod
1427 4174 1626 4213 eorum
1656 4156 1832 4227 aliqui

178 4249 324 4306 illud
357 4266 474 4305 non
508 4247 809 4303 crederent
843 4265 855 4315 ;
900 4248 1000 4302 sed
1035 4252 1098 4302 ut
1151 4263 1250 4303 eos
1307 4262 1510 4302 omnes
1554 4247 1832 4302 adversus

180 4338 576 4413 quorumdam
609 4353 853 4402 errores,
885 4336 983 4407 qui
1018 4335 1074 4390 id
1107 4335 1290 4408 impie
1335 4337 1644 4408 negabant,
1696 4351 1835 4406 prae-

182 4429 443 4485 muniret
473 4443 539 4481 ac
567 4430 844 4481 tueretur.
879 4429 955 4480 Ea
987 4430 1224 4496 propter
1272 4424 1405 4481 illos
1425 4429 1490 4480 ut
1511 4425 1570 4480 in
1597 4425 1832 4480 Domini

181 4525 235 4576 et
261 4516 665 4591 apostolorum
698 4517 960 4571 doctrina
997 4514 1386 4572 ﬁrmisissime
1432 4514 1830 4581 stabiliantur,

181 4611 568 4681 episcopoque
605 4622 713 4661 suo
755 4620 974 4661 morem
1029 4621 1260 4676 semper
1307 4609 1532 4676 gerant,
1566 4605 1832 4661 obsecrat

1967 658 2114 713 mias
2147 662 2535 729 quorumdam
2558 662 2754 719 laudes
2780 681 2801 726 ;
2829 681 3035 732 negare
3056 672 3253 723 tamen
3278 687 3391 725 non
3440 687 3609 742 posse

1965 748 2355 818 cognitionem
2379 751 2803 824 scientiamque
2818 771 2929 810 non
2948 756 3245 828 vulgarem
3265 759 3607 831 divinitatis,

1965 837 2304 906 angelorum
2337 855 2650 911 rerumque
2676 841 3020 914 caelestium,
3053 863 3224 914 quam
3274 864 3408 903 cum
3441 849 3606 920 ipsis,

1965 926 2077 980 nisi
2106 927 2297 982 adhuc
2321 938 2512 984 essent
2545 931 2917 999 infirmiores,
2943 934 3094 989 ultro
3121 939 3602 1004 communicaret,

1965 1015 2077 1070 sibi
2099 1017 2376 1074 divinitus
2401 1020 2578 1076 fuisse
2600 1024 3378 1082 concessam.Verumtamen
3399 1033 3606 1099 praeter

1963 1105 2072 1159 has
2105 1107 2487 1177 cognitiones,
2522 1113 2900 1180 quantumvis
2957 1115 3263 1183 sublimes,
3297 1116 3409 1172 sibi
3458 1117 3604 1174 alias

1966 1194 2149 1250 multo
2183 1197 2435 1266 majores
2495 1199 2718 1270 deesse,
2774 1218 2876 1256 nec
2928 1219 2989 1257 se
3049 1203 3250 1274 primis
3296 1206 3603 1277 discipulis

1965 1283 2293 1352 proximum
2327 1287 2644 1353 numerari,
2672 1287 2824 1344 ultro
2850 1289 3084 1345 fatetur.
3121 1291 3255 1346 Post
3299 1293 3420 1349 hac
3441 1295 3601 1351 Tral-

1961 1371 2154 1428 lenses
2186 1377 2651 1446 commonefacit,
2686 1379 2757 1433 ab
2789 1379 2863 1434 iis
2918 1380 3016 1451 qui
3071 1380 3368 1438 Christum
3401 1382 3601 1440 ﬁctum

1960 1459 2280 1528 hominem,
2313 1463 2584 1521 simulate
2635 1473 2924 1522 mortuum
2954 1477 3008 1524 et
3041 1472 3457 1527 exsuscitatum
3493 1490 3602 1528 au-

1960 1549 2160 1606 dacter
2189 1554 2615 1620 asserebant,in
2639 1557 2845 1628 primis
2879 1563 3118 1614 caveant
3152 1580 3165 1629 ;
3202 1575 3304 1615 nec
3359 1561 3598 1633 laqueos

1961 1655 2160 1696 eorum
2192 1641 2421 1699 facilius
2459 1662 2636 1716 quam
2670 1664 2777 1702 sua
2799 1649 2858 1702 in
2889 1649 3249 1721 episcopum,
3284 1667 3599 1724 sacrosque

1961 1729 2265 1787 ministros
2306 1732 2634 1790 obedientia
2664 1752 2836 1807 posse
2865 1737 3164 1795 declinari.
3199 1739 3417 1796 Deinde
3447 1739 3597 1810 illos,

1959 1825 2009 1873 et
2044 1835 2176 1888 suo,
2210 1825 2267 1876 et
2310 1822 2708 1896 Smyrnensis,
2760 1841 2823 1880 ac
2879 1827 3178 1897 Ephesinae
3237 1829 3600 1902 aliarumque

1960 1909 2350 1967 Ecclesiarum
2409 1913 2654 1969 nomine
2713 1915 2946 1983 salutat,
2981 1921 3153 1989 atque
3213 1920 3284 1975 ad
3330 1924 3601 1977 mutuam

1956 1998 2109 2054 inter
2138 2016 2199 2056 se
2231 2018 2456 2074 pacem,
2489 2009 2546 2059 et
2602 2005 2660 2060 in
2719 2005 3058 2079 episcopum
3118 2009 3599 2085 presbyterosque

1953 2103 2093 2144 suos
2117 2089 2543 2148 observantiam
2578 2110 2783 2150 rursus
2815 2096 3040 2152 excitat.
3099 2097 3291 2154 Poscit
3346 2100 3597 2172 denique

1953 2180 2015 2232 ut
2039 2178 2186 2234 fusis
2217 2181 2286 2235 ad
2322 2180 2505 2237 Deum
2539 2183 2829 2254 precibus,
2875 2202 3024 2254 eam,
3083 2203 3198 2258 qua
3253 2188 3593 2261 martyrium

1951 2282 2126 2322 suum
2159 2285 2572 2328 consummare
2603 2274 2807 2344 possit,
2841 2274 3088 2346 gratiam
3121 2285 3375 2333 exorent.

2020 2365 2234 2428 Quarta
2256 2368 2579 2442 ultimaque
2592 2372 3125 2444 epistola,Smyrnaa
3147 2376 3302 2444 data,
3336 2376 3404 2430 ad
3420 2375 3588 2430 (thri-

1946 2454 2167 2510 stianos
2189 2460 2381 2513 Romae
2405 2461 2679 2531 degentes
2708 2462 2923 2518 directa
2948 2472 3052 2534 est,
3084 2463 3300 2536 illaque
3326 2465 3585 2537 Ignatius

1945 2560 2043 2599 eos
2065 2545 2135 2600 de
2150 2548 2426 2618 martyrio
2447 2549 2639 2616 suo,in
2665 2567 2865 2607 eorum
2893 2553 3033 2608 urbe
3051 2554 3424 2625 perficiendo,
3460 2571 3586 2608 cer-

1945 2633 2126 2688 tiores
2151 2634 2308 2691 facit.
2330 2636 2465 2692 lllos
2491 2653 2621 2693 vero
2653 2641 2926 2695 omnibus
2949 2659 3088 2711 quas
3109 2643 3586 2700 ardentissimum

1947 2738 2012 2777 ac
2056 2740 2201 2794 pene
2261 2726 2598 2782 incredibile
2658 2730 2948 2785 subeundi
3013 2733 3272 2805 martyrii
3324 2734 3588 2788 studium

1947 2827 2258 2884 suggerere
2291 2820 2537 2887 poterat,
2572 2817 2896 2874 rationibus
2930 2818 3122 2890 pulsat
3153 2837 3166 2888 ;
3235 2837 3306 2876 ne
3338 2826 3584 2876 mortem

1944 2917 2134 2973 suam,
2159 2903 2311 2974 quod
2356 2921 2540 2961 unum
2585 2906 2852 2974 timebat,
2915 2910 3218 2978 prohibere
3268 2915 3584 2969 tentarent.

1942 2991 2259 3065 Subjungit
2289 3010 2350 3050 se
2371 2995 2794 3053 crudelissimis
2818 2998 3208 3065 satellitum,a
3231 3001 3440 3071 quibus
3472 3001 3585 3056 du-

1944 3080 2208 3150 cebatur,
2266 3083 2670 3141 vexationibus
2728 3086 2799 3141 ad
2857 3089 3288 3160 assequendam
3326 3091 3587 3163 martyrii

1942 3167 2198 3240 palmam
2223 3173 2556 3244 praeparari,
2586 3181 2757 3246 atque
2799 3175 3012 3232 idcirco
3053 3177 3330 3234 Romanis
3359 3196 3422 3234 se
3452 3180 3587 3250 qui-

1945 3257 2073 3313 dem
2105 3275 2217 3316 non
2277 3262 2609 3334 praecipere,
2664 3265 2764 3320 sed
2803 3281 2901 3320 eos
2960 3266 3258 3333 obtestari,
3291 3272 3354 3323 ut
3406 3286 3439 3323 a
3469 3274 3584 3324 Deo

1946 3346 2256 3419 impetrent
2284 3365 2498 3422 corpus
2530 3369 2726 3424 suum,
2749 3358 3029 3426 tanquam
3050 3356 3408 3413 frumentum
3422 3357 3585 3413 Chri-

1945 3437 2042 3504 sti,
2077 3439 2349 3496 dentibus
2381 3441 2699 3497 bestiarum
2734 3443 2814 3499 ita
2847 3444 3008 3512 moli,
3044 3449 3108 3500 ut
3165 3445 3313 3501 nihil
3344 3447 3582 3504 omnino

1946 3524 2358 3597 sitreliquum;
2387 3530 2742 3602 tandemque
2755 3537 2957 3602 optare
2977 3549 3038 3588 se
3052 3533 3124 3588 ab
3153 3533 3362 3590 iisdem
3380 3536 3582 3591 bestiis

1944 3616 2378 3687 quamprimum
2405 3618 2670 3675 devorari
2698 3637 2711 3688 ;
2743 3625 2919 3692 atque
2942 3622 2991 3676 si
3013 3621 3100 3677 vel
3122 3623 3426 3678 minimum
3459 3641 3581 3680 mo-

1945 3707 2168 3770 rentur,
2200 3703 2354 3773 illas,
2389 3711 2452 3760 ut
2470 3706 2722 3775 Christo,
2759 3711 3160 3779 quonihilsibi
3185 3713 3421 3768 charius
3439 3717 3581 3784 erat,

1944 3793 2115 3848 citius
2138 3793 2447 3862 frueretur,
2465 3796 2772 3868 derepente
2795 3814 3229 3869 aggressurum.
3265 3801 3348 3856 Ob
3381 3802 3582 3858 oculos

1943 3883 2150 3938 deinde
2181 3883 2264 3939 eis
2323 3885 2487 3956 ponit
2530 3890 2746 3956 quanto
2805 3893 3018 3942 conatu
3064 3891 3332 3961 princeps
3389 3892 3584 3947 saeculi

1943 3972 2218 4044 martyrio
2251 3990 2357 4028 suo
2375 3974 2655 4029 obsistere
2680 3974 2974 4031 niteretur.
3011 3976 3312 4045 Hincillis,
3348 3995 3418 4034 ne
3447 3996 3581 4036 cum

1942 4061 2242 4118 dirissimo
2271 4063 2603 4119 mortalium
2634 4063 2799 4119 hoste
2830 4067 3184 4136 conspirant,
3218 4067 3317 4121 sed
3351 4067 3485 4134 sibi,
3517 4072 3584 4123 ut

1940 4151 2103 4206 ocius
2134 4158 2378 4208 mortem
2412 4158 2666 4224 Optatam
2698 4154 2901 4220 obiret,
2936 4170 3103 4225 opem
3139 4155 3332 4226 potius
3372 4156 3580 4226 ferant,

1939 4249 2139 4295 auctor
2164 4245 2250 4296 est
2281 4247 2337 4297 et
2365 4257 2588 4296 suasor.
2650 4241 2827 4296 Suam
2889 4247 3091 4314 postea
3145 4242 3488 4311 Ecclesiam,
3519 4245 3579 4298 in

1940 4346 2055 4402 qua
2087 4346 2158 4386 ne
2192 4331 2398 4385 ultimo
2456 4331 2694 4402 quidem
2757 4332 2855 4403 qui
2887 4333 3278 4389 ascriberetur
3308 4333 3457 4400 loco,
3489 4335 3581 4390 di-

1939 4435 2089 4490 gnus
2118 4424 2260 4490 erat,
2295 4420 2610 4491 plurimum
2641 4419 2758 4475 illis
2789 4423 3159 4478 commendat
3191 4440 3205 4490 ;
3267 4424 3490 4495 eisque,
3523 4428 3580 4479 et

1941 4510 2087 4577 suis,
2116 4515 2172 4566 et
2189 4511 2477 4580 omnium,
2509 4529 2634 4584 quae
2679 4511 2766 4567 vel
2820 4527 2952 4568 eum
2990 4519 3352 4586 exceperant,
3384 4515 3472 4572 vel
3505 4515 3573 4571 ad

1939 4615 2072 4653 eum
2119 4599 2488 4656 invisendum
2547 4601 2771 4672 aliquos
2821 4603 3124 4669 miserant,
3186 4603 3574 4660 Ecclesiarum

181 4700 649 4767 obtestaturque.
683 4695 946 4765 Denique
977 4693 1297 4766 suiipsius,
1331 4699 1388 4749 et
1424 4693 1688 4749 Ecclesiae
1713 4710 1830 4750 suzs
1863 4691 1908 4756 D
1939 4688 2130 4744 verbis
2151 4689 2465 4760 plurimam
2500 4691 2748 4746 salutem
2783 4693 2977 4748 mittit.
3015 4693 3274 4764 Denique
3305 4694 3576 4750 charissiv

184 4785 557 4843 Antiochense
588 4783 748 4840 brevi
801 4783 1302 4839 commendatione
1360 4782 1579 4838 claudit
1625 4781 1834 4854 episto-

182 4878 325 4934 lam.

252 4973 448 5031 Tertia
478 4973 547 5028 ad
580 4971 900 5028 Ecclesiam
923 4971 1282 5027 Trallensem
1325 4971 1399 5026 ab
1446 4987 1508 5027 eo
1543 4971 1681 5028 data
1719 4976 1827 5040 est,

181 5069 498 5138 postquam
527 5077 629 5132 per
660 5060 962 5133 Polybium
996 5062 1263 5132 ejusdem
1303 5061 1572 5118 Ecclesia
1601 5061 1830 5133 episco-

187 5169 356 5224 pum,
390 5150 461 5206 ad
494 5166 557 5205 se
589 5148 663 5204 ab
691 5165 758 5204 ea
781 5149 1054 5217 missum,
1117 5153 1271 5204 certo
1329 5149 1650 5219 accepisset
1677 5148 1828 5204 Tral-

180 5241 373 5296 lenses
403 5237 764 5293 Christianos
796 5236 1153 5308 inculpatam
1189 5242 1444 5293 mentem
1505 5238 1738 5308 habere,
1773 5243 1830 5294 et

182 5327 652 5402 insuperabilem
685 5327 744 5381 in
778 5327 1078 5398 patientia,
1138 5342 1349 5398 eosque
1405 5342 1536 5384 vere
1574 5344 1702 5384 esse
1733 5329 1830 5385 Dei

175 5421 520 5477 imitatores.
557 5417 656 5473 llle
679 5433 836 5473 enim
869 5417 962 5473 his
995 5416 1218 5474 nuntiis
1276 5419 1490 5491 gaudio
1530 5421 1825 5492 perfusus,

177 5510 328 5566 hanc
354 5507 594 5580 scripsit
622 5505 957 5578 epistolam,
991 5523 1107 5578 qua
1142 5507 1227 5563 eis
1264 5508 1334 5563 de
1362 5515 1437 5562 tot
1460 5508 1689 5563 eximiis
1711 5509 1825 5564 vir-

177 5599 402 5655 tutibus
426 5595 748 5669 plurimum
773 5595 1362 5668 gratulatus,eosdem
1387 5600 1452 5652 ut
1481 5596 1825 5669 episcopum

177 5686 536 5750 obedientia,
586 5686 956 5758 presbyteros
1010 5686 1397 5752 veneratione,
1459 5685 1827 5742 observantia

176 5777 454 5836 diaconos
484 5777 936 5848 prosequantur,
990 5773 1174 5832 amice
1225 5777 1440 5833 monet.
1493 5775 1705 5832 Subdit
1760 5790 1823 5834 se

1943 4793 2104 4833 mum
2128 4795 2300 4836 suum
2330 4783 2577 4836 Crocum
2602 4781 2672 4835 ad
2697 4797 2759 4836 se
2781 4783 3110 4850 pervenisse
3132 4783 3384 4854 nuntiat,
3407 4793 3576 4854 atque

1942 4874 2002 4920 ut
2033 4867 2104 4922 iis
2135 4868 2234 4939 qui
2261 4885 2328 4923 ex
2355 4869 2516 4941 Syria
2543 4873 2779 4924 Romam
2810 4875 3108 4938 venerant,
3141 4873 3412 4926 eumdem
3439 4877 3576 4927 Cro-

1939 4961 1988 5014 ci
2020 4960 2356 5028 adventum,
2386 4976 2563 5030 seque
2595 4976 2691 5015 eos
2722 4960 2880 5015 brevi
2921 4966 3341 5018 conventurum
3390 4963 3578 5034 signi-

1939 5053 2158 5117 carent,
2191 5049 2365 5103 etiam
2399 5055 2574 5120 atque
2598 5050 2774 5104 etiam
2809 5055 3096 5120 precatur.

2011 5147 2273 5220 Ignatius
2298 5147 2384 5201 his
2405 5150 2657 5217 quatuor
2679 5146 2888 5202 litteris
2916 5148 3174 5219 Smyrnae
3226 5149 3574 5222 obsignatis,

1940 5237 2070 5291 inde
2100 5236 2349 5306 solvens,
2384 5233 2608 5307 appulit
2639 5235 3065 5301 Troadem,ubi
3087 5240 3204 5292 tres
3233 5238 3398 5305 alias,
3434 5257 3578 5309 qua-

1937 5343 2066 5382 rum
2100 5327 2291 5399 prima
2320 5327 2388 5380 ad
2424 5324 2962 5396 Philadelphienses
2994 5328 3210 5398 scripta
3241 5333 3351 5391 est,
3375 5344 3578 5382 exara-

1935 5416 2204 5473 vit.Hauc
2225 5417 2505 5472 inchoata
2524 5414 2797 5471 laudibus
2847 5416 3030 5470 sancti
3056 5418 3396 5471 eorumdem
3454 5418 3578 5488 epi-

1935 5508 2118 5578 scopi,
2151 5508 2322 5577 cujus
2353 5506 2610 5561 divinam
2643 5505 2713 5560 a‘i
2747 5505 3145 5577 episcopatum
3196 5507 3574 5578 vocationem,

1937 5597 2308 5662 modestiam,
2342 5596 2603 5667 aliasque
2653 5595 2898 5650 virtutes
2953 5595 3064 5650 sibi
3124 5596 3575 5654 admirationem

1936 5686 2185 5743 movisse
2216 5689 2480 5754 testatus,
2511 5685 2642 5741 illos
2665 5685 2736 5740 ad
2769 5685 2840 5753 ei,
2875 5685 3028 5740 sicut
3056 5700 3190 5742 oves
3240 5687 3478 5758 pastori,
3514 5693 3576 5744 ut

1938 5775 2266 5836 mortiferas
2297 5775 2571 5834 doctrina;
2593 5791 2842 5832 erroneus
2865 5774 3075 5832 herbas
3115 5776 3385 5840 devitant,
3420 5777 3580 5834 obse-
