3942 6302
379 358 498 416 ΠΒ

1437 360 1502 420 S.
1547 357 1944 422 IGNATIUS.
1991 384 2056 400 -τ
2105 353 2715 418 PROLEGOMENA.

3672 373 3791 430 476

375 492 699 564 quendum,
733 492 935 548 sedulo
965 492 1256 549 hortatur.
1287 498 1432 549 Tum
1467 495 1744 550 continuo
1766 491 2016 562 subjun-
2049 490 2104 558 Α
2135 488 2253 544 sias
2285 487 2358 544 ad
2389 487 2547 543 illam
2578 489 2779 545 eadem
2805 492 2877 547 de
2905 509 3084 549 causa
3140 495 3516 554 scribendum
3582 502 3787 560 horte-

377 581 462 652 git
494 597 665 636 nosse
708 599 768 637 se
798 599 896 638 eos
929 582 983 636 in
1016 583 1126 639 hac
1156 600 1389 656 semper
1419 585 1601 640 fuisse
1644 581 1978 639 obedientia
2009 602 2022 650 ς

379 672 476 725 sed
514 687 584 725 ne
614 671 686 725 ab
707 671 946 742 illis,qui
972 671 1154 742 legem
1184 673 1400 745 Moysis
1432 691 1542 730 non
1571 678 1763 729 autem
1810 671 2024 727 Christi

374 763 722 816 servandam
759 778 884 818 esse
917 763 1224 830 docebant,
1259 769 2022 837 corrumpantur,perseve-

379 851 628 906 rantiam
661 851 960 922 elﬂagitat.
997 854 1275 908 Memorat
1309 858 1503 909 autem
1530 870 1591 908 se
1623 870 1756 908 cum
1802 853 1875 908 ad
1923 869 2022 908 eos

377 942 728 1010 divertissct,
761 943 1246 1014 cognovissetque
1298 946 1449 1016 apud
1486 946 1644 1016 ipsos
1667 961 1795 1001 esse
1844 962 2022 1015 quos-

372 1031 533 1100 dam,
568 1033 667 1102 qui
701 1036 940 1087 eatenus
974 1033 1311 1104 Evangelio,
1343 1038 1631 1104 quatenus
1667 1034 1874 1105 priscis
1923 1051 2020 1090 eo-

372 1137 502 1175 rum
537 1122 875 1177 auctoribus
922 1129 1376 1179 consentaneum
1435 1129 1608 1190 esset,
1660 1125 2015 1180 credendum

371 1226 499 1265 esse
531 1213 1116 1282 contenderent,tunc
1147 1215 1410 1269 eamdem
1436 1214 1552 1269 illis
1587 1214 1846 1270 suasisse
1878 1215 2016 1270 obe-

372 1298 810 1355 dientiamJam
837 1316 970 1355 vero
1000 1318 1060 1356 se
1086 1319 1383 1372 nunquam
1406 1302 1496 1358 his
1521 1302 1882 1370 hominibus,
1917 1304 2018 1359 sed

372 1387 552 1453 cruci,
589 1388 782 1453 morti,
817 1391 1232 1446 resurrectioni
1265 1391 1502 1458 Christi,
1533 1397 1707 1462 atque
1757 1392 2015 1464 Evange-

371 1475 448 1530 lio
479 1494 512 1531 a
543 1477 845 1548 prophetis
878 1479 1287 1550 praenuntiato,
1321 1487 1605 1551 tanquam
1645 1482 1883 1536 omnino
1934 1482 2019 1536 in-

368 1571 657 1636 corruptae
692 1568 913 1623 veritati
949 1569 1120 1625 tidem
1154 1569 1484 1625 habiturum
1522 1571 1847 1642 proﬁtetur.
1881 1571 2016 1628 Illos

366 1654 574 1710 deinde
602 1657 972 1726 monet,utad
1001 1657 1312 1714 Ecclesiam
1353 1659 1771 1715 Antiochenam
1823 1659 2017 1716 diaco-

369 1760 506 1800 num
540 1746 876 1816 quemdam,
911 1747 997 1802 vel
1029 1748 1182 1803 sicut
1213 1747 1413 1804 vicinae
1466 1749 1744 1818 ecclesiae,
1788 1750 2012 1822 episco-

372 1852 535 1906 pum,
561 1852 625 1890 ac
658 1836 1046 1908 presbyteros,
1081 1838 1180 1909 qui
1213 1839 1283 1892 de
1317 1838 1543 1894 reddita
1573 1839 1622 1894 ei
1644 1854 1784 1910 pace
1815 1843 2008 1910 gratu-

370 1923 586 1987 lentur,
623 1924 898 1996 dirigant.
933 1926 1052 1981 Sub
1075 1926 1198 1982 haec
1233 1927 1304 1982 ob
1337 1927 1624 1983 Philonem
1681 1929 2013 1996 diaconum,

374 2013 555 2068 Reum
592 2017 648 2069 et
701 2014 1140 2086 Agathopodem
1184 2017 1606 2088 benignissime
1665 2017 1737 2072 ab
1794 2017 1876 2074 eis
1917 2035 2011 2074 ex-

373 2109 570 2176 ceptos
628 2104 844 2176 gratias
903 2106 1039 2178 agit.
1091 2106 1352 2179 Denique
1436 2124 1534 2164 eos
1590 2108 2014 2166 Troadensium

349 2194 558 2251 .verbis
591 2193 825 2262 salutat,
889 2199 1163 2266 aptatque
1223 2205 1280 2251 ut
1339 2196 1602 2252 Burrhus
1652 2202 1707 2253 et
1738 2199 2013 2269 Ephesini

366 2287 542 2354 atque
568 2284 848 2356 Smyrnaei
897 2302 931 2340 a
989 2285 1238 2353 Christo,
1297 2286 1355 2341 in
1398 2304 1512 2358 quo
1566 2304 1730 2359 spem
1782 2305 2008 2345 omnem

364 2371 802 2442 collocaverant,
835 2374 1030 2444 dignis
1063 2374 1382 2432 honoribus
1409 2376 1759 2433 afﬁciantur.

436 2463 611 2519 Soxta
633 2463 878 2535 epistola
907 2465 980 2520 ab
997 2467 1219 2537 Ignatio
1241 2468 1310 2521 ad
1363 2467 1774 2539 Smyrnensem
1814 2467 2005 2524 Eccle-

366 2551 514 2607 siam
546 2569 651 2625 per
680 2553 1178 2626 Burrhum,quem
1214 2556 1439 2612 itineris
1470 2556 1558 2612 sui
1591 2557 1859 2614 comitem
1909 2559 2010 2614 ha-

365 2641 592 2710 buerat,
628 2642 812 2698 missa
840 2648 946 2698 est.
979 2645 1298 2716 Praecipuo,
1335 2647 1489 2716 quod
1522 2647 1580 2701 in
1613 2663 1679 2701 ea
1700 2650 2004 2712 tractatur,

368 2736 712 2804 argumento
745 2733 1005 2805 Ignatius
1034 2733 1396 2791 Christianos
1430 2736 1708 2792 adversus
1727 2737 2006 2808 quosdam

362 2822 685 2891 haereticos,
709 2824 812 2894 qui
859 2823 1155 2879 Christum
1209 2825 1403 2880 ﬁctam
1464 2830 1694 2881 tantum
1747 2826 2008 2883 hominis

359 2927 614 2979 carnem,
649 2929 762 2982 qua
795 2916 1041 2969 mortem
1075 2917 1131 2969 et
1159 2916 1640 2971 resurrectionem
1694 2915 2008 2972 simulave-

363 3006 471 3070 rat,
506 3002 904 3074 assumpsisse
937 3003 1229 3072 dicebant,
1264 3003 1455 3060 munit
1483 3021 1550 3060 ac
1607 3009 1820 3060 tuetur.
1856 3008 2010 3072 Qua—

365 3096 599 3162 propter
629 3092 928 3148 veritatem
960 3093 1174 3161 carnis,
1205 3093 1521 3165 passionis,
1573 3094 1778 3150 mortis
1838 3099 1892 3150 et
1925 3111 2007 3151 re-

362 3183 742 3239 surrectionis
775 3183 991 3238 Christi
1057 3184 1287 3239 invictis
1345 3186 1707 3257 argumentis
1765 3187 2007 3242 demon-

2137 582 2253 647 tur,
2279 595 2382 651 per
2412 597 2588 650 quam
2621 589 2884 637 amanter
2936 586 3218 642 obsecrat.
3281 590 3540 662 Denique
3599 594 3787 650 Chris-

2136 669 2314 724 tianis
2347 671 2620 725 omnibus
2653 674 2994 743 generatim,
3027 676 3378 743 quibusdam
3411 697 3544 737 vero
3602 685 3787 739 nomi-

2136 758 2319 816 natim
2352 759 2641 830 salutatis,
2677 762 2948 834 obsignat
2976 764 3293 835 epistolam.

2772 888 3006 945 CAPUT
3067 891 3134 946 ll.

2130 1020 2313 1061 νΑῐυε
2371 1021 2734 1061 SCRIPTORUM
2804 1025 2873 1061 DE
2921 1025 3012 1062 HIS
3067 1027 3346 1066 EPISTOLIS
3406 1029 3782 1084 SENTENTIE;

2204 1094 2456 1139 QUEDAM
2487 1093 2857 1133 OBSERVANDA
2887 1097 3358 1152 PREMITTUNTUR,
3391 1101 3456 1141 ΕΤ
3497 1104 3612 1152 QUA
3666 1107 3780 1144 ME-

2198 1167 2382 1205 THODO
2425 1167 2569 1206 VERA
2602 1167 2903 1207 SENTENTIA
2935 1170 3425 1212 PROPUGNABITUR.

2199 1267 2226 1334 ξ
2257 1265 2299 1319 Ι.
2341 1267 2532 1322 Variae
2561 1267 2886 1338 scriptorum
2920 1267 2984 1323 de
3017 1269 3088 1323 iis
3117 1271 3366 1341 epistolis
3392 1277 3713 1334 sententiae.

2198 1383 2278 1439 De
2310 1383 2400 1439 his
2426 1389 2651 1455 septem
2684 1384 2948 1456 epistolis
2980 1392 3096 1443 tres
3156 1394 3294 1444 sunt
3350 1391 3595 1448 diversae
3635 1394 3782 1449 scri-

2125 1479 2359 1546 ptorum
2393 1474 2634 1544 hujusce
2667 1477 2854 1530 aetatis
2881 1475 3209 1547 opiniones.
3244 1479 3443 1535 Prima
3483 1485 3575 1536 (st
3605 1482 3787 1538 Blon-

2126 1563 2284 1630 delli,
2321 1562 2519 1618 Dallaei
2576 1562 2939 1634 aliorumque
3000 1566 3256 1637 plurium
3320 1564 3782 1643 Presbyterianae

2123 1652 2591 1723 Calvinianaeque
2622 1660 2791 1708 sectae
2822 1653 3150 1726 hominum,
3183 1657 3284 1728 qui
3316 1658 3447 1714 illas
3492 1665 3783 1732 tanquam

2123 1742 2363 1797 omnino
2395 1741 2781 1813 adulterinas,
2816 1743 2983 1800 ﬁctas
3007 1749 3187 1818 atque
3217 1747 3442 1819 Ignatio
3499 1752 3784 1822 supposi-

2123 1835 2213 1888 tas
2243 1831 2574 1904 repudiant.
2609 1837 2685 1887 De
2716 1849 2783 1888 ea
2813 1849 2946 1889 vero
2975 1839 3142 1890 aetate
3174 1853 3288 1908 qua
3313 1854 3410 1894 eas
3465 1838 3528 1894 in
3583 1839 3777 1896 lucem

2129 1921 2416 1993 prodiisse
2449 1925 2703 1988 censent,
2733 1926 2875 1993 quot
2908 1939 3107 1979 eorum
3142 1925 3351 1997 capita,
3409 1931 3492 1983 tot
3542 1945 3778 1988 sensus.

2126 2010 2464 2066 Albertinus
2487 2010 2642 2066 enim
2676 2027 2774 2067 eas
2835 2012 2988 2068 circa
3043 2014 3303 2070 medium
3368 2019 3656 2074 saculum
3686 2037 3779 2076 se-

2124 2100 2406 2167 cundum,
2458 2100 2786 2157 Salmasius
2845 2104 2954 2157 sub
3017 2104 3262 2177 imperio
3321 2108 3626 2176 Antonini,
3687 2111 3782 2166 vel

2121 2188 2296 2244 Marci
2319 2189 2564 2254 Aurelii,
2601 2189 2931 2247 Blondellus
2965 2197 3096 2264 post
3152 2199 3398 2250 mortem
3458 2196 3782 2257 Clementis

2121 2278 2519 2350 Alexandrini,
2553 2279 2825 2349 Dallaaus,
2860 2289 3110 2339 exeunte
3142 2284 3355 2340 saeculo
3400 2288 3596 2357 tertio,
3630 2291 3780 2346 scri-

2119 2373 2251 2442 ptas
2282 2386 2411 2426 esse
2436 2371 2820 2441 pronuntiant
2855 2388 2867 2426 :
2909 2373 3025 2429 imo
3055 2391 3188 2430 vero
3227 2376 3556 2434 Bochartus
3617 2380 3781 2451 epis-

2117 2461 2295 2516 tolam
2329 2462 2399 2516 ad
2435 2461 2728 2518 Romanos
2787 2480 2900 2519 non
2965 2469 3098 2521 ante
3158 2467 3525 2524 Constantini
3570 2469 3780 2543 Magni

2118 2549 2428 2621 imperium
2455 2554 2747 2606 exaratam
2781 2567 2906 2607 esse
2928 2552 3264 2608 arbitratur.

2191 2639 2457 2694 Secunda
2490 2639 2685 2710 opinio
2717 2644 2806 2694 est
2837 2640 3056 2696 Usserii
3088 2643 3442 2700 Armachani
3477 2645 3783 2718 archiepi-

2118 2727 2300 2800 scOpi,
2334 2727 2432 2798 qui
2492 2743 2591 2783 sex
2631 2729 2852 2799 priores
2909 2731 3186 2800 epistolas
3253 2733 3479 2804 Ignatio
3540 2736 3782 2803 asserit,

2119 2817 2428 2890 septimam
2461 2831 2617 2884 vero,
2649 2834 2777 2889 qua:
2809 2817 2877 2872 ad
2914 2819 3286 2892 Polycarpum
3320 2824 3453 2877 data
3482 2828 3587 2894 est,
3625 2824 3787 2895 reji-

2118 2909 2193 2965 cit
2221 2909 2606 2980 ﬁctitiamque
2635 2925 2763 2965 esse
2787 2909 3062 2966 afﬁrmat.

2188 2999 2382 3054 Tertia
2413 2997 2658 3053 aliorum
2711 2999 2974 3054 omnium
3029 3001 3315 3056 sententia
3374 3002 3480 3058 has
3539 3007 3776 3075 septem

2116 3087 2392 3159 epistolas
2421 3104 2619 3144 verum
2639 3105 2703 3143 ac
2728 3089 3054 3160 gcnuinum
3080 3091 3288 3161 Ignatii
3312 3108 3458 3162 opus
3481 3108 3611 3147 esse
3627 3110 3775 3150 con-

2117 3179 2548 3250 tendit;eaque
2582 3196 2700 3235 non
2755 3183 2826 3236 ab
2881 3180 3226 3237 orthodoxis
3262 3187 3644 3251 tantum,sed
3699 3187 3776 3242 ab

363 3275 530 3341 Strat,
559 3273 938 3344 praecipimus,
967 3273 1300 3344 Smyrnaeis,
1346 3245 1865 3331 utvhmreticorum
1914 3276 2002 3330 fu.
2035 3245 2077 3312 Ο
2118 3245 2534 3324 eruditissimis
2564 3268 2784 3324 Calvini
2836 3285 2900 3324 ac
2965 3273 3412 3341 protestantium
3465 3245 3782 3328 sectatori-

357 3362 523 3432 giant
549 3360 856 3430 colloquia,
879 3378 944 3417 ac
971 3361 1092 3418 suis
1124 3363 1394 3434 precibus
1425 3381 1622 3420 eorum
1672 3365 1999 3421 conversio-

361 3465 493 3505 nem
531 3468 563 3504 a
593 3450 708 3506 Deo
759 3456 1092 3522 exposcunt.
1153 3457 1270 3509 Hos
1331 3453 1541 3508 deinde
1597 3459 1662 3509 ut
1710 3453 2006 3527 episcopo,

361 3538 718 3609 presbyteris
750 3543 807 3593 et
839 3537 1180 3595 :liaconibus
1211 3541 1631 3613 obsequantur,
1692 3543 1750 3598 in
1799 3544 2007 3614 primis

365 3631 562 3683 autem
595 3626 866 3701 episcopo
899 3645 1134 3686 summa
1165 3631 1224 3686 in
1254 3631 1529 3688 omnibus
1570 3632 1901 3688 obedientia
1949 3639 2007 3690 et

363 3717 732 3774 veneratione
763 3720 1116 3791 auscultant,
1147 3720 1394 3778 sollicite
1423 3723 1716 3779 admonet.
1785 3721 2004 3779 Dehinc

367 3805 650 3862 maximas
680 3807 767 3863 eis
799 3807 1016 3864 idcirco
1047 3809 1310 3880 rependit
1341 3811 1582 3882 gratias,
1617 3812 1771 3884 quod
1819 3827 1880 3867 se
1912 3829 2005 3868 so-

368 3893 603 3967 ciosque
635 3913 774 3952 suos
806 3897 1136 3953 incredibili
1197 3892 1600 3955 benevolentia
1655 3899 2004 3972 exceperint,

363 3987 539 4054 atque
560 3985 697 4041 inde
727 4002 825 4042 eos
858 3986 1096 4058 dignam
1122 4003 1155 4042 a
1175 3987 1288 4043 Deo
1310 3989 1630 4045 mercedem
1666 3994 2006 4060 accepturos

361 4089 490 4130 esse
521 4075 844 4147 pollicetur.
883 4077 1082 4132 Postea
1113 4094 1312 4149 pacem
1344 4077 1609 4136 Ecclesiae
1631 4082 2007 4139 Antiochenm

361 4164 645 4220 redditam
681 4167 931 4234 nuntiat,
964 4171 1207 4238 oratque
1240 4172 1302 4222 ut
1333 4167 1610 4240 aliquem,
1640 4171 1738 4242 qui
1797 4170 1905 4228 hac
1937 4174 2007 4228 de

331 4269 420 4312 .re
455 4253 536 4308 illi
561 4254 913 4325 gratuletur,
945 4272 1010 4311 ac
1042 4255 1157 4312 Deo
1183 4256 1386 4313 laudes
1444 4259 1780 4332 gratiasque
1828 4261 2005 4318 simul

361 4360 494 4399 cum
555 4361 622 4400 ea
671 4347 899 4412 referat,
958 4347 1389 4419 quamprimum
1464 4351 1690 4406 mittere
1748 4352 2001 4409 festinet.

358 4431 623 4503 Denique
679 4435 954 4490 omnibus
1013 4451 1142 4492 cum
1204 4438 1650 4508 Troadensium,
1710 4443 1835 4495 tum
1897 4459 2003 4498 suo

291 4587 304 4596 _
360 4521 593 4575 nomine
623 4521 918 4593 salutatis,
951 4523 1212 4595 epistolae
1242 4526 1578 4581 coronidem
1612 4526 1885 4598 imponit.

2122 3358 2254 3425 bus,
2291 3358 2491 3414 Vossio
2519 3358 2761 3428 scilicet,
2821 3358 3144 3427 Hamondo,
3208 3361 3429 3428 Riveto,
3490 3361 3787 3430 Sculteto,

2125 3450 2429 3516 Pearsone,
2457 3447 2642 3513 Bullo,
2668 3448 2897 3520 Moynio
2914 3448 3162 3520 aliisque
3189 3454 3781 3522 propugnatur.Huic

2123 3537 2424 3592 sententiae
2456 3537 2726 3592 lubentes
2762 3538 3211 3610 subscribimus,
3245 3539 3523 3612 illamque
3582 3543 3778 3598 veris-

2121 3626 2331 3682 simam
2360 3625 2765 3694 esseinvictis,
2825 3631 2887 3682 ut
2945 3632 3244 3700 putamus,
3277 3630 3571 3686 rationum
3634 3649 3772 3689 mo-

2123 3716 2335 3772 mentis
2365 3717 2763 3772 demonstrare
2789 3718 3152 3776 conabimur.

2312 3861 2432 3933 ΞΙΙ.
2469 3859 2729 3929 Quaedam
2757 3862 3091 3919 observanda
3117 3867 3563 3935 praemittuntur.

2190 4005 2400 4062 Verum
2432 4011 2746 4078 antequam
2771 4007 2841 4060 ad
2867 4006 3018 4062 hanc
3043 4008 3373 4079 opinionem
3408 4011 3774 4082 probandam

2118 4094 2549 4167 aggrediamur,
2581 4094 2861 4151 nonnulla
2887 4112 3015 4168 quae
3043 4098 3114 4152 ad
3168 4100 3510 4170 quaestionis
3545 4109 3769 4161 nostrai

2117 4184 2584 4258 explanationem
2621 4201 2733 4240 non
2759 4201 2961 4255 parum
2987 4187 3525 4260 conducunt,juvat
3555 4192 3767 4248 obser-

2115 4275 2468 4331 vare.Primo
2495 4278 2725 4329 constat
2748 4275 2898 4330 inter
2927 4291 3126 4332 omnes
3177 4279 3490 4349 cujuslibet
3541 4282 3771 4353 opinio-

2115 4361 2208 4415 nis
2237 4367 2508 4418 auctores
2531 4363 2817 4433 quasdam
2876 4364 2949 4418 ab
3010 4366 3234 4436 Ignatio
3285 4372 3481 4424 nostro
3511 4371 3771 4442 scriptas

2112 4450 2293 4506 fuisse
2323 4451 2598 4520 epistolas
2628 4468 2641 4507 :
2677 4473 2705 4502 «
2741 4452 2881 4517 Quis
2942 4453 3122 4524 enim,
3166 4456 3357 4527 inquit
3415 4457 3667 4515 Dalltsus
3699 4461 3768 4529 ⁵⁸,

2113 4543 2233 4595 tam
2266 4541 2464 4597 fatuus
2494 4545 2607 4608 est,
2635 4545 2697 4596 ut
2728 4558 2862 4596 eum
2898 4543 3202 4613 scripsisse
3235 4545 3465 4618 aliquas
3499 4552 3771 4620 neget?»

436 4611 756 4680 Septimam
791 4612 1076 4684 Ignatius,
1118 4615 1344 4670 Troade
1401 4613 1701 4685 Neapolim
1760 4622 1945 4674 contei

2191 4633 2348 4685 natat
2377 4631 2554 4686 etiam
2588 4631 2740 4686 inter
2762 4611 3188 4703 eosdem—illas,
3223 4611 3352 4705 qua;
3383 4637 3453 4691 ab
3503 4611 3767 4695 Athana-

351 4705 518 4768 dens,
547 4707 720 4774 atque
751 4703 811 4756 in
861 4703 1056 4758 navim
1115 4704 1360 4774 jamjam
1419 4719 1866 4774 conscensurus,
1925 4710 1996 4764 ad

355 4791 1202 4864 Polycarpum,charissimum
1257 4790 1615 4862 discipulum
1675 4809 1872 4861 suum,
1931 4815 1997 4853 ac

354 4884 772 4956 Smyrnensem
803 4882 1163 4954 episcopum,
1201 4880 1509 4936 destinavit
1552 4881 1878 4953 epistolam.
1913 4888 1996 4942 lbi

355 4972 558 5027 miram
592 4975 716 5041 ejus
748 4972 805 5026 in
840 4971 952 5026 ﬁde
983 4969 1366 5027 constantiam
1427 4973 1816 5042 commendat,
1851 4992 1992 5047 gau-

352 5061 629 5131 diumque
659 5078 831 5116 suum
863 5062 1016 5131 quod
1048 5061 1311 5130 Smyrnae
1342 5059 1470 5130 ipso
1494 5061 1704 5116 fruitus
1728 5063 1996 5134 sit,testi-

353 5151 847 5206 licatur.Posthaac
875 5167 991 5222 quo
1023 5154 1080 5203 et
1110 5149 1236 5219 ipse
1303 5149 1359 5204 in
1424 5151 1633 5208 virtute
1670 5156 1993 5227 proﬁceret,

351 5244 405 5294 et
427 5241 801 5296 commissam
828 5239 935 5293 sibi
989 5237 1302 5292 Ecclesiam
1362 5239 1689 5298 Christiane
1747 5252 1991 5317 regeret,

349 5329 523 5384 variis
557 5329 716 5383 illum
751 5328 1050 5399 praeceptis
1085 5326 1322 5382 imbuit.
1384 5329 1640 5386 Subinde
1695 5349 1825 5390 vero
1856 5351 1991 5391 eum

350 5419 939 5487 oratobtestaturque
971 5421 1035 5470 ut
1065 5417 1135 5469 ad
1198 5416 1513 5475 Ecclesiam
1567 5422 1988 5480 Antiochenam

350 5508 418 5561 de
438 5507 662 5561 reddita
694 5522 833 5578 pace
862 5505 913 5560 ei
940 5504 1340 5576 gratulaturus
1375 5507 1620 5578 litteras,
1664 5511 1734 5565 ab
1794 5511 1990 5585 aliquo

350 5595 711 5662 deferendas,
737 5594 954 5650 scribat
986 5611 1000 5660 ;
1035 5599 1210 5665 atque
1241 5599 1304 5650 ut
1334 5595 1479 5652 alias
1513 5614 1745 5670 quoque
1801 5601 1992 5658 Eccle-

415 5704 457 5744 ³³
489 5703 612 5759 Lib.
645 5704 719 5758 De
745 5703 935 5776 script.
966 5705 1180 5775 lgnat.,
1215 5720 1274 5776 p.
1300 5703 1427 5760 450.

2107 4718 2215 4786 sio,
2251 4720 2501 4776 Eusebio
2552 4720 2802 4792 aliisque
2863 4720 3015 4775 infra
3073 4722 3324 4779 citandis
3369 4727 3765 4797 scriptoribus

2106 4808 2934 4879 lgnatiinominelaudantur,
2996 4827 3112 4866 non
3171 4812 3312 4868 alias
3361 4830 3490 4869 esse
3545 4817 3615 4870 ab
3662 4818 3768 4888 iis,

2110 4913 2259 4966 quas
2292 4896 2559 4953 Usserius
2591 4901 2646 4952 et
2672 4897 2915 4952 Vossius
2937 4899 3197 4956 sinceras
3229 4911 3279 4955 el
3312 4902 3536 4974 absque
3570 4906 3769 4960 inter—

2103 4984 2498 5056 polationibus
2521 4987 2851 5053 ediderunt,
2887 5003 3153 5059 quasque
3187 4991 3437 5062 primam
3470 4993 3764 5064 epistola-

2105 5090 2235 5128 rum
2268 5075 2478 5145 Ignatii
2512 5075 2761 5130 classem
2797 5077 3145 5133 constituere
3173 5079 3446 5137 diximus.
3497 5085 3766 5138 Conten-

2103 5163 2252 5218 dunt
2289 5181 2420 5219 vero
2451 5165 2651 5236 prima“:
2686 5166 2981 5221 sententiae
3016 5170 3239 5236 patroni
3273 5169 3379 5225 has
3407 5187 3441 5224 a
3500 5172 3764 5228 nebulo-

2105 5268 2175 5306 ne
2207 5251 2400 5324 aliquo
2429 5263 2710 5323 exaratas,
2743 5259 2801 5309 et
2831 5254 2979 5310 veris
3012 5254 3218 5327 Ignatii
3251 5257 3510 5328 epistolis
3561 5260 3762 5318 fuisse

2103 5343 2459 5412 suppositas.

2171 5430 2606 5487 Observandum
2639 5449 2870 5504 quoque
2897 5440 2984 5489 est
3013 5435 3249 5489 easdem
3284 5436 3493 5505 Ignatii
3537 5437 3776 5508 episto-

2098 5517 2184 5574 las
2219 5535 2335 5574 non
2368 5537 2400 5575 a
2433 5520 2754 5591 catholicis,
2791 5521 2891 5577 sed
2925 5522 2995 5577 ab
3029 5521 3262 5578 Usserio
3292 5531 3346 5578 et
3377 5523 3775 5596 Vossio,viris

2096 5609 2248 5664 inter
2293 5614 2684 5682 protestantes
2743 5609 3134 5667 celeberrimis
3192 5627 3258 5668 ex
3307 5612 3542 5684 optimae
3601 5623 3763 5676 notae
