3942 6302
209 347 342 409 47⁸1

1179 347 1252 407 D.
1299 347 1630 411 NOUBRII
1674 348 2216 411 DISSERTATIO.
2261 380 2340 394 -—
2381 347 2589 411 PARS
2635 352 2686 411 Ι.

3516 350 3636 407 478

219 487 654 560 manuscriptis
683 504 819 544 cum
851 487 1074 544 Latinis
1103 491 1230 544 tum
1282 488 1494 545 Grmcis
1553 487 1876 553 codicibus,
1906 491 1959 556 Α
1990 501 2292 557 urgemus,
2326 488 2482 558 quod
2514 487 2555 542 ii
2589 502 2791 543 omnes
2835 485 3181 554 concedunt,
3215 501 3319 540 nec
3379 484 3535 541 ullus
3564 501 3634 540 ex

218 580 489 651 primum
529 577 745 649 publici
779 579 964 633 tactas
1023 577 1203 634 fuisse
1257 579 1410 650 juris
1467 594 1530 632 ea
1579 594 1717 633 sane
1750 578 1885 648 fide,

219 685 348 740 qua
380 669 660 738 majorem
699 666 897 722 nullus
929 667 1242 723 desiderat.

297 757 905 812 Animadvertendum
967 757 1222 829 denique
1274 773 1372 812 eos
1424 757 1623 822 etiam,
1658 755 1758 827 qui
1813 757 1883 811 ad

216 846 714 920 prepugnandam
740 846 1019 900 harumce
1035 844 1417 917 epistolarum
1441 845 1744 902 veritatem
1765 862 1887 912 pro-

216 936 464 992 lixiores
482 935 924 990 dissertationes
951 935 1204 1001 edidere,
1222 934 1537 990 catholicos
1553 952 1668 990 non
1685 934 1884 1001 fuisse,

221 1026 336 1084 sed
387 1024 769 1098 protestantis
830 1024 1302 1096 Culvinianazque
1363 1029 1535 1080 sectas
1594 1023 1882 1081 homines.

217 1116 539 1172 Enimvero
559 1114 833 1170 Vedelius
869 1113 1187 1170 Calvinista
1219 1131 1284 1170 ac
1315 1113 1666 1170 Genevensis
1718 1115 1888 1168 mini-

217 1203 648 1272 ster,Usserius
663 1209 719 1259 et
739 1203 983 1260 Vossius
1008 1203 1065 1258 in
1096 1204 1307 1258 harum
1332 1203 1718 1274 epistolarum
1759 1202 1886 1258 edi—

218 1294 494 1351 tionibus
523 1309 690 1349 suam
724 1293 976 1364 quisque
1015 1293 1355 1348 earumdem
1411 1292 1742 1364 apologiam
1789 1293 1886 1346 ad-

213 1384 712 1454 junxit.Cumque
742 1381 1070 1438 Salmasius
1099 1386 1156 1438 et
1203 1382 1493 1454 praecipue
1547 1380 1884 1437 Blondellus

219 1472 531 1530 Usserium
554 1488 620 1528 ac
647 1471 919 1527 Vossium
953 1471 1292 1542 impugnare
1352 1475 1706 1540 tentassent,
1753 1469 1884 1526 illos

221 1566 562 1634 uterque,et
577 1562 842 1618 Usserius
863 1562 1098 1634 quidem
1131 1563 1186 1616 in
1221 1579 1329 1618 sua
1363 1562 1674 1634 Appendice
1722 1563 1886 1633 Igna-

219 1652 411 1721 lirma,
438 1651 680 1708 Vossius
703 1668 836 1707 vero
869 1652 928 1706 in
969 1651 1094 1708 suis
1141 1651 1354 1707 litteris
1400 1656 1635 1708 strenue
1683 1652 1884 1708 confu-

217 1745 514 1798 taverunt.
543 1747 660 1796 Hos
693 1741 921 1812 excepit
955 1740 1234 1796 Henricus
1273 1742 1614 1798 Hamondus
1646 1742 1886 1814 presby-

1995 578 2078 633 eis
2117 593 2328 650 negare
2354 593 2610 648 unquam
2637 577 2846 647 potuit,
2875 574 3152 630 nimirum
3187 575 3294 629 has
3337 573 3638 645 epistolas,

1997 671 2307 740 postquam
2342 666 2606 738 genuinae
2639 666 2717 720 uti
2755 666 3006 736 ﬁngunt,
3033 664 3239 736 lgnatii
3301 664 3508 718 littera
3541 679 3637 733 pe-

2000 755 2413 822 riissent,intra
2433 773 2651 810 annum
2680 756 2802 820 106,
2834 771 2949 825 quo
2975 754 3074 808 illo
3099 758 3318 825 martyr
3343 751 3638 819 occubuit,

1996 851 2052 903 et
2088 862 2305 901 annum
2341 850 2442 900 aut
2462 846 2587 913 326,
2623 848 2722 900 aut
2754 844 2823 900 ad
2849 860 3142 898 summum
3176 843 3300 913 330,
3326 858 3440 913 quo
3469 858 3636 897 suam

1995 936 2286 992 Eusebius
2318 935 2630 990 Historiam
2664 934 2996 1005 divulgavit,
3032 933 3324 1006 publicam
3353 932 3637 1004 prodiisse

1995 1026 2054 1080 in
2089 1025 2298 1080 lucem.
2361 1026 2419 1079 Id
2480 1025 2776 1079 enimvero
2837 1024 3036 1078 falsum
3091 1023 3390 1094 gratisque
3437 1022 3634 1076 ﬁctum

1997 1131 2127 1171 esse
2161 1113 2627 1184 inde'evincitur,
2689 1115 2842 1185 quod
2903 1113 2973 1167 iis
3017 1129 3245 1184 quoque
3294 1111 3634 1180 fatentibus,

1998 1205 2264 1277 Ignatius
2296 1205 2580 1277 quasdam
2615 1204 2847 1274 scripsit
2900 1201 3200 1274 epistolas,
3232 1201 3440 1270 quibus
3489 1204 3637 1256 teste

1995 1297 2297 1353 Dallaaom
2322 1297 2447 1352 Post
2477 1295 2656 1350 divini
2693 1293 2922 1349 traderis
2971 1293 3149 1349 libros
3194 1292 3334 1347 nihil
3377 1309 3504 1347 esse
3535 1293 3637 1346 de-

1997 1389 2204 1446 buitin
2248 1393 2367 1445 tota
2422 1387 2673 1444 Ecclesia
2732 1387 2986 1443 nobilius
3047 1403 3112 1441 ac
3162 1385 3468 1452 celebrius,
3524 1382 3638 1439 nisi

1994 1481 2143 1536 forte
2167 1479 2476 1536 Clementis
2508 1477 2812 1549 epistolam
2849 1477 3163 1548 exceperis.
3202 1498 3229 1525 ››

2063 1579 2212 1636 Hinc
2241 1578 2455 1650 quippe
2483 1577 2630 1633 illud
2657 1577 2986 1641 conﬁcitur,
3020 1576 3175 1648 quod
3206 1581 3357 1631 certe
3378 1590 3483 1630 nec
3509 1573 3638 1630 Dal-

1993 1671 2158 1740 laaus,
2193 1686 2297 1726 nec
2329 1668 2485 1724 ullus
2512 1685 2665 1724 sane:
2696 1668 2905 1724 mentis
2939 1667 3256 1739 negaverit,
3289 1666 3397 1721 has
3438 1665 3636 1720 since-

1995 1777 2090 1816 ras
2123 1759 2426 1829 scriptoris
2459 1757 2645 1812 nostri
2677 1756 2952 1828 epistolas
2983 1756 3054 1811 ab
3090 1756 3158 1811 iis
3191 1754 3392 1810 saltem
3445 1753 3640 1810 Eccle-

214 1836 312 1929 ως
343 1831 858 1929 Αηειξμοεξξωειιίιιξί
892 1830 1172 1903 Pl'Olixam
1208 1831 1486 1929 θάνθτειξε
1513 1829 1880 1929 Βιοηάθξί-υω
1916 1866 1967 1929 Β
2001 1849 2127 1913 siis,
2165 1848 2234 1902 ad
2269 1863 2414 1918 quas
2447 1847 2748 1904 destinatas
2780 1851 2964 1915 erant,
2993 1862 3061 1901 ea
3116 1861 3243 1917 quea
3301 1847 3462 1900 tanto
3497 1860 3645 1899 mar-

217 1922 534 1978 adornavit
557 1921 1040 1992 disputationem,
1069 1939 1185 1994 qua
1214 1938 1329 1976 non
1361 1920 1553 1976 solum
1604 1921 1882 1977 omnibus

216 2011 516 2069 Blondelli
548 2010 914 2083 argumentis
937 2011 1256 2082 respondit,
1283 2009 1386 2066 sed
1403 2011 1566 2066 novis
1582 2009 1883 2083 ﬁrmisque

220 2100 526 2156 rationum
561 2099 878 2155 momentis
912 2100 1082 2155 hasce
1123 2099 1398 2170 epistolas
1450 2101 1673 2171 Ignatio
1721 2117 1882 2156 assc-

217 2189 364 2246 ruit.
396 2189 611 2244 Contra
641 2187 798 2244 hunc
831 2187 1081 2244 Dallazus
1101 2188 1594 2245 Charentonensis
1618 2189 1886 2246 minister

218 2283 450 2352 pugnat
507 2277 917 2335 dissertatione
970 2277 1143 2351 longe
1203 2277 1551 2349 prolixiori;
1596 2279 1697 2334 sed
1749 2279 1882 2347 fide,

224 2367 520 2439 quidquid
552 2366 678 2438 ipse
707 2366 934 2434 dixerit,
969 2382 1084 2421 non
1118 2367 1359 2422 omnino
1391 2366 1638 2438 integra.
1670 2366 1883 2424 Omnes

218 2457 383 2512 enim
409 2455 688 2527 epistolas
715 2454 943 2528 lgnatio
978 2456 1286 2527 ascriptus,
1320 2454 1438 2510 sive
1471 2473 1568 2511 eas
1601 2473 1746 2527 quas
1773 2461 1880 2512 Ha-

216 2547 480 2602 mondus
513 2550 687 2617 atque
721 2545 819 2600 alii
853 2545 1071 2617 Ignatio
1106 2545 1393 2611 tribuunt,
1445 2545 1565 2600 sive
1606 2562 1704 2602 eas
1736 2563 1884 2618 quas

223 2636 340 2708 ipsi
375 2635 740 2706 abjudicant,
763 2635 860 2691 ille
893 2634 1151 2702 confuse,
1177 2635 1499 2708 generatim
1533 2638 1590 2691 et
1623 2635 1682 2690 in
1714 2636 1884 2708 globo

229 2725 577 2798 aggreditur
603 2743 616 2793 ;
653 2729 830 2796 atque
861 2730 926 2780 ut
957 2724 1065 2780 hac
1096 2725 1438 2780 confusione
1471 2733 1526 2781 et
1554 2725 1778 2796 ingenti
1803 2743 1890 2781 ar-

226 2819 645 2887 gumentorum
680 2815 913 2872 cohorte
972 2813 1173 2869 fucum
1221 2813 1455 2884 faceret,
1507 2821 1707 2871 contra
1756 2814 1887 2871 illas

227 2921 439 2960 omnes
469 2903 715 2972 litteras,
750 2904 1009 2975 quinque
1038 2920 1215 2975 supra
1249 2903 1572 2975 sexaginta,
1621 2921 1748 2976 que
1794 2921 1886 2960 ac-

222 2998 433 3049 ourate
466 2998 758 3060 numerat,
791 2993 1007 3064 promit
1038 2996 1332 3048 rationum
1362 2993 1754 3049 ﬁrmamenta.
1789 2993 1890 3050 Ve-

230 3100 366 3138 rum
400 3083 750 3139 Pearsonius
781 3083 1082 3156 presbyter
1119 3082 1476 3153 Anglicanus
1527 3083 1716 3139 doctis
1765 3083 1888 3140 suis

223 3174 572 3230 earumdem
606 3172 990 3246 epistolarum
1022 3173 1299 3230 Vindiciis
1329 3189 1534 3229 omnes
1556 3174 1686 3244 ejus
1712 3191 1890 3230 cona-

1997 1940 2106 2012 tyri
2148 1939 2484 2009 debebatur,
2544 1938 2913 1994 veneratione
2971 1941 3261 2008 acceptas,
3321 1949 3451 1991 cum
3510 1934 3643 1990 aliis

1994 2029 2165 2086 etiam
2203 2029 2667 2084 communicatas
2723 2027 3006 2094 ecclesiis,
3040 2025 3096 2080 in
3159 2041 3356 2080 earum
3403 2023 3639 2080 scriniis

1995 2124 2410 2190 asservatas,ac
2433 2118 2491 2173 in
2511 2117 2971 2174 Christianorum
2997 2116 3264 2181 cratibus,
3301 2131 3415 2170 non
3465 2129 3636 2170 secus

1995 2228 2061 2266 ac
2088 2210 2401 2268 Clementis
2432 2209 2760 2281 epistolam,
2792 2208 3019 2280 aliaque
3043 2206 3190 2262 tanti
3229 2205 3398 2276 pretii
3429 2221 3635 2260 monu-

1998 2301 2454 2373 menta,publice
2485 2299 2680 2356 lectas.
2716 2303 2789 2354 At
2819 2299 2952 2370 quis
2983 2298 3040 2352 in
3071 2299 3336 2353 animum
3372 2294 3483 2350 sibi
3542 2295 3635 2349 in-

2000 2391 2172 2445 ducat
2195 2389 2462 2461 pluribus
2486 2389 2655 2444 annis
2689 2393 2822 2443 ante
2845 2387 3184 2443 Eusebiana:
3221 2383 3487 2440 Historia:
3519 2383 3636 2438 edi-

2000 2481 2217 2538 tionem
2232 2479 2680 2536 omnisomnino
2703 2479 2977 2534 harumce
2995 2475 3375 2548 epistolarum
3390 2482 3507 2530 tam
3524 2489 3642 2546 pre-

1995 2570 2146 2626 tiosa
2173 2568 2526 2640 exemplaria
2549 2568 2630 2623 ita
2663 2569 2929 2639 periisse,
2963 2570 3027 2621 ut
3058 2581 3126 2620 no
3171 2565 3346 2620 unius
3397 2563 3637 2635 quidem

1995 2659 2307 2730 vestigium
2353 2675 2536 2728 neque
2594 2658 2651 2712 in
2706 2655 2960 2712 Ecclesia
3015 2654 3394 2721 Antiochena,
3450 2667 3638 2723 neque

1999 2748 2360 2821 Smyrnensi,
2394 2764 2582 2819 neque
2634 2751 2913 2812 Romana,
2976 2761 3078 2800 nec
3138 2743 3254 2798 ulla
3293 2742 3404 2797 alia
3433 2743 3640 2812 depre-

1999 2838 2177 2894 hendi
2208 2837 2516 2908 potuerit?
2545 2835 2821 2906 Nunquid
2879 2849 3085 2890 omnes
3138 2836 3195 2888 et
3252 2829 3542 2897 Ecclesiae,
3583 2837 3640 2885 et

1999 2928 2313 2986 Christiani
2339 2927 2512 2982 etiam
2536 2925 2878 2981 Antiocheni
2902 2924 3080 2979 tantis
3099 2921 3334 2990 animis,
3369 2928 3642 2992 tantaque

2001 3024 2122 3076 arte
2146 3019 2205 3076 in
2231 3017 2459 3074 illarum
2488 3015 2797 3088 perniciem
2826 3014 3391 3086 exstinctionemque
3412 3011 3644 3081 conspi-

2007 3116 2231 3178 rarunt,
2267 3112 2330 3162 ut
2357 3123 2490 3162 cum
2518 3123 2620 3174 eae,
2654 3120 2796 3176 quas
2826 3102 3232 3175 supposititias
3259 3118 3387 3157 esse
3417 3101 3638 3169 dicunt,

2003 3198 2184 3254 altero
2219 3201 2350 3270 post
2385 3195 2587 3267 Ignatii
2619 3199 2864 3250 mortem
2897 3192 3108 3250 seculo
3164 3192 3364 3248 lumen
3410 3208 3640 3263 aspexe-

220 3269 318 3320 tus
341 3281 542 3319 cassos
594 3243 659 3319 et
681 3263 875 3319 irritos
916 3263 1188 3319 reddidit.
1221 3265 1406 3319 Tanta
1436 3262 1593 3320 enim
1625 3263 1887 3321 claritate
1920 3243 1962 3311 C

222 3357 280 3408 et
322 3353 661 3409 sinceritate
708 3352 940 3409 illarum
990 3353 1294 3408 veritatem
1343 3353 1616 3424 astruxit,
1667 3359 1888 3426 quanta

227 3443 577 3499 confusione
609 3442 862 3498 Dallaeus
894 3443 1092 3498 omnia
1137 3442 1373 3498 turbare
1403 3446 1744 3500 tentaverat.
1779 3444 1886 3500 Co-

222 3537 403 3589 natus
423 3537 514 3589 est
536 3532 774 3605 quidem
799 3531 950 3587 alius
983 3530 1431 3589 Calvinistarum
1462 3531 1726 3589 minister
1747 3550 1882 3588 ano-

223 3639 440 3693 nymus
471 3623 792 3693 desperata
822 3621 1021 3677 Datlaei
1052 3638 1242 3677 causa
1295 3638 1442 3677 nova
1489 3621 1885 3694 disputatione

221 3711 500 3784 opitulari
527 3727 542 3778 ;
573 3711 673 3767 sed
698 3728 870 3782 quam
909 3710 1060 3766 male
1087 3711 1236 3766 votis
1267 3711 1395 3782 ejus
1427 3727 1521 3767 res
1554 3712 1816 3778 cesserit,
1850 3729 1884 3768 a

223 3802 395 3858 nobis
417 3802 543 3872 jam
583 3801 1101 3856 demonstrandum
1135 3805 1243 3854 est.

295 3915 322 3980 §
351 3911 449 3971 III.
483 3913 594 3981 Quo
622 3911 872 3968 met/coda
902 3927 1029 3967 vera
1057 3909 1326 3967 sententia
1349 3912 1808 3982 propugnabilur.

293 4019 661 4088 Quapropter
685 4023 909 4087 septem
944 4017 1149 4087 Ignatii
1175 4015 1611 4088 epistolas,quae
1627 4019 1877 4087 primam

220 4109 306 4164 uti
338 4107 562 4162 dictum
591 4111 701 4173 est,
723 4106 970 4162 classem
995 4111 1376 4176 componunt,
1409 4123 1478 4162 ea
1499 4105 1772 4162 methodo
1805 4108 1876 4162 ab

219 4195 450 4268 Ignatio
470 4196 760 4266 profectas
783 4211 912 4250 esse
935 4195 1340 4264 ostendemus,
1375 4200 1440 4250 ut
1487 4196 1686 4251 omnia
1715 4212 1877 4266 argu-

221 4283 665 4355 menta,quibus
689 4283 788 4338 alii
813 4283 978 4354 prius
996 4299 1092 4339 eas
1109 4283 1222 4355 ipsi
1243 4284 1616 4340 vindicarunt
1637 4302 1872 4342 rursum

222 4376 296 4430 ad
323 4375 598 4428 incudem
633 4377 920 4438 revocata,
955 4372 1087 4428 aliis
1110 4373 1297 4440 novis,
1332 4377 1392 4429 et
1421 4391 1456 4429 a
1485 4374 1656 4430 nobis
1713 4391 1876 4431 exco-

221 4464 419 4536 gitetis
446 4463 744 4517 rationum
778 4462 1096 4518 momentis
1126 4463 1568 4519 conﬁrmentur.
1587 4464 1734 4520 Tum
1768 4466 1874 4521 ob-

213 4553 504 4624 jectiones
533 4551 1027 4620 adversariorum,
1049 4553 1318 4625 expensis
1369 4552 1613 4608 aliorum
1639 4570 1873 4626 respon-

1997 3383 2228 3450 ptorum
2254 3375 2582 3445 indagator,
2617 3374 2751 3430 licet
2783 3373 2992 3446 lgnatii
3024 3371 3385 3445 temporibus
3429 3374 3485 3427 et
3516 3371 3637 3426 An—

1997 3468 2277 3526 tiochense
2311 3466 2582 3523 Ecclesiaa
2641 3465 2962 3535 proximus,
3015 3465 3085 3520 de
3142 3463 3234 3530 iis,
3283 3479 3428 3536 quas
3468 3479 3634 3518 veras

1995 3559 2398 3632 genuinasque
2429 3557 2612 3612 fuisse
2645 3554 3026 3624 contendunt,
3051 3553 3196 3609 nihil
3247 3553 3486 3610 omnino
3537 3570 3639 3607 un-

1993 3665 2172 3720 quam
2205 3645 2544 3718 suspicatus
2571 3644 2704 3700 sit?
2735 3644 2795 3700 Si
2837 3645 2993 3699 enim
3052 3648 3190 3700 tunc
3245 3643 3480 3715 aliquod
3539 3641 3636 3697 ha-

1993 3753 2123 3794 rum
2157 3736 2300 3792 tanti
2337 3733 2609 3806 martyris
2639 3732 3017 3805 epistolarum
3049 3731 3343 3804 exemplar
3398 3750 3464 3789 su
3475 3749 3634 3804 pers-

1991 3832 2078 3883 tes
2109 3825 2326 3883 alicubi
2358 3821 2644 3880 exstiterit
2673 3840 2686 3888 ;
2721 3821 2769 3876 si
2799 3821 3010 3893 aliquis
3033 3821 3282 3876 Eusebio
3312 3821 3630 3893 antiquior,

1989 3917 2075 3973 vel
2113 3914 2329 3988 lgnatio
2360 3929 2598 3985 supper,
2626 3920 2724 3967 aut
2745 3927 2989 3979 coaevus,
3025 3910 3094 3964 de
3125 3909 3331 3966 iisdem
3369 3911 3628 3980 epistolis

1988 4006 2208 4078 aliquid
2241 4004 2512 4070 audierit,
2544 4003 2720 4071 illico,
2779 4001 2867 4056 vel
2925 4000 3100 4056 unius
3159 3997 3392 4054 illarum
3435 4017 3628 4056 exem--

1987 4097 2168 4171 plaris
2199 4096 2325 4152 sola
2352 4094 2725 4162 exhibitione,
2758 4091 2844 4148 vel
2874 4092 3125 4162 alicujus
3175 4090 3377 4146 veteris
3435 4091 3622 4161 scrip-

1984 4187 2128 4244 toris
2151 4185 2629 4250 contradictione,
2662 4200 2738 4239 eze
2785 4181 2999 4238 fictitiaa
3046 4181 3252 4238 litteris
3310 4182 3381 4237 ab
3441 4181 3538 4237 illo
3568 4187 3625 4238 et

1984 4276 2261 4334 omnibus
2291 4274 2422 4330 aliis
2451 4273 2696 4345 explosae
2729 4272 2995 4329 fuissent.

2056 4375 2171 4432 Nec
2201 4373 2344 4428 illud
2378 4372 2936 4445 praetermittendum
2969 4375 3080 4442 est,
3107 4371 3264 4442 quod
3309 4369 3626 4427 adversarii

1982 4465 2041 4520 in
2075 4465 2254 4528 hisce,
2288 4480 2436 4534 quas
2467 4463 2693 4534 Ignatio
2726 4463 3060 4534 suppositas
3108 4463 3332 4531 dicunt,
3360 4462 3624 4533 epistolis

1979 4554 2302 4610 doctrinam
2336 4553 2602 4623 ejusdem
2639 4553 2846 4624 lgnatii
2908 4551 3416 4623 Ecclesiarumque
3464 4551 3620 4606 illius

226 4614 515 4708 sionibus,
548 4641 635 4695 vel
662 4640 878 4696 nostris
898 4657 1000 4712 pro
1014 4614 1173 4696 virili
1197 4646 1360 4713 parte
1407 4614 1754 4713 snbjunctis
1775 4645 1869 4700 de-
1901 4614 1946 4679 Β
1981 4645 2258 4716 temporis
2280 4614 2527 4700 decretis
2544 4614 2874 4715 oppositam
2897 4659 3024 4698 sese
3038 4614 3620 4699 animadvertissem-

222 4735 449 4787 struere
469 4729 822 4786 conabimur
839 4747 862 4792 ;
887 4746 953 4786 ac
974 4731 1216 4786 tandem
1239 4732 1309 4786 ad
1333 4747 1401 4786 ea
1421 4731 1620 4788 omnia
1653 4749 1782 4804 quas
1805 4735 1866 4790 in

222 4819 604 4876 Pearsonium
636 4819 708 4874 ab
742 4835 1032 4892 anonymo
1065 4821 1409 4892 deprompta
1434 4821 1635 4877 nullus
1680 4822 1868 4879 hacte-

223 4925 333 4965 nus
365 4908 578 4979 attigit,
611 4906 764 4964 clare
795 4911 850 4964 et
881 4907 1158 4975 dilucide,
1192 4913 1359 4979 atque
1396 4910 1481 4964 uti
1535 4926 1866 4982 speramus,

221 4997 487 5054 funditus
516 4997 831 5052 evertenda
861 4997 1103 5069 propius
1132 4999 1499 5055 accedemus.

843 5103 1077 5160 CAPUT
1136 5107 1234 5160 III.

224 5209 586 5251 PBOPONITUR
614 5207 850 5247 PRIMUM
881 5209 1302 5259 ARGUMENTUM,
1343 5210 1412 5248 EX
1469 5211 1540 5250 H3
1595 5211 1721 5260 ΘΟΕ
1763 5212 1865 5251 ΑΙ)-

553 5280 811 5320 νειτιειιιῐι
839 5281 1011 5320 FINGU
1020 5282 1091 5320 NT
1121 5281 1536 5322 DEPBOMPTUM.

290 5355 549 5410 Primum
576 5352 816 5425 quidem
848 5359 1213 5410 momentum
1234 5355 1342 5411 etsi
1393 5355 1527 5411 inde
1575 5356 1697 5410 erui
1732 5372 1867 5428 pos-

218 5452 320 5510 set,
354 5444 510 5514 quod
552 5442 1022 5498 adversariorum
1076 5442 1136 5498 in
1195 5444 1600 5500 commentitia
1653 5443 1865 5500 harum

216 5533 591 5606 epistolarum
610 5536 778 5587 atate
798 5529 1302 5604 assignanda,tam
1325 5533 1497 5588 variae
1515 5534 1634 5589 sint
1649 5534 1868 5606 Opinio-

217 5639 338 5690 nes,
371 5627 439 5677 ut
471 5620 673 5676 nullus
703 5620 944 5676 omnino
975 5621 1127 5678 inter
1148 5639 1247 5679 eos
1275 5623 1346 5678 de
1368 5638 1428 5678 re
1455 5639 1573 5678 non
1605 5623 1686 5678 ita
1707 5623 1864 5678 difﬁ-

215 5713 308 5771 cili
339 5727 664 5770 consensus
693 5725 824 5768 esse
844 5715 1022 5783 queat
1048 5735 1062 5780 ;
1095 5711 1242 5770 illud
1263 5718 1460 5770 tamen
1495 5712 1863 5786 potissimum

1976 4733 2302 4800 bitrantur;
2336 4737 2511 4804 atque
2541 4729 2878 4788 earumdem
2911 4737 3206 4788 auctorem
3231 4733 3618 4804 ingeniosum,

1973 4823 2361 4892 industrium,
2396 4821 2698 4891 callidum,
2730 4825 3032 4876 versutum
3059 4841 3072 4888 ;
3099 4820 3186 4876 vel
3212 4825 3384 4890 prout
3411 4837 3612 4877 eorum

1976 4912 2242 4977 interest,
2277 4912 2534 4977 tardum,
2570 4910 2936 4981 plumbeum,
2971 4909 3273 4978 supinum,
3318 4908 3614 4965 indoctum

1977 4999 2196 5072 passim
2228 5000 2568 5070 praedicant.
2593 5001 2706 5054 Cur
2735 5014 2871 5070 ergo
2922 4997 3043 5052 hinc
3107 4995 3306 5052 omnia
3345 4997 3613 5052 doctissi-

1977 5107 2106 5145 mos
2124 5088 2276 5144 tertii
2309 5088 2614 5158 quartique
2643 5087 2843 5144 saeculi
2867 5089 3196 5159 scriptores,
3229 5091 3405 5157 atque
3436 5087 3614 5141 Euse-

1978 5179 2136 5233 bium
2170 5178 2386 5248 ipsum,
2419 5176 2517 5247 qui
2552 5181 2774 5231 tantam
2809 5177 2866 5231 in
2898 5175 3228 5232 evolvendis
3258 5181 3315 5230 et
3343 5175 3616 5230 eruendis

1975 5273 2232 5323 veterum
2286 5265 2518 5320 Patrum
2579 5267 2978 5320 monumentis
3037 5281 3272 5336 operam
3321 5270 3614 5336 posuerat,

1976 5358 2146 5428 plane
2178 5355 2529 5427 penitusque
2569 5353 2896 5423 fugerunt?
2925 5354 3135 5410 Nullus
3193 5357 3469 5426 profecto,
3531 5354 3617 5409 uti

1976 5442 2706 5517 opinamur,eritsincerus
2727 5443 3021 5511 aequitatis
3051 5451 3108 5498 et
3152 5444 3410 5500 veritatis
3458 5458 3614 5499 ama-

1975 5538 2086 5597 tor,
2121 5533 2218 5603 qui
2242 5549 2354 5588 non
2379 5531 2672 5601 intelligat
2700 5535 2986 5599 quantum
3020 5530 3108 5585 hae
3165 5533 3472 5602 opiniones
3513 5549 3614 5602 pa-

1976 5639 2107 5677 rum
2133 5637 2268 5677 vero
2299 5621 2606 5676 videantur
2633 5616 2879 5689 similes,
2908 5624 3318 5693 quantumque
3377 5621 3489 5678 siti
3526 5623 3616 5678 in-

1974 5712 2156 5770 vicem
2185 5711 2485 5771 contrarias
2514 5710 2631 5768 sint
2656 5718 2708 5768 et
2737 5710 3009 5768 adversae.
