3942 6302
396 421 515 480 479

1036 547 1267 604 CAPUT
1328 547 1420 602 IV.

401 675 796 719 ARGUMENTUM
855 673 1156 712 SECUNDUM
1214 674 1280 711 EX
1340 672 1644 711 POLYCARPI
1700 669 2046 709 TESTIMONIO

471 747 706 788 PETITUM
737 748 808 786 AB
838 745 1276 784 EXCEPTIONIBUS
1321 744 1809 784 ADVERSARIORUM
1858 741 2043 782 VINDI-

473 821 673 860 CATUR.

400 913 502 986 ξι.
560 911 960 986 Testimonium
1003 908 1293 986 Rotycarpi
1347 910 1695 986 proponitur,
1757 912 1808 960 et
1864 906 2046 976 prima

825 980 1031 1035 Datlret'
1058 981 1304 1049 exceptio
1327 980 1626 1048 re/ettitur.

473 1092 582 1146 Sed
610 1090 734 1159 jam
769 1090 837 1143 ad
867 1087 981 1142 alia
1013 1091 1380 1159 argumenta,
1415 1085 1630 1156 quibus
1681 1083 1876 1155 opinio
1931 1089 2044 1137 tam

401 1197 608 1252 parum
669 1179 780 1234 sibi
838 1182 1112 1232 constans
1173 1176 1576 1246 impugnatur,
1613 1174 2044 1246 properandum

403 1274 510 1324 est.
550 1269 625 1324 Ea
657 1275 848 1323 autem
879 1267 1126 1336 duplicis
1159 1269 1297 1318 sunt
1339 1263 1566 1335 generis
1599 1280 1610 1318 :
1663 1261 1773 1316 alia
1832 1262 2046 1333 quippe

401 1364 636 1414 externa
669 1357 782 1410 dici
820 1359 1083 1425 possunt,
1146 1370 1275 1423 quas
1332 1369 1398 1406 ex
1459 1353 1589 1406 aliis
1649 1352 1958 1422 inculpata:
1992 1354 2047 1405 et

403 1447 742 1502 certissimae
776 1444 910 1498 ﬁdei
946 1448 1220 1515 petuntur
1260 1442 1684 1512 scriptoribus;
1745 1442 1856 1496 alia
1914 1457 2045 1496 vero

402 1535 658 1599 interna,
694 1534 908 1605 quibus
943 1532 1193 1587 auctoris
1216 1549 1392 1603 opera
1417 1532 1544 1602 ejus
1570 1531 1799 1602 ingenio
1831 1535 1888 1585 et
1913 1534 2051 1586 tem-

405 1623 627 1696 pori,ac
650 1623 1033 1693 caeteris,qua3
1060 1621 1377 1677 desiderari
1440 1625 1687 1691 possunt
1734 1620 2048 1691 adjunctis,

405 1716 539 1782 apte
562 1711 871 1766 convenire
893 1711 1468 1766 demonstrantur.At
1492 1709 1723 1764 invictis
1746 1708 2052 1780 utriusque

408 1805 639 1877 generis
675 1803 1005 1872 momentis,
1041 1807 1263 1874 septem
1298 1802 1497 1873 prima
1531 1801 1738 1857 classis
1770 1800 2050 1873 epistolas

406 1893 634 1966 Ignatio
667 1893 848 1949 asseri
880 1908 1050 1964 posse
1081 1890 1248 1961 plane
1279 1891 1706 1948 contendimus.

478 1987 667 2054 Atque
697 1987 761 2036 ut
793 1999 824 2037 a
856 1981 1042 2054 primo
1076 1986 1556 2053 argumentorum
1618 1998 1828 2054 genere
1873 1997 2044 2037 exor-

404 2073 568 2128 dium
600 2087 922 2139 sumamus,
947 2087 1329 2126 numerosum
1383 2071 1694 2141 cujuslibet
1741 2072 1844 2127 arvi
1905 2072 2048 2128 scri-

407 2161 768 2232 ptorum,qui
792 2161 897 2215 has
929 2159 1203 2232 epistolas
1229 2163 1426 2215 nostro
1451 2160 1691 2232 martyri
1731 2161 2048 2230 vindicant,

409 2267 619 2322 agmen
639 2249 811 2305 ducet
832 2251 1204 2320 Polycarpus,
1237 2253 1493 2320 Smyrnae
1516 2249 1846 2321 episcopus,
1880 2250 2052 2322 Igna-

409 2341 489 2396 tio
521 2357 634 2394 non
661 2338 848 2394 solum
872 2353 1119 2405 coaevus,
1153 2339 1252 2394 sed
1275 2338 1534 2394 amicitia
1559 2344 1615 2394 et
1635 2339 2051 2395 consuetudine

410 2428 956 2500 conjunctissimus.
993 2429 1046 2483 Is
1076 2428 1233 2482 enim
1294 2429 1395 2499 qui
1455 2429 1510 2482 in
1544 2427 1756 2484 litteris
1799 2428 1905 2484 viri
1938 2429 2052 2484 sibi

414 2519 757 2576 amicissimi
795 2518 1207 2590 dignoscendis
1260 2519 1349 2573 vel
1411 2518 1762 2586 indicandis,
1797 2535 1900 2574 nec
1932 2519 2053 2574 falli

414 2627 520 2666 nec
553 2608 749 2665 fallere
783 2612 1027 2679 poterat,
1059 2609 1129 2663 de
1161 2608 1233 2664 iis
1256 2608 1325 2664 ad
1353 2607 1755 2680 Philippenses
1787 2608 1865 2664 sic
1911 2611 2053 2665 seri-

414 2701 502 2756 bit
533 2716 548 2755 :
579 2721 607 2749 ‹‹
631 2699 962 2771 Scripsistis
993 2699 1064 2754 ad
1097 2714 1191 2752 me
1221 2705 1273 2752 et
1304 2714 1407 2754 vos
1437 2702 1494 2753 et
1551 2699 1882 2770 Ignatius...
1943 2700 2058 2772 epi-

414 2789 594 2844 stolas
619 2805 820 2844 omnes
843 2787 1070 2858 Iguatii,
1107 2804 1254 2858 quas
1287 2788 1355 2842 ad
1378 2803 1469 2843 me
1486 2787 1744 2859 scripsit,
1778 2792 1834 2843 et
1881 2806 2056 2859 quas-

410 2895 645 2951 cunque
669 2878 906 2935 demum
935 2878 1089 2950 apud
1115 2895 1218 2933 nos
1245 2877 1496 2949 reperire
1521 2879 2054 2950 potuimus,quem-

412 2969 728 3026 admodum
754 2968 925 3024 nobis
949 2967 1291 3035 mandastis,
1310 2969 1382 3022 ad
1404 2984 1504 3023 vos
1529 2967 1823 3023 misimus.
1852 2988 1879 3020 ι
1911 2969 2057 3033 Quid

415 3059 565 3114 tanti
599 3058 703 3114 viri
737 3056 1082 3113 auctoritate
1145 3056 1486 3112 efﬁcacius?
1543 3057 1679 3129 quid
1738 3059 1866 3128 ejus
1898 3059 2057 3113 testi-

415 3149 610 3205 monio
639 3147 852 3203 clarius
884 3151 939 3202 et
970 3146 1296 3202 evidentius
1324 3145 1352 3199 ‘t

1475 413 1537 474 S.
1588 411 1991 474 IGNATIUS.
2037 441 2114 452 —
2155 405 2764 469 PROLEGOMENA.

2083 549 2132 612 Α
2221 545 2247 612 §
2278 543 2346 598 II.
2373 541 2622 597 Secunda
2660 545 2711 596 et
2739 542 2903 596 tertia
2928 541 3130 597 Daltazt'
3158 540 3400 612 exceptio
3425 541 3766 612 exploditur.

3703 408 3822 468 480

2230 639 2509 705 Quocirca
2541 637 2790 693 Dalleeus
2823 637 2877 692 id
2915 639 3067 707 quod
3113 637 3366 708 primum
3426 647 3808 710 opposuerat,

2157 744 2273 784 non
2297 728 2440 783 satis
2473 728 2709 782 ﬁrmum
2745 744 2873 782 esse
2913 728 3144 795 veritus,
3214 728 3283 781 ad
3345 730 3594 782 alterum
3657 729 3820 800 quod

2160 819 2401 893 majoris
2435 822 2604 889 putat
2635 833 2762 872 esse
2796 817 3098 886 momenti,
3134 818 3520 888 progreditur.
3556 818 3652 871 Ait
3706 820 3817 873 ita-

2159 928 2270 981 que
2301 910 2347 944 ⁵⁸
2371 910 2492 966 hmo
2524 909 2782 981 epistolae
2815 910 3117 980 Polycarpi
3153 911 3352 964 verba:
3419 931 3443 959 (ε
3475 911 3820 981 Scripsistis

2158 1001 2228 1056 ad
2264 1018 2375 1066 me,
2408 1022 2435 1050 »
2473 1005 2607 1067 etc.,
2659 1017 2788 1071 quas
2849 1001 2916 1054 ad
2977 1001 3149 1054 linem
3213 1017 3398 1070 usque
3440 1007 3818 1071 sequuntur;

2161 1110 2185 1140 α
2220 1091 2458 1145 omnino
2489 1090 2667 1144 videri
2702 1095 2940 1155 temere,
2975 1096 3030 1143 et
3088 1096 3298 1160 praeter
3343 1090 3602 1144 auctoris
3653 1107 3820 1146 men-

2157 1184 2272 1234 tem
2306 1179 2494 1234 aliena
2527 1197 2700 1232 manu
2731 1183 2986 1232 assuta.»
3011 1180 3169 1241 Quod
3206 1179 3441 1248 quidem
3467 1183 3810 1235 rursusdu-

2159 1269 2292 1341 plici
2323 1271 2543 1324 ratione
2569 1271 2813 1340 probare
2847 1269 3071 1322 nititur.
3109 1269 3324 1333 Primo,
3385 1269 3665 1339 quoniam
3715 1269 3816 1323 illa

2160 1380 2188 1408 ‹‹
2215 1359 2488 1426 absurde,
2523 1363 2578 1412 et
2613 1363 2821 1428 praeter
2853 1359 3222 1411 manifestam
3268 1359 3550 1412 orationis
3603 1359 3818 1413 seriem

2158 1447 2571 1516 inserta,atque
2597 1445 2810 1500 infulta
2831 1452 2990 1500 sunt.
3027 1468 3052 1495 ››
3075 1446 3483 1516 Superioribus
3519 1447 3819 1516 siquidem

2160 1536 2353 1592 verbis
2380 1553 2398 1594 .·
2437 1556 2456 1582 ιι
2492 1535 2559 1591 Ut
2593 1536 2721 1591 sitis
2759 1535 3018 1606 perfecti,
3054 1557 3080 1584 »
3114 1540 3246 1599 etc.,
3279 1533 3522 1604 epistola
3569 1534 3819 1590 claude-

2160 1627 2356 1696 batur,
2389 1624 2498 1691 vel,
2536 1631 2595 1679 ut
2623 1626 2745 1695 ipse
2783 1625 3073 1694 loquitur:
3101 1646 3128 1672 ‹‹
3155 1625 3220 1678 In
3261 1624 3409 1678 hanc
3460 1623 3816 1680 decentissi-

2164 1731 2341 1780 mam,
2377 1719 2441 1769 ut
2471 1731 2676 1770 omnes
2707 1712 3270 1780 vident,clausulam
3327 1712 3637 1768 desinebat
3695 1714 3814 1786 epi-

2162 1803 2333 1861 stola.
2369 1825 2397 1854 ››

2078 1909 2124 1974 Β
2234 1895 2523 1962 Secundo,
2558 1893 2696 1964 quia
2718 1893 2839 1948 haec
2863 1892 3067 1948 ultima
3091 1893 3264 1948 verba
3295 1893 3589 1964 Ignalium
3628 1893 3816 1948 adhuc

2161 1984 2222 2039 in
2256 1982 2398 2039 vivis
2430 1984 2736 2054 degentem
2769 1987 3298 2054 memorant,quem
3331 1980 3430 2037 illa
3457 1983 3770 2054 superiora
3804 1999 3817 2041 :

2162 2071 2283 2126 «Hi
2315 2088 2518 2127 omnes
2574 2089 2687 2127 non
2751 2072 2809 2126 in
2867 2087 3114 2126 vacuum
3170 2075 3636 2136 cucurrerunt,»
3679 2076 3816 2142 etc.,

2157 2163 2460 2219 declarant
2519 2167 2839 2218 mortuum.
2893 2162 3054 2218 Unde
3112 2163 3264 2217 idem
3323 2162 3618 2218 DallEEUS:
3667 2163 3807 2218 «Ex

2159 2253 2273 2321 his,
2302 2252 2512 2322 inquit,
2547 2251 2668 2307 sole
2697 2251 3022 2306 meridiano
3059 2250 3273 2306 clarius
3295 2257 3385 2307 est
3407 2251 3670 2307 diversos
3689 2267 3816 2308 esse

2161 2341 2448 2413 homines,
2483 2343 2583 2412 qui
2611 2342 2811 2398 eadem
2846 2343 2916 2398 de
2943 2359 3002 2397 re
3047 2347 3164 2396 tam
3228 2341 3627 2408 dissentanea,
3659 2347 3816 2398 tam-

2161 2448 2274 2504 que
2301 2431 2452 2487 inter
2483 2448 2544 2486 se
2575 2433 2955 2499 contraria,et
2987 2431 3372 2504 repugnantia
3402 2432 3762 2504 loquuntur;
3783 2454 3812 2483 ››

2166 2523 2547 2593 proindeque,
2582 2545 2609 2572 ‹‹
2643 2522 2991 2594 particulam
3016 2521 3176 2576 illam
3210 2522 3354 2576 falso
3381 2539 3447 2577 ac
3497 2522 3658 2577 vafre
3691 2523 3812 2594 epi-

2164 2611 2326 2666 stolae
2360 2627 2488 2668 esse
2519 2616 2783 2666 assutam
2819 2612 2889 2666 ab
2921 2612 3116 2683 aliquo
3140 2613 3475 2683 impostore.
3512 2634 3539 2661 ››
3601 2614 3810 2669 Confe-

2165 2701 2297 2756 stim
2331 2718 2464 2757 vero
2497 2701 2738 2756 subdit:
2775 2724 2802 2750 ‹‹
2833 2701 2934 2756 His
2966 2701 3238 2772 exceptis,
3283 2701 3429 2757 nihil
3461 2703 3517 2756 in
3566 2703 3812 2773 epistola

2164 2789 2265 2844 illa
2305 2790 2535 2845 videtur
2565 2806 2886 2855 occurrere,
2911 2791 3065 2862 quod
3098 2790 3183 2845 vel
3232 2807 3588 2862 quemquam
3633 2792 3814 2847 offen-

2165 2878 2321 2948 dere,
2353 2879 2439 2934 vel
2477 2879 2791 2952 Polycarpo
2816 2880 3125 2951 indignum
3160 2883 3378 2934 censeri
3407 2881 3631 2936 debeat.
3671 2903 3700 2930 »

2238 2969 2349 3024 Sed
2382 2969 2475 3023 hic
2525 2969 2823 3041 paulisper
2883 2971 3265 3024 immoremur
3322 2969 3820 3042 attendamusque

2167 3074 2309 3112 num
2337 3057 2716 3125 Dallaaus,ubi
2738 3058 2795 3112 in
2828 3058 3288 3113 contradictione
3330 3064 3386 3112 et
3408 3060 3821 3130 repugnantia,

2171 3164 2346 3219 quam
2379 3147 2579 3203 nullus
2611 3153 2743 3204 ante
2775 3148 2941 3203 illum
2989 3149 3470 3219 deprehenderat,
3506 3150 3822 3221 retegenda

485 3240 608 3294 Duo
641 3243 834 3292 tamen
866 3253 994 3308 quae
1029 3251 1398 3306 nequaquam
1447 3238 1870 3292 contemnenda
1928 3254 2056 3294 esse
2088 3219 2130 3286 (ἶ
2171 3237 2282 3292 sibi
2316 3237 2712 3309 adeolynceus
2742 3238 2991 3307 videtur,
3015 3236 3233 3292 ibidem
3277 3254 3474 3292 secum
3527 3219 3656 3308 ipse
3705 3256 3819 3294 non

411 3328 746 3390 afﬁrmat,ei
779 3326 1020 3397 Opponit
1050 3324 1302 3379 Dallaeus
1334 3323 1398 3378 ⁵⁸.
1433 3324 1694 3379 Primum
1755 3331 1845 3382 est
1887 3328 2052 3383 Nice-

409 3417 578 3488 phori
612 3413 1238 3484 Constantinopolitani
1264 3413 1576 3484 judicium,
1609 3431 1724 3486 quo
1756 3416 1876 3471 haec
1899 3417 2055 3490 Poly-

413 3504 571 3575 carpi
599 3501 843 3573 epistola
875 3502 944 3556 ad
978 3500 1271 3556 deterrimi
1304 3502 1555 3572 generis,
1617 3507 1682 3558 ut
1713 3503 1960 3560 Dallaaus
1988 3522 2053 3561 ac

412 3597 685 3651 defensor
713 3593 840 3664 ejus
874 3592 1213 3663 loquuntur,
1245 3593 1596 3664 apocrypha,
1625 3593 1846 3649 scilicet
1875 3595 2049 3652 itine-

411 3686 568 3741 raria
588 3683 739 3740 Petri
765 3690 819 3736 et
839 3681 1069 3736 Thomas
1094 3681 1293 3753 procul
1316 3683 1682 3738 amandatur.
1718 3685 1881 3741 Unde
1918 3685 2052 3740 Dal-

415 3774 558 3830 lacus
579 3773 625 3808 ⁵⁷
649 3789 661 3828 :
684 3795 711 3822 «
731 3771 1063 3843 Nicephori,
1098 3771 1373 3841 inquit,et
1397 3772 1735 3841 patriarchae
1765 3774 2049 3846 primarii,

407 3867 464 3921 et
481 3861 779 3935 scriptoris
803 3862 973 3917 annis
994 3861 1224 3917 circiter
1244 3860 1594 3931 octingentis
1616 3862 1785 3918 nobis
1803 3865 2052 3920 nostris-

409 3971 525 4027 que
548 3954 905 4018 vetustioris,
938 3954 1007 4008 de
1039 3951 1130 4007 his
1187 3950 1352 4006 libris
1403 3952 1721 4022 judicium,
1762 3952 2048 4010 Hamondi

417 4045 644 4102 tametsi
675 4045 783 4100 viri
841 4041 1247 4108 eruditissimi,
1309 4045 1364 4096 et
1411 4040 1656 4096 aliorum
1717 4043 1818 4097 aevi
1865 4044 2051 4099 nostri

409 4136 708 4191 sententia:
732 4134 994 4205 praeferre
1017 4129 1412 4185 nullainvidia
1435 4134 1543 4185 est.
1578 4152 1606 4181 »
1649 4131 1758 4186 Sed
1810 4133 1856 4187 si
1893 4133 2051 4191 nulla

411 4225 488 4282 sit
507 4224 726 4280 invidia
748 4219 1359 4292 Nicephorijudicium
1377 4219 1661 4276 Hamondi
1687 4221 2050 4296 aliorumque

409 4315 798 4370 recentiorum
826 4312 1130 4367 sententia:
1160 4309 1446 4382 praeferre,
1483 4311 1644 4366 nulla
1665 4329 1894 4383 quoque
1941 4315 2052 4369 erit

408 4400 939 4472 invidiajudicium
976 4399 1197 4464 lrenaai,
1232 4398 1485 4468 Eusebii,
1545 4400 1911 4471 aliorumque
1952 4403 2051 4458 Pa-

409 4496 563 4546 trum
585 4495 670 4545 tot
700 4489 926 4544 saeculis
948 4488 1269 4559 Nicephoro
1317 4488 1721 4554 vetustiorum,
1755 4490 1852 4560 qui
1881 4491 2046 4563 Poly-

2166 3331 2404 3399 pugnet.
2440 3327 2749 3382 Enimvero
2783 3327 2830 3381 si
2865 3327 2921 3380 in
2951 3331 3071 3380 tota
3101 3326 3343 3396 epistola
3405 3327 3548 3381 nihil
3612 3333 3821 3398 preter

2164 3418 2326 3473 illam
2361 3417 2710 3490 particulam
2735 3419 2995 3471 occurrat
3027 3421 3039 3469 ε
3076 3438 3102 3465 ‹‹
3137 3416 3297 3479 Quod
3332 3415 3417 3471 vel
3456 3433 3820 3488 quemquam

2164 3506 2589 3573 offendere,vel
2615 3506 2928 3578 Polycarpo
2948 3505 3255 3577 indignum
3307 3507 3530 3562 censeri
3583 3507 3817 3574 debeat,

2165 3613 2268 3651 cur
2298 3614 2517 3668 quaeso,
2555 3595 2802 3650 Dallzeus
2837 3613 2951 3650 non
2981 3593 3174 3650 solum
3236 3597 3529 3650 Hamondo
3592 3600 3651 3650 et
3685 3596 3818 3652 aliis

2165 3686 2263 3740 ερνί
2291 3686 2472 3740 nostri
2505 3685 2868 3741 doctissimis
2914 3683 3276 3751 hominibus,
3311 3685 3411 3739 sed
3461 3686 3637 3740 etiam
3671 3687 3817 3740 anti-

2165 3775 2463 3847 quissimis
2496 3774 2768 3830 Patrihus
2807 3772 3056 3828 Eusebio
3089 3778 3146 3829 et
3177 3774 3398 3828 caeteris
3451 3775 3684 3844 praefert
3713 3775 3814 3830 Ni-

2164 3862 2944 3935 cephorum,quiepistolam
2969 3867 3149 3918 totam
3185 3863 3374 3933 rejicit
3406 3863 3560 3918 inter
3588 3879 3658 3919 ea
3689 3880 3817 3934 qua:

2164 3959 2301 4009 sunt
2330 3976 2358 4004 «
2391 3971 2459 4010 ex
2493 3953 2958 4024 apocryphorum
2993 3952 3305 4008 deterrimo
3338 3969 3546 4020 genere
3575 3969 3587 4020 ;
3625 3976 3654 4003 »
3705 3954 3817 4024 vel,

2167 4048 2227 4099 ut
2256 4045 2382 4115 ipse
2405 4042 2543 4098 alibi
2578 4043 2738 4110 dicit,
2773 4044 2974 4098 «inter
3020 4041 3202 4097 libros
3250 4042 3463 4097 fabulis
3485 4046 3541 4096 et
3571 4043 3813 4113 ﬁgmen-

2163 4134 2239 4188 tis
2270 4132 2473 4204 plenos
2507 4149 2520 4199 ;
2556 4153 2584 4182 »
2616 4148 2684 4186 ex
2710 4131 2949 4202 quibus,
2983 4153 3008 4179 ‹‹
3044 4131 3094 4185 si
3127 4129 3257 4200 quis
3311 4131 3380 4184 ad
3435 4130 3608 4185 ﬁdem
3643 4132 3713 4186 de
3746 4148 3809 4187 re

2163 4222 2359 4293 aliqua
2391 4222 2598 4293 primis
2622 4219 2737 4276 illis
2761 4219 3125 4291 temporibus
3169 4223 3334 4290 gesta
3361 4219 3683 4275 faciendam
3721 4223 3807 4275 at-

2161 4311 2507 4380 ferret,nihil
2530 4309 2881 4365 efﬁceret?»
2916 4308 3191 4380 Nunquid
3226 4309 3273 4362 si
3304 4308 3516 4378 aliquis
3573 4324 3640 4364 ea
3678 4326 3810 4364 om-

2163 4401 2278 4469 nia,
2312 4416 2435 4471 ques
2467 4400 2525 4453 in
2557 4399 2666 4453 hac
2697 4397 2945 4469 epistola
2966 4396 3108 4452 illud
3144 4397 3297 4467 quod
3355 4396 3604 4453 Dallaaus
3642 4404 3813 4455 vocat

2161 4489 2645 4555 additamentum,
2680 4488 3035 4559 prmoedunt,
3069 4503 3306 4557 quaeque
3337 4485 3462 4557 ipse
3490 4487 3810 4560 Polycarpo

409 4597 584 4653 carpo
602 4580 751 4637 hanc
773 4579 1078 4651 epistolam
1100 4579 1751 4651 assignant,Nicephori
1777 4582 2046 4649 praeferre
2075 4590 2128 4654 D
2161 4580 2340 4651 digna
2360 4582 2581 4643 censet,
2639 4579 2710 4632 ad
2781 4577 2958 4632 ﬁdem
3017 4575 3341 4630 faciendam
3376 4575 3623 4645 afferret,
3658 4577 3809 4632 nihil

409 4671 709 4726 sententiae
737 4670 888 4725 :imo
911 4673 1006 4724 tan
1019 4674 1073 4724 to
1107 4668 1312 4740 potiori
1336 4669 1469 4738 jure
1495 4668 1914 4738 praeferendum
1939 4677 2046 4741 est,

407 4767 623 4831 quanto
655 4763 712 4813 et
740 4757 1068 4812 eruditione
1090 4757 1550 4828 praetentiores,
1572 4758 1746 4825 atque
1770 4757 1918 4812 aetati
1950 4758 2050 4814 Po-

405 4846 623 4919 lycarpi
653 4846 960 4901 viciniores
986 4846 1238 4900 fuerunt.
1269 4843 1487 4898 Deinde
1517 4842 1692 4897 verba
1752 4860 1785 4898 a
1836 4844 2050 4902 Dallaao

403 4935 629 5005 objecta
661 4934 1000 5006 patriarchae
1033 4931 1340 5004 Nicephori
1375 4947 1488 4984 non
1521 4935 1680 5000 sunt,
1737 4934 1837 4987 sed
1871 4937 2050 5008 scrip-

403 5024 546 5079 toris
578 5025 887 5094 cujusdam
920 5021 1151 5078 obscuri
1185 5026 1239 5075 et
1267 5018 1564 5089 anonymi,
1600 5020 1698 5090 qui
1752 5022 2046 5094 fragmen-

400 5118 525 5168 tum
560 5115 713 5185 quod
773 5113 1213 5169 Stichometriam
1271 5115 1456 5176 vocat,
1490 5109 1560 5163 ad
1623 5108 1758 5166 ilius
1789 5111 2045 5169 Chrono-

402 5203 658 5275 graphiaa
690 5203 908 5258 calcem
941 5198 1265 5270 subiunxit,
1296 5201 1361 5252 ut
1387 5197 1538 5254 infra
1568 5216 1600 5253 a
1633 5202 1801 5256 nobis
1845 5202 2048 5259 claris-

399 5292 545 5348 sime
577 5291 1096 5348 demonstrabitur.
1121 5288 1192 5342 Et
1211 5290 1363 5341 certe
1397 5287 1527 5358 quis
1557 5288 1668 5344 sibi
1700 5294 2048 5362 persuadeat

399 5381 696 5453 Polycarpi
751 5381 1078 5452 epistolam,
1167 5377 1337 5445 cujus
1426 5377 1737 5438 utilitatem
1801 5383 2046 5439 Dallaaus

399 5487 712 5542 agnoscere
740 5469 987 5540 cogitur,
1042 5485 1074 5523 a
1127 5466 1451 5536 Nicephoro
1508 5485 1681 5539 quem
1734 5471 1887 5526 idem
1920 5472 2048 5527 Dal-

399 5558 540 5612 lsaus
574 5558 846 5613 laudibus
895 5559 1153 5622 exornat,
1223 5554 1374 5609 inter
1432 5558 1761 5630 apocrypha
1800 5560 2044 5615 deterri-

401 5648 476 5702 mi
503 5647 734 5717 generis
767 5646 949 5703 fuisse
984 5645 1358 5716 ablegatam?

2159 4667 2464 4723 efﬁceret?
2492 4666 2771 4738 Nunquid
2805 4666 2877 4720 ob
2911 4665 3260 4736 particulam
3292 4664 3347 4718 in
3392 4665 3505 4719 ﬁne
3545 4665 3807 4734 epistolae

2159 4757 2434 4823 additam,
2467 4771 2534 4810 ea
2565 4772 2690 4825 quae
2723 4753 3037 4826 Polycarpo
3069 4753 3246 4824 digna
3277 4759 3431 4819 sunt,
3467 4755 3536 4806 ad
3563 4770 3808 4827 apocry-

2161 4845 2275 4916 pha
2307 4845 2601 4900 deterrimi
2627 4843 2875 4915 generis,
2909 4848 2965 4897 et
2992 4843 3172 4897 libros
3205 4841 3419 4897 fabulis
3465 4847 3520 4898 et
3567 4843 3811 4914 ﬁgmen-

2160 4936 2233 4990 tis
2268 4935 2467 5005 plenos
2499 4933 2714 4988 debent
2745 4933 3012 5003 protinus
3046 4932 3348 4986 amandari
3370 4931 3398 4986 ‘I

2229 5022 2377 5086 Quid
2408 5028 2600 5077 autem
2637 5021 2788 5092 quod
2821 5021 2980 5076 addit
3014 5019 3261 5076 Dallaeus
3294 5020 3350 5075 in
3399 5020 3506 5076 hac
3560 5021 3816 5092 epistola

2159 5117 2332 5167 «tam
2359 5111 2750 5176 dissentanea,
2796 5114 3032 5181 tamque
3084 5109 3235 5164 inter
3287 5126 3346 5164 se
3405 5111 3699 5165 contraria
3757 5117 3818 5167 et

2158 5202 2541 5273 repugnantia
2574 5222 2601 5251 »
2636 5217 2932 5256 occurrere
2966 5219 2978 5267 ;
3016 5205 3075 5253 ut
3101 5222 3128 5247 ‹‹
3155 5199 3275 5254 sole
3307 5199 3625 5254 meridiano
3684 5201 3814 5257 cla—

2157 5291 2280 5346 rius
2313 5312 2340 5340 »
2375 5291 2450 5345 sit
2481 5307 2547 5345 ea
2569 5308 2601 5345 a
2627 5290 2874 5345 diversis
2910 5289 3246 5344 hominibus
3292 5289 3510 5360 scripta
3571 5291 3752 5346 fuisse
3781 5293 3808 5346 ‘t

2156 5382 2266 5434 Cnr
2296 5397 2431 5451 ergo
2462 5380 2771 5447 Eusebius,
2806 5379 2978 5433 homo
3009 5377 3453 5433 oculatissimus
3498 5384 3552 5433 et
3585 5380 3815 5450 perspi-

2157 5470 2524 5535 cacissimus,
2553 5486 2654 5524 cur
2685 5467 2783 5523 alii
2816 5473 2948 5522 ante
2979 5472 3035 5522 et
3066 5472 3196 5538 post
3221 5467 3616 5539 Nicephorum
3667 5471 3818 5526 scri—

2156 5564 2346 5630 ptores
2377 5558 2521 5613 illud
2556 5574 2671 5614 non
2703 5558 2998 5624 viderunt,
3031 5558 3184 5628 quod
3224 5579 3252 5608 ‹‹
3314 5556 3434 5613 sole
3483 5558 3821 5618 meridiano

469 5746 512 5780 ⁵⁸
541 5747 616 5800 De
645 5746 830 5815 script.
865 5747 1023 5815 [gnat
1053 5787 1066 5814 ,
1101 5761 1225 5817 cap.
1253 5745 1343 5813 22,
1378 5760 1436 5815 p.
1470 5745 1594 5801 426.
1671 5744 1720 5778 ⁸⁷
1739 5746 1912 5819 Ibid.,
1941 5763 1999 5819 p.
2033 5749 2046 5803 Α

2234 5748 2281 5786 ⁵⁸
2313 5764 2440 5820 cap.
2473 5748 2564 5815 32,
2595 5763 2652 5818 p.
2687 5747 2776 5802 42.
