3942 6302
171 392 281 450 481

1159 393 1232 451 D.
1279 391 1604 454 NOURRII
1655 386 2192 452 DISSERTATIO.
2241 423 2317 434 ——
2360 389 2564 452 PARS
2614 393 2660 452 Ι.

3473 399 3592 459 482

175 522 387 579 clarius
422 528 549 578 erat
576 522 604 579 ?
635 523 952 595 «Nunquid
987 540 1189 580 omnes
1221 525 1342 581 sole
1377 526 1696 582 meridiano
1727 524 1816 580 lu-
1849 529 1899 594 Α
1943 525 2015 580 ab
2047 541 2110 579 ea
2143 525 2508 594 difficultate,
2531 543 2658 597 quas
2691 533 2885 582 contra
2917 529 3112 600 ipsum
3143 531 3334 588 solum
3356 533 3592 603 militat,

184 622 350 670 cente
373 615 761 670 cascutiebant
789 615 813 670 τί

239 713 351 769 Sed
385 719 534 781 esto,
562 713 842 769 Eusebius
875 711 1088 785 aliique
1114 732 1309 770 omnes
1343 716 1485 772 solis
1519 713 1829 770 meridiani

176 802 490 875 splendore
513 793 827 874 perstricti,
860 802 914 857 id
935 805 1082 874 quod
1119 803 1240 859 sole
1276 804 1596 860 meridiano
1613 803 1827 859 clarius

177 898 450 959 erat,non
482 892 750 948 viderint.
783 894 898 946 Cur
920 892 1126 948 saltem
1151 893 1301 949 hanc
1352 893 1825 949 decentissimum

176 982 535 1047 clausulam,
569 982 627 1036 in
661 999 837 1054 quam
862 983 1164 1040 desinebat
1186 983 1432 1054 epistola
1452 999 1646 1052 quam,
1679 985 1830 1037 teste

175 1071 413 1139 Dallaso,
444 1088 648 1126 omnes
679 1071 896 1141 vident,
928 1072 1011 1127 illi
1041 1090 1154 1128 non
1183 1073 1498 1130 viderunt?
1555 1070 1826 1142 Nunquid

179 1161 436 1218 Dalleus
483 1160 798 1216 Eusebium
859 1162 1120 1235 aliusque
1172 1163 1325 1220 viros
1373 1161 1826 1228 oculalissimos,

175 1251 274 1324 qui
308 1251 463 1306 hanc
489 1251 798 1323 epistolam
832 1252 1120 1324 integram
1176 1253 1482 1325 Polycarpo
1534 1252 1828 1321 tribuunt,

171 1343 315 1398 adeo
352 1358 534 1397 caecos
564 1341 845 1412 omnique
874 1341 1094 1397 lumine
1115 1343 1352 1398 orbatos
1384 1342 1565 1397 fuisse
1622 1341 1776 1395 dicet
1807 1358 1822 1407 ;

171 1435 230 1486 ut
266 1448 451 1486 unum
497 1433 653 1502 quod
688 1430 807 1486 sole
841 1431 1166 1486 meridiano
1198 1431 1414 1488 clarius
1474 1435 1598 1486 erat
1627 1450 1641 1499 ;
1693 1429 1827 1485 alte-

166 1538 302 1576 rum
332 1521 489 1592 quod
515 1537 716 1576 omnes
737 1521 954 1589 vident,
980 1521 1090 1593 ipsi
1113 1522 1305 1576 videre
1335 1538 1448 1577 non
1479 1519 1773 1591 potuerint
1801 1520 1828 1574 ‘I

236 1611 375 1666 Jam
423 1625 557 1665 vero
591 1610 664 1664 ad
713 1626 829 1664 rem
885 1611 1078 1682 ipsam
1138 1611 1465 1666 veniamus.
1517 1608 1828 1664 Contendit

171 1697 430 1752 Dallaaus
459 1698 665 1765 verbis,
697 1715 822 1768 qua:
880 1699 1229 1769 particulam
1292 1698 1560 1754 ultimam
1615 1713 1825 1768 praece-

169 1791 321 1845 dunt
353 1806 368 1850 ;
402 1790 538 1862 quia
572 1813 599 1840 <<
633 1791 1102 1848 decentissimum
1135 1791 1460 1848 clausulam
1510 1811 1533 1843 in
1587 1791 1825 1860 habent,

167 1880 486 1972 epistolam
512 1881 813 1972 Polycarpi
845 1881 1075 1972 claudi.
1095 1882 1375 1972 Nunquid,
1403 1898 1549 1972 ergo
1590 1881 1818 1972 quoties
1845 1909 1892 1972 Β

164 1970 220 2024 in
251 1969 526 2041 epistolis
555 1971 806 2026 occurrit
852 1969 1272 2027 decentissima
1330 1969 1615 2040 clausula,
1651 1971 1820 2025 toties

165 2059 245 2114 ibi
280 2059 574 2114 ﬁniuntur
595 2060 899 2131 eplStOIZB?
930 2062 992 2115 Id
1026 2078 1165 2116 sane
1191 2060 1276 2116 vel
1307 2061 1446 2132 ipsae
1489 2061 1623 2116 sola:
1659 2057 1823 2115 Pauli

166 2149 437 2219 epistolae
460 2148 844 2204 falsissimum
868 2167 994 2206 esse
1035 2151 1332 2206 evincunt.
1358 2151 1504 2205 Nam
1545 2149 1604 2204 in
1638 2148 1825 2219 capite

170 2241 401 2296 decimo
425 2241 630 2311 quinto
652 2242 776 2311 ejus
802 2240 1070 2313 Epistolas
1104 2241 1174 2296 ad
1218 2245 1509 2296 Romanos
1567 2239 1688 2294 haec
1722 2239 1822 2293 de-

166 2334 512 2389 centissima
529 2333 1060 2406 clausulalegitur:
1090 2336 1229 2389 Deus
1253 2336 1415 2405 pacis
1445 2333 1516 2388 sit
1548 2349 1675 2388 cum
1715 2347 1822 2386 om-

163 2425 328 2478 nibus
361 2425 531 2478 vobis.
558 2425 768 2492 Amen;
804 2423 862 2478 in
895 2426 1083 2495 capite
1142 2440 1274 2479 vero
1334 2423 1502 2478 tertio
1551 2420 1820 2492 Epistolis

165 2514 235 2568 ad
269 2509 556 2583 Ephesios
591 2512 700 2568 ista
729 2529 741 2567 :
767 2513 879 2582 Ipsi
907 2513 1088 2583 gloria
1118 2512 1178 2567 in
1221 2513 1419 2568 arcula
1473 2511 1820 2568 saculorum.

161 2605 336 2658 Amen
372 2622 386 2672 ;
422 2607 478 2658 et
511 2611 703 2658 tamen
737 2607 944 2658 neutra
976 2604 1056 2658 ibi
1088 2604 1304 2659 desinit
1337 2620 1352 2658 :
1399 2604 1502 2658 sed
1551 2603 1610 2656 in
1644 2598 1822 2673 priori

166 2709 356 2748 unum
390 2697 590 2764 caput,
620 2692 681 2748 in
712 2692 1019 2763 posteriori
1052 2693 1164 2748 tria
1196 2693 1424 2765 integra
1446 2691 1640 2762 capita
1679 2690 1821 2745 sub-

169 2786 530 2852 sequuntur.
561 2781 826 2852 Longum
860 2785 1014 2837 esset
1046 2789 1099 2837 et
1131 2781 1336 2837 inutile
1362 2782 1672 2836 innumera
1702 2780 1822 2852 epi-

160 2871 451 2926 stolarum
487 2871 742 2941 proferre
766 2870 1052 2942 exempla,
1085 2887 1215 2942 quae
1272 2870 1346 2926 ad
1403 2870 1626 2926 similes
1671 2870 1827 2925 clau-

163 2960 353 3026 sulas,
413 2977 562 3030 quas
624 2959 869 3016 Dallaaus
956 2960 1400 3016 decentissimas
1463 2964 1645 3029 vocat,
1707 2977 1823 3015 non

161 3049 708 3107 desinunl.Norunt
729 3049 885 3105 enim
911 3066 1112 3105 omnes
1133 3067 1202 3106 ex
1237 3049 1540 3121 scriptoris
1588 3049 1823 3122 ingenio

162 3141 447 3210 pendere,
481 3154 628 3209 quas
654 3138 815 3206 velit,
849 3143 904 3194 et
936 3139 1032 3194 ubi
1091 3139 1247 3207 velit,
1308 3140 1367 3194 in
1423 3139 1670 3210 epistola
1718 3156 1825 3194 sua

162 3228 468 3284 clausulas
491 3245 814 3299 apponere:
842 3229 1088 3284 maxime
1107 3244 1238 3284 vero
1279 3227 1377 3284 ubi
1428 3228 1616 3300 plura,
1650 3227 1822 3284 sicuti

157 3319 546 3390 Polycarpus,
585 3322 792 3373 tractat
823 3323 1184 3388 argumenta,
1223 3317 1305 3373 vel
1339 3335 1473 3373 cum
1517 3317 1822 3373 scribentis

159 3409 362 3463 animo
396 3406 616 3477 aliquid
652 3407 783 3462 novi
817 3408 1127 3463 scribendo
1159 3407 1478 3462 succurrit.

228 3508 524 3562 Praeterea
556 3506 769 3561 falsum
804 3507 949 3561 illud
967 3507 1234 3576 esl,quod
1261 3507 1342 3561 ait
1368 3505 1643 3574 Dallaaus,
1679 3504 1818 3559 ulti-

154 3615 316 3654 mam
355 3597 536 3664 hujus
567 3596 822 3666 epistolae
859 3595 1662 3666 particulam,mendacio,iis
1694 3611 1825 3666 quae

154 3688 437 3759 superius
471 3686 624 3740 dicta
649 3691 832 3756 erant,
861 3687 1152 3740 contrario
1172 3691 1228 3741 et
1282 3690 1666 3756 repugnante,
1700 3700 1825 3739 esse

149 3779 518 3849 inspersain.
553 3779 638 3843 At,
674 3776 867 3845 inquit
892 3775 1008 3843 ille,
1046 3776 1164 3830 hac
1191 3777 1360 3829 verba
1391 3792 1402 3828 :
1431 3796 1458 3824 ‹‹
1493 3779 1562 3829 Et
1589 3776 1659 3829 de
1689 3773 1817 3845 ipso

151 3866 409 3938 Ignatio,
443 3870 500 3919 et
529 3866 600 3919 de
630 3864 718 3919 bis
750 3865 850 3934 qui
915 3881 1051 3919 cum
1076 3880 1143 3918 eo
1192 3867 1352 3928 sunt,
1399 3864 1552 3933 quod
1610 3864 1822 3918 certius

154 3953 543 4025 agnoveritis,
572 3952 898 4024 signiticate
926 3969 939 4006 :
969 3975 997 4003 ››
1033 3953 1173 4018 haec,
1208 3952 1423 4022 inquit,
1456 3953 1634 4007 verba
1664 3952 1826 4024 Igna-

157 4045 333 4107 tium,
372 4042 474 4111 qui
510 4041 1003 4112 priusdefunctus
1028 4040 1377 4110 declaratur,
1409 4040 1470 4095 in
1507 4041 1650 4095 vivis
1696 4057 1823 4096 esse

159 4130 758 4203 significant.Verum
784 4131 832 4185 si
857 4148 924 4186 ea
947 4134 1162 4186 attente
1205 4131 1658 4201 perpendantur,
1678 4129 1823 4184 nihil

156 4225 227 4277 de
262 4220 482 4291 Ignatii
519 4225 700 4275 morte
739 4221 826 4275 vel
891 4222 1008 4276 vita
1049 4220 1303 4274 innuunt
1359 4224 1460 4274 aut
1509 4220 1824 4276 testifican-

158 4316 286 4366 tur.
329 4309 435 4364 His
468 4310 686 4365 etenim
723 4310 1072 4381 Polycarpus
1103 4309 1511 4364 tantummodo
1545 4308 1821 4380 postulat,

157 4406 225 4456 ut
260 4399 673 4469 Philippenses
701 4400 799 4470 qui
832 4401 901 4453 de
936 4400 1155 4468 Ignatio
1191 4398 1420 4453 facilius
1453 4398 1643 4468 aliqua
1674 4396 1823 4452 acci-

160 4505 300 4561 pere
335 4489 707 4559 poterant,de
738 4488 857 4553 illo,
895 4504 1240 4558 quocunque
1273 4488 1505 4542 tandem
1566 4487 1623 4540 in
1669 4491 1822 4542 statu

157 4577 513 4645 tueril,certi
549 4577 770 4647 aliquid
805 4579 1163 4632 renuntient.
1197 4577 1560 4648 Quapropter
1583 4577 1630 4630 si
1660 4574 1819 4630 illum

1941 631 2068 671 sese
2105 620 2257 672 recte
2317 616 2712 687 explicuisset.
2765 619 2975 675 Verum
3026 638 3138 678 non
3181 623 3250 678 de
3298 626 3591 680 Hamondi

1943 709 2135 760 mente
2165 705 2561 777 disputamus,
2606 707 2703 763 sed
2745 707 2816 763 de
2864 709 3165 783 Polycarpi
3213 713 3480 786 epistola,
3531 715 3591 770 in

1941 815 2056 868 qua
2081 814 2214 854 cum
2243 798 2468 854 nullum
2506 801 2902 868 mendacium,
2935 803 3213 876 nullaque
3245 807 3323 862 sit
3355 811 3589 863 contra-

1938 885 2113 942 dictio
2135 892 2191 942 et
2213 889 2617 960 repugnantia,
2653 889 2936 960 integram
2967 891 3128 948 illam
3180 911 3502 968 omnesque
3533 906 3588 952 et

1938 975 2203 1046 singulas
2246 975 2398 1032 illius
2457 983 2647 1048 partes
2705 995 2736 1033 a
2791 980 3102 1054 Polycarpo
3159 985 3407 1056 scriptas
3456 1001 3586 1042 esse

1938 1068 2092 1120 certo
2125 1067 2340 1122 certius
2371 1066 2676 1123 evincitur.

2043 1184 2070 1249 §
2101 1182 2195 1238 III.
2232 1184 2473 1256 Reliquae
2503 1185 2710 1244 Dallaei
2732 1190 3072 1257 exceptiones
3105 1192 3460 1260 refelluntur.

2008 1297 2193 1356 Instat
2219 1300 2491 1368 Dallzeus,
2521 1319 2784 1376 novoque
2806 1306 2988 1361 utitur
3009 1312 3065 1362 et
3096 1307 3242 1364 miro
3263 1325 3580 1380 argumen-

1935 1389 2098 1444 tandi
2129 1405 2360 1461 genere.
2387 1391 2484 1448 Ille
2501 1392 2793 1464 siquidem
2817 1395 2966 1450 nihil
3014 1397 3086 1451 de
3125 1397 3364 1452 veritate
3395 1415 3461 1454 ac
3493 1399 3581 1455 in-

1937 1479 2204 1550 tegritate
2221 1481 2477 1552 epistolae
2500 1482 2804 1555 Polycarpi
2826 1501 2919 1539 am
2932 1483 3084 1554 plius
3098 1485 3426 1556 disputans,
3442 1504 3549 1544 con
3563 1516 3582 1529 -

1937 1571 2085 1624 cedit
2116 1569 2496 1644 Polycarpum
2524 1575 2725 1630 testari
2749 1574 2978 1646 aliquas
2999 1575 3310 1646 ablgnatio
3333 1579 3585 1650 scriptas

1938 1658 2118 1714 fuisse
2151 1660 2444 1730 epistolas.
2477 1662 2691 1718 Verum
2725 1680 2855 1718 cum
2888 1664 3037 1720 idem
3073 1665 3199 1736 ipse
3229 1666 3584 1738 Polycarpus

1936 1747 2068 1804 illas
2098 1750 2330 1804 easdem
2363 1766 2512 1816 esse,
2555 1767 2697 1821 quas
2747 1753 3136 1822 defendimus,
3189 1771 3301 1810 non
3352 1755 3582 1824 dixerit,

1936 1836 2081 1893 alias
2106 1837 2355 1894 Datianus
2376 1840 2617 1895 omnino
2639 1841 2710 1896 ab
2742 1858 2806 1897 eo
2838 1841 3122 1898 iudicatas
3145 1859 3274 1899 esse
3306 1844 3586 1900 audacter

1933 1926 2205 1982 afﬁrmat.
2233 1930 2421 1999 Atque
2462 1947 2495 1984 a
2535 1929 2742 1986 Dallaeo
2769 1932 3062 2002 poscimus
3086 1932 3221 2002 quid
3271 1933 3580 2006 Polycarpo

1933 2021 1999 2070 ut
2019 2016 2295 2086 epistolas
2327 2018 2456 2072 illas
2490 2019 2697 2089 Ignatii
2738 2034 2866 2076 esse
2911 2025 3246 2092 testaretur,
3303 2028 3580 2093 praestan-

1933 2105 2069 2159 dum
2117 2111 2259 2161 erat.
2317 2106 2595 2179 Nunquid
2656 2109 2727 2164 ab
2773 2126 2840 2165 eo
2892 2110 2974 2165 hae
3020 2111 3284 2182 epistolas
3340 2113 3580 2182 integris

1932 2195 2388 2250 transcribendzs
2421 2201 2606 2264 erant,
2664 2197 2748 2252 vel
2802 2215 2979 2254 manu
3030 2200 3265 2271 pr0pria
3311 2201 3579 2256 subscri-

1932 2283 2488 2357 bendae?Nunquid
2536 2286 2768 2358 publica
2817 2288 3178 2344 notariorum
3229 2296 3288 2346 et
3334 2290 3575 2345 testium

1934 2373 2067 2438 ﬁde,
2091 2374 2296 2430 aliisve
2319 2375 2564 2446 publicis
2588 2376 2993 2434 instrumentis
3015 2378 3341 2434 muniendae
3359 2383 3380 2434 9
3401 2379 3460 2435 Si
3488 2397 3580 2435 res

1932 2461 2015 2518 ita
2044 2480 2107 2519 se
2129 2464 2360 2530 habeat,
2395 2465 2590 2520 nullas
2630 2467 2830 2538 procul
2871 2469 3048 2524 dubio
3093 2485 3249 2524 nunc
3294 2471 3579 2526 habemus

1933 2551 2188 2607 virorum
2207 2553 2842 2624 apostolicorumalioru
2855 2573 3026 2628 mque
3040 2558 3580 2629 antiquissimorum

1934 2645 2165 2696 Patrum
2197 2642 2495 2713 epistolas,
2541 2661 2606 2699 ac
2636 2661 2702 2700 ea
2731 2663 2861 2716 quae
2893 2648 3163 2702 inanibus
3193 2648 3457 2702 omnium
3491 2654 3580 2703 te-

1931 2735 2162 2796 runtur,
2187 2731 2310 2785 aliae
2339 2733 2578 2788 omnino
2611 2740 2750 2789 sunt
2780 2735 2852 2788 ab
2887 2734 2956 2789 iis
2979 2751 3122 2805 quas
3157 2737 3470 2807 scriptores
3503 2738 3574 2792 ab

1932 2820 2050 2876 illis
2081 2822 2246 2877 datas
2286 2838 2412 2877 esse
2454 2829 2932 2880 commemorant.
2982 2825 3295 2881 Dicendum
3345 2843 3478 2898 ergo
3509 2843 3578 2882 ex

1935 2911 2242 2966 severioris
2273 2911 2497 2967 critices
2529 2912 2769 2984 regulis,
2803 2918 2867 2968 ut
2897 2913 3146 2985 alicujus
3178 2916 3435 2971 auctoris
3463 2915 3576 2986 epi-

1934 3001 2116 3069 stolae,
2148 3017 2397 3073 quarum
2431 3001 2680 3074 scriptor
2711 3003 2823 3074 ipsi
2855 3019 3076 3059 coaavns
3108 3005 3428 3075 generatim
3455 3009 3578 3060 tan—

1930 3096 2057 3146 tum
2091 3091 2378 3159 meminit,
2432 3091 2732 3161 speciatim
2785 3093 3184 3164 designentur,
3225 3094 3369 3149 nihil
3415 3093 3572 3150 aliud
3634 3137 3644 3145 .

1934 3181 2172 3252 requiri,
2197 3181 2311 3236 nisi
2339 3185 2402 3236 ut
2431 3180 2544 3236 illas
2575 3182 2647 3237 ab
2669 3183 2903 3253 integris
2945 3189 3229 3256 certaeque
3259 3186 3391 3242 fidei
3427 3190 3575 3244 sori-

1853 3273 1896 3340 C
1939 3269 2220 3341 ptoribus,
2254 3269 2442 3341 iisque
2470 3288 2583 3327 non
2616 3271 2695 3327 ita
2727 3273 2799 3327 ab
2823 3273 2979 3328 illius
3005 3279 3172 3329 aatate
3203 3279 3440 3334 remotis
3472 3296 3574 3335 no-

1935 3360 2196 3414 minatim
2231 3359 2580 3416 iudicentur.
2620 3362 2784 3432 Atqui
2811 3379 2958 3434 quas
2980 3363 3329 3436 Polycarpus
3365 3368 3576 3439 Ignatii

1933 3449 2211 3520 epistolas
2232 3451 2558 3520 generatim
2580 3451 2868 3522 designat,
2893 3469 2968 3507 eae
2993 3455 3298 3524 speciatim
3321 3461 3378 3512 et
3392 3459 3573 3513 nomi-

1933 3539 2136 3605 natim,
2172 3544 2236 3594 ut
2265 3539 2523 3594 fatentur
2551 3540 2888 3608 adversarii,
2921 3542 2993 3596 ab
3024 3544 3270 3600 Eusebio
3323 3545 3576 3618 aliisque

1930 3626 2168 3699 integris
2219 3633 2505 3700 certaeque
2557 3629 2687 3684 fidei
2740 3631 3124 3701 scriptoribus
3172 3635 3570 3707 designantur.

1929 3717 2322 3788 Deniquejam
2347 3735 2379 3772 a
2398 3719 2586 3786 nobis,
2610 3718 2690 3773 uti
2713 3723 3012 3788 putamus,
3034 3720 3186 3777 clare
3207 3724 3572 3781 demonstra-

1931 3811 2054 3860 tum
2083 3812 2172 3861 est
2200 3805 2488 3875 Ignatium
2525 3823 2636 3860 non
2671 3805 2814 3862 alias
2849 3808 2922 3862 ab
2951 3807 3042 3874 iis,
3078 3810 3147 3864 de
3173 3813 3388 3880 quibus
3421 3832 3577 3871 nunc

1930 3896 2396 3959 controvertitur,
2437 3911 2707 3950 exarasse
2747 3896 3039 3966 epistolas.
3091 3897 3203 3952 Illae
3249 3900 3428 3970 igitur
3471 3920 3575 3959 eaa-

1929 3987 2059 4040 dem
2093 3989 2230 4039 sunt
2261 3999 2404 4054 quas
2435 3984 2789 4054 Polycarpus
2821 3985 3107 4056 designat.

2002 4147 2176 4218 Urget
2211 4150 2401 4201 tamen
2436 4145 2686 4201 Dallaeus
2718 4145 2776 4200 in
2809 4145 2899 4199 bis
2933 4143 3199 4216 epistolis
3247 4147 3482 4217 reperiri
3515 4155 3573 4206 et

1929 4236 2087 4308 σιγήν
2118 4235 2683 4301 Valentinianorum,
2735 4233 2966 4307 aliaque
2995 4251 3173 4306 quam
3206 4237 3354 4292 bene
3386 4237 3571 4295 multa

1930 4325 2126 4381 minus
2153 4325 2492 4391 orthodoxa,
2524 4342 2647 4396 quae
2692 4324 2764 4378 ab
2807 4324 3027 4395 Ignatio
3069 4342 3358 4398 nusquam
3402 4328 3578 4384 scribi

1931 4418 2266 4485 potuerunt.
2293 4415 2400 4468 Sed
2431 4412 2740 4469 Eusebium
2761 4413 3022 4485 aliosque
3041 4416 3416 4473 doctissimos
3431 4418 3580 4472 scri-

1931 4507 2124 4575 ptores
2159 4503 2280 4572 qui,
2306 4506 2448 4557 teste
2481 4501 2682 4558 Dallaao
2709 4502 2857 4572 ipso,
2891 4502 2996 4558 has
3027 4503 3305 4576 epistolas
3350 4505 3577 4576 Ignatio

1932 4592 2296 4662 adjudicant,
2323 4591 2468 4646 nihil
2502 4592 2560 4646 in
2591 4591 2675 4648 eis
2706 4591 2793 4647 vel
2825 4591 3016 4648 minus
3047 4594 3458 4664 orthodoxam,
3490 4595 3578 4651 vel

150 4669 286 4737 jam
319 4665 603 4736 ωεινίὶτῖο
667 4671 1007 4721 coronatum
1069 4665 1500 4736 suspicabatur,
1561 4668 1724 4736 rogat
1765 4669 1827 4720 ut
1857 4662 1902 4725 Π
1934 4683 2132 4736 minus
2166 4680 2390 4752 Ignatio
2422 4681 2665 4752 dignum
2687 4681 2899 4753 legisse
2929 4683 3324 4739 certissimum
3358 4662 3464 4740 est.
3510 4686 3584 4739 At

161 4760 418 4813 narrent
451 4756 706 4825 quando,
743 4755 865 4822 ubi,
898 4760 954 4810 et
986 4772 1162 4827 quam
1195 4755 1351 4810 vario
1403 4758 1824 4810 tormentorum

169 4845 668 4913 cruciatuumque
701 4859 911 4915 genere
972 4849 1217 4899 mortem
1277 4843 1506 4908 obierit,
1567 4859 1827 4914 quosque

166 4933 453 4990 habuerit
486 4933 746 5004 martyrii
780 4933 868 4988 sui
902 4932 1113 4988 socios.
1144 4933 1313 4988 Nulla
1349 4948 1484 5002 ergo
1516 4931 1593 4987 ibi
1657 4949 1824 5004 repu-

165 5023 441 5094 gnantia,
477 5039 584 5077 nec
616 5023 735 5077 ulla
765 5039 894 5078 cum
929 5023 1000 5077 iis
1031 5040 1156 5094 qua:
1182 5023 1251 5077 de
1295 5039 1431 5078 nece
1490 5024 1616 5094 ejus
1663 5025 1826 5096 prius

169 5113 402 5182 scripta
433 5117 618 5177 erant,
655 5112 905 5167 occurrit
937 5111 1353 5183 discrepantia.

253 5201 424 5270 Urget
459 5206 650 5255 tamen
685 5200 956 5264 Dullzeus,
982 5200 1360 5271 atqueipsius
1387 5202 1690 5270 Ilamondi,
1726 5203 1826 5275 qui

162 5289 266 5344 his
302 5290 532 5345 ultimis
563 5289 822 5360 epistolas
858 5289 1155 5362 Polycarpi
1186 5290 1377 5345 verbis
1397 5289 1570 5346 vitam
1619 5292 1826 5362 Ignatii

162 5379 472 5450 designari
509 5379 676 5442 dixit,
713 5381 930 5449 profert
979 5379 1402 5434 testimonium.
1465 5386 1535 5433 At
1593 5387 1744 5436 certe
1776 5382 1825 5438 si

159 5469 519 5523 Hainondus
550 5468 796 5523 humani
857 5467 1076 5539 aliquid
1136 5468 1215 5522 ibi
1276 5485 1488 5539 passus
1532 5473 1640 5538 est,
1676 5470 1720 5526 si
1755 5473 1822 5526 ad

156 5556 473 5628 Polycarpi
507 5559 683 5612 verba
737 5557 1123 5612 animumnon
1184 5557 1326 5611 satis
1378 5557 1644 5626 advertit,
1682 5561 1824 5631 quid

151 5647 296 5702 inde
332 5651 542 5702 contra
573 5646 874 5702 sententiae
932 5652 1144 5702 nostrae
1202 5646 1506 5702 veritatem
1563 5649 1830 5707 conficiet

154 5739 423 5796 Dallous
447 5738 475 5793 ?
502 5739 659 5797 Nulli
694 5743 886 5811 autem
938 5739 1280 5796 dubitamus
1310 5737 1456 5810 quin
1484 5743 1829 5802 Hamondus

1937 4777 2086 4826 certe
2116 4769 2246 4825 illos
2278 4787 2544 4841 quaenam
2577 4771 2880 4841 Ignatiana
2902 4771 3166 4828 doctrina
3195 4789 3323 4829 esse
3354 4773 3579 4828 debue-

1937 4860 2031 4924 rit,
2064 4858 2386 4930 ignorasse,
2417 4858 2633 4926 nullus,
2669 4877 2738 4915 nc
2789 4859 3039 4916 Dallaaus
3080 4862 3341 4932 quidem,
3391 4862 3581 4916 dicere

1937 4948 2163 5003 audeat.
2195 4948 2410 5002 Deinde
2437 4947 2577 5001 nihil
2602 4951 2802 5002 contra
2825 4948 3036 5020 Ignatii
3055 4950 3379 5006 doctrinam
3407 4949 3463 5004 in
3488 4948 3581 5004 his

1936 5037 2199 5109 epistolis
2230 5051 2553 5106 occurrere,
2588 5036 2737 5092 infra
2768 5054 2874 5092 suo
2905 5036 3052 5108 loco,
3091 5055 3160 5093 ne
3199 5040 3397 5094 omnia
3449 5055 3582 5093 cum

1936 5128 2148 5184 Dallzeo
2168 5127 2613 5191 confundamus,
2647 5125 2969 5183 clarissime
3001 5129 3288 5184 ostensuri
3319 5147 3544 5186 sumus.

2011 5219 2195 5272 Instat
2209 5217 2459 5287 denique
2481 5214 2748 5282 Dallzeus,
2775 5215 2974 5286 sicque
3001 5217 3271 5289 arguit:«
3289 5222 3405 5274 Hoc
3429 5223 3584 5275 certe

1937 5306 2240 5378 Polycarpi
2270 5305 2602 5361 testimonio
2637 5305 2817 5359 Latini
2851 5322 2952 5375 pro
2985 5323 3082 5361 sex
3117 5305 3232 5362 illis
3263 5308 3582 5377 Ignatianis

1940 5395 2225 5467 epistolis,
2259 5412 2406 5465 quas
2431 5400 2634 5466 praeter
2659 5393 3034 5452 Usserianam
3067 5394 3467 5450 collectionem
3499 5411 3586 5451 as-

1939 5489 2162 5550 serunt,
2196 5501 2310 5538 non
2337 5485 2534 5539 minus
2557 5485 2816 5555 speciose
2840 5487 3105 5547 utuntur,
3133 5500 3308 5554 quam
3334 5500 3434 5554 pro
3461 5483 3588 5540 suis

1939 5591 2035 5630 sex
2068 5571 2274 5646 primis
2322 5573 2839 5629 reverendissimus
2891 5573 3164 5630 Usserius
3218 5577 3276 5629 et
3317 5572 3588 5630 doctissi-

1940 5680 2067 5719 mus
2115 5661 2476 5718 Hamondus.
2507 5680 2533 5711 ι
2580 5661 2662 5717 Ex
2701 5664 2916 5734 quibus
2965 5663 3050 5719 sic
3099 5660 3198 5718 ille
3249 5660 3586 5719 concludit:

1937 5776 1966 5804 «
1997 5751 2348 5824 Seponenda
2367 5766 2503 5823 ergo
2535 5750 2749 5823 pariter
2777 5756 2869 5811 est
2908 5751 2971 5809 in
3010 5751 3284 5812 universa
3314 5749 3387 5806 de
3413 5749 3620 5821 lgna-1
