3942 6302
309 438 426 498 483
1377 429 1438 488 S.
1486 425 1863 488 IGNATIUS

2173 423 2656 485 DLEGOMENA.
3608 426 3730 485 484

312 571 488 628 tianis
521 587 696 625 causa
716 568 895 638 hujus
929 564 1243 622 testimonii
1276 562 1612 618 auctoritas.
1649 582 1676 609 »
1725 558 1952 614 Scilicet
1981 560 2035 624 Α
2069 557 2306 628 quidem
2339 575 2495 624 voce,
2530 557 2691 613 addit
2723 556 2990 622 Dallaus,
3026 555 3297 612 consulto
3319 555 3444 628 ipse
3469 561 3724 612 lrenmus

311 677 445 716 cum
484 658 725 717 Dallasus
768 654 1061 726 l-‘olycarpi
1093 653 1520 720 auctoritatem,
1566 667 1679 721 qua
1737 649 1950 720 premi-
2067 662 2207 702 usus
2229 655 2315 701 est
2344 663 2358 712 ;
2389 652 2451 700 ut
2476 645 2569 700 illa
2597 646 2803 717 Ignatii
2828 645 3024 712 verba,
3062 661 3175 700 non
3201 661 3268 699 ex
3312 645 3436 714 ejus
3462 645 3721 715 scriptis,

309 754 428 814 tur,
459 749 680 803 elevare
706 764 818 802 non
852 749 1067 816 posset,
1102 760 1228 797 eam
1263 742 1470 797 saltem
1520 739 1643 794 vult
1701 754 1828 794 esse
1856 753 1950 792 se-
2064 737 2162 792 sed
2199 752 2262 791 ex
2295 737 2541 791 dicentis
2573 735 2757 806 ipsius
2777 751 2873 791 ore
2890 739 3128 807 excepta
3177 735 3359 789 fuisse
3409 734 3717 792 indicaret.

309 839 662 910 ponendam.
695 837 908 890 Verum
944 835 1170 904 integra
1202 837 1258 886 et
1286 831 1503 885 invicta
1547 845 1779 900 semper
1835 844 1952 881 ma-
2065 825 2276 880 Mirum
2310 841 2450 881 sane
2482 830 2702 896 quanta
2731 842 2860 882 esse
2891 824 3159 880 debuerit
3182 823 3492 880 oscitantia
3539 828 3721 879 Euse-

307 929 485 996 nebit,
513 943 814 999 nunquam
877 923 1212 997 seponenda
1271 923 1412 977 lauti
1469 920 1574 975 viri
1616 917 1950 974 testiﬁcatio
2063 914 2164 981 bii,
2200 915 2297 986 qui
2323 915 2563 970 verbum
2597 915 2764 980 dixit,
2799 915 2952 970 idem
2985 931 3051 969 ac
3074 915 3320 985 scripsit,
3381 913 3719 985 signiﬁcare

303 1018 679 1089 sempiterna.
705 1016 987 1071 Caeterum
1022 1014 1070 1069 si
1130 1013 1225 1084 qui
1275 1012 1436 1065 illam
1485 1010 1555 1065 ad
1589 1006 1949 1063 adulterinas
2062 1003 2207 1058 falso
2243 1005 2546 1075 putaverit.
2583 1005 2693 1060 Sed
2723 1019 2995 1059 veremur
3026 1020 3096 1058 ne
3129 1002 3402 1068 Dallacus,
3435 1002 3538 1073 qui
3587 1002 3715 1058 haec

301 1108 509 1180 lgnatii
543 1106 820 1178 epistolas
853 1105 1199 1161 asserendas
1232 1102 1569 1168 adhibeant,
1602 1098 1732 1154 illos
1749 1096 1949 1169 procul
2060 1100 2190 1165 post
2211 1094 2526 1149 Parkerum
2559 1099 2762 1150 contra
2795 1093 3106 1149 Eusebium
3144 1098 3331 1164 urget,
3357 1092 3481 1163 ipse
3502 1091 3706 1163 potius

304 1197 483 1251 dubio
516 1201 574 1251 et
604 1213 671 1252 ea
704 1196 834 1267 ipsa
863 1195 1048 1260 abuti,
1102 1199 1158 1248 et
1207 1191 1376 1262 longe
1433 1206 1626 1246 errare
1666 1189 1817 1244 infra
1847 1188 1950 1242 de-
2059 1180 2306 1238 inscitiae
2325 1182 2414 1239 vel
2459 1182 2694 1239 malitiae
2723 1183 3090 1238 accusandus
3131 1183 3228 1238 sit.
3261 1181 3420 1245 Quod
3464 1181 3711 1254 quidem

303 1286 788 1342 monstrabimus.
822 1284 1005 1346 Quem
1039 1289 1234 1338 tamen
1266 1296 1522 1337 errorem
1583 1279 1675 1346 iis,
1733 1277 1949 1348 quibus
2059 1271 2170 1327 etsi
2202 1272 2526 1329 innumeris
2559 1273 2912 1344 scriptorum
2967 1271 3320 1328 testimoniis
3379 1270 3548 1327 facile
3574 1287 3716 1328 con-

305 1373 520 1429 Usserii
544 1379 599 1429 et
655 1373 842 1428 Vossii
913 1389 1018 1428 nec
1079 1370 1511 1442 manuscriptos
1571 1368 1796 1423 codices
1842 1381 1947 1422 nec
2058 1362 2279 1418 ﬁrmari
2311 1367 2488 1434 queat
2521 1379 2678 1432 ;una
2705 1367 2895 1418 tamen
2927 1379 3055 1434 quas
3105 1360 3314 1417 Dallaeo
3360 1361 3550 1417 instar
3590 1379 3718 1418 om-

302 1463 584 1518 editioncs
614 1462 812 1519 videre
844 1462 1028 1530 licuit,
1055 1461 1431 1517 ostendemus
1463 1458 1658 1529 aliqua
1687 1474 1755 1514 ex
1784 1460 1946 1528 parte
2058 1451 2217 1507 nium
2250 1468 2380 1508 esse
2410 1453 2602 1521 debet,
2635 1468 2844 1524 nempe
2885 1451 3084 1508 Irentei
3136 1450 3324 1523 ipsius
3389 1451 3714 1506 auctoritas

295 1568 424 1609 esse
455 1552 929 1607 condonandum.
2056 1541 2125 1595 ad
2159 1541 2217 1596 id
2241 1541 2609 1614 probandum
2642 1541 2767 1597 sola
2810 1541 3079 1597 sufﬁciet.
3146 1539 3246 1596 Ille
3303 1539 3459 1596 enim
3512 1557 3648 1612 quas
3679 1557 3712 1596 a

2052 1631 2286 1686 Justino
2319 1648 2432 1688 non
2482 1631 2878 1701 pronuntiata,
2939 1631 3040 1687 sed
3096 1630 3320 1703 scripta
3370 1634 3562 1701 erant,
3613 1629 3711 1686 bis

935 1692 1169 1750 CAPUT
1220 1692 1286 1745 ν·
1730 1693 1733 1695 ’
2053 1720 2246 1776 verbis
2278 1692 2549 1777 laudasse
2582 1721 2835 1793 legitur:
2867 1692 2900 1770 ⁷‹‹
2934 1721 3002 1775 Et
3035 1720 3179 1776 bene
3214 1692 3485 1775 :Iustinus
3544 1692 3604 1774 in
3640 1735 3708 1775 eo

297 1835 693 1876 ARGUMENTUM
721 1835 966 1874 TERTIUM
998 1836 1068 1873 sx
1115 1834 1324 1874 manas:
1381 1832 1780 1883 AUCTonm'rn,
1816 1830 1946 1876 oua:
2051 1809 2200 1865 libro
2233 1811 2330 1882 qui
2391 1816 2480 1866 est
2535 1811 2606 1866 ad
2668 1811 3015 1867 Marcionem
3069 1809 3186 1865 ait:
3241 1810 3528 1875 Quoniam
3590 1808 3708 1880 ipsi

405 1911 477 1948 AB
510 1907 978 1948 ADvERSAMORUM
1008 1907 1444 1946 EXCEPTIONIBUS
1475 1904 1833 1953 VlNDlCATUR,
1973 1941 2020 2005 B
2053 1916 2284 1972 quoque
2302 1900 2543 1955 Domino
2577 1918 2690 1955 non
2753 1899 3115 1970 credidisset,
3147 1920 3176 1949 ››
3236 1903 3344 1954 etc.
3377 1899 3447 1953 Et
3490 1897 3606 1954 alio
3640 1898 3703 1953 in

927 1980 1276 2005 ΠΡςΗΜΙΒΊἾῚΜ
2050 1989 2064 2005 ι
2209 1988 2254 2005 αι
2402 1994 2441 2005 n
2586 1989 2607 2005 τ
2694 1989 2729 2005 ιι
2903 1989 2940 2005 ιι·
2989 1989 3022 2005 ο.
3249 1989 3259 1999 ·
3343 2003 3350 2005 Α
3501 1992 3546 2005 ι-
3601 1992 3638 2005 n

927 1980 1298 2019 DEwMPTUM'
1973 1980 2020 2005 ⁸³
2050 1989 2177 2045 loco
2209 1988 2257 2023 ⁶⁴
2289 2006 2304 2044 :
2339 2012 2367 2039 «
2402 1994 2552 2044 Bene
2577 1989 2851 2044 Justinus
2886 1989 3050 2052 dixit,
3084 1989 3362 2060 quoniam
3417 1992 3554 2042 ante
3597 1992 3704 2042 Do-

2051 2078 2192 2133 mini
2226 2078 2560 2146 adventum,
2597 2100 2625 2128 »
2675 2083 2784 2134 etc.
2844 2081 3062 2133 Verum
3121 2077 3462 2133 auctoritate
3494 2075 3703 2132 Irenmi

2050 2167 2260 2238 ipsius,
2285 2169 2331 2222 si
2357 2168 2494 2238 quid
2527 2167 2587 2221 in
2647 2184 2750 2222 sua
2808 2184 2986 2222 causa
3026 2166 3277 2222 validius
3309 2166 3700 2231 desideretur,

369 2253 582 2309 Ultima
600 2251 798 2307 Dallaei
832 2258 1032 2307 contra
1058 2250 1355 2322 Polycarpi
1388 2249 1787 2305 testimonium
1839 2245 1944 2300 ob—
2051 2256 2371 2326 ipsummet
2402 2255 2682 2311 Danaum
2715 2261 2917 2312 contra
2983 2257 3245 2328 seipsum
3304 2260 3516 2310 testem
3564 2272 3702 2326 pro-

289 2343 672 2414 ,ἱεοιίοντιυειηι
702 2341 1152 2396 νθιίιίίεεείωθηῖ
1178 2341 1300 2410 ipse
1324 2338 1593 2411 appellat!
1629 2343 1718 2392 θεῑ
1755 2334 1944 2391 Ῐνεοεέί
2051 2346 2353 2401 ducemus.
2387 2345 2502 2403 Nec
2534 2349 2686 2401 certe
2714 2345 2806 2401 vel
2838 2347 2959 2414 diu,
3009 2347 3094 2400 vel
3138 2345 3338 2415 procul
3400 2344 3498 2400 ille
3541 2361 3704 2415 quaa-

300 2433 400 2502 qui
423 2432 680 2501 ejusdem
716 2430 1014 2502 Polycarpi
1042 2429 1368 2500 discipulus
1411 2428 1536 2498 fuit,
1576 2443 1810 2482 summa
1842 2442 1857 2480 ε

2146 2436 2268 2491 ldus
2298 2440 2386 2491 est
2416 2445 2468 2491 et
2518 2436 2930 2504 accersendus,
2981 2435 3081 2506 qui
3136 2452 3202 2491 eo
3233 2435 3363 2507 ipso
3413 2435 3562 2501 loco,
3601 2435 3703 2492 ubi

303 2521 567 2577 ctoritas.
605 2519 697 2575 Sic
720 2526 913 2574 autem
945 2519 1102 2574 illam
1133 2519 1520 2588 Dallaausipse
1549 2516 1821 2589 proponit
1849 2513 1897 2548 59
1930 2531 1942 2568 :
2051 2525 2157 2580 hac
2191 2525 2261 2580 de
2287 2541 2346 2580 re
2376 2525 2657 2596 disputat,
2719 2525 2803 2580 είο
2861 2541 2927 2580 εει
2985 2540 3116 2595 quae
3173 2523 3243 2578 ab
3293 2523 3599 2579 Humondo
3633 2524 3706 2580 de

298 2611 590 2681 Nusquam
612 2609 889 2682 epistolas
916 2631 942 2660 «
966 2626 1114 2680 quas
1145 2608 1624 2674 nuncbabemus,
1659 2607 1812 2678 apud
1838 2609 1942 2660 PO-
2051 2631 2166 2669 non
2199 2613 2375 2684 dicta,
2410 2615 2510 2669 sed
2540 2613 2757 2685 scripta
2787 2618 2971 2681 erant,
3006 2614 3178 2668 refert
3215 2628 3228 2667 :
3264 2635 3291 2662 ‹‹
3325 2612 3469 2678 Quid
3501 2618 3708 2669 contra

300 2700 894 2771 lycarpummlsseﬁt
918 2699 990 2754 ab
1015 2716 1078 2754 ρο
1103 2699 1159 2753 in
1187 2697 1682 2765 υῐιυῐηοοιιθοῑειε,
1714 2697 1784 2751 8d
1809 2695 1943 2750 ΡΜ·
2052 2704 2199 2759 hanc
2232 2703 2448 2759 claram
2481 2721 2547 2758 ac
2598 2703 2874 2758 invictam
2930 2702 3483 2758 demonstrationem
3534 2703 3708 2758 aﬁ‘ert

559 2111 586 2177 ς
616 2110 656 2167 Ι.
690 2108 1079 2164 Testimonium
1112 2109 1311 2163 Irenaei
1336 2107 1682 2178 proponitur.

297 2789 592 2861 lippenses
625 2790 838 2844 missas
874 2788 1075 2856 fuisse,
1109 2795 1167 2843 et
1217 2788 1419 2843 multis
1446 2788 1595 2855 aliis,
1628 2791 1686 2842 et
1715 2786 1822 2840 hoc
1855 2801 1948 2856 ρο·
2051 2793 2428 2848 doctissimus
2455 2793 2793 2848 lIamondus
2830 2809 2842 2847 :
2899 2793 3168 2859 Irenaeus,
3229 2792 3437 2862 inquit,
3489 2793 3708 2864 Ignatii

297 2879 594 2934 tissimum
624 2878 982 2934 validissime
1007 2876 1809 2950 probavimus,quodlrenaeo
1843 2874 1943 2930 Po-
2053 2882 2222 2938 dictis
2281 2899 2345 2938 ex
2385 2882 2629 2954 epistola
2681 2883 2753 2937 ad
2814 2882 3126 2949 Romanos,
3184 2884 3292 2936 etc.
3331 2901 3360 2931 »
3392 2880 3457 2934 Et
3508 2880 3706 2936 adhuc

302 2968 518 3039 lycarpi
569 2967 854 3038 discipulo
902 2978 955 3024 et
1006 2967 1343 3023 admiratori
1404 2965 1709 3038 singulari,
1778 2965 1946 3036 plane
2053 2971 2314 3044 propius,
2378 2971 2478 3026 ubi
2529 2971 2837 3043 ipsiusmet
2895 2970 3093 3025 Irenaai
3137 2969 3327 3026 locum
3363 2969 3582 3038 citavit,
3617 2971 3710 3025 sic

303 3059 884 3129 penitusqueignotze
910 3059 1179 3114 fuerint.»
1211 3059 1294 3112 Ad
1321 3057 1778 3112 examinandum
1811 3071 1946 3127 ergo
2055 3061 2316 3134 loquitur
2349 3079 2362 3116 :
2398 3083 2426 3110 ‹‹
2459 3061 2605 3126 Quid
2641 3061 2795 3116 enim
2827 3076 3021 3132 quasso
3080 3059 3254 3114 habet
3310 3075 3376 3114 eo
3419 3059 3544 3113 loco
3586 3060 3706 3115 Ire-

308 3147 507 3202 Irenaei
541 3147 966 3215 testimonium,
1002 3145 1476 3218 quandoquidem
1535 3146 1604 3200 ad
1663 3144 1808 3199 illud
1843 3161 1947 3200 nos
2055 3169 2217 3208 nacus
2246 3169 2259 3208 :
2285 3152 2554 3222 Quidam,
2588 3150 2798 3222 inquit,
2828 3155 3162 3206 nostrorum
3195 3149 3339 3204 dixit
3372 3165 3384 3203 :
3423 3149 3711 3204 Frumen.

309 3245 578 3308 provocat
609 3235 1293 3300 Dallmusdubcntissime
1341 3234 1695 3290 accedimus.
1743 3235 1809 3288 Et
1842 3235 1952 3305 pri—
1997 3309 2018 3312 Α
2054 3245 2178 3297 tum
2211 3242 2332 3310 Dei,
2360 3263 2388 3290 »
2421 3245 2530 3297 etc,
2561 3241 2706 3306 Quid
2740 3256 2876 3312 ergo
2910 3239 3158 3294 ?Nonne
3196 3239 3438 3294 verbum
3498 3241 3710 3309 inquit,

313 3343 476 3382 mum
500 3327 734 3397 quidem
761 3327 1048 3379 miramur
1069 3341 1184 3396 qua
1207 3323 1455 3380 Dallzsus
1473 3324 1822 3379 conﬁdentia
1855 3341 1949 3379 au~
1983 3309 2025 3372 C
2059 3331 2211 3387 idem
2244 3309 2414 3385 sonat
2445 3346 2510 3386 ac
2539 3328 2730 3384 dixit?
2766 3309 3012 3384 Dallzcus
3042 3336 3239 3384 tamen
3289 3327 3415 3399 ipse
3472 3327 3571 3382 ubi
3619 3329 3709 3394 id,

309 3433 410 3470 sus
435 3417 512 3470 sit
538 3416 833 3469 afﬁrmare
863 3413 1566 3485 cpistolaslgnatii,quas
1590 3430 1744 3468 nunc
1775 3412 1948 3467 habe-
2062 3421 2216 3491 quod
2276 3420 2349 3474 ab
2396 3419 2700 3474 Hamondo
2756 3423 2814 3474 et
2874 3419 3089 3473 Irenaeo
3150 3416 3381 3488 scriptis
3426 3416 3711 3472 traditum

311 3505 684 3573 mus,Iren2eo
710 3503 878 3573 plane
898 3503 1495 3574 penitusqueignotas
1519 3503 1717 3558 fuisse.
1752 3502 1952 3558 Nonne
2058 3514 2200 3577 erat,
2229 3508 2494 3580 protulit,
2527 3525 2642 3563 non
2673 3508 2846 3563 vcrbo
2876 3509 3118 3579 scripsit,
3150 3507 3248 3561 sed
3312 3505 3512 3577 inquit,
3548 3505 3711 3577 quod

308 3593 463 3648 enim
498 3593 938 3664 haecipsissima
957 3594 1319 3648 suntlrenzei
1368 3593 1539 3648 verba
1560 3594 1641 3648 ‘0:
1674 3613 1700 3646 α
1735 3592 1947 3654 Quem-
2056 3599 2211 3653 idem
2245 3602 2332 3653 est
2357 3613 2423 3653 ac
2453 3597 2618 3664 dixit,
2661 3613 2802 3652 usus
2834 3601 2942 3652 est.

308 3683 624 3739 admodum
661 3684 895 3754 quidam
927 3685 996 3739 de
1021 3683 1235 3738 nostris
1267 3683 1432 3754 dixit,
1467 3687 1700 3754 propter
1732 3686 1948 3753 marty-
2129 3686 2408 3742 Defensor
2448 3685 2665 3757 Dallaei,
2695 3687 2763 3741 ad
2797 3687 2848 3742 ei
2889 3686 2989 3758 qui
3013 3702 3120 3740 suo
3152 3701 3215 3741 se
3243 3684 3370 3755 ipse
3395 3683 3712 3755 gladioju-

307 3775 464 3830 rium
496 3774 552 3829 in
588 3779 766 3830 Deum
799 3775 1173 3846 adjudicatus
1231 3775 1299 3829 ad
1360 3776 1610 3830 bestias:
1662 3773 1943 3837 Quoniam
2057 3777 2372 3848 gulaverat,
2407 3776 2703 3832 ferendam
2733 3791 2902 3848 opem
2962 3774 3236 3843 accurrit,
3298 3775 3399 3830 sed
3455 3772 3707 3830 tardius.

307 3865 666 3920 frumentum
696 3881 828 3920 sum
856 3863 1091 3934 Christi,
1123 3869 1180 3920 et
1210 3881 1313 3936 per
1360 3865 1567 3920 dentes
1627 3863 1946 3919 bestiarum
2053 3864 2145 3920 Sic
2175 3872 2366 3920 autem
2422 3863 2521 3920 ille
2549 3863 2643 3919 6‘z
2706 3885 2734 3914 «
2792 3865 3011 3919 Demus
3068 3863 3330 3930 verbum,
3376 3862 3541 3930 dixit,
3586 3878 3708 3933 quo

307 3954 510 4020 molar,
545 3960 608 4008 ut
640 3956 898 4010 mundus
959 3954 1128 4026 panis
1187 3953 1494 4009 inveniar?
1547 3975 1577 4003 »
1607 3955 1699 4018 At,
1731 3953 1947 4008 fatente
2055 3954 2234 4008 utitur
2267 3954 2537 4020 Irenaeus,
2565 3957 2769 4024 etquae
2819 3970 2975 4023 voce,
3009 3959 3065 4008 et
3123 3969 3251 4024 quae
3303 3951 3522 4023 scripto
3544 3951 3709 4007 edita

301 4042 530 4113 Dallxo,
564 4048 786 4099 certum
819 4049 909 4099 est
939 4044 1228 4114 Ignatium
1263 4051 1525 4098 nostrum
1561 4041 1656 4099 hic
1699 4042 1770 4098 ab
1826 4042 1946 4096 Ire-
2053 4049 2211 4110 sunt,
2247 4043 2643 4098 indifferenter
2699 4045 2976 4098 denotare
3030 4067 3043 4110 ;
3097 4059 3214 4097 non
3273 4042 3464 4112 magis
3515 4039 3707 4110 illius,

303 4131 718 4189 nteolaudari:
783 4154 811 4181 ‹‹
874 4133 989 4203 Ego
1049 4150 1201 4202 vero,
1261 4133 1343 4187 ait
1402 4131 1654 4188 Dallaeus
1684 4131 1751 4200 6‘,
1787 4132 1944 4186 hunc
2054 4133 2346 4200 Pearsoni,
2409 4149 2649 4187 causam
2697 4132 2926 4202 juvabit
2979 4131 3178 4187 Irenaei
3215 4129 3474 4186 narratio
3519 4146 3708 4200 quam

303 4223 470 4292 cujus
490 4221 663 4276 verba
733 4222 959 4289 recitat,
1010 4223 1299 4293 Ignatium
1342 4237 1471 4277 esse
1503 4222 1799 4291 conﬁteor,
1822 4221 1943 4277 haec
2051 4227 2363 4289 nostram;
2412 4239 2476 4276 ac
2521 4221 2762 4291 proinde
2822 4220 3211 4277 omittendum
3273 4219 3379 4275 erit
3436 4219 3710 4275 testimo-

301 4312 474 4366 verba
497 4327 628 4365 vere
653 4310 857 4382 lgnatii
889 4327 1016 4367 esse
1048 4312 1319 4368 concedo.
1356 4335 1383 4361 ››
1439 4312 1600 4369 Unde
1653 4328 1789 4383 ergo
1821 4313 1941 4367 Ire—
2051 4311 2213 4367 nium
2248 4327 2350 4382 pro
2381 4309 2643 4382 epistolis
2673 4311 3010 4381 Ignatianis,
3069 4325 3140 4365 ex
3197 4309 3308 4364 hac
3369 4307 3709 4366 narratione

303 4415 465 4455 naeus
515 4399 636 4452 haec
696 4400 906 4469 Ignatii
960 4401 1135 4456 verba
1190 4403 1568 4474 desumpsit?
1621 4402 1942 4457 Audiamus
2049 4403 2444 4473 desumptum.
2480 4422 2508 4450 »
2540 4401 2722 4464 Quam
2779 4400 3015 4454 inﬁrma
3072 4399 3152 4454 sit
3204 4398 3326 4454 haec
3362 4397 3555 4454 Dallrei
3598 4399 3702 4454 de-

299 4487 616 4544 Eusebium
649 4486 698 4522 ⁶²
731 4504 744 4542 :
779 4511 806 4538 ‹‹
841 4489 1027 4559 Hujus
1085 4508 1254 4561 porro
1315 4492 1545 4564 lgnatii,
1577 4491 1771 4560 inquit
1823 4489 1940 4561 ille,
2049 4492 2233 4546 fcnsio
2264 4491 2400 4546 inde
2440 4494 2614 4562 patet,
2650 4490 2804 4561 quod
2842 4488 3141 4556 Dallaeum,
3177 4488 3277 4559 qui
3323 4504 3600 4559 magnam
3638 4488 3703 4544 in

300 4582 360 4633 et
387 4579 729 4649 martyrium
781 4583 838 4634 et
885 4579 1162 4650 epistolas
1219 4585 1640 4637 commemorat
1693 4581 1942 4636 Irenaeus
2051 4581 2222 4636 verbo
2253 4581 2408 4635 dixit
2437 4580 2553 4633 vim
2579 4578 2909 4650 argumenti
2941 4578 3032 4632 sui
3063 4578 3315 4650 positam
3357 4593 3485 4632 esse
3544 4577 3706 4634 exis—

299 4667 392 4722 his
415 4667 615 4722 verbis
649 4686 662 4722 :
697 4670 1200 4734 Quemadmodum
1225 4672 1488 4742 quidam,
1547 4674 1656 4725 etc.
1713 4692 1741 4719 »
1797 4673 1941 4735 Qua-
1969 4673 2014 4737 D
2047 4669 2314 4738 timabat,
2347 4669 2435 4724 vel
2477 4668 2884 4739 imprudentiae
2914 4667 3000 4722 vel
3052 4667 3288 4722 malitiae
3329 4667 3710 4723 condemnet.

303 4771 438 4810 nam
473 4760 664 4810 autem
689 4773 756 4813 ex
781 4756 1025 4828 epistola
1083 4758 1204 4812 haec
1261 4758 1356 4813 ille
1407 4756 1794 4828 transcripsit,
1829 4757 1943 4813 nisi
2054 4760 2266 4814 Deinde
2297 4774 2497 4816 vocem
2529 4757 2673 4813 dixit
2706 4757 2862 4829 apud
2894 4758 3173 4812 Irenaeum
3207 4756 3276 4812 ad
3314 4757 3490 4811 verba
3529 4756 3708 4828 Igna-

301 4861 370 4899 ex
401 4843 606 4916 lgnatii
641 4847 824 4902 nostri
859 4847 928 4900 ad
963 4847 1256 4902 Romanos
1285 4846 1549 4917 epistola,
1585 4846 1682 4902 ubi
1740 4846 1941 4903 isthaec
2052 4848 2142 4917 tii,
2184 4865 2296 4904 non
2331 4847 2570 4919 prolata,
2605 4848 2705 4903 sed
2740 4847 2956 4918 scripta
2987 4845 3377 4917 signiﬁcanda
3434 4845 3710 4916 usurpari

301 4933 541 4990 totidem
568 4936 758 4992 verbis
792 4935 1166 5007 reperiuntur
1195 4935 1222 4990 ?
2053 4940 2299 5010 probant
2331 4954 2463 4993 cum
2496 4936 2731 4993 Eusebii
2775 4953 2952 5007 supra
3009 4935 3311 4992 memorati
3359 4936 3705 5003 auctoritas,

2050 5027 2366 5082 tumetiam
2400 5025 2535 5097 quia
2567 5025 2689 5081 haec
2719 5025 2921 5080 eadem
2953 5025 3160 5095 Ignatii
3217 5023 3393 5079 verba
3440 5024 3498 5078 in
3546 5023 3706 5092 epis-

2049 5112 2171 5169 tola
2200 5114 2272 5168 ad
2307 5113 2598 5168 Romanos
2627 5112 2844 5183 scripta
2873 5116 3032 5182 sunt,
3065 5128 3254 5183 neque
3277 5126 3530 5182 usquam
3563 5109 3708 5166 alibi

371 5188 515 5252 Quid
541 5190 612 5244 ad
638 5189 757 5244 haec
779 5189 1028 5246 Dallaaus
1049 5190 1404 5246 ?Eusebium
1447 5192 1658 5249 falsum
1695 5212 1823 5253 esse
1854 5197 1941 5253 at—
2050 5202 2150 5258 ille
2181 5219 2248 5257 ea
2278 5201 2592 5273 protulisse
2615 5205 2904 5258 narratur.

303 5278 512 5334 ﬁrmat.
548 5301 577 5330 »
601 5279 760 5344 Quod
786 5277 951 5342 falso,
983 5278 1172 5349 inquit
1210 5278 1280 5349 33,
1312 5283 1533 5352 putavit
1567 5285 1873 5344 Eusebius.
1910 5311 1937 5339 »
2121 5293 2194 5346 At
2226 5291 2479 5346 Irenieus
2502 5291 2993 5362 illam,inquiunt,
3028 5290 3232 5362 Ignatii
3257 5290 3607 5346 sententiam
3639 5307 3710 5348 ex

302 5369 422 5433 Qua
452 5385 585 5425 vero
608 5373 780 5441 putas
812 5369 1035 5424 ratione
1055 5369 1398 5439 Eusebium,
1422 5372 1940 5446 diligentissimum
2053 5381 2179 5451 ejus
2201 5381 2465 5452 martyrii
2488 5382 2795 5452 Actis,quaa
2815 5397 2923 5436 suo
2945 5379 3515 5436 circumferebantur
3548 5384 3706 5437 tem-

300 5457 673 5529 scriptorem,
702 5457 917 5514 erroris
949 5457 1312 5514 insimulat?
1355 5460 1500 5524 Quia
1555 5466 1826 5535 Irenaeus,
1858 5469 1941 5524 uti
2053 5487 2211 5543 pore,
2244 5470 2632 5526 transcribere
2685 5470 2893 5541 potuit.
2955 5471 3228 5526 Fatemur
3274 5469 3515 5542 quidem
3550 5469 3706 5528 hanc

297 5545 394 5601 ille
425 5545 523 5615 ait,
557 5563 673 5603 non
698 5563 842 5604 usus
872 5551 962 5604 est
990 5563 1125 5603 voce
1163 5551 1400 5622 scripsit,
1459 5555 1559 5610 sed
1614 5556 1781 5611 dixit.
1819 5561 1944 5625 Qua
2054 5560 2404 5617 sententiam
2426 5559 2634 5632 Ignatii
2655 5560 2714 5614 in
2734 5560 2864 5631 ejus
2891 5559 3154 5629 martyrii
3179 5559 3338 5616 Actis
3375 5575 3708 5632 occurrere,

367 5663 568 5750 ",cap.
601 5665 690 5732 3'2,
725 5682 780 5736 p.
1004 5665 1090 5750 “5°
1119 5666 1219 5724 lib.
1243 5686 1312 5750 Av,
1344 5671 1564 5750 Adaei-5.
1594 5680 1816 5750 tigres”
1848 5677 2090 5750 cap.28,
2124 5695 2226 5734 seu
2258 5676 2415 5734 circa
2441 5677 2541 5732 ﬁn.
2591 5749 2604 5750 ί
2643 5675 2688 5712 ⁸1
2720 5676 2871 5732 Dall.
2904 5693 3030 5750 cap.
3055 5676 3146 5746 28,
3179 5693 3235 5749 p.
3287 5677 3410 5736 434.
3518 5677 3569 5714 ⁸³
3603 5677 3712 5737 lib.

297 5751 384 5803 ιιι,
418 5735 644 5804 Ηίεεονη
675 5735 805 5808 cap.
837 5738 927 5797 36.
1001 5737 1052 5774 ⁸³
1079 5757 1212 5812 cap.
1241 5735 1378 5815 3,'p.
1410 5746 1535 5801 452.
1614 5745 1664 5782 τ’*
1689 5735 1854 5804 ιὶδξιι

1522 5785 1535 5798 .
1614 5745 1664 5782 τ’*
1689 5735 1895 5808 ιίδ.ἰν.
1918 5735 2148 5809 Ἅάυσὶοε.
2181 5750 2399 5822 ἤδει-ει,
2421 5765 2548 5822 cap.
2580 5749 2670 5806 34.
2746 5749 2792 5786 ⁵⁵
2818 5765 2951 5821 pag.
2975 5735 3075 5809 '77.

334 5059 362 5132 ἓ
395 5061 462 5116 ΙΙ.
496 5063 687 5117 Prima
716 5069 767 5117 et
795 5064 1035 5119 secunda
1075 5062 1273 5118 Παιιωί
1312 5064 1553 5135 exceptio
1597 5068 1901 5138 refellitur.
