3942 6302
157 440 272 499 485

1123 443 1196 500 D.
1244 441 1578 502 NOURRII
1621 439 2162 504 DISSERTATIO.
2212 476 2287 487 -—
2337 445 2536 504 PARS
2582 447 2628 506 Ι.

3461 450 3588 511 486

161 579 254 630 sed
281 576 340 629 in
374 575 539 631 Actis
572 574 866 647 corruptis
899 579 957 631 et
1016 575 1401 647 interpolatis,
1463 595 1577 632 non
1622 583 1819 634 autem
1851 585 1904 645 Α
1937 577 2058 632 haec
2091 577 2233 633 falsa
2265 580 2404 650 sint,
2435 585 2490 634 et
2521 581 2592 636 ab
2625 579 2781 636 omni
2812 581 3040 652 penitus
3091 582 3352 639 veritatis
3395 587 3590 656 specie

159 664 214 719 in
247 665 401 719 veris
429 669 486 720 et
516 665 786 731 sinceris,
831 682 962 737 quat
1017 666 1217 721 Latine
1274 666 1568 736 Usserius,
1628 670 1821 722 Greece

163 771 297 809 vero
333 760 534 811 noster
562 755 959 812 Theodericus
1020 756 1339 813 Ruinartus
1398 756 1618 828 publici
1669 756 1822 828 juris

161 844 451 900 fecerunt.
485 846 664 916 Atqui
695 845 742 900 si
775 846 978 901 Irenaai
1013 850 1272 918 tempore
1329 848 1596 918 quaedam
1653 848 1823 916 Igna-

167 934 314 988 tiani
349 935 612 1007 martyrii
642 940 788 992 Acta
819 935 1172 1004 exstiterint,
1201 936 1324 992 haec
1353 940 1580 992 tantum
1624 941 1824 1008 poste-

167 1022 323 1078 riora
354 1023 648 1080 exstitisse
683 1040 852 1082 nemo
885 1042 1038 1081 sanae
1094 1026 1308 1081 mentis
1369 1025 1540 1080 homo
1591 1024 1824 1080 dubita-

162 1113 334 1167 verit.

232 1202 360 1257 Huc
381 1204 453 1258 ad
488 1202 683 1281 Dallagi
717 1204 1049 1260 subsidium
1076 1221 1282 1260 rursus
1305 1204 1537 1260 advolat
1571 1204 1698 1274 ejus
1713 1204 1823 1259 de-

165 1292 386 1360 fensor,
421 1298 476 1348 et
508 1294 580 1348 ab
637 1293 990 1366 Hieronymo
1041 1294 1308 1350 eamdem
1339 1293 1546 1366 lgnatii
1585 1297 1824 1349 senten—

160 1379 301 1436 tiam
336 1381 578 1438 citatam
602 1383 890 1438 observat.
932 1383 1106 1456 Atqui
1130 1406 1157 1435 «
1188 1383 1372 1439 satius
1395 1387 1502 1452 est,
1536 1382 1728 1455 inquit
1750 1379 1821 1452 ⁸⁸,

162 1471 359 1527 dicere
382 1471 800 1545 Hieronymum
825 1473 884 1528 in
908 1473 1341 1546 antiquissimis
1362 1473 1622 1546 martyrii
1661 1473 1825 1528 Actis

166 1557 542 1631 legisse,qus3
567 1561 638 1616 de
663 1561 904 1632 lgnatio,
939 1562 1046 1617 etsi
1070 1563 1217 1618 forte
1239 1562 1497 1634 aliquam
1549 1563 1666 1633 iam
1719 1579 1827 1618 sua

169 1653 339 1705 etate
362 1650 747 1706 mutationem
781 1657 1018 1724 eXperta
1040 1661 1236 1710 essent
1258 1653 1357 1709 illa
1406 1657 1568 1721 Acta,
1601 1653 1824 1711 nullam

172 1743 369 1794 tamen
397 1740 653 1797 sensisse
676 1743 867 1811 istius,
901 1760 1013 1814 qua
1033 1743 1102 1799 de
1121 1744 1336 1816 agitur,
1368 1743 1826 1800 circumstantiis

169 1837 443 1900 respectu
478 1847 582 1901 par
612 1835 700 1886 est
722 1833 1152 1900 credere;nam
1202 1849 1270 1887 ex
1311 1832 1439 1888 istis
1498 1833 1676 1900 Actis,
1736 1832 1824 1889 vel

173 1917 288 1975 alio
320 1921 578 2028 quodam
600 1920 813 2022 scripto
836 1938 997 2028 teque
1018 1927 1268 1988 vetusto,
1302 1939 1453 2028 quae.
1475 1923 1565 2028 de.
1600 1923 1823 1994 Ignatio
1854 1942 1901 2007 B
2008 1957 2182 2028 Urget
2213 1958 2424 2027 adhuc,

168 2015 397 2078 narrat,
429 2009 864 2082 deprompsisse
896 2010 1313 2082 Hieronymum
1374 2016 1462 2068 est
1513 2012 1822 2084 plusquam

165 2097 510 2155 verisimile.
544 2121 574 2150 ››
600 2099 815 2155 Verum
850 2099 1095 2156 Dallzeus
1128 2117 1158 2155 e
1207 2101 1498 2156 contrario
1547 2100 1825 2174 Hierony-

167 2204 332 2243 mum
360 2204 554 2259 neque
573 2206 641 2244 ex
668 2189 762 2245 his
786 2190 969 2259 Actis,
1003 2207 1191 2262 neque
1212 2207 1278 2246 ex
1302 2190 1415 2246 alio
1450 2190 1686 2262 scripto,
1723 2190 1823 2247 sed

171 2293 237 2333 ex
262 2279 520 2334 Eusebio
539 2284 767 2335 tantum
798 2297 905 2336 sua
928 2281 1329 2352 desumpsisse
1357 2281 1824 2337 asserebat.Nam

173 2389 194 2419 α
227 2367 488 2436 Eusebii,
521 2368 717 2440 inquit
752 2367 820 2439 6⁷,
850 2387 1051 2426 omnes
1094 2370 1412 2441 judicium,
1436 2371 1825 2442 Hieronymus

168 2457 348 2512 etiam
381 2459 557 2512 verba
589 2463 827 2515 secutus
852 2465 977 2527 est;
1008 2468 1072 2515 ut
1103 2459 1211 2515 hoc
1242 2477 1359 2516 non
1391 2465 1508 2516 tam
1570 2459 1822 2525 illorum,

168 2563 350 2618 quam
382 2547 559 2602 unius
579 2549 814 2604 Eusebii
837 2549 1243 2605 testimonium
1269 2549 1493 2605 censeri
1533 2549 1758 2604 debeat.
1793 2570 1822 2598 »

170 2636 403 2692 Siccinc
426 2652 563 2709 ergo
587 2638 918 2694 defenditur
939 2639 1212 2711 Dallreus,
1249 2656 1382 2695 cum
1406 2639 1457 2696 ei
1477 2643 1674 2710 aperte
1688 2656 1825 2695 con-

172 2725 530 2780 tradicitur?
561 2726 713 2790 Quid
743 2744 877 2783 vero
901 2729 1056 2799 quod
1076 2727 1239 2784 nulla
1270 2727 1402 2797 alia,
1437 2729 1518 2784 uti
1542 2728 1824 2796 diximus,

169 2815 443 2886 martyrii
478 2814 768 2887 Ignatiani
801 2819 956 2885 Acta,
988 2833 1160 2889 quam
1194 2834 1322 2890 quas
1363 2819 1434 2873 ab
1485 2817 1738 2883 Usserio,
1772 2818 1828 2871 et

172 2904 500 2960 novissime
526 2921 560 2959 a
586 2909 785 2961 nostro
818 2905 1097 2962 Ruinarto
1156 2907 1308 2962 edita
1364 2913 1520 2977 sunt,
1568 2910 1827 2976 tempore

169 2993 512 3065 Hieronymi
543 2995 842 3051 exstitisse
879 2999 1102 3052 certum
1153 2996 1404 3053 videtur.
1451 2998 1522 3050 At
1570 2997 1826 3067 profecto

171 3101 294 3139 non
328 3084 388 3138 in
421 3083 517 3150 iis,
545 3086 645 3140 sed
677 3085 734 3140 in
783 3085 1072 3158 corruptis
1119 3092 1348 3142 tantum
1408 3087 1582 3157 Actis,
1615 3083 1826 3157 Ignatii

165 3173 468 3228 sententia
501 3174 572 3228 ab
603 3174 952 3247 Hieronymo
984 3178 1042 3230 et
1071 3175 1284 3230 Ireneo
1317 3174 1494 3230 citata
1550 3175 1823 3230 occurrit.

159 3261 433 3332 Denique
467 3263 618 3333 quod
658 3263 926 3334 egregius
959 3263 1056 3319 ille
1085 3263 1284 3318 Dallaai
1325 3263 1594 3319 defensor
1639 3261 1801 3319 addit

166 3351 593 3422 Hieronymum
631 3368 758 3407 eam
789 3353 838 3406 si
875 3369 986 3407 non
1019 3369 1082 3408 ex
1116 3353 1297 3422 Actis,
1335 3368 1401 3407 ex
1441 3352 1553 3407 alio
1604 3353 1823 3424 scripto

168 3455 334 3511 aeque
363 3446 589 3496 vetusto
616 3441 1042 3512 desumpsisse,
1076 3442 1184 3498 hoc
1215 3447 1270 3497 et
1300 3441 1535 3512 Dallaao,
1555 3447 1622 3497 ut
1652 3441 1842 3513 paulo‘

165 3539 309 3588 ante
339 3533 623 3601 diximus,
660 3535 1000 3606 opponitur,
1033 3539 1089 3590 et
1145 3536 1328 3606 gratis
1389 3536 1459 3590 ab
1492 3533 1589 3589 illo
1621 3535 1824 3590 fictum

157 3610 284 3678 est.
309 3622 507 3695 Neque
538 3623 693 3678 enim
727 3623 962 3693 aliquod
996 3625 1067 3679 ab
1127 3624 1254 3696 ipso
1311 3629 1413 3680 aut
1456 3625 1528 3679 ab
1562 3623 1679 3680 ullo
1715 3641 1826 3680 un-

173 3729 360 3786 quam
391 3713 504 3768 alio
537 3713 776 3770 homine
810 3715 1098 3786 scriptum
1153 3715 1439 3787 assignari
1500 3715 1733 3787 poterit,
1765 3716 1825 3769 in

173 3820 296 3875 quo
319 3803 441 3857 haec
475 3802 699 3874 legatur
727 3805 932 3876 Ignatii
967 3805 1251 3861 sententia
1285 3823 1298 3861 :
1336 3823 1440 3861 nos
1473 3814 1660 3860 autem
1710 3804 1826 3876 epi-

165 3891 388 3947 stolam
440 3893 512 3946 ad
573 3893 885 3960 Romanos,
947 3895 1073 3964 ejus
1137 3893 1373 3948 nomine
1461 3893 1826 3964 inscriptam,

166 3981 581 4051 producimus,
619 3982 720 4038 ubi
753 3982 854 4038 illa
913 3983 981 4038 de
1031 3983 1207 4038 verbo
1269 3984 1338 4038 ad
1390 3982 1626 4038 verbum
1660 3998 1824 4055 repe-

164 4074 340 4126 ritur.

283 4173 312 4237 §
344 4171 440 4224 III.
476 4172 724 4242 Reliquae
753 4171 954 4228 Παιιωί
983 4172 1326 4242 exceptiones
1355 4172 1709 4242 re/elluntur.

233 4279 452 4334 Eadem
487 4279 686 4350 itaque
745 4281 965 4334 ratione
1022 4279 1079 4334 id
1141 4277 1424 4334 refellitur
1477 4280 1634 4350 quod
1686 4278 1825 4334 dicit

159 4367 420 4424 Dallasus
438 4368 483 4402 ⁶⁸
509 4386 523 4425 :
552 4391 579 4418 ‹‹
605 4368 825 4424 Omnes
847 4368 1228 4424 videntfacile
1249 4369 1375 4424 ﬁeri
1398 4369 1756 4438 potuisse,ut
1776 4367 1826 4423 si

160 4458 322 4525 quod
356 4459 646 4529 ejusmodi
672 4458 953 4529 scriptum
976 4458 1253 4513 edidisset
1274 4459 1534 4530 Ignatius
1553 4483 1567 4525 ;
1585 4480 1612 4506 ››
1634 4458 1691 4512 in
1708 4475 1824 4529 quo

161 4564 340 4603 suam
366 4547 718 4602 sententiam
748 4547 1106 4617 exaraverit;
1162 4546 1220 4602 id
1272 4553 1329 4602 et
1376 4547 1434 4601 in
1462 4547 1660 4603 Irensi
1695 4563 1824 4602 ma-

160 4653 278 4692 nus
314 4637 561 4703 veniret,
596 4643 654 4692 et
684 4637 782 4692 diu
807 4642 941 4693 ante
961 4642 1162 4693 nostra
1196 4640 1460 4708 tempora
1515 4636 1821 4693 intercide-
1857 4673 1899 4737 Β

161 4732 271 4782 ret.
311 4748 340 4775 »
371 4725 612 4781 Nullum
657 4727 895 4799 quippe,
954 4727 1108 4798 quod
1171 4727 1552 4797 interciderit,
1608 4725 1821 4797 lgnatii

159 4816 460 4886 scriptum
487 4815 731 4870 Dallaeus
755 4816 1058 4888 assignare
1091 4815 1365 4888 potest,in
1390 4831 1504 4886 quo
1528 4814 1822 4871 sententia

155 4903 262 4959 illa
296 4903 472 4958 fuerit
502 4906 726 4976 scripta
754 4931 767 4970 ;
799 4908 899 4961 sed
936 4924 1040 4962 nos
1059 4905 1364 4977 epistolam
1386 4906 1456 4960 ad
1500 4905 1817 4971 Romanos,

159 4993 264 5047 ubi
299 5008 532 5062 semper
565 4994 810 5061 exstitit,
845 4993 1241 5065 assignamus.
1301 4995 1474 5048 Porro
1525 4998 1718 5049 autem
1773 4992 1823 5049 si

160 5081 305 5151 quid
344 5081 402 5134 in
435 5081 548 5136 hoc
579 5089 929 5154 argumento
959 5083 1038 5138 sit
1059 5082 1305 5147 roboris,
1339 5086 1494 5137 certe
1541 5097 1608 5138 eo
1641 5083 1822 5138 innu-

163 5187 339 5226 mera:
371 5171 753 5243 antiquorum
785 5174 1025 5229 Patrum
1059 5172 1499 5229 lucubrationes
1530 5173 1822 5239 excidant,

162 5277 407 5317 necesse
436 5262 686 5318 est.lllas
711 5263 930 5335 quippe
947 5280 982 5319 a
1007 5263 1390 5334 scriptoribus
1428 5261 1824 5318 celeberrimis

160 5349 328 5404 citari
367 5350 418 5404 si
450 5350 688 5419 dixeris,
718 5352 876 5406 illico
908 5356 1222 5423 reponetur
1277 5368 1393 5406 non
1452 5368 1570 5417 eas,
1606 5367 1731 5421 quae
1763 5349 1822 5404 in

158 5456 376 5496 manus
402 5455 636 5498 noeras
656 5444 1152 5513 pervenerint,sed
1182 5443 1347 5509 alias,
1386 5460 1512 5514 quae
1565 5442 1666 5497 diu
1690 5447 1824 5498 ante

165 5535 366 5585 nostra
391 5535 651 5601 tempora
687 5531 1110 5600 interciderint,
1170 5533 1242 5588 ab
1303 5531 1422 5587 illis
1472 5532 1704 5601 citatas,
1736 5530 1823 5586 vel

160 5619 374 5674 saltem
409 5620 578 5675 citari
613 5621 1044 5690 potuisse.Quis
1069 5625 1262 5676 autem
1287 5637 1402 5676 non
1423 5619 1617 5675 videat
1644 5636 1820 5690 quam

231 5717 536 5792 6‘iipagi‘z.
616 5717 661 5753 ⁸⁷
693 5735 819 5792 cap.
853 5719 944 5787 36,
971 5736 1027 5792 p.
1061 5719 1188 5777 452.
1267 5719 1316 5755 ⁸⁸
1349 5736 1473 5792 cap.
1509 5720 1603 5791 33,
1634 5737 1690 5791 p.
1725 5719 1848 5776 434,

161 5805 216 5859 p.
251 5789 419 5847 4315f
460 5789 508 5826 ⁷³
538 5806 667 5862 cap.
697 5789 789 5861 36’,
818 5807 876 5863 p.
910 5789 1036 5848 450.

1936 667 2176 723 aliena?

2009 776 2196 830 Instat
2223 779 2416 831 tamen
2450 777 2736 833 Dallzeus:
2769 778 2848 832 Ex
2879 777 3128 850 epistola
3159 781 3229 835 ad
3293 781 3584 838 Romanos

1935 864 2058 921 hac
2086 866 2256 922 verba
2287 869 2544 940 lgnatius
2575 886 2686 923 non
2715 868 2930 938 Romae,
2971 894 2990 919 α
3024 871 3126 926 sed
3190 871 3449 943 Smyrnae
3481 873 3580 928 diu

1936 959 2068 1009 ante
2101 972 2345 1028 agonem
2372 958 2622 1014 absurde
2646 962 2702 1013 et
2733 959 2928 1030 inepte
2954 959 3188 1029 scripsit
3220 958 3284 1016 ‘9.
3320 983 3347 1010 »
3366 961 3581 1016 Verum

1935 1044 2207 1115 quisquis
2264 1045 2416 1102 hanc
2470 1049 2734 1102 eamdem
2796 1047 3109 1119 epistolam
3179 1049 3375 1104 animo
3424 1051 3584 1106 falsis

1937 1133 2290 1204 praejudiciis
2325 1153 2440 1190 non
2474 1135 2707 1206 penitus
2741 1136 3030 1192 obcmcato
3066 1136 3296 1209 legerit,
3329 1138 3380 1193 is
3415 1139 3586 1195 facile

1938 1222 2254 1293 comperiet
2283 1223 2442 1279 illam
2477 1226 2546 1279 ad
2582 1225 2875 1282 Romanos
2939 1227 3201 1299 Smyrnae
3250 1228 3320 1283 ab
3357 1229 3582 1300 Ignatio

1936 1312 2241 1383 scriptam,
2277 1331 2393 1369 non
2425 1314 2521 1370 diu
2556 1319 2692 1370 ante
2750 1331 3031 1387 agonem;
3099 1317 3201 1372 sed
3262 1335 3394 1373 cum
3428 1319 3586 1374 dam-

1936 1405 2110 1456 natus
2142 1407 2295 1458 esset
2327 1404 2395 1457 ad
2432 1403 2670 1471 bestias,
2705 1411 2755 1460 et
2789 1405 3030 1460 Romam
3066 1405 3136 1460 ab
3186 1405 3302 1462 illis
3334 1408 3582 1478 jamjam

1938 1490 2308 1546 devorandus
2339 1493 2733 1549 contenderet.
2788 1493 2913 1548 Non
2968 1510 3103 1566 ergo
3161 1495 3414 1552 absurbe
3481 1515 3583 1553 nec

1939 1579 2154 1651 inepte,
2191 1582 2290 1637 sed
2324 1588 2479 1638 recte
2508 1586 2564 1638 et
2595 1582 2834 1640 omnino
2866 1585 3131 1656 apposite
3163 1586 3413 1641 Irenaeus
3435 1586 3587 1643 hanc

1937 1671 2151 1740 Ignatii
2183 1671 2487 1742 epistolam
2519 1673 2750 1728 citando
2783 1673 2974 1728 aiebat
3002 1674 3047 1709 7°
3082 1691 3096 1730 ε
3153 1699 3180 1725 ‹‹
3229 1676 3474 1740 Quidam
3514 1678 3586 1733 de

1940 1761 2158 1816 nostris
2189 1760 2354 1828 dixit,
2379 1766 2616 1833 propter
2647 1762 2993 1834 martyrium
3027 1765 3085 1820 in
3121 1770 3300 1820 Deum
3361 1765 3590 1836 adjudi-

1937 1855 2102 1906 catus
2136 1850 2206 1904 ad
2241 1850 2480 1918 bestias,
2515 1873 2543 1901 ››
2577 1856 2685 1907 etc.
3531 1846 3539 1856 ’

2456 1962 2514 2014 et
2545 1959 2736 2014 acrius
2767 1959 2949 2015 instat
2987 1959 3236 2016 Dallaaus
3296 1961 3581 2018 Irenaeum

1937 2046 2087 2101 hanc
2117 2046 2322 2115 Iguatii
2354 2050 2704 2103 sententiam
2735 2065 2803 2104 ex
2858 2048 3109 2120 epistola
3166 2052 3237 2105 ad
3293 2052 3586 2109 Romanos

1936 2151 2051 2190 non
2087 2134 2277 2191 solum
2310 2153 2424 2192 non
2458 2137 2808 2209 sumpsisse,
2843 2139 2942 2193 sed
2976 2155 3165 2209 neque
3222 2156 3455 2196 sumere
3487 2159 3585 2212 po-

1935 2225 2344 2298 tuisse.Neque
2374 2227 2430 2280 id
2464 2225 2560 2281 ille
2590 2227 2854 2298 quolibet
2874 2233 3238 2300 argumento,
3271 2233 3370 2285 sed
3429 2231 3586 2286 clara

1937 2320 1994 2370 et
2021 2315 2236 2372 invicta
2291 2315 2785 2372 demonstratione
2835 2334 2898 2373 se
2957 2317 3198 2388 probare
3246 2319 3584 2376 arbitratur.

1937 2403 2066 2459 Haec
2093 2408 2286 2459 autem
2321 2404 2538 2460 invicta
2569 2405 3010 2476 demonstratio,
3053 2424 3124 2462 ne
3183 2408 3322 2478 quid
3369 2408 3583 2464 virium

1937 2509 2175 2548 suarum
2202 2493 2720 2565 amittat,ejusdem
2744 2495 2935 2550 verbis
2954 2498 3330 2568 proponenda
3351 2503 3458 2553 est.
3490 2499 3587 2554 Ait

1935 2583 2126 2653 itaque
2149 2582 2192 2617 7‘
2216 2599 2420 2638 omnes
2450 2600 2597 2654 quas
2626 2583 2879 2639 diximus
2939 2601 3066 2641 esse
3117 2585 3326 2654 Ignalii
3367 2589 3581 2658 episto-

1934 2677 2064 2731 tas:
2092 2694 2118 2722 ‹‹
2146 2671 2360 2727 Irenaeo
2384 2672 2554 2743 plane
2575 2672 2804 2743 ignotas
2830 2674 3027 2730 fuisse.
3061 2674 3317 2737 Quarum
3362 2677 3585 2733 scilicet

1935 2761 2290 2816 testimoniis
2323 2762 2602 2816 adversus
2633 2761 2956 2830 hrrreticos,
2986 2779 3130 2832 quos
3162 2762 3393 2830 refellit,
3421 2765 3583 2820 lucu-

1937 2851 2280 2906 lentissimis
2299 2866 2362 2906 ac
2385 2850 2791 2907 disertissimis
2821 2868 3114 2923 nusquam
3137 2870 3277 2909 usus
3300 2855 3586 2923 reperitur

1938 2940 1996 2994 in
2024 2943 2144 2994 toto
2167 2940 2445 2995 adversus
2486 2939 2734 2996 haereses
2787 2956 2998 3012 opere;
3047 2943 3278 2998 tametsi
3327 2942 3584 3014 plurima

1938 3029 2158 3102 passim
2188 3028 2313 3084 loca
2345 3028 2461 3083 illic
2489 3033 2824 3098 occurrant,
2856 3031 2913 3084 in
2947 3030 3160 3101 quibus
3185 3032 3496 3089 utilissime
3517 3051 3584 3090 ac

1937 3134 2083 3189 pene
2113 3118 2440 3174 necessario
2467 3118 2536 3172 ab
2585 3127 2816 3174 auctore
2846 3119 3177 3174 adhibenda
3209 3125 3394 3189 erant,
3437 3122 3486 3177 si
3517 3139 3586 3178 ea

1937 3208 2167 3278 cognita
2194 3207 2516 3262 habuisset.
2546 3228 2574 3256 »
2605 3210 2789 3278 Atque
2819 3208 2927 3264 hoc
2969 3208 3113 3264 illud
3144 3215 3234 3265 est
3264 3227 3582 3282 argumen-

1807 3306 1820 3376 ζ
1855 3309 1897 3376 C
1937 3299 2083 3364 tum,
2117 3295 2271 3366 quod
2301 3294 2552 3351 Dallaaus
2582 3295 2795 3350 claram
2829 3296 3180 3352 etinvictam
3215 3299 3582 3356 demonstra-

1937 3385 2154 3441 tionem
2189 3385 2462 3456 appellat.
2497 3385 2608 3440 Sed
2645 3385 2797 3440 bunc
2837 3387 3108 3442 eumdem
3163 3387 3458 3456 Dallteum,
3494 3389 3580 3444 lo-

1934 3475 2074 3546 gicee
2124 3480 2181 3528 et
2223 3473 2536 3529 dialecticae
2585 3473 3096 3542 callentissimum,
3147 3479 3432 3534 miramur
3486 3478 3586 3534 hic

1935 3581 2048 3620 non
2087 3563 2421 3619 meminisse
2451 3563 2511 3618 in
2543 3562 2699 3619 clara
2730 3569 2784 3619 et
2825 3563 3040 3621 invicta
3082 3567 3584 3623 demonstratione

1934 3652 2130 3708 omnia
2159 3667 2284 3708 esse
2314 3653 2525 3707 debere
2554 3657 2733 3718 certa,
2774 3653 2986 3709 invicta
3015 3658 3073 3709 et
3113 3655 3349 3711 omnino
3380 3673 3584 3711 neces-

1934 3741 2100 3798 saria.
2135 3741 2220 3796 Ad
2248 3757 2418 3796 suam
2462 3757 2598 3810 ergo
2647 3741 2862 3796 claram
2915 3745 2973 3796 et
3021 3741 3294 3799 invictam
3346 3744 3582 3800 demou-

1935 3831 2279 3888 strationem
2309 3829 2356 3863 72
2395 3830 2836 3896 conficiendam,
2889 3832 3000 3901 ipsi
3053 3833 3575 3889 demonstrandum

1934 3926 2076 3990 erat,
2114 3921 2324 3993 Ignatii
2358 3919 2688 3976 testimonia
2719 3937 2833 3976 non
2867 3924 3093 3975 tantum
3128 3945 3153 3971 ‹‹
3181 3923 3493 3979 utilissime
3513 3941 3578 3979 ac

1935 4030 2081 4084 pene
2107 4011 2504 4079 necessario,»
2539 4011 2638 4064 sed
2675 4009 2845 4081 plane
2877 4010 3227 4082 penitusque
3249 4015 3578 4069 necessario

1933 4103 2114 4157 fuisse
2145 4099 2496 4156 adhibenda.
2532 4102 2747 4153 Verum
2782 4098 3067 4170 quidquid
3102 4100 3178 4154 sit
3208 4101 3277 4155 de
3309 4109 3473 4156 certa
3523 4107 3582 4158 et

1932 4190 2160 4245 invictae
2191 4187 2702 4244 demonstrationis
2734 4188 2987 4254 nomine,
3018 4188 3087 4242 ad
3105 4189 3222 4243 vim
3247 4190 3581 4260 argumenti

1935 4279 2328 4335 attendamus.
2366 4276 2513 4332 Illud
2548 4281 2742 4332 autem
2777 4294 2890 4332 non
2913 4277 3108 4332 minus
3132 4282 3332 4333 contra
3361 4278 3580 4350 ipsum-

1936 4373 2054 4425 met
2083 4369 2384 4435 Dallzeum,
2420 4384 2596 4439 quam
2631 4372 2829 4422 contra
2863 4383 2968 4422 nos
3009 4368 3240 4426 militat.
3294 4369 3581 4441 Epistolas

1934 4457 2222 4529 siquidem
2244 4456 2560 4512 nonnullas
2584 4456 2656 4510 ab
2670 4457 2892 4527 Ignatio
2915 4460 3115 4513 nostro
3131 4457 3380 4528 scriptas
3398 4458 3579 4514 fuisse

1935 4547 2030 4602 ille
2061 4546 2210 4602 ultro
2241 4545 2548 4622 concedit?
2579 4568 2605 4595 ‹‹
2643 4545 2782 4610 Quis
2813 4547 2991 4611 enim,
3025 4547 3217 4619 inquit
3245 4545 3311 4616 ⁷³,
3345 4552 3465 4602 tam
3496 4549 3581 4602 fa-

1934 4640 2071 4692 tuus
2101 4640 2208 4703 est,
2243 4640 2309 4690 ut
2328 4652 2462 4690 eum
2487 4635 2796 4707 scripsisse
2819 4636 3047 4707 aliquas
3074 4637 3328 4708 negat?»
3349 4641 3582 4693 Fatetur

1932 4727 2103 4781 etiam
2136 4726 2370 4780 easdem
2401 4723 2587 4780 fulsse
2619 4746 2647 4774 «
2681 4724 2753 4779 ad
2801 4740 2922 4780 rem
2969 4725 3366 4782 Christianam
3416 4726 3584 4782 valde

1936 4816 2132 4882 utiles,
2167 4837 2194 4864 «
2239 4815 2482 4887 proinde
2539 4813 2792 4884 plurima
2846 4813 2905 4868 in
2962 4815 3046 4870 eis
3102 4815 3397 4871 exstitisse
3454 4814 3582 4873 loca

1933 4909 2140 4961 contra
2166 4903 2361 4959 varios
2393 4903 2706 4974 Ignatianaa
2729 4901 2912 4957 aetatis
2935 4903 3260 4970 haereticos,
3294 4921 3440 4975 quos
3467 4907 3581 4960 Ire-

1933 5012 2095 5051 naeus
2127 4999 2325 5066 postea
2357 4992 2585 5048 refellit.
2612 4993 2786 5048 Porro
2806 4993 3006 5049 eadem
3032 4992 3202 5065 plane
3223 4996 3583 5052 demonstra-

1933 5085 2108 5148 tione,
2141 5099 2312 5153 quam
2345 5081 2561 5135 claram
2595 5085 2652 5134 et
2682 5080 2956 5137 invictam
3002 5081 3252 5138 Dallzeus
3299 5089 3489 5154 vocat,
3523 5085 3580 5140 id

1934 5174 2146 5229 falsum
2179 5188 2306 5228 esse
2337 5171 2421 5227 sic
2451 5169 2751 5225 evincitur.
2800 5174 2911 5225 Eas
2950 5171 3106 5226 enim
3158 5171 3419 5243 Ignatius
3467 5191 3582 5230 non

1935 5259 2482 5334 scripsitepistolas,
2507 5275 2755 5331 quarum
2774 5259 3112 5315 testimonia
3138 5260 3388 5317 Irenaaus
3404 5263 3458 5317 in
3477 5280 3584 5319 suo

1933 5352 2210 5408 Adversus
2241 5351 2466 5406 haereses
2515 5365 2686 5421 Opere
2724 5351 2928 5404 contra
2986 5365 3105 5417 cos,
3168 5365 3314 5420 quos
3370 5350 3585 5408 refellit

1936 5443 2235 5497 heereticos
2269 5458 2382 5496 non
2415 5439 2703 5495 adhibuit.
2739 5442 2927 5508 Atque
2960 5438 3210 5493 Ireuaeus
3236 5439 3394 5494 nulla
3411 5441 3582 5496 testi-

1936 5530 2133 5586 monia
2163 5547 2232 5586 ex
2262 5530 2334 5584 iis
2366 5528 2651 5600 epistolis,
2684 5545 2829 5598 quas
2852 5525 3106 5582 Dallaeus
3134 5528 3423 5599 Ignatium
3444 5530 3587 5585 scri-

1933 5618 2123 5691 psisse
2153 5618 2427 5686 afﬁrmat,
2461 5617 2520 5671 in
2553 5633 2659 5672 suo
2690 5618 2968 5671 adversus
2989 5615 3237 5672 haereses
3257 5633 3427 5688 opere
3441 5635 3585 5676 con-

1942 5718 1988 5754 ⁸9
2017 5735 2144 5790 cap.
2175 5719 2266 5787 33,
2299 5734 2356 5789 p.
2385 5717 2514 5773 436.
2615 5715 2662 5752 ⁷ο
2689 5715 2830 5770 Ibid.
2938 5713 2981 5752 ⁷¹
3015 5716 3155 5772 Ibid.
3256 5717 3301 5752 ’⁸³
3330 5733 3459 5790 cap.
3491 5720 3582 5790 33,
