3942 6302
357 390 474 449 487

1421 388 1485 448 S.
1533 382 1927 446 IGNATIUS.
1975 410 2054 424 —-
2094 374 2717 439 PROLEGOMENA.

3656 375 3775 434 ‘88

355 528 443 579 tra
472 523 803 578 confutatos
860 538 891 575 a
949 537 1010 576 se
1066 519 1364 576 haereticos
1408 520 1695 575 adhibuit.
1729 519 1877 589 Ergo
1911 518 1993 571 his
2028 533 2079 595 Α
2111 518 2228 570 Hoc
2261 512 2461 583 itaque
2487 507 2886 566 testimonium
2909 507 3198 580 Origenis,
3233 508 3374 579 quia
3404 507 3556 564 illud
3589 510 3766 567 annis

355 613 610 685 epistola:
634 613 679 668 ei
717 613 885 683 plane
917 611 1227 682 incognitae
1269 613 1521 665 fuerunt.
1557 612 1704 682 Ergo
1737 608 2002 681 Ignatius

357 703 510 770 illas,
545 703 830 775 quidquid
866 701 1112 756 Dallaeus
1145 700 1373 768 dixerit,
1408 717 1540 755 vere
1570 717 1683 754 non
1739 697 1997 768 scripsit.

360 794 483 857 Qua
514 798 706 848 autem
767 792 1145 861 responsione
1204 791 1311 846 hoc
1371 797 1775 862 argumentum
1821 787 2003 843 solvet

359 881 628 950 Dallaeus,
662 882 861 936 eadem
898 887 954 935 et
985 897 1090 936 nos
1149 879 1365 936 claram
1427 885 1481 934 et
1530 879 1805 935 invictam
1842 876 1998 931 illius

359 969 918 1026 demonstrationem
951 973 1268 1024 solvemus.

425 1063 695 1116 Attamen
728 1058 1005 1115 Dallaeani
1038 1059 1362 1129 argumenti
1397 1058 1741 1113 solutionem
1775 1056 1845 1111 ab
1873 1054 1997 1126 ipso

358 1167 470 1205 non
504 1153 930 1222 exspectamus.
967 1149 1415 1220 Respondemus
1440 1148 1596 1202 enim
1628 1145 1841 1201 falsum
1870 1159 2000 1200 esse

354 1239 414 1293 in
448 1238 654 1310 Ignatii
688 1238 957 1309 epistolis
989 1237 1245 1308 plurima
1277 1252 1580 1292 occurrere
1611 1234 1893 1305 loca,quie
1925 1233 1996 1289 ab

354 1330 569 1383 Irenaeo
591 1328 648 1381 in
678 1344 783 1383 suo
806 1327 953 1382 libro
976 1328 1246 1382 Adversus
1277 1327 1504 1381 haereses
1528 1324 1996 1380 adhibendat‘ue-

357 1416 628 1472 rint.Non
652 1416 855 1471 debuit
881 1416 1175 1486 siquidem
1214 1421 1466 1470 lrenaaus
1497 1432 1562 1470 ea
1594 1414 1786 1486 potius
1828 1411 1999 1468 adhi-

356 1506 694 1577 bere,quam
728 1506 842 1560 alia
867 1506 1226 1571 testimonia,
1258 1521 1382 1577 quae
1415 1505 1634 1577 passim
1684 1506 1999 1559 occurrunt

356 1594 417 1648 in
449 1594 693 1665 epistola
725 1594 1018 1664 Barnabm,
1053 1594 1110 1648 in
1144 1594 1425 1666 apologiis
1457 1593 1731 1657 Quadrati
1763 1596 1819 1649 et
1869 1591 1994 1646 Ari-

355 1683 549 1752 stidis,
573 1682 630 1736 in
663 1682 899 1754 scriptis
943 1681 1280 1752 Apollinarii
1336 1682 1827 1754 Hierapolitarum
1875 1680 1996 1751 epi-

355 1772 538 1844 scopi,
574 1773 865 1844 Agrippaa,
895 1772 1205 1840 Melitonis,
1241 1773 1615 1844 Athenagorae
1631 1772 1998 1842 aliorumque

359 1861 820 1934 quamplurium,
851 1861 952 1932 qui
982 1861 1277 1917 haereticos
1310 1879 1457 1933 quos
1493 1863 1744 1917 [renisus
1765 1860 1994 1928 refellit,

2113 603 2345 659 circiter
2376 606 2608 656 centum
2643 605 2698 656 et
2727 599 3118 671 quadraginta
3146 607 3273 669 post
3305 598 3514 670 Ignatii
3561 617 3767 656 necem

2111 691 2345 762 scriptis
2376 689 3040 758 trodebat,frustaneum
3076 688 3183 743 erit
3213 687 3241 742 ?
3262 688 3404 752 Quid
3437 688 3624 759 igitur
3674 689 3772 743 ﬁet

2110 783 2180 838 de
2216 787 2299 837 tot
2330 780 2877 852 antiquissimorum
2913 783 3150 833 Patrum
3211 783 3268 832 et
3325 778 3683 834 testimoniis
3715 784 3772 834 et

2108 870 2638 937 lucubrationibus,
2671 885 2919 940 quorum
2955 869 3049 922 vix
3093 867 3325 922 duobus
3375 872 3506 939 post
3562 885 3771 923 eorum

2111 968 2355 1016 mortem
2386 958 2617 1014 saeculis
2647 956 2857 1013 alicubi
2893 957 3047 1012 facta
3097 960 3187 1012 est
3233 957 3444 1011 mentio
3470 956 3497 1010 ‘2
3549 957 3773 1013 Deinde

2108 1050 2331 1124 pistola:
2355 1049 2666 1123 Ignatii,ut
2689 1048 2965 1117 diximus,
3000 1047 3058 1102 in
3091 1047 3473 1103 ecclesiarum
3523 1048 3766 1104 scriniis

2105 1140 2683 1209 asservabantur,ubi
2704 1155 2799 1195 eas
2824 1138 3104 1210 Origenes
3133 1142 3189 1193 et
3209 1137 3419 1208 legere,
3453 1142 3510 1194 et
3539 1137 3766 1194 exscri-

2107 1234 2260 1302 bere,
2287 1236 2344 1288 et
2372 1232 2542 1302 cujus
2574 1233 2774 1286 essent
2804 1234 2957 1284 certo
2991 1227 3207 1283 certius
3257 1227 3481 1283 edoceri
3538 1228 3762 1299 potuit.

2106 1321 2258 1388 Quid
2288 1337 2448 1394 ergo,
2482 1318 2530 1375 si
2562 1319 2684 1374 haec
2712 1318 2883 1374 annis
2936 1318 3038 1372 140
3097 1323 3228 1390 post
3272 1316 3478 1389 Ignatii
3511 1322 3766 1374 mortem

2107 1428 2168 1468 se
2201 1411 2544 1484 praestitisse
2569 1411 2843 1479 afﬁrmet,
2869 1425 3067 1464 serum
3099 1407 3206 1463 erit
3228 1411 3286 1463 et
3314 1407 3487 1463 inane
3519 1409 3653 1478 ejus
3685 1411 3765 1464 te-

2107 1501 2442 1558 stimonium
2465 1501 2493 1555 τ
2516 1502 2698 1567 Quam
2722 1515 2854 1556 vero
2879 1498 3024 1554 falsa
3047 1497 3123 1554 sit
3145 1499 3264 1554 haec
3299 1497 3599 1554 Dallaeanae
3662 1497 3766 1554 cri-

2105 1593 2247 1647 tices
2280 1591 2501 1662 regula,
2535 1589 2670 1645 inde
2701 1593 2857 1644 certo
2891 1587 3150 1660 colligas,
3183 1588 3335 1660 quod
3370 1586 3529 1643 ﬁlius
3561 1589 3760 1644 senior

2104 1699 2136 1736 a
2159 1685 2319 1752 patre
2344 1697 2446 1736 suo
2478 1680 2707 1736 seniore
2737 1681 3154 1734 testamentum
3188 1677 3383 1748 proavi
3418 1677 3513 1733 sui
3567 1678 3763 1749 potuit

2103 1771 2383 1843 accipere,
2418 1771 2571 1842 quod
2607 1774 2767 1842 pater
2817 1784 2958 1824 suus
3008 1768 3080 1822 ab
3125 1766 3280 1823 illius
3329 1766 3604 1823 similiter
3654 1783 3760 1822 avo

2102 1861 2330 1916 seniore
2353 1864 2671 1932 acceperat.
2705 1856 2982 1930 Nunquid
3017 1872 3153 1929 ergo
3184 1857 3230 1912 si
3268 1856 3424 1911 ﬁlius
3465 1855 3563 1912 ille
3595 1873 3760 1912 asse-

358 1931 746 2007 dissrtissime
776 1931 1137 2023 redarguunt
1167 1962 1216 2006 et
1250 1931 1611 2023 oppugnant.
1645 1951 1760 2006 Cur
1800 1954 1996 2005 autem
2030 1931 2074 1995 Β
2107 1954 2330 2005 ratase
2362 1931 2758 2020 repriesentari
2793 1946 2990 2018 proavi
3016 1946 3106 2001 sui
3133 1949 3566 2014 testamentum,
3601 1945 3760 2016 quod

360 2045 614 2096 Irenmus
647 2056 750 2094 nec
781 2040 879 2095 illa
910 2044 1107 2096 omnia
1137 2045 1221 2096 tot
1251 2046 1666 2112 tantorumque
1712 2040 1998 2106 virorum,

359 2145 462 2185 nec
485 2129 691 2200 Ignatii
727 2130 1055 2185 testimonia
1088 2129 1440 2196 adhibuerit,
1491 2131 1539 2185 si
1571 2147 1820 2201 quaeras,
1852 2129 1998 2184 ratio

361 2218 420 2274 in
456 2224 724 2291 promptu
759 2225 866 2276 est.
930 2224 1006 2274 Ex
1054 2221 1378 2275 innumeris
1437 2221 1732 2276 enimvero
1765 2225 1998 2274 Patrum

361 2307 503 2363 locis
523 2313 786 2380 quaedam
812 2309 1166 2380 paucissima
1189 2325 1322 2363 cum
1365 2308 1462 2363 ille
1507 2317 1702 2364 contra
1727 2309 1996 2377 haareses,

361 2414 506 2468 quas
538 2399 775 2467 refutat,
810 2397 1249 2460 citaverit,inde
1297 2396 1594 2469 colligitur
1637 2396 1793 2452 aliud
1835 2413 1996 2464 sane,

361 2505 538 2560 quam
571 2505 636 2544 ex
670 2489 944 2544 continua
973 2488 1205 2542 Patrum
1238 2487 1550 2544 traditione
1607 2489 1857 2544 haereses
1903 2504 1998 2542 ex-

358 2577 657 2650 pugnandi
693 2579 872 2633 l‘uisse
902 2577 1060 2632 illius
1095 2577 1476 2648 propositum.
1512 2582 1577 2632 Et
1621 2594 1754 2633 vero
1815 2593 2000 2648 pauca

356 2666 764 2720 tantummodo
823 2669 1058 2718 Patrum
1122 2664 1246 2719 loca
1307 2664 1433 2719 ideo
1493 2664 1709 2730 retulit,
1742 2664 1829 2718 vel
1861 2662 2000 2734 quia

357 2755 470 2826 ipsi
502 2761 668 2810 erant
699 2755 768 2809 ad
799 2771 1062 2824 manum,
1095 2753 1179 2809 vel
1213 2754 1350 2824 quia
1380 2755 1715 2810 earumdem
1764 2754 1997 2809 Patrum

357 2845 574 2915 scripta
604 2844 890 2900 haereticis
924 2859 1132 2916 magno
1163 2849 1328 2899 erant
1355 2843 1414 2899 in
1466 2845 1673 2915 pretio,
1697 2843 1851 2899 sicut
1889 2847 1999 2898 Po-

355 2933 572 3005 lycarpi
633 2933 880 3006 epistola
941 2933 1216 2988 Florino:
1285 2933 1373 2988 vel
1423 2935 1672 3004 denique
1729 2931 1858 2988 aliis
1927 2933 1999 2986 de

353 3023 549 3079 causis
581 3039 649 3079 ex
678 3029 960 3096 tempore,
995 3040 1110 3094 quo
1171 3023 1480 3090 scribebat,
1516 3028 1615 3079 aut
1667 3040 1734 3078 ex
1774 3039 1880 3079 suo
1910 3021 1997 3078 vel

353 3112 814 3169 adversariorum
850 3113 1084 3184 ingenio
1117 3113 1338 3184 petitis.

983 3220 1215 3275 CAPUT
1272 3220 1362 3275 Vl.

2106 2042 2272 2110 pater
2300 2038 2428 2108 ejus
2460 2039 2530 2093 ab
2563 2053 2665 2092 avo
2697 2052 2757 2092 se
2799 2035 3094 2107 accepisse
3137 2036 3458 2091 certissime
3500 2035 3760 2089 alﬁrma-

2106 2129 2227 2196 bat,
2253 2143 2449 2183 serum
2477 2127 2588 2181 erit
2617 2131 2674 2182 et
2705 2126 3094 2182 trustraneum
3121 2124 3280 2180 illius
3300 2124 3706 2180 testimonium
3732 2123 3760 2176 ‘I

2104 2220 2312 2276 Nullus
2344 2226 2495 2277 certe
2526 2220 2584 2274 id
2609 2220 2849 2288 dixerit;
2875 2218 3140 2290 quamvis
3163 2217 3361 2291 plures
3386 2218 3444 2273 in
3469 2218 3578 2273 hoc
3603 2223 3754 2272 temo

2105 2311 2263 2384 poris
2294 2310 2610 2380 intervallo,
2639 2327 2817 2382 quam
2850 2310 2985 2366 anni
3019 2309 3247 2365 circiter
3268 2314 3501 2364 centum
3526 2313 3583 2364 et
3605 2325 3754 2380 qua-

2104 2401 2373 2473 draginta
2402 2401 2549 2456 elabi
2588 2400 2906 2472 potuerint.
2948 2399 3084 2463 Quis
3117 2403 3309 2455 autem
3366 2400 3585 2454 abnuat
3634 2397 3759 2468 epi-

2105 2490 2287 2546 stolas
2321 2490 2549 2562 lgdatii,
2573 2508 2702 2562 qu:e
2725 2507 2954 2546 sacrum
2980 2489 3124 2545 tanti
3148 2488 3416 2560 martyris
3437 2491 3760 2543 testamen-

2105 2584 2229 2635 tum
2256 2587 2439 2649 erant,
2476 2582 2574 2636 uni
2605 2581 2848 2638 etalteri
2881 2581 3134 2653 probatae
3169 2580 3303 2634 ﬁdei
3325 2580 3445 2634 viro
3479 2579 3549 2633 de
3577 2594 3758 2632 manu

2105 2669 2164 2725 in
2189 2687 2426 2726 manum
2451 2670 2988 2744 traditas,poluisse
3011 2671 3082 2725 ab
3107 2669 3204 2725 illo
3228 2669 3547 2740 posteriore
3577 2666 3761 2722 alicui

2103 2759 2378 2831 deinceps
2411 2760 2488 2815 ita
2537 2759 2901 2825 transmitti;
2951 2763 3014 2814 ut
3062 2759 3156 2814 hic
3210 2775 3309 2813 eas
3361 2756 3580 2827 Ignatio
3630 2772 3766 2811 vere

2103 2849 2353 2920 scriptas
2386 2847 2567 2904 fuisse
2593 2849 2752 2904 omni
2775 2847 3203 2904 asseveratione
3234 2847 3531 2902 afﬁrmare
3563 2849 3766 2917 potue-

2103 2937 2223 2993 rit?
2251 2938 2366 2994 Nec
2399 2953 2597 2994 serum
2632 2937 2808 3010 igitur
2849 2955 2954 2993 nec
3005 2938 3400 2993 frustraneum
3447 2935 3557 2990 erit
3599 2933 3761 2988 illius

2102 3027 2530 3083 testimonium.

2174 3116 2387 3172 Verum
2409 3117 2671 3189 pressius
2701 3133 3014 3188 urgeamus
3050 3115 3350 3183 Dallmum,
3403 3122 3586 3187 atque
3619 3130 3758 3169 eum

2105 3207 2215 3263 sibi
2249 3206 2358 3278 ipsi
2378 3223 2492 3262 non
2521 3207 2712 3263 solum
2741 3206 3160 3278 contradicere,
3185 3207 3286 3262 sed
3309 3206 3556 3278 ipsomet
3578 3203 3758 3259 etiam

351 3326 750 3366 ARGUMENTUM
793 3326 1092 3372 QUARTUM,
1126 3326 1193 3363 Ex
1234 3324 1492 3364 031(33le
1526 3324 1868 3364 ΤεετιΜοΝιο
1900 3325 1995 3364 οε.
2027 3298 2077 3362 C
2107 3301 2248 3352 16316
2286 3313 2449 3353 veras
2482 3296 2688 3368 Ignatii
2717 3295 2992 3368 epistolas
3024 3297 3094 3351 ab
3117 3294 3350 3366 Origine
3373 3294 3534 3350 citari
3563 3297 3761 3348 osten-

423 3399 718 3451 BUMPTUM,
804 3399 880 3435 AB
980 3398 1458 3437 ADVERSARIORUM
1547 3397 1996 3437 EXCEPTIONIBUS

425 3470 787 3508 VINDICATUR.

352 3560 456 3632 §I.
491 3561 828 3631 Proponitur
857 3559 1229 3614 testimonium
1283 3560 1563 3629 Origenis,
1624 3565 1674 3616 et
1720 3579 1753 3615 (ι
1801 3561 1996 3632 prima

839 3634 1156 3702 exceptione
1186 3632 1519 3687 vindicatur.

421 3740 706 3794 Invictum
741 3741 934 3796 Irenaei
967 3741 1369 3797 testimonium
1431 3741 1641 3811 excipit
1678 3741 1995 3798 auctoritas

349 3831 636 3903 Origenis,
667 3831 1081 3904 quiepislolas,
1117 3849 1264 3904 quas
1321 3833 1711 3900 defendimus,
1771 3833 1996 3904 Ignatio

349 3923 572 3992 absque
605 3921 726 3976 ulla
746 3923 832 3977 vel
861 3921 1108 3977 minima
1141 3923 1505 3978 dubitatione
1539 3921 1994 3978 tribuit.lsenim

347 4011 523 4065 verba
555 4011 860 4082 Ignatii,ex
889 4012 1137 4083 epistola
1168 4013 1239 4066 ad
1272 4011 1552 4082 Ephesios
1593 4015 1879 4082 excerpta,
1913 4009 1997 4066 sic

345 4099 651 4155 laudat“:
691 4121 716 4151 α
745 4101 1055 4170 Eleganter
1085 4100 1144 4155 in
1195 4101 1499 4170 cujusdam
1555 4100 1823 4172 martyris
1872 4098 1990 4171 epi-

350 4189 500 4244 stola
515 4189 801 4260 scriptum
828 4190 1331 4261 rcperi,lgnatium
1353 4190 1480 4244 dico
1502 4191 1841 4261 episcopum
1881 4195 1994 4244 An-

348 4278 574 4333 tiochia:
599 4282 729 4348 post
753 4278 988 4333 Petrum
1015 4280 1361 4348 secundum,
1382 4279 1479 4350 qui
1507 4279 1565 4334 in
1596 4278 1996 4351 persecutione

355 4365 549 4422 Romae
570 4367 849 4437 pugnavit
871 4366 944 4421 ad
967 4367 1222 4423 bestias:
1252 4367 1576 4440 principem
1603 4368 1994 4438 saeculihujus

349 4453 526 4508 latuit
546 4455 848 4523 virginitas
875 4455 1090 4523 Mariae,
1112 4456 1276 4512 latuit
1300 4457 1794 4530 propter-Joseph,
1830 4480 1852 4508 ι
1883 4461 1992 4512 etc.

349 4541 605 4597 Dallaeus
636 4547 830 4598 autem
864 4545 999 4600 huic
1025 4546 1493 4603 luculentissima
1533 4547 1800 4619 Origenis
1831 4546 1993 4602 testi-

2103 3388 2333 3443 damus.
2368 3387 2644 3443 Concedit
2698 3386 2794 3442 ille
2851 3385 3162 3458 Origenem
3220 3386 3455 3442 laudare
3513 3384 3756 3456 quidem

2101 3477 2672 3550 Ignatiiepistolam,
2705 3477 2808 3533 sed
2861 3476 3068 3533 serius.
3116 3475 3216 3532 Vel
3269 3492 3405 3549 ergo
3455 3491 3648 3530 veram
3705 3477 3764 3529 et

2101 3566 2410 3637 genuinam
2439 3565 2647 3637 Ignatii
2673 3564 3094 3636 epistolam,vel
3120 3564 3512 3620 adulterinum
3537 3563 3761 3618 citavit.

2102 3656 2277 3727 Atqui
2303 3671 2369 3709 ex
2402 3655 2652 3726 ipsomet
2684 3655 2897 3711 Dallaao
2921 3672 2996 3711 ea:
3028 3671 3168 3725 quas
3200 3658 3367 3710 vocat
3391 3651 3762 3709 adulterinas

2103 3745 2313 3816 Ignatii
2348 3743 2643 3816 epistolas,
2667 3744 2839 3816 longe
2870 3750 3002 3817 post
3028 3743 3294 3817 Origenis
3321 3747 3563 3799 mortem
3589 3742 3763 3797 editae

2104 3833 2357 3889 fuerunt.
2396 3833 2671 3904 Origenes
2702 3851 2835 3904 ergo
2870 3851 2984 3889 non
3019 3833 3143 3901 has,
3177 3833 3277 3888 sed
3312 3848 3501 3888 veram
3533 3835 3592 3886 et
3622 3846 3760 3903 ger-

2104 3939 2339 3978 manam
2382 3922 2589 3993 Ignatii
2639 3921 2945 3994 epistolam
3000 3922 3219 3978 citavit.
3262 3922 3407 3993 Ergo
3459 3937 3574 3975 non
3625 3936 3762 3976 sera

2102 4022 2240 4070 sunt
2269 4016 2396 4084 ejus
2431 4013 2718 4086 praesidia,
2752 4030 2880 4086 quae
2903 4014 3028 4085 jam
3063 4013 3135 4069 ab
3174 4013 3339 4069 initio
3371 4013 3602 4068 stetisse
3653 4027 3758 4068 nec

2101 4119 2263 4159 cesse
2292 4106 2398 4160 est.

2100 4212 2128 4278 §
2159 4210 2232 4265 Il.
2266 4211 2559 4282 Ite/utatur
2586 4212 2825 4267 secunda
2851 4211 3228 4279 exceptiombi
3263 4207 3530 4266 homilias
3563 4211 3758 4278 Orige-

2172 4282 2262 4337 nis
2291 4288 2351 4336 in
2383 4284 2582 4339 Lunam
2611 4285 2676 4338 ab
2699 4300 2759 4339 eo
2788 4283 3019 4354 scriptas
3068 4299 3186 4338 esse
3241 4283 3670 4348 demonstratur,
3707 4290 3761 4337 ει

2171 4354 2622 4410 adversariorum
2653 4355 3041 4424 obiectionibus
3071 4355 3461 4425 respondetur.

2173 4459 2332 4516 Patet
2362 4461 2542 4532 igitur
2573 4477 2749 4532 quam
2782 4478 2933 4518 vana
2963 4461 3229 4532 falsaque
3269 4459 3350 4515 sit
3381 4459 3571 4530 prima
3624 4457 3762 4514 Dal-

2101 4548 2190 4604 laei
2225 4551 2295 4605 ad
2329 4550 2594 4622 Origenis
2625 4551 3028 4606 auctoritatem
3058 4549 3401 4622 responsio:
3454 4549 3762 4604 videamus

353 4634 548 4737 monip
578 4632 691 4737 dnuo
714 4634 1218 4737 opponit,nnempe
1243 4638 1637 4734 frustraneum
1667 4635 1811 4734 illud
1846 4651 1992 4703 esse,
2025 4674 2074 4737 Β
2106 4658 2178 4696 an
2214 4641 2471 4696 secunda
2503 4640 2741 4712 majoris
2773 4641 2852 4698 sit
2882 4643 3158 4714 ponderis
3187 4645 3244 4696 et
3275 4639 3608 4697 soliditatis.
3641 4639 3759 4694 Ne-

351 4736 458 4776 nec
489 4721 560 4775 ab
593 4721 835 4792 Origene
869 4725 1214 4795 profectum.
1249 4729 1360 4778 Cur
1390 4741 1525 4795 ergo
1581 4723 1688 4778 viri
1739 4726 1994 4780 omnium

351 4808 523 4881 longe
555 4810 940 4867 eruditissimi
973 4813 1397 4878 testimonium,
1433 4813 1490 4866 in
1524 4811 1618 4866 bis
1663 4828 1792 4883 quae
1841 4821 1992 4869 certo

351 4897 479 4969 ipse
501 4915 850 4970 cognoscere
874 4906 1116 4972 poterat,
1153 4904 1545 4956 frustraneum
1571 4906 1659 4956 est
1684 4905 1706 4956 Ρ
1732 4903 1991 4973 Respon-

349 4988 866 5044 detDallmus7‘:«
893 4991 1132 5046 Frustra
1171 4989 1438 5061 Origenis
1495 4989 1767 5047 homilias
1822 4993 1992 5049 annis

349 5077 579 5132 circiter
599 5086 832 5135 centum
854 5085 909 5134 et
936 5080 1326 5150 quadraginta
1351 5085 1482 5150 post
1529 5080 1803 5136 ultimum
1846 5099 1997 5139 mar-

349 5167 493 5239 tyris
532 5169 741 5240 Ignatii
771 5173 1070 5225 certamen
1102 5169 1346 5238 scriptas
1377 5168 1998 5230 recitant...serasunt

353 5261 410 5310 et
434 5256 631 5312 inania
653 5257 1091 5329 lgnatianorum
1117 5256 1406 5328 praesidia,
1429 5275 1553 5330 quae
1576 5261 1700 5330 jam
1735 5262 1804 5316 ab
1828 5261 1995 5320 initio

350 5348 588 5404 stetisse
621 5364 856 5404 necesse
887 5353 997 5418 est,
1024 5348 1072 5404 si
1094 5352 1150 5403 et
1182 5365 1338 5403 nunc
1395 5354 1546 5405 stare
1604 5351 1837 5408 debent.
1861 5357 1994 5420 Quae

354 5435 507 5490 enim
541 5436 614 5492 ab
635 5437 800 5492 initio
827 5454 944 5492 non
971 5437 1375 5505 valuerunt,ea
1400 5439 1665 5496 homines
1691 5442 1998 5512 sapientis-

349 5522 483 5580 simi
519 5530 706 5582 tractu
741 5527 1024 5598 temporis
1057 5527 1458 5585 convalescere
1489 5546 1661 5602 posse
1693 5535 1930 5602 negant.
1967 5554 1995 5583 »

422 5693 472 5731 ἠ
503 5694 715 5752 Homil.
747 5699 802 5770 6,
829 5703 888 5753 in
915 5701 1046 5758 Luc.

2103 4734 2201 4801 gat
2229 4729 2325 4785 ille
2369 4730 2538 4797 hanc,
2589 4747 2768 4800 quam
2823 4729 3155 4798 laudamus,
3205 4729 3471 4800 aliasque
3518 4733 3760 4784 caeteras

2104 4820 2367 4889 ejusdem
2400 4819 2666 4891 Origenis
2698 4821 2757 4876 in
2792 4822 3000 4877 Lucam
3035 4819 3308 4876 homilias
3339 4822 3411 4874 ab
3446 4818 3573 4892 ipso
3624 4835 3762 4890 pro-

2105 4909 2287 4965 fectas
2315 4925 2461 4964 esse.
2511 4910 2576 4963 At
2619 4909 2730 4964 illae
2777 4909 2847 4965 ab
2898 4911 3174 4966 omnibus
3229 4907 3530 4964 catholicis
3582 4913 3762 4978 atque

2105 4997 2282 5052 etiam
2316 4997 2684 5054 heterodoxis
2717 5015 2850 5054 cum
2885 4999 3367 5071 protestantibus,
3396 5002 3518 5053 tum
3569 4995 3762 5053 Calvi—

2107 5085 2304 5155 nistis,
2338 5102 2451 5142 uno
2484 5088 2718 5159 excepto
2749 5090 3010 5160 ejusdem
3039 5089 3238 5145 Dallaei
3272 5090 3596 5155 defensore,
3629 5086 3763 5142 Ori-

2109 5175 2243 5247 geni
2276 5176 2672 5233 ascribuntur.
2711 5179 2840 5233 Haec
2870 5182 3066 5235 tamen
3087 5177 3363 5234 Dallaeum
3397 5179 3639 5247 ejusque
3660 5177 3765 5231 de-

2108 5265 2399 5321 fensorem
2425 5265 2569 5321 nihil
2596 5273 2920 5339 morantur,
2945 5275 3120 5340 atque
3143 5270 3342 5324 contra
3364 5282 3570 5321 omnes
3587 5264 3770 5320 etiam

2111 5355 2485 5411 doctissimos
2518 5357 2857 5428 scriptores,
2903 5359 3138 5413 easdem
3174 5355 3447 5413 homilias
3498 5354 3773 5427 Origenis

2110 5443 2312 5500 {cetum
2347 5463 2476 5501 esse
2508 5451 2846 5518 pernegant.
2880 5447 3102 5510 Quibus
3144 5464 3280 5519 ergo
3334 5445 3664 5501 rationibus
3711 5444 3773 5500 id

2110 5535 2468 5608 inﬁcientur,
2521 5537 2852 5594 audiamus.
2899 5539 3134 5605 «Sane,
3177 5536 3373 5609 inquit
3419 5536 3676 5594 Dallaeus
3699 5533 3772 5604 ⁷⁸,

1149 5704 1194 5740 ⁷⁸
1231 5720 1355 5778 cap.
1388 5705 1477 5771 34,
1511 5721 1566 5776 p.
1601 5705 1728 5763 438.
1803 5704 1849 5742 7°
1885 5723 2012 5780 cap.
2040 5708 2130 5778 34,
2175 5724 2304 5782 pag.
2339 5708 2463 5768 439.
