3942 6302
148 394 236 453 489

1030 388 1103 447 D.
1151 385 1481 450 NOURRII
1529 385 2082 454 DISSERTATIO.
2131 426 2206 442 -—
2251 396 2454 458 PARS
2502 395 2552 458 Ι.

3399 391 3517 453 490

149 532 301 582 totum
326 522 466 580 illud
496 520 873 579 homiliarum
905 520 965 577 in
987 521 1201 578 Lucam
1232 539 1380 595 opus
1414 523 1749 579 Latinorum
1782 527 1834 593 Α
1866 537 2061 585 menta
2091 531 2163 586 ab
2215 532 2343 605 ipso
2382 532 2565 590 Graeci
2594 529 2848 588 auctoris
2876 532 3037 586 textu
3066 526 3471 605 discriminate
3492 526 3520 582 ‘I

153 614 386 672 natalium
418 611 652 669 indiciis
686 615 883 668 scatet.
920 633 949 661 n
986 616 1264 683 Longum,
1315 616 1511 684 putas,
1543 612 1755 668 horum

155 706 475 775 indiciorum,
510 703 663 759 sicut
717 703 774 757 in
808 701 943 758 aliis
1001 701 1129 774 ipse
1184 707 1363 770 amat,
1423 701 1756 774 catalogum

160 794 345 851 texuit?
370 793 542 849 Nullo
577 792 782 848 modo:
825 808 926 848 sex
961 795 1188 846 tantum
1223 790 1460 846 illorum
1494 792 1760 864 exempla

155 885 358 950 exhibet,
388 900 515 955 quas
557 899 697 937 sane
728 882 865 952 quia
897 897 1002 937 nec
1035 880 1223 936 multa
1253 886 1394 936 sunt
1425 898 1530 937 nec
1560 881 1756 953 leuga,

155 976 209 1031 iis
258 972 645 1031 examinandis
702 971 1003 1045 paulisper
1052 971 1456 1029 immoremur.
1497 971 1757 1027 Primum

157 1064 441 1121 desumitur'
461 1080 530 1119 ex
572 1061 813 1118 homilia
841 1062 898 1117 5.
934 1082 962 1110 «
990 1061 1109 1133 Ego
1141 1065 1337 1116 autem
1366 1060 1566 1132 alogos
1599 1078 1754 1116 sum.

154 1156 281 1221 Quod
312 1155 433 1211 licet
484 1152 715 1208 Latinus
767 1150 934 1207 aliter
963 1150 1336 1221 expresserit,
1371 1155 1568 1205 tamen
1622 1167 1760 1222 pro-

156 1246 251 1315 prie
292 1242 579 1300 transferri
631 1245 824 1313 potest
868 1241 1069 1311 absque
1114 1255 1383 1309 sermone,
1415 1241 1537 1295 sine
1583 1240 1757 1295 ratio-

152 1349 221 1389 ne.
250 1356 273 1383 »
319 1334 644 1390 Secundum
677 1348 745 1387 ex
794 1328 1037 1385 homilia
1095 1333 1293 1384 sexta:
1328 1350 1356 1377 ‹‹
1391 1331 1523 1397 Ave,
1570 1330 1760 1401 gratia

155 1424 323 1493 plena:
372 1422 528 1494 quod
571 1424 765 1476 Graece
795 1419 1015 1474 dicitur
1068 1415 1507 1490 κεχαριτωμένη,
1543 1418 1643 1473 ubi
1699 1418 1756 1473 in

151 1512 417 1583 Scripturis
451 1510 591 1567 alibi
640 1509 901 1580 legerim,
936 1524 1051 1563 non
1085 1508 1373 1563 recordor.
1410 1528 1438 1557 »
1490 1508 1757 1563 Tertium

153 1618 206 1657 ex
255 1601 471 1657 homilia
504 1602 603 1657 16:
661 1620 690 1649 ‹‹
721 1599 977 1654 Cadaver
1007 1596 1222 1669 quippe
1284 1616 1316 1651 a
1350 1612 1490 1652 casu
1547 1613 1758 1653 nomen

152 1691 348 1761 accepit.
382 1713 407 1741 »
433 1693 719 1757 Quartum
753 1705 820 1743 ex
854 1687 1154 1755 homil.22,
1191 1687 1291 1741 ubi
1323 1686 1601 1759 Origenes
1635 1686 1758 1742 haec

149 1782 310 1848 verba,
340 1803 365 1831 ‹‹
394 1783 692 1836 vertantur
721 1778 780 1834 in
811 1776 1059 1848 lapides,
1096 1796 1125 1825 δ)
1154 1776 1426 1831 edisserit
1457 1792 1470 1832 :
1509 1797 1538 1826 «
1573 1780 1760 1847 Roga-

153 1874 245 1936 tur,
272 1870 465 1943 inquit,
505 1871 674 1934 Deus,
710 1872 773 1922 ut
813 1865 1112 1937 paulisper
1138 1865 1637 1921 convertanturin
1674 1864 1761 1920 la-
1788 1895 1836 1959 Β

151 1960 319 2030 pides;
351 1961 451 2016 hoc
498 1960 652 2015 enim
685 1959 917 2014 Graecus
971 1973 1163 2012 sermo
1195 1957 1617 2025 signiﬁcantius
1662 1973 1757 2012 so-

154 2054 299 2103 nat.»
326 2050 596 2115 Quintum
632 2064 699 2103 ex
729 2045 934 2102 homil.
969 2045 1073 2101 35:
1130 2067 1159 2096 ‹‹
1193 2044 1316 2103 Non
1349 2061 1480 2100 cum
1514 2044 1759 2101 articulo

151 2139 433 2210 principem
471 2138 684 2211 posuit,
725 2153 797 2192 ne
827 2141 1050 2191 certum
1097 2136 1389 2190 videretur
1419 2137 1757 2192 ostendere:

151 2227 233 2281 sed
261 2227 375 2283 sine
423 2227 690 2297 articulo,
724 2234 784 2281 ut
815 2242 846 2281 e
896 2225 1165 2297 pluribus
1219 2240 1402 2279 unum
1432 2241 1559 2281 esse
1592 2242 1760 2280 mon-

148 2321 363 2373 straret:
395 2319 549 2390 quod
611 2318 763 2388 apud
798 2315 1027 2370 Graecos
1083 2314 1271 2384 magis
1319 2313 1696 2386 intelligitur.
1730 2335 1760 2364 »

150 2405 353 2463 Sextum
383 2424 448 2464 ex
476 2409 683 2464 eadem
719 2405 917 2463 homil.
947 2421 959 2459 :
986 2404 1424 2469 «Quadrantem
1449 2405 1536 2460 vel
1570 2405 1761 2461 novis-

145 2494 331 2551 simum
363 2498 654 2553 minutum
680 2515 692 2565 ;
730 2495 884 2568 quod
915 2497 1107 2550 Graece
1135 2498 1310 2550 tenue
1341 2493 1454 2549 dici
1488 2498 1700 2567 potest.
1728 2515 1755 2544 »

144 2582 328 2641 Verum
357 2587 425 2642 de
454 2587 567 2642 hoc
597 2602 840 2641 numero
874 2584 1110 2639 tertium
1137 2582 1471 2654 exemplum
1508 2584 1630 2639 tolli
1662 2586 1762 2639 de-

140 2671 253 2741 bet;
299 2676 537 2731 Latinus
568 2676 723 2730 enim
781 2674 1071 2744 interpres
1106 2672 1279 2727 verba
1311 2673 1507 2727 Graeca
1561 2677 1765 2744 πτῶμα

138 2758 221 2834 γὰρ
256 2761 353 2817 ἀπὸ
382 2765 646 2824 πτώσεως
706 2760 945 2835 λέγεται,
978 2761 1070 2817 his
1105 2761 1323 2817 Latinis
1356 2761 1572 2833 optimo
1631 2762 1765 2817 red-

139 2848 295 2906 didit:
330 2875 349 2901 ι
383 2854 639 2910 Cadaver
685 2854 905 2924 quippe
953 2868 986 2907 a
1014 2866 1156 2907 casu
1190 2867 1403 2907 nomen
1457 2850 1699 2922 accepit.
1736 2872 1763 2900 »

140 2938 195 2993 In
222 2947 417 3011 quarto
463 2944 638 2999 etiam
695 2941 963 3012 exemplo
1010 2940 1156 2996 nihil
1190 2940 1464 3008 occurrit,
1506 2941 1664 3012 quod
1693 2941 1764 2995 ad

140 3025 381 3100 Origenis
402 3030 950 3103 interpretationem
972 3046 1087 3085 non
1112 3032 1421 3102 pertineat.
1447 3029 1595 3093 Quid
1617 3030 1768 3087 enim

140 3120 377 3186 prohibet
406 3121 730 3193 quominus
752 3120 822 3174 ab
854 3118 1101 3190 Origene
1128 3119 1397 3190 quaedam
1423 3119 1481 3173 in
1505 3119 1766 3175 Graecum

141 3205 295 3262 Exodi
324 3212 583 3277 verbum,
620 3226 737 3281 quo
768 3208 1078 3263 Hebraeum
1111 3207 1487 3273 reddebatur,
1521 3208 1639 3264 sint
1670 3210 1768 3264 ob-

1868 620 2139 678 Plurimae
2171 640 2311 680 sane
2360 624 2625 694 ejusdem
2656 621 2887 693 generis
2934 602 3263 675 additiones
3289 618 3347 674 in
3381 634 3517 690 ope-

1869 726 1998 765 rum
2031 712 2232 769 Irenwi
2264 715 2465 769 Latina
2489 712 2967 781 versione,quam
2992 713 3176 766 solam
3211 710 3512 777 habemus,

1868 806 2216 857 occurrunt:
2253 802 2450 858 nullus
2501 807 2697 857 tamen
2752 802 2809 855 in
2868 817 2999 856 eoa
3055 805 3248 854 Graec
3309 799 3514 855 Irenaai

1868 893 2029 945 textu
2086 891 2472 947 discernenda
2502 889 2790 945 haesitavit
2846 905 3131 960 unquam,
3163 893 3263 944 aut
3322 888 3507 944 falsus

1870 986 1979 1036 est.

1938 1071 2138 1140 Neque
2180 1068 2416 1137 dixeris,
2449 1069 2599 1140 quod
2635 1068 2682 1124 si
2737 1066 3050 1123 fatentibus
3083 1065 3273 1136 nobis,
3323 1065 3521 1136 aliqua

1868 1157 1939 1212 ab
1974 1157 2287 1229 interprete
2319 1160 2466 1215 facta
2497 1158 2616 1214 sint
2655 1156 3073 1223 additamenta,
3105 1156 3179 1210 ab
3211 1154 3310 1211 illo
3342 1155 3518 1211 etiam

1867 1262 1952 1313 ea,
1985 1263 2112 1317 qua:
2145 1265 2247 1318 pro
2280 1248 2487 1321 Ignatii
2518 1246 2784 1319 epistolis
2815 1246 3149 1313 citavimus,
3182 1245 3361 1301 textui
3395 1245 3518 1301 Ori-

1867 1334 2032 1405 genis
2065 1336 2241 1407 adjici
2274 1338 2553 1409 potuisse.
2587 1336 2733 1391 Nam
2766 1340 2990 1391 certum
3021 1339 3110 1390 est
3154 1334 3361 1389 harum
3396 1338 3513 1389 Ho-

1867 1423 2165 1480 miliarum
2194 1425 2570 1495 interpretem
2603 1442 2719 1480 non
2760 1440 2888 1479 esse
2923 1424 3223 1488 Ruﬁnum,
3250 1428 3314 1478 ut
3341 1422 3516 1478 Blon-

1867 1512 2056 1569 dellus
2088 1513 2467 1585 ariolabatur,
2502 1515 2600 1570 sed
2660 1514 3096 1583 Hieronymum,
3129 1512 3302 1567 sicuti
3360 1512 3515 1583 ipse-

1868 1607 1986 1659 met
2017 1603 2547 1676 Hieronymus7‘,et
2578 1604 2733 1658 idem
2762 1602 3013 1658 Ruﬁnus
3041 1600 3087 1637 7'
3107 1603 3369 1673 ejusdem
3394 1602 3519 1657 Hie-

1869 1692 2094 1763 ronymi
2138 1692 2326 1748 hostis
2360 1693 2799 1748 infensissimus
2848 1696 3155 1748 testantur.
3188 1692 3259 1745 At
3289 1695 3520 1746 constat

1867 1781 2282 1851 Hieronymum
2313 1798 2499 1852 pauca
2522 1782 2578 1835 in
2604 1781 2730 1836 suis
2755 1780 3238 1851 Origenianorum
3273 1796 3515 1851 operum

1868 1870 2235 1926 versionibus
2261 1870 2593 1937 addidisse;
2619 1887 2747 1941 quae
2766 1890 2796 1924 a
2820 1870 3029 1925 Ruﬁno
3056 1870 3334 1924 adnotata
3354 1875 3513 1926 sunt.

1869 1961 2231 2031 Quapropter
2258 1975 2393 2015 cum
2426 1959 2575 2014 inter
2604 1958 2705 2014 illa
2736 1958 3159 2026 testimonium,
3203 1958 3358 2029 quod
3388 1974 3511 2027 pro-

1866 2050 2134 2117 tulimus,
2159 2050 2399 2106 minime
2423 2055 2814 2115 recenseatur,
2839 2048 2981 2104 illud
3014 2065 3145 2104 vere
3167 2049 3239 2103 ab
3270 2048 3515 2121 Origene

1870 2140 2189 2212 profectum
2221 2155 2350 2196 esse
2407 2140 2541 2211 quis
2574 2156 2836 2210 unquam
2868 2138 2982 2193 nisi
3034 2142 3253 2193 temere
3281 2143 3338 2193 et
3368 2137 3515 2194 falso

1869 2245 2077 2299 negare
2106 2231 2318 2285 audeat
2338 2228 2365 2284 ?

1940 2319 2273 2375 Secundum
2307 2318 2504 2375 Dallaai
2564 2321 2951 2385 momentum,
2984 2334 3096 2389 quo
3146 2318 3255 2373 has
3284 2317 3343 2372 in
3406 2322 3520 2373 Lu—

1869 2424 1997 2463 cam
2029 2407 2313 2463 Homilias
2346 2407 2614 2480 Origenis
2644 2423 2774 2463 esse
2807 2412 2999 2478 negat,
3034 2406 3125 2462 his
3155 2406 3347 2462 verbis
3379 2423 3515 2461 con-

1869 2497 2085 2570 cipitur
2111 2498 2195 2552 ⁸⁰ε
2232 2519 2260 2547 ‹‹
2301 2499 2409 2552 Sed
2467 2502 2520 2553 et
2552 2499 2624 2553 ab
2659 2497 2786 2569 ipso
2817 2496 3084 2569 Origenis
3117 2496 3309 2568 genio,
3360 2512 3522 2552 more

1868 2605 1932 2644 ac
1964 2604 2143 2644 sensu
2195 2589 2465 2660 quaedam
2500 2592 2641 2643 sunt
2676 2590 2734 2643 in
2766 2588 2969 2644 eodem
3018 2603 3191 2659 Opere
3243 2587 3451 2643 aliena.
3488 2609 3516 2637 »

1867 2679 2031 2745 Quod
2092 2677 2326 2749 quidem
2362 2676 2575 2749 triplici
2633 2676 2857 2732 ratione
2888 2677 3195 2732 ostendere
3250 2681 3516 2732 conatur.

1869 2770 2086 2821 Harum
2120 2766 2307 2837 prima
2329 2770 2437 2833 est,
2471 2765 2756 2836 Spiritum
2790 2770 3061 2820 sanctum
3086 2764 3199 2820 dici
3230 2765 3461 2820 tertiam
3485 2782 3519 2820 a

1869 2856 2036 2911 Patre
2066 2860 2124 2910 et
2154 2853 2298 2911 Filio
2330 2870 2680 2926 personam:
2720 2876 2741 2906 ι
2776 2853 2905 2923 Qui,
2939 2854 3134 2926 inquit
3178 2851 3250 2920 ⁸1,
3278 2854 3361 2909 sic
3392 2853 3515 2910 dis-

1866 2946 2088 3001 tinctus
2141 2960 2405 3015 persona:
2456 2944 2516 2999 in
2565 2944 2778 2999 divinis
2835 2960 2993 3013 usus,
3046 2943 3118 2997 ab
3146 2943 3413 3015 Origene,
3470 2943 3520 2999 si

1868 3034 2014 3090 bene
2046 3032 2311 3100 memini,
2361 3032 2591 3088 alienus
2621 3036 2730 3088 est.
2765 3054 2794 3082 »
2824 3034 2931 3088 Sed
2986 3032 3130 3087 bene
3161 3049 3277 3088 non
3308 3033 3521 3088 memi-

1870 3124 1977 3193 nit,
2009 3130 2111 3179 aut
2153 3124 2300 3179 bene
2360 3139 2474 3178 non
2507 3121 2726 3195 legerat
2755 3121 2876 3177 haec
2931 3121 3199 3192 Origenis
3230 3123 3404 3178 verba
3432 3121 3511 3178 89’:

1870 3235 1898 3264 «
1931 3214 2046 3268 Nos
2078 3217 2269 3268 autem
2303 3211 2403 3283 qui
2442 3217 2561 3266 tres
2593 3226 2869 3281 personas
2902 3211 3143 3279 Patrem,
3197 3214 3252 3266 et
3283 3210 3517 3280 Filium,

140 3304 357 3366 servata,
383 3316 509 3371 quas
545 3260 655 3372 prd
682 3296 876 3354 officio
899 3313 1006 3352 suo
1038 3296 1327 3366 interpres
1363 3260 1563 3351 Latina
1594 3296 1767 3353 fecit?
1798 3260 1841 3326 Ο
1873 3307 2045 3372 atque
2074 3260 2360 3373 Spiritum
2389 3260 2660 3357 sanctulm
2714 3316 2845 3356 esse
2897 3260 3212 3355 credimus.
3248 3323 3277 3351 ››
3318 3260 3521 3372 Neque

141 3385 394 3444 Caeterum
441 3389 838 3445 concedamus
884 3384 1098 3441 Dallaao
1138 3384 1317 3439 verba
1347 3383 1448 3440 illa
1479 3401 1607 3456 quzo
1652 3402 1763 3457 pa-

138 3478 367 3533 renthesi
400 3478 481 3534 ibi
514 3477 896 3540 clauduntur,
919 3490 1049 3531 esse
1071 3474 1144 3528 ab
1166 3475 1486 3544 interprete
1511 3474 1760 3544 adjecta.

140 3564 385 3627 Quinimo
417 3566 799 3624 concedimus
830 3564 914 3619 illi
948 3565 1005 3619 in
1039 3567 1295 3634 quatuor
1322 3561 1455 3618 aliis
1485 3562 1763 3633 exemplis

138 3652 237 3709 alia
263 3673 386 3713 esse
416 3658 594 3713 verba
644 3655 882 3712 similia.
914 3654 1025 3710 Sed
1074 3669 1204 3708 cum
1238 3652 1526 3723 interpres
1572 3652 1672 3708 illa
1703 3656 1767 3709 ut

139 3745 392 3802 versionis
430 3765 550 3803 suae
615 3746 896 3801 rationem
956 3743 1238 3808 redderet,
1271 3740 1359 3797 vel
1392 3750 1452 3797 ut
1511 3742 1766 3798 auctoris

138 3834 213 3887 sui
246 3842 492 3893 mentem
546 3837 766 3891 clarius
799 3833 1071 3906 aperiret,
1104 3832 1189 3888 vel
1218 3836 1281 3886 ut
1311 3832 1385 3886 iis
1414 3831 1514 3902 qui
1572 3836 1765 3887 Graece

138 3925 474 3994 nesciebant,
508 3927 713 3982 omnia
756 3924 1014 3993 planiora
1048 3924 1258 3978 faceret
1287 3926 1344 3977 et
1385 3921 1765 3992 evidentiora,

140 4014 295 4070 textui
317 4016 589 4089 Origenis
616 4013 945 4085 adjicienda
961 4029 1089 4068 esse
1112 4010 1438 4083 putaverit;
1464 4010 1609 4066 nihil
1632 4010 1768 4067 inde

140 4112 314 4159 contra
345 4106 576 4161 Graecos
613 4105 792 4172 hujus
824 4101 1015 4172 operis
1050 4100 1273 4156 natales
1307 4100 1628 4171 quidquam
1650 4101 1769 4155 efﬁ-

140 4203 248 4246 cere
291 4199 560 4264 possunt.
598 4193 668 4248 Et
699 4208 758 4247 re
818 4191 1048 4262 quidem
1089 4205 1225 4244 vera
1258 4189 1316 4243 in
1366 4188 1574 4244 iisdem
1626 4188 1769 4244 locis

138 4280 314 4335 omnia
342 4282 703 4355 Origeniana
732 4285 888 4351 sunt,
922 4284 980 4335 et
1011 4278 1284 4334 Latinum
1324 4276 1563 4347 sapiunt
1591 4277 1770 4332 inter-

137 4373 354 4437 pretem.
391 4371 543 4427 Illud
573 4375 772 4426 autem
806 4386 875 4425 ex
932 4384 997 4424 eo
1040 4366 1376 4425 conﬁrmari
1410 4370 1601 4439 potest
1642 4371 1770 4421 tum

136 4459 269 4524 quod
299 4460 637 4515 additiones
669 4455 1037 4530 paucissimas
1073 4456 1189 4511 sint
1213 4475 1227 4523 ;
1252 4460 1379 4510 tum
1413 4454 1569 4525 quod
1592 4454 1774 4510 homi-

136 4540 204 4598 lia
230 4547 427 4616 quinta
472 4553 533 4604 et
562 4550 752 4617 sexta,
812 4546 965 4601 unde
1022 4546 1135 4600 duo
1193 4543 1362 4599 nobis
1414 4544 1776 4613 objiciuntur

136 4636 398 4708 exempla,
431 4652 789 4709 germanum
820 4635 1085 4707 Origenis
1117 4650 1267 4705 opus
1298 4648 1425 4688 esse
1448 4632 1584 4688 hinc
1611 4632 1771 4688 colli-

1872 3391 2048 3447 etiam
2080 3392 2225 3446 bene
2258 3388 2524 3445 meminit
2581 3389 2653 3444 ab
2683 3388 2886 3445 eodem
2919 3388 3165 3461 Origene
3222 3388 3519 3445 Christum

1876 3479 2015 3535 alibi
2043 3477 2321 3551 appellari
2347 3473 2595 3550 δεύτερον
2629 3476 2827 3547 Θεόν,‹‹
2842 3478 3169 3533 secundum
3201 3478 3383 3534 Deum
3403 3476 3522 3532 ⁸³.»

1876 3573 2074 3640 Neque
2132 3567 2370 3623 tandem
2403 3568 2549 3621 bene
2582 3567 2851 3621 meminit
2906 3566 3324 3638 Hieronymum
3375 3568 3523 3623 scri-

1877 3657 2065 3730 psisse
2089 3656 2160 3712 ad
2177 3655 2408 3711 Avitum
2440 3655 2509 3724 “,
2534 3655 2593 3709 in
2616 3654 2726 3712 hoc
2743 3655 3051 3726 Origenem
3076 3656 3519 3727 errasse,quod:

1878 3768 1906 3797 ‹‹
1938 3744 2200 3802 Tertium
2232 3743 2515 3814 dignitate
2545 3747 2602 3798 et
2630 3744 2848 3801 honore
2897 3749 3028 3815 post
3066 3743 3291 3800 Patrem
3321 3749 3379 3801 et
3430 3746 3519 3799 Fi-

1877 3836 2021 3892 lium
2054 3834 2263 3890 asserit
2292 3832 2568 3902 Spiritum
2599 3837 3012 3890 sanctum......
3045 3832 3254 3889 Filium
3287 3850 3521 3905 quoque

1879 3926 2165 3980 minorem
2226 3922 2413 3987 Patre,
2444 3937 2510 3977 eo
2542 3923 2697 3992 quod
2747 3922 3043 3977 secundus
3075 3923 3148 3977 ab
3178 3922 3279 3978 illo
3331 3923 3430 3989 sit,
3464 3928 3522 3979 et

1876 4014 2152 4084 Spiritum
2187 4014 2455 4067 sanctum
2488 4008 2821 4065 inferiorem
2844 4009 3052 4077 Filio,»
3087 4014 3195 4065 etc.
3219 4010 3326 4075 Qui
3358 4010 3517 4067 enim

1879 4102 2086 4159 asserit
2114 4099 2391 4172 Spiritum
2426 4105 2693 4155 sanctum
2724 4114 2852 4154 esse
2881 4099 3118 4154 tertium
3151 4099 3432 4168 dignitate
3463 4102 3521 4155 et

1879 4190 2340 4259 honore,Filium
2363 4205 2496 4245 vero
2530 4188 2856 4245 secundum
2889 4193 2945 4243 et
2970 4188 3133 4244 Patre
3165 4187 3522 4256 inferiorem,

1883 4284 1955 4339 ab
1986 4281 2084 4337 illo
2132 4296 2273 4337 sane
2304 4302 2333 4331 «
2364 4278 2679 4336 distinctus
2712 4294 2972 4351 personae
3017 4279 3075 4334 in
3120 4278 3333 4335 divinis
3385 4295 3529 4335 usus

1883 4372 2111 4429 alienus
2141 4391 2169 4421 »
2204 4387 2318 4426 non
2351 4373 2459 4425 est.

1953 4460 2217 4515 Secunda
2245 4457 2442 4514 Dallzsi
2475 4456 2620 4513 ratio
2664 4458 2903 4529 majoris
2936 4474 3051 4513 non
3083 4460 3173 4513 est
3212 4457 3487 4530 ponderis
3518 4472 3532 4513 :

1887 4570 1914 4600 ‹‹
1944 4548 2145 4620 Neque
2176 4547 2270 4602 hic
2298 4548 2446 4618 ejus,
2479 4550 2543 4601 ut
2575 4547 2801 4617 opinor,
2826 4547 3038 4618 inquit,
3066 4563 3193 4602 mos
3223 4551 3313 4602 est
3344 4561 3538 4619 perso-

1887 4654 2012 4708 nas,
2043 4637 2197 4709 quod
2231 4636 2339 4692 iste
2372 4653 2485 4691 non
2519 4635 2697 4691 semel
2721 4636 2881 4701 facit,
2909 4635 3186 4692 inducere
3216 4635 3421 4707 longos
3443 4635 3534 4691 vel

137 4730 313 4794 gatur,
360 4731 516 4801 quod
551 4728 929 4790 Ambrosius,
958 4729 1022 4780 ut
1051 4724 1189 4780 alibi
1221 4724 1477 4780 diximus
1507 4722 1576 4791 ⁷⁷,
1610 4723 1779 4795 plura
1888 4728 2042 4783 inter
2062 4743 2124 4783 se
2143 4726 2231 4782 vel
2252 4727 2406 4798 apud
2434 4725 2618 4781 Deum
2642 4742 2943 4781 sermones
2972 4730 3293 4781 serentes.»
3315 4726 3534 4782 Verum

138 4829 197 4868 ex
222 4816 302 4873 eis
330 4818 389 4873 in
439 4835 617 4875 suam
653 4815 951 4889 Evangelii
980 4815 1304 4872 secundum
1352 4814 1571 4870 Lucam
1602 4829 1777 4885 expo-

140 4902 392 4962 sitionem
426 4907 839 4963 transfuderit.

200 4993 614 5053 Verumtamen
649 4994 980 5052 Dallaeanus
1012 4993 1287 5049 defensor
1326 4995 1496 5063 urget
1524 4992 1645 5047 hmo
1678 4992 1779 5048 ad-

141 5080 444 5140 ditamenta
496 5085 548 5140 si
583 5084 826 5139 Latinos
885 5081 1106 5138 natales
1160 5098 1275 5137 non
1308 5085 1585 5151 arguunt,
1622 5079 1783 5137 nulla

133 5170 246 5239 jam
273 5174 328 5229 in
361 5174 712 5230 Graecorum
744 5171 1041 5244 operibus,
1066 5186 1319 5243 quorum
1349 5170 1647 5226 versiones
1678 5174 1781 5225 La-

140 5258 279 5315 tinas
315 5268 550 5318 tantum
589 5262 902 5330 habemus,
932 5276 1066 5315 vera
1114 5276 1179 5314 ac
1207 5257 1462 5330 genuina
1508 5259 1724 5330 scripta
1753 5277 1786 5315 a

1890 4817 2062 4873 sicuti
2095 4816 2257 4889 prius
2288 4815 2386 4871 ille
2406 4832 2521 4871 non
2547 4816 2693 4871 bene
2725 4815 3115 4881 meminit,ita
3142 4830 3246 4870 nec
3277 4815 3372 4870 hic
3393 4816 3540 4870 bene

1891 4907 2172 4977 opinatur.
2192 4906 2499 4960 Enimvero
2530 4903 2802 4975 quamvis
2834 4904 3110 4959 audacter
3140 4904 3350 4958 dixerit
3384 4920 3539 4959 «non

1894 4996 2098 5065 semel,
2130 5016 2158 5044 ››
2193 4995 2309 5048 duo
2346 4992 2751 5047 tantummodo
2784 4991 2995 5046 horum
3031 4993 3248 5063 profert
3278 4991 3546 5063 exempla

1893 5099 2272 5151 sermonum;
2333 5080 2430 5152 qui
2460 5080 2735 5152 quoniam
2780 5097 2894 5135 non
2929 5079 3108 5153 longi,
3159 5084 3223 5135 ut
3251 5080 3376 5152 ipse
3407 5096 3549 5137 con-

1894 5174 2172 5229 ﬁdentius
2227 5174 2535 5237 asseverat,
2568 5169 2665 5223 sed
2710 5169 2911 5224 breves
2958 5169 3194 5224 omnino
3226 5174 3384 5239 sunt,
3415 5168 3551 5225 illos

1894 5261 2041 5333 ipsis
2075 5259 2341 5333 Origenis
2372 5258 2587 5321 verbis,
2620 5258 2772 5327 quod
2809 5258 3000 5311 Forsan
3030 5258 3281 5314 Dallaeus
3312 5274 3429 5312 non
3452 5274 3552 5313 au-

140 5350 342 5420 spuriis
376 5370 551 5424 posse
583 5349 849 5419 amplius
881 5348 1126 5403 secerni.
1150 5348 1260 5401 Sed
1296 5346 1438 5402 levis
1469 5348 1707 5402 omnino
1731 5352 1788 5403 et
1897 5368 2001 5406 sus
2032 5355 2141 5417 est,
2176 5350 2433 5420 integros
2466 5346 3035 5418 repraesentabimus.
3088 5347 3319 5402 Primus
3351 5348 3549 5417 itaque

138 5436 358 5495 inﬁrma
388 5447 480 5498 est
510 5442 640 5497 haec
676 5439 873 5495 Dallaai
923 5438 1203 5493 defensio.
1239 5436 1383 5500 Quid
1445 5436 1601 5491 enim
1650 5437 1789 5493 viris
1897 5440 1981 5496 sic
2016 5455 2077 5495 se
2110 5439 2323 5494 habet:
2354 5460 2381 5487 «
2413 5437 2754 5508 Respondeo
2788 5434 2913 5501 tibi,
2947 5436 3140 5508 inquit
3169 5436 3446 5505 Origenes
3476 5436 3546 5503 ⁸⁵,

141 5528 301 5585 etiam
326 5529 693 5587 tardioribus
716 5526 963 5595 facilius,
988 5542 1165 5598 quam
1188 5525 1530 5595 hujusmodi
1560 5525 1789 5581 addita-

1900 5545 1932 5585 ο
1965 5526 2292 5598 versipellis
2323 5529 2381 5581 et
2413 5542 2691 5597 nequam,
2739 5524 2837 5596 qui
2872 5540 2962 5580 me
3011 5529 3234 5580 tentare
3264 5540 3379 5581 non
3430 5540 3557 5579 me-

213 5645 257 5680 77
286 5649 585 5704 Admonit.
619 5647 683 5701 in
716 5644 1030 5717 Επροεὶῌη
1059 5644 1187 5717 Luc.
1220 5642 1527 5717 τελιξτωςᾳι.
1562 5642 1622 5717 in
1654 5644 1763 5717 bas
1816 5644 2023 5717 homil.
2056 5644 2105 5678 79
2136 5645 2194 5717 in
2228 5643 2490 5717 Invenio.
2547 5643 2595 5678 ³ο
2625 5660 2748 5716 cap.
2780 5644 2870 5712 34,
2900 5661 2958 5717 p.
2989 5644 3113 5701 439.
3147 5644 3191 5680 ³¹
3238 5644 3437 5701 homil.
3473 5645 3557 5702 15.

140 5717 191 5754 ³³
222 5722 359 5778 tom.
387 5720 486 5790 VI,
530 5719 595 5775 in
621 5712 863 5775 Joan.“
892 5716 996 5773 lib.
1028 5732 1059 5771 v
1089 5714 1213 5772 adv.
1249 5712 1394 5771 Cela.
1427 5713 1475 5747 ⁸⁴
1506 5714 1676 5787 epist.
1709 5716 1800 5787 69,
1833 5717 1903 5772 ad
1930 5716 2073 5771 Avit.
2108 5717 2153 5751 ⁸⁸
2185 5714 2387 5773 homil.
2417 5714 2507 5771 29.

467 5842 746 5901 Panos.
793 5837 904 5897 Gn.
951 5837 1028 5900 V.

3157 5837 3231 5895 16
