3942 6302
365 349 474 408 491

1431 334 1495 396 S.
1541 329 1928 396 IGNATIUS.
1973 362 2051 376 --
2092 329 2702 394 PROLEGOMENA.

3657 331 3776 394 492

362 483 502 538 tuis.
533 480 695 536 Alius
726 482 816 534 est
846 476 1009 546 panis
1041 490 1230 530 sermo
1252 472 1376 538 Dei,
1409 471 1506 543 qui
1535 471 1790 525 viviﬁcat
1821 466 2006 524 bomi-
2039 471 2092 536 Λ
2197 467 2265 522 Et
2303 485 2364 523 re
2393 468 2629 540 quidem
2661 483 2791 524 vera
2837 466 3137 538 Origenes,
3188 469 3335 522 teste
3394 465 3778 540 Hieronymo,

364 588 523 627 nem.
558 592 588 620 »
643 569 942 624 Secundus
977 580 1107 620 vero
1133 562 1218 619 ⁸⁶ε
1284 584 1311 611 ‹‹
1348 563 1413 616 Et
1444 559 1853 631 unusquisque
1908 575 2010 612 no-

366 665 555 717 strum
583 675 781 714 secum
815 657 989 711 habet
1011 652 1403 708 adversarium
1427 648 2013 718 cobeerentem,cujus

365 767 511 822 Opus
543 753 631 804 est
681 749 893 802 ducere
924 761 1030 798 nos
1091 743 1160 797 ad
1196 741 1542 812 principem,
1601 747 1656 794 et
1691 737 1916 792 dicere:
1968 735 2012 790 Ο

365 840 659 912 princeps,
721 834 877 889 verbi
912 833 1104 905 gratia
1163 830 1322 903 regni
1368 829 1700 888 Persarum,
1759 825 1868 880 iste
1912 825 2011 896 qui

365 929 567 986 subter
616 932 739 982 erat
773 925 898 993 tibi,
959 940 1116 991 eum,
1151 927 1213 977 ut
1271 937 1418 992 opus
1449 923 1592 984 erat,
1649 917 1952 974 custodivi.
1984 938 2012 966 »

365 1019 510 1082 Quid
548 1017 638 1072 bis
669 1015 1040 1071 sermonibus
1073 1011 1160 1066 vel
1196 1011 1392 1065 minus
1430 1010 1692 1079 longum,
1718 1007 1805 1063 vel
1832 1006 2012 1076 magis

365 1106 776 1179 Origenianum
809 1102 1130 1160 desiderari
1165 1100 1394 1173 potest?

435 1214 629 1269 Tertia
682 1212 928 1282 denique
957 1209 1151 1264 Dallaai
1184 1209 1329 1264 ratio
1381 1208 1464 1262 sic
1497 1205 1861 1278 proponitur.
1897 1206 2015 1259 Au-

364 1311 490 1362 ctor
547 1304 920 1360 homiliarum
978 1301 1318 1357 Sadducteos
1374 1297 1510 1353 inde
1566 1297 1802 1368 arguit,
1859 1296 2012 1367 quod

367 1395 634 1468 quaedam
667 1393 828 1448 Isaiae
859 1400 912 1447 et
948 1390 1308 1446 Psalmorum
1343 1390 1516 1444 verba
1541 1411 1570 1440 ‹‹
1595 1387 2012 1460 corporaliter»

365 1483 739 1554 explicarent,
777 1499 903 1552 quas
937 1481 1060 1552 ipse
1086 1479 1373 1551 spirituali
1411 1495 1588 1533 sensu
1624 1478 2012 1549 interpretan-

366 1575 438 1629 da
468 1588 597 1627 esse
631 1571 987 1626 arbitratur:
1024 1592 1051 1619 (ι
1085 1569 1220 1632 Qua:
1247 1567 1465 1636 omnia,
1495 1567 1690 1637 inquit
1717 1565 1783 1636 ⁸⁷,
1818 1581 2018 1639 corpo-

368 1662 566 1717 raliter
608 1659 1070 1730 intelligentibus
1113 1656 1469 1722 Sadducaais,
1503 1656 1599 1727 qui
1632 1661 1798 1711 erant
1829 1655 2016 1726 portio

365 1752 723 1816 Judseorum,
757 1749 898 1804 dicit
928 1749 1190 1804 Salvator
1219 1764 1231 1802 :
1265 1747 1496 1803 Nescitis
1545 1744 1858 1817 Scriptura:
1889 1743 1954 1800 ⁸⁸.
1987 1764 2014 1794 ››

367 1841 564 1912 Atqui,
599 1840 680 1895 ait
709 1837 982 1903 Dallaeus,
1016 1837 1124 1893 hoc
1149 1841 1368 1908 pugnat
1397 1851 1530 1891 curn
1562 1833 1932 1906 0rigene,qui
1956 1834 2012 1889 in

369 1929 640 2004 genuinis
665 1928 951 2000 Operibus
983 1925 1127 1983 alios
1149 1925 1371 1981 Veteris
1404 1924 2012 1996 Testamenti,praeter

368 2019 582 2092 Moysis
611 2018 792 2074 libros
822 2019 880 2072 in
913 2032 1195 2073 canonem
1227 2015 1684 2087 Scripturarum,
1717 2031 1751 2069 a
1789 2014 2009 2069 Saddn-

369 2111 502 2165 casis
535 2108 707 2179 recipi
734 2107 1051 2162 inﬁciatur.
1077 2105 1188 2160 Sed
1213 2103 1370 2159 aliud
1403 2108 1492 2159 est
1511 2103 1728 2160 librum
1753 2103 2008 2174 aliquem

362 2198 423 2254 in
456 2197 888 2268 Scripturarum
931 2194 1139 2250 ascribi
1175 2209 1483 2262 canonem,
1515 2193 1670 2248 aliud
1701 2209 1838 2248 vero
1883 2193 2010 2264 ejus

363 2287 540 2343 verba
597 2283 978 2358 corporaliter
1011 2281 1278 2355 intelligi.
1336 2283 1518 2339 Unum
1561 2282 1621 2337 in
1681 2281 2012 2338 Sadducaeis

364 2374 708 2451 perstringit
736 2379 937 2430 auctor
981 2378 1196 2439 noster,
1230 2389 1344 2428 non
1377 2387 1509 2427 vero
1539 2370 1788 2427 alterum
1815 2389 1831 2440 ;
1881 2388 2008 2442 pro-

365 2467 611 2537 indeque
669 2463 934 2536 Origenis
967 2461 1268 2519 sententiae
1318 2460 1476 2517 nullo
1509 2461 1681 2516 modo
1741 2461 2011 2516 adversa-

365 2561 484 2614 tur.

439 2663 539 2718 Hic
592 2661 824 2733 magnis
883 2659 1098 2716 animis
1153 2659 1407 2731 insurgit
1466 2657 1663 2715 Dallaei
1722 2659 2010 2726 defensor,

367 2753 783 2822 contenditque
812 2751 1160 2806 Sadducsaos
1181 2751 1334 2822 quod
1369 2749 1733 2805 Psalmorum
1764 2757 1820 2806 et
1851 2749 2012 2805 Isaias

367 2843 540 2900 verba
571 2840 953 2911 corporaliter
980 2839 1394 2910 intelligerent,
1429 2855 1542 2893 non
1586 2839 1699 2893 alio
1730 2855 1905 2893 sensu
1940 2838 2013 2892 ab

368 2934 567 2990 eodem
600 2942 835 2987 auctore
885 2931 1095 2996 notari,
1131 2929 1242 2985 nisi
1277 2931 1415 3001 quia
1446 2930 1552 2985 bos
1602 2929 1783 2984 libros
1828 2930 1900 2984 ab
1931 2931 2016 2984 eis

370 3026 428 3079 in
487 3023 916 3094 Scripturarum
955 3035 1237 3076 canonem
1269 3026 1530 3090 receptos
1560 3018 1706 3075 falso
1740 3020 1850 3075 sibi
1883 3035 2013 3090 per-

370 3121 655 3170 suaserat.
708 3110 885 3177 Quasi
915 3126 1046 3165 vero
1099 3108 1298 3164 nullus
1329 3125 1461 3162 cum
1519 3108 1638 3163 ullo
1678 3113 1915 3163 auctore
1945 3110 2015 3164 de

371 3203 604 3274 scriptis
650 3199 1025 3272 corporaliter
1053 3197 1384 3262 intellectis,
1447 3198 1557 3252 nisi
1591 3197 1660 3252 de
1692 3197 1831 3254 solis
1861 3199 2011 3253 Scri-
2051 3201 2096 3267 C

371 3299 554 3364 pturae
571 3307 749 3346 sacrae
771 3289 939 3344 libris
961 3304 1023 3342 ex
1038 3287 1328 3356 postulare
1377 3292 1554 3356 queat
1574 3287 1599 3341 ‘I
1619 3287 1852 3350 Quoties
1876 3289 2016 3342 scri-

373 3383 522 3454 ptcri
556 3381 696 3436 illud
730 3379 872 3434 vitio
904 3379 1166 3440 vertitur,
1201 3377 1356 3445 quod
1408 3376 1727 3432 illustrium
1762 3379 2018 3434 virorum

375 3470 612 3540 scripta,
647 3485 773 3538 quas
806 3467 866 3521 in
933 3465 1117 3536 pretio
1148 3465 1422 3520 omnibus
1453 3481 1580 3521 esse
1611 3467 1842 3533 debent,
1898 3484 2021 3522 cor-

376 3558 670 3630 poraliter,
689 3561 747 3612 et
776 3556 846 3611 ad
874 3554 1120 3609 litteram
1148 3553 1550 3624 scrupulosius
1576 3555 2022 3626 interpretetur?

376 3647 573 3703 Potuit
603 3661 740 3717 ergo
771 3644 1050 3716 Origenes
1079 3644 1433 3700 Sadducaaos
1467 3643 1682 3700 idcirco
1715 3646 2019 3716 castigare,

381 3737 519 3809 quia
551 3734 711 3790 Isaias
738 3741 797 3790 et
851 3733 1174 3788 Psalmistm
1205 3731 1409 3803 libros,
1468 3750 1617 3804 quos
1670 3740 1802 3804 post
1850 3751 2016 3790 suum

377 3825 684 3896 Scriptum
715 3839 1000 3878 canonem
1057 3821 1240 3892 pluris
1273 3823 1460 3878 facere
1499 3822 1788 3878 debebant
1818 3839 2020 3896 corpo-

377 3917 577 3972 raliter
606 3913 1024 3986 intelligerent.

447 4023 616 4079 Nulla
648 4027 732 4078 est
759 4023 934 4094 igitur
963 4008 1169 4077 barum
1200 4021 1574 4076 homiliarum
1602 4023 1856 4078 auctoris
1887 4040 2020 4079 cum

375 4114 623 4187 Origene
654 4129 869 4186 pugna,
905 4112 1067 4166 nulla
1114 4111 1281 4182 plane
1311 4112 1621 4169 dissensio.
1669 4111 1881 4168 Verum
1914 4115 2022 4169 etsi

374 4202 724 4258 adversariis
774 4202 989 4256 nostris
1020 4201 1254 4255 daretur
1285 4199 1542 4271 aliquam
1607 4202 1756 4256 inter
1784 4220 1883 4258 eos
1915 4203 2023 4259 bac

373 4293 444 4346 de
471 4308 531 4346 re
563 4292 746 4345 fuisse
769 4289 1240 4359 repugnantiam,
1259 4305 1397 4342 num
1431 4292 1707 4346 continuo
1733 4292 1815 4345 has
1839 4292 2022 4348 homi-

372 4380 464 4436 lize
494 4379 728 4450 Origeni
761 4377 1162 4446 abjudicandae
1196 4373 1329 4432 sunt
1355 4378 1381 4432 ‘I
1405 4378 1679 4449 Nunquid
1713 4381 2021 4453 scriptores

373 4471 548 4524 etiam
580 4466 964 4522 eruditissimi
990 4467 1070 4520 ita
1101 4467 1210 4522 sibi
1245 4483 1475 4537 semper
1498 4470 2021 4534 constant,omnia-

2119 556 2226 611 bas
2261 558 2530 613 homilias
2581 559 2785 628 junior
2816 557 3164 627 composuit.
3226 579 3256 605 ‹‹
3290 557 3517 625 Fateor,
3578 558 3783 630 inquit

2119 644 2214 701 ille
2244 645 2310 713 '9,
2345 647 2458 702 alia
2488 656 2621 702 sunt
2653 645 2844 702 virilia
2873 647 3018 716 ejus,
3051 650 3106 701 et
3150 650 3465 702 senectutis
3495 648 3776 704 seria.....

2120 740 2255 788 tunc
2283 735 2480 791 videre
2537 736 2764 807 poterit,
2802 735 2917 790 imo
2948 750 3051 805 per
3103 750 3203 788 vos
3260 735 3518 790 Romana
3565 736 3778 808 lingua

2119 830 2449 894 cognoscet,
2483 830 2769 897 quantum
2799 824 2934 881 boni
2965 829 3020 879 et
3050 828 3185 879 ante
3220 824 3511 889 nescierit,
3538 834 3593 880 et
3627 827 3784 882 scire

2120 928 2275 968 nunc
2306 916 2562 985 coeperit.
2599 937 2628 965 ››
2659 917 2731 971 At
2787 915 2983 972 Dall'ei
3017 915 3285 969 defensor
3342 915 3622 971 audacter
3689 932 3784 971 re-

2119 1003 2366 1072 spondet
2399 1019 2626 1060 errasse
2656 1006 3096 1077 Hieronymum,
3130 1003 3502 1074 afﬁrmatque
3537 1026 3567 1054 «
3605 1021 3781 1060 sexa-

2117 1097 2359 1164 genario
2385 1095 2664 1164 majorem
2695 1110 2825 1150 esse
2857 1093 3196 1164 Origenem,
3229 1093 3368 1147 dum
3411 1109 3550 1148 suas
3585 1094 3781 1149 homi-

2119 1181 2227 1237 lias
2274 1182 2450 1238 scribi
2484 1200 2694 1254 passus
2727 1187 2834 1238 est.
2888 1207 2912 1231 »
2953 1185 3007 1236 ld
3042 1187 3240 1237 autem
3299 1198 3359 1238 se
3391 1181 3628 1238 solertia
3670 1200 3784 1240 sua

2120 1272 2429 1342 agnovisse
2488 1273 2580 1327 his
2611 1271 2896 1344 gloriatur
2947 1271 3140 1327 verbis
3173 1269 3259 1327 9°:
3297 1290 3322 1322 ι
3377 1273 3537 1338 Quod
3574 1290 3605 1327 a
3639 1274 3784 1329 viris

2119 1361 2303 1416 doctis
2336 1362 2808 1418 animadversum
2835 1362 3094 1433 quidem,
3126 1377 3240 1416 non
3275 1367 3470 1417 autem
3500 1369 3785 1418 accurate

2121 1466 2497 1520 perpensum,
2530 1467 2634 1506 nec
2686 1456 2882 1506 exacte
2944 1452 3332 1522 ponderatum
3395 1451 3597 1506 mirari
3632 1453 3782 1508 satis

2121 1553 2347 1611 nequeo
2372 1559 2385 1607 ;
2423 1555 2551 1594 cum
2588 1547 2778 1595 tamen
2806 1538 2864 1593 id
2889 1540 3104 1594 diserte
3135 1543 3380 1594 testetur
3409 1539 3723 1594 Eusebius.
3752 1561 3778 1590 υ

2122 1629 2447 1684 Audiamus
2479 1645 2616 1701 ergo
2647 1629 2866 1685 diserta
2911 1628 3011 1683 illa
3043 1629 3276 1684 Eusebii
3307 1630 3482 1684 verba
3509 1646 3522 1684 :
3590 1651 3612 1680 ι
3651 1629 3783 1685 Ori-

2125 1734 2322 1788 genes,
2356 1717 2546 1787 inquit
2572 1718 2857 1774 Eusebius
2881 1717 2948 1784 9',
2978 1718 3101 1788 jam
3135 1718 3510 1789 sexagenario
3568 1721 3785 1790 major,

2047 1840 2095 1906 Β
2127 1812 2330 1879 utpote
2363 1809 2460 1878 qui
2491 1824 2560 1863 ex
2591 1808 2874 1864 diuturna
2905 1807 3318 1864 exercitatione
3342 1808 3671 1863 maximum
3707 1810 3791 1864 di-

2123 1897 2289 1952 cendi
2325 1914 2496 1953 usum
2531 1896 2643 1953 sibi
2675 1901 3097 1969 comparasset,
3130 1899 3443 1953 conciones
3495 1913 3647 1968 quas
3681 1898 3788 1954 ba-

2121 1985 2294 2041 bebat
2324 1985 2393 2040 ad
2429 1985 2732 2058 populum,
2769 2003 2802 2041 a
2831 1986 3073 2042 notariis
3103 1986 3289 2058 excipi
3319 1986 3611 2057 permisit,
3649 2004 3783 2042 cum

2120 2072 2178 2128 id
2211 2079 2344 2131 ante
2377 2075 2496 2131 ﬁeri
2533 2090 2836 2146 nunquam
2871 2074 3279 2131 concessisset.
3309 2096 3337 2124 »
3360 2075 3469 2130 Sed
3503 2075 3786 2132 defensor

2123 2161 2221 2219 ille
2245 2163 2814 2236 perspicacissimus,
2835 2165 2932 2234 qui
2955 2165 3107 2220 viros
3141 2165 3344 2219 doctos
3370 2165 3609 2220 incuriae
3639 2183 3785 2222 con-

2123 2253 2589 2318 demnat,debuit
2611 2253 2940 2310 accuratius
2969 2254 3292 2326 ponderare
3323 2253 3464 2321 haec,
3490 2271 3620 2325 quae
3655 2256 3784 2327 ipse

2121 2342 2281 2407 citat,
2313 2342 2549 2399 Eusebii
2580 2344 2785 2399 verba:
2821 2366 2848 2394 «
2882 2344 3294 2408 Conciones...,
3328 2359 3360 2398 a
3393 2344 3640 2400 notariis
3675 2362 3777 2401 ex-

2123 2431 2234 2504 cipi
2268 2431 2549 2504 permisit.
2585 2453 2612 2483 »
2645 2433 2870 2488 Etenim
2905 2432 3049 2488 dicit
3085 2433 3325 2504 quidem
3370 2432 3449 2486 ibi
3485 2433 3786 2492 Eusebius

2123 2521 2433 2594 Origenem
2467 2539 2582 2578 non
2605 2522 2946 2594 permisisse
2978 2523 3289 2578 conciones
3314 2539 3452 2578 suas
3482 2539 3515 2578 a
3534 2526 3788 2581 notariis

2123 2611 2306 2684 excipi
2337 2632 2351 2681 ;
2380 2613 2481 2668 sed
2515 2611 2609 2668 ille
2642 2611 2949 2685 Origenem
2974 2612 3170 2684 ipsum
3201 2628 3300 2667 eas
3330 2617 3464 2668 ante
3485 2615 3789 2685 sexagesi-

2125 2718 2286 2758 mum
2336 2701 2522 2757 aetatis
2557 2718 2676 2757 suae
2720 2718 2941 2757 annum
2991 2718 3168 2756 manu
3204 2701 3439 2773 propria
3468 2703 3793 2774 scripsisse

2125 2809 2241 2848 non
2273 2793 2587 2848 inﬁciatur.
2626 2793 2825 2865 Neque
2855 2794 3031 2849 etiam
3067 2800 3236 2864 negat
3266 2793 3423 2861 illas,
3451 2793 3580 2864 ipso
3607 2793 3792 2849 invito

2125 2882 2392 2955 Origene,
2422 2883 2492 2938 ab
2525 2883 2657 2938 aliis
2683 2882 3085 2955 transcriptas.
3116 2883 3402 2938 Praeterea
3434 2889 3662 2938 certum
3698 2889 3792 2940 est

2125 2970 2457 3044 Origenem,
2489 2988 2620 3028 cum
2653 2972 2883 3042 juvenis
2928 2976 3106 3036 esset,
3138 2973 3445 3028 conciones
3501 2972 3791 3029 habuisse

2126 3059 2199 3113 ad
2251 3059 2572 3130 p0pulum;
2623 3059 2678 3113 id
2739 3060 2896 3114 enim
2932 3075 3043 3114 non
3079 3059 3408 3114 difﬁtentur
3463 3059 3789 3116 adversarii

2127 3150 2330 3216 nostri,
2391 3151 2544 3220 quod
2599 3164 2668 3206 ex
2697 3149 2890 3206 allatis
2940 3149 3177 3205 Eusebii
3244 3150 3432 3205 verbis
3485 3150 3792 3207 evidenter

2127 3238 2440 3316 colligitur.
2469 3239 2638 3310 Atqui
2667 3241 2768 3295 bas
2802 3240 2950 3295 inter
2980 3240 3290 3295 conciones
3318 3239 3540 3308 illae,de
3559 3241 3789 3312 quibus

2127 3329 2343 3399 agitur,
2393 3329 2645 3384 bomiliae
2703 3328 2913 3386 debent
2965 3331 3165 3401 procul
3197 3329 3374 3385 dubio
3433 3331 3786 3392 numerari:

2127 3432 2258 3472 cum
2293 3418 2508 3472 illasab
2539 3419 2780 3487 Origene
2800 3420 3016 3488 juvene
3048 3420 3452 3490 pronuntiatas
3473 3436 3587 3475 non
3617 3420 3789 3476 solus

2127 3505 2644 3576 Hieronymus,sed
2672 3513 2728 3562 et
2749 3508 2937 3563 eidem
2971 3508 3786 3581 Hieronymoinfensissimus

2128 3595 2373 3650 Rufinus
2388 3600 2722 3650 constanter
2751 3601 3245 3664 asserverent,nec
3268 3596 3546 3652 Eusebius
3570 3613 3784 3655 eorum

2129 3684 2429 3738 sententia;
2463 3681 2581 3738 ullo
2618 3683 2792 3739 modo
2824 3684 3166 3754 refragetur.

2201 3771 2442 3828 Constat
2492 3772 2674 3844 igitur
2704 3772 2811 3828 bas
2841 3773 3115 3828 bomilias
3157 3774 3477 3844 genuinum
3511 3775 3792 3848 Origenis

2127 3878 2277 3934 opus
2336 3877 2513 3929 esse;
2576 3861 2934 3934 proindeque
2993 3863 3273 3918 invictum
3329 3869 3438 3919 stat
3486 3865 3618 3932 ejus
3679 3883 3789 3936 pro

2130 3949 2339 4022 Ignatii
2370 3949 2634 4022 epistolis
2658 3951 3389 4008 testimonium.Ultimum
3417 3959 3614 4008 tamen
3653 3956 3790 4011 Dal-

2129 4039 2270 4095 laeus
2299 4038 2503 4106 telum,
2536 4041 2693 4110 quod
2726 4039 2865 4094 alibi
2899 4041 2957 4096 in
2984 4041 3325 4110 Eusebium,
3358 4041 3452 4096 hic
3479 4041 3538 4096 in
3568 4041 3789 4109 Orige-

2109 4130 2221 4207 _nis
2253 4130 2657 4183 auctoritatem
2690 4130 2773 4182 sic
2791 4135 3129 4201 contorquet
3153 4147 3165 4184 :
3193 4152 3221 4180 ‹‹
3248 4129 3460 4199 Unum,
3494 4130 3691 4202 inquit
3713 4131 3786 4200 9’,

2130 4219 2335 4274 addam
2397 4221 2623 4281 notatu,
2658 4221 2721 4271 ut
2770 4218 2912 4272 mihi
2948 4219 3184 4290 quidem
3215 4221 3468 4285 videtur,
3503 4220 3791 4289 dignissi-

2131 4323 2317 4374 mum,
2380 4305 2691 4360 Eusebium
2726 4306 2987 4362 videlicet
3032 4325 3145 4364 non
3204 4311 3562 4364 omissurum
3598 4309 3792 4366 fuisse

2129 4395 2396 4467 Origcnis
2427 4411 2529 4466 pro
2564 4395 2884 4464 Ignatianis
2908 4397 3336 4466 testimonium,
3367 4400 3416 4452 si
3446 4413 3647 4453 eorum
3680 4399 3791 4454 ali.

2129 4487 2264 4544 cubi
2301 4487 2655 4542 mentionem
2682 4487 2931 4543 fecisset.
2958 4510 2986 4538 »
3009 4489 3119 4545 Sed
3157 4489 3300 4544 nihil
3335 4489 3456 4553 illo,
3485 4491 3642 4562 quod
3685 4507 3790 4560 pu-

374 4572 487 4630 que
520 4558 574 4609 in
611 4557 787 4610 variis
823 4570 1026 4610 eorum
1062 4557 1359 4626 operibus,
1393 4573 1522 4627 quae
1552 4557 1798 4612 diversis
1830 4559 1900 4613 de
1931 4577 2015 4613 ar-

2201 4583 2216 4630 t
2251 4581 2448 4631 notatu
2509 4575 2949 4648 dignissimum,
2982 4586 3326 4648 argumento
3357 4557 3544 4634 levius
3605 4557 3794 4651 atque

372 4644 666 4718 gumeutis
714 4650 773 4699 et
813 4644 1060 4699 diversis
1110 4647 1473 4715 temporibus
1514 4646 1834 4715 composita
1863 4654 2020 4719 sunt,

371 4736 452 4789 ita
483 4734 592 4789 sibi
626 4734 935 4794 cohaerent,
957 4743 1019 4788 ut
1052 4735 1214 4788 nulla
1246 4750 1444 4788 secum
1477 4735 1798 4804 pugnantia
1821 4742 1876 4791 et
1905 4739 2014 4792 sibi

371 4823 616 4878 invicem
652 4823 936 4878 contraria
969 4822 1305 4893 scripserint
1334 4821 1361 4874 ?
1393 4821 1672 4893 Nunquid
1703 4823 2017 4894 aliquando

373 4915 631 4968 seniores
664 4912 795 4968 facti
845 4929 909 4966 ac
966 4913 1275 4979 doctiores,
1308 4927 1374 4964 ea
1427 4928 1539 4965 non
1606 4913 2016 4983 amendarunt,

371 5029 498 5083 qua;
525 5013 787 5079 juniores
845 5016 1018 5082 atque
1050 5009 1439 5080 imperitiores
1469 5013 1689 5066 certum
1734 5030 1863 5069 esse
1895 5033 2017 5070 cre-

368 5101 612 5157 didere?
643 5101 800 5156 Nth'l
836 5117 971 5172 ergo
1007 5100 1245 5162 mirum,
1278 5098 1326 5150 si
1355 5099 1657 5169 Origenes,
1691 5104 1788 5172 qui
1816 5106 2019 5171 junior

367 5193 472 5248 has
503 5191 773 5248 bomilias
806 5192 863 5244 in
899 5190 1195 5260 publicum
1249 5190 1545 5257 emiserat,
1577 5192 1632 5245 in
1675 5192 1746 5246 iis
1797 5198 2013 5267 aliquid

365 5283 436 5338 de
466 5281 799 5338 Sadducaeis
843 5279 1070 5342 diXerit,
1107 5279 1260 5348 quod
1321 5285 1518 5346 postea
1548 5281 1738 5336 senior
1771 5290 1828 5337 et
1862 5285 2011 5354 peri-

363 5373 478 5428 tior
526 5375 732 5439 factus,
769 5375 1092 5424 correctum
1157 5383 1285 5422 esse
1317 5367 1562 5424 voluerit
1622 5379 1679 5426 et
1731 5377 2013 5430 emenda-

362 5465 512 5516 tum.

2134 4664 2748 4736 inﬁrmius.Nunquid
2783 4667 2937 4720 enim
2967 4666 3256 4722 Eusebius
3287 4667 3490 4722 omnia
3515 4669 3796 4739 Origenis

2127 4767 2183 4812 et
2212 4753 2662 4826 spostolicorum
2693 4753 2972 4818 virorum,
3027 4756 3398 4828 aliorumque
3440 4761 3681 4812 Patrum
3720 4760 3794 4815 de

2130 4845 2334 4918 lgnatii
2361 4843 2626 4913 epistolis
2657 4844 2986 4898 testimonia
3015 4846 3072 4899 in
3111 4845 3420 4901 Historiam
3453 4863 3622 4901 suam
3649 4863 3796 4903 con-

2126 4930 2344 5005 gessit?
2367 4930 2577 4986 Nullus
2602 4930 2860 5002 profecto
2884 4931 2989 4986 ibit
3021 4932 3246 4988 inﬁcias
3271 4933 3441 5004 plura
3465 4935 3535 4987 ab
3551 4949 3618 4988 eo
3645 4951 3791 5004 prae-

2124 5020 2399 5076 termissa
2432 5039 2448 5087 ;
2482 5035 2586 5074 nec
2617 5018 2834 5074 idc.rco
2871 5025 3064 5076 tamen
3097 5023 3296 5076 eadem
3333 5021 3564 5076 Patrum
3607 5038 3795 5093 opera

2126 5109 2218 5172 iis,
2254 5125 2288 5162 a
2320 5105 2534 5179 quibus
2562 5106 2777 5178 scripta
2808 5117 2968 5169 sunt,
3001 5111 3261 5164 censebit
3291 5125 3420 5164 esse
3443 5109 3796 5178 abjudican-

2125 5201 2215 5254 da.
2255 5199 2512 5270 Denique
2545 5198 2833 5253 Eusebius
2859 5215 2961 5269 pro
2989 5201 3200 5272 Ignatii
3229 5200 3494 5272 epistolis
3524 5206 3795 5258 auctori—

2124 5295 2304 5344 tatem
2345 5287 2640 5358 Polycarpi
2674 5293 2733 5341 et
2791 5288 3012 5356 lrenaei,
3043 5291 3256 5345 citasse
3297 5295 3636 5358 contentus,
3673 5309 3796 5348 non

2125 5378 2293 5450 plura
2319 5376 2707 5448 posteriorum
2733 5377 2975 5432 Patrum
3006 5379 3336 5436 testimonia
3353 5379 3802 5438 accumulanda

2126 5483 2255 5522 esse
2284 5482 2514 5537 equum
2547 5466 2791 5537 putavit.

433 5575 479 5611 8⁸
509 5574 712 5657 homil.
775 5575 863 5629 35.
940 5569 1216 5657 ibet-nil.
1250 5573 1460 5657 39‘.M"
1491 5576 1678 5631 Matth.
1736 5595 1872 5644 χχιι,
1905 5581 1992 5635 29.

2201 5581 2406 5656 'rolog.
2441 5581 2498 5638 in
2560 5581 2665 5636 has
2725 5581 2930 5639 bomil.
3007 5583 3221 5657 90pag.
3285 5585 3408 5641 106.
3485 5585 3532 5622 ⁹¹
3567 5587 3797 5643 Euseb.

364 5647 468 5703 lib.
503 5664 557 5702 v1
593 5649 752 5716 Him,
785 5661 912 5717 cap.
947 5645 1036 5699 36.
1078 5642 1126 5679 θ’
1153 5661 1280 5717 pag.
1315 5643 1438 5704 108.
