3942 6302
135 408 247 470 493

177 553 211 630 §
240 550 345 612 ItI.
379 548 580 613 Aliud
609 548 893 631 Origenis
924 555 1322 611 testimonium
1354 547 1727 630 expendatur.

201 648 490 706 Nonnulli
512 648 667 704 aliud
695 665 799 722 pro
829 647 1034 704 iisdem
1065 647 1272 719 lgnatii
1294 646 1560 718 epistolis
1583 646 1788 702 afferre

130 738 319 794 solent
348 737 619 811 Origenis
661 736 1055 793 testimonium
1091 737 1245 808 quod
1291 735 1383 791 his
1416 735 1606 790 verbis
1638 734 1786 808 legi-

130 833 221 884 tur
250 826 302 862 9’
331 843 392 883 :«
414 827 530 883 Nec
546 831 686 898 puto
709 828 863 899 quod
889 827 1108 899 culpari
1142 824 1405 897 possit,si
1424 825 1557 896 quis
1574 824 1782 892 Deum,

130 916 282 973 sicut
318 916 577 973 Joannes
608 916 976 983 charitatem,
1027 918 1106 971 ita
1138 916 1261 987 ipse
1304 930 1561 971 amorem
1594 913 1780 970 nomi-

129 1012 241 1063 net.
281 1005 551 1077 Denique
582 1005 822 1061 memini
872 1005 1127 1076 aliquem
1163 1009 1497 1060 sanctorum
1536 1003 1778 1072 dixisse,

129 1096 424 1166 Ignatium
487 1095 747 1164 nomine,
781 1096 852 1150 de
902 1094 1164 1150 Christo:
1200 1094 1363 1149 Meus
1394 1109 1560 1149 amor
1587 1094 1782 1150 cruci-

132 1185 281 1240 lixus
314 1191 422 1240 est.
460 1207 489 1236 η
523 1185 632 1240 Sed
668 1188 864 1240 utrum
894 1200 1024 1239 vere
1052 1183 1320 1254 Origenis
1360 1182 1437 1239 sit
1468 1183 1574 1239 hoc
1607 1200 1778 1253 opus,

124 1275 317 1329 adhuc
346 1276 459 1330 sub
512 1273 707 1344 judice
766 1274 839 1328 lis
869 1279 979 1329 est.
1032 1275 1279 1341 Quidam
1310 1273 1607 1328 enimvero
1639 1289 1775 1328 cum

124 1363 529 1419 Erasmoillud
556 1382 589 1419 a
614 1370 773 1420 tanto
796 1364 1029 1419 doctore
1050 1363 1332 1433 scriptum
1356 1378 1484 1418 esse
1507 1362 1777 1418 infician-

121 1458 236 1519 tur,
272 1460 403 1509 tum
465 1455 618 1525 quod
653 1476 679 1503 «
738 1454 795 1509 in
856 1452 1093 1525 prologo
1125 1452 1264 1507 citat
1317 1455 1573 1519 Graecos,
1616 1452 1775 1509 velut

122 1544 347 1599 alienos
378 1561 392 1598 :
428 1565 458 1593 »
491 1548 615 1597 tum
646 1563 675 1593 «
707 1559 775 1598 ex
806 1542 1279 1613 interpretatione
1309 1542 1549 1607 amoris,
1582 1541 1772 1596 chari-

120 1633 278 1701 tatis,
312 1632 648 1687 dilectionis
677 1636 733 1687 et
755 1630 1070 1704 cupidinis.
1096 1652 1124 1680 ››
1151 1630 1262 1685 Alii
1288 1646 1418 1685 vero
1450 1630 1771 1701 genuinum

118 1720 279 1780 illius
318 1724 501 1776 fetum
536 1737 667 1777 esse
698 1722 966 1793 probant,
998 1738 1065 1776 ex
1084 1719 1339 1791 stylo,ex
1372 1719 1684 1791 allegoriis,
1718 1725 1774 1775 et

117 1812 500 1883 tropologicis
554 1811 1035 1883 expositionibus,
1087 1811 1144 1864 in
1177 1825 1325 1880 quas
1357 1809 1428 1864 ab
1471 1808 1770 1865 historicis

118 1898 634 1970 explanationibus
693 1899 1075 1955 excurrit:ex
1130 1897 1441 1953 sententiis
1473 1896 1567 1952 his
1602 1896 1770 1968 plane

118 1986 539 2043 consimilibus
566 1993 621 2043 et
646 1988 965 2060 germanis,
998 2003 1125 2058 quae
1147 2003 1213 2041 ex
1232 1986 1459 2041 duabus
1486 1986 1765 2056 homiliis,

117 2077 181 2132 ab
220 2077 585 2147 Hieronymo
636 2076 896 2132 Latinam
949 2078 1005 2131 in
1041 2076 1301 2147 linguam
1343 2078 1640 2132 conversis
1671 2093 1761 2132 oc-

115 2173 368 2222 currunt
394 2184 489 2233 ;ex
517 2166 770 2221 melioris
803 2170 954 2221 nota:
981 2165 1522 2237 manuscriptis,ubi
1552 2183 1764 2222 nomen

109 2257 387 2328 Origenis
419 2256 739 2329 praeﬁgitur
762 2274 774 2323 ;
791 2271 859 2311 ex
882 2257 954 2311 iis
968 2255 1180 2327 quibus
1195 2255 1470 2326 Origenes
1492 2257 1763 2326 frequens

108 2350 296 2402 utitur
327 2347 747 2402 Hebraicorum
806 2345 1105 2400 nominum
1162 2346 1760 2417 interpretationibus,

105 2442 159 2491 et
189 2438 451 2491 aliorum
501 2451 742 2507 operum
778 2450 1020 2490 suorum
1053 2434 1471 2504 citationibus;
1510 2436 1761 2506 denique

113 2526 243 2597 quia
279 2541 385 2580 eas
419 2524 663 2580 Ruﬁnus
696 2524 895 2580 Latine
926 2523 1199 2592 reddidit,
1238 2529 1414 2596 atque
1438 2525 1639 2580 eadem
1671 2530 1761 2580 to-

105 2631 338 2671 morum
370 2615 593 2680 decem,
618 2629 765 2685 quos
786 2612 844 2667 in
866 2612 1168 2667 Canticum
1200 2613 1756 2686 scripsitOrigenes,

102 2712 332 2777 partem
368 2706 748 2761 constituant.
784 2706 865 2759 Ad
919 2703 1142 2759 Erasmi
1176 2709 1369 2758 autem
1412 2712 1758 2775 argumenta

100 2796 467 2867 respondent
497 2794 568 2849 ab
591 2792 825 2849 illarum
859 2799 1101 2847 auctore
1130 2792 1299 2847 citari
1334 2792 1572 2863 quidem
1608 2793 1755 2849 Grae-

98 2902 216 2952 cos,
254 2886 360 2941 sed
401 2890 465 2939 ut
496 2900 657 2949 suos,
682 2899 796 2937 non
831 2887 893 2936 ut
923 2881 1147 2937 alienos
1184 2881 1293 2937 nisi
1336 2881 1652 2953 religione;
1688 2900 1754 2939 ac

95 2975 409 3032 nominum
437 2973 774 3027 Latinorum
804 2971 1318 3042 interpretationes
1340 2988 1373 3026 a
1394 2972 1604 3027 Rufino
1630 2977 1752 3029 tex-

93 3066 178 3120 tui
241 3062 518 3134 Origenis
552 3061 729 3116 fuisse
760 3059 1010 3115 additas.
1069 3060 1349 3126 Quamvis
1398 3064 1591 3115 autem
1632 3061 1752 3117 haec

88 3154 291 3225 opinio
320 3168 435 3207 non
470 3149 818 3222 spernendis
851 3149 1143 3203 rationum
1178 3150 1493 3204 momentis
1520 3149 1752 3208 firmata

80 3244 375 3309 videatur,
441 3242 881 3296 observavimus
915 3244 1113 3294 tamen
1147 3238 1289 3294 alibi
1313 3238 1360 3273 9‘
1410 3243 1597 3294 totum
1630 3240 1739 3296 hoc

1087 412 1160 470 D.
1206 407 1532 471 NOUBRII
1573 407 2110 473 DISSERTATIO.
2159 446 2239 460 --
2278 415 2477 479 PARS
2519 419 2571 480 I.

1822 563 1871 629 Α
1905 552 2427 610 reverendissimus
2489 555 2760 611 Usserius
2830 556 3055 625 Latine,
3109 557 3554 616 eruditissimus

3433 412 3550 483 494

1903 636 2145 694 Vossius
2176 641 2392 712 Graece,
2424 660 2492 698 ex
2521 644 2688 701 libris
2718 644 2815 701 ille
2847 646 3208 717 Anglicanis,
3243 648 3336 704 hic
3368 651 3547 706 Medi-

1895 727 2031 782 caais
2062 728 2391 788 ediderunt.
2426 753 2455 782 »
2487 733 2583 789 Sic
2623 731 2721 789 ille
2767 735 3003 790 tandem
3055 738 3342 805 concedit,
3386 740 3545 810 quod

1896 814 2057 870 nullo
2114 834 2374 890 unquam
2437 823 2609 877 modo
2656 838 2869 894 negare
2927 826 3171 892 poterat.
3232 826 3342 881 Sed
3375 829 3544 898 quid,

1892 907 2160 974 putas,de
2192 907 2553 965 celeberrimi
2572 912 2838 967 Historias
2853 912 3263 970 ecclesiasticas
3286 918 3539 986 parentis

1892 994 2183 1050 sententia
2213 1000 2601 1068 pronuntiat?
2632 1001 2835 1057 Paucis
2868 1020 2987 1058 rem
3022 1004 3534 1072 absolvit,scilicet

1887 1081 2055 1137 illum
2092 1085 2368 1154 «judicio
2405 1089 2493 1143 bis
2522 1090 2593 1145 de
2640 1089 2907 1161 epistolis
2939 1091 3149 1149 falsum
3182 1111 3329 1150 esse.
3358 1117 3385 1145 ››
3415 1097 3531 1154 Nec

1889 1170 2103 1228 Dallieo
2134 1176 2279 1231 satis
2295 1184 2377 1231 est
2406 1177 2715 1235 Eusebium
2739 1180 2955 1236 erroris
2975 1184 3404 1253 condemnare;
3433 1188 3534 1243 sed

1886 1274 2021 1315 eum
2055 1262 2231 1317 etiam
2290 1280 2553 1322 errorum
2598 1267 2885 1337 omnium,
2919 1270 2975 1323 in
3012 1287 3159 1341 quos
3204 1273 3301 1327 alii
3336 1279 3535 1344 postea

1886 1351 2143 1424 prolapsi
2173 1359 2330 1422 sunt,
2367 1372 2531 1413 reum
2563 1358 2718 1415 facit.
2744 1382 2771 1409 «
2803 1361 3534 1435 Eusebius,inquit,omnis

1884 1442 1954 1497 de
1985 1443 2312 1514 Ignatianis
2344 1449 2556 1504 erroris
2584 1449 2735 1520 fons,
2760 1452 2860 1523 qui
2889 1451 3024 1508 hinc
3049 1453 3238 1525 primo
3270 1462 3531 1527 exortus,

1882 1529 2169 1588 latissime
2202 1540 2401 1606 postea
2419 1539 2664 1607 effusus,
2690 1557 2834 1611 pene
2857 1557 3056 1597 omnes
3089 1543 3404 1600 Christiani
3433 1564 3532 1601 no-

1882 1620 2059 1675 minis
2092 1625 2350 1680 eruditos
2411 1629 2689 1697 pervasit.
2726 1651 2755 1679 »
2788 1629 2904 1685 Cur
2948 1648 3084 1703 ergo
3118 1638 3233 1687 tam
3279 1635 3531 1706 turpiter

1880 1708 2279 1769 hallucinatus
2341 1721 2430 1771 est
2463 1716 2797 1772 Eusebius?
2854 1720 3130 1791 Nunquid
3184 1723 3281 1777 ille
3313 1724 3531 1795 ingenii

1881 1800 2443 1872 excellentissimi,ct
2473 1821 2715 1861 summae
2732 1809 3080 1865 eruditionis
3105 1812 3211 1871 vir.
3235 1814 3305 1866 ad
3340 1813 3527 1869 discu~

1878 1887 2102 1945 tiendas
2163 1892 2371 1961 Ignatii
2421 1894 2696 1965 epistolas
2732 1898 2932 1969 segnis
2965 1900 3073 1953 fuit
3122 1904 3178 1954 et
3209 1902 3388 1967 iners,
3422 1906 3523 1974 qui

1882 1992 1994 2032 non
2031 1978 2219 2035 solum
2253 1997 2454 2037 earum
2489 1988 2745 2054 tempus,
2768 1991 2938 2042 eteos
2964 1988 3060 2057 qui
3098 1989 3153 2043 in
3188 1990 3305 2045 illis
3339 1995 3520 2047 nomi-

1879 2072 2117 2136 nantur,
2171 2069 2377 2126 sedulo
2427 2072 2745 2140 observat;
2801 2091 2999 2131 verum
3059 2080 3230 2133 etiam
3286 2096 3347 2135 ea
3392 2098 3520 2152 quas

1876 2160 2077 2211 auctor
2101 2158 2399 2227 citaverat,
2426 2178 2485 2216 se
2505 2165 2943 2219 accuratissime
2965 2169 3327 2224 examinasse
3350 2171 3519 2225 testi-

1874 2245 2107 2301 ﬁcatur.
2131 2248 2346 2304 Scribit
2375 2251 2527 2308 enim
2559 2253 2642 2307 πε
2674 2275 2702 2303 ι(
2738 2255 2802 2308 In
2825 2254 3070 2326 epistola
3095 2258 3163 2311 ad
3191 2259 3520 2331 Smyrnaaos

1876 2336 1948 2391 de
1977 2340 2277 2393 Servatore
2338 2346 2536 2397 nostro
2568 2342 2841 2414 loquens,
2893 2347 3158 2415 quaedam
3191 2350 3320 2414 ejus
3343 2351 3519 2407 verba

1874 2425 2097 2492 recitat,
2133 2444 2259 2498 quae
2314 2430 2471 2485 unde
2497 2433 2805 2503 acceperit.
2831 2434 3049 2501 ignoro.
3087 2457 3113 2484 »
3139 2436 3388 2495 Dallzeus
3416 2457 3519 2495 ne—

1869 2529 1983 2583 que
2013 2513 2342 2586 ingenium,
2370 2535 2556 2590 neque
2587 2520 2948 2592 diligentiam
2974 2524 3207 2579 Eusebii
3240 2544 3517 2597 asperna-

1869 2606 2001 2659 tur:
2036 2606 2135 2660 sed
2160 2629 2187 2656 ‹‹
2215 2607 2537 2674 hominem,
2569 2610 2759 2680 inquit
2782 2610 2847 2676 97,
2870 2614 3138 2679 geminus
3165 2617 3360 2670 animo
3385 2635 3513 2688 per-

1867 2698 2070 2762 ceptus
2102 2694 2173 2749 de
2204 2698 2420 2751 Irenaeo
2451 2714 2516 2752 ac
2569 2699 2875 2770 Polycarpo
2909 2718 3070 2755 error
3112 2710 3509 2762 transversum

1867 2782 2006 2854 egit,
2033 2787 2090 2837 et
2122 2800 2247 2855 quae
2280 2786 2462 2841 notha
2499 2795 2667 2843 erant
2701 2799 2753 2843 et
2808 2791 3134 2857 subditilia,
3166 2810 3228 2848 ea
3255 2812 3356 2865 pro
3380 2813 3510 2853 vere

1866 2873 2193 2943 Ignatianis
2250 2875 2562 2932 admittere
2607 2879 2913 2951 subegit.»
2972 2882 3152 2945 Quem
3214 2898 3403 2941 autem
3436 2889 3509 2943 de

1865 2961 2077 3017 irenseo
2105 2965 2422 3035 perceperit
2450 2982 2704 3023 errorem
2738 2969 2995 3025 sicidem
3031 2971 3280 3029 Dallzeus
3311 2975 3508 3032 decla-

1863 3056 1985 3107 rat:
2013 3074 2041 3104 «
2065 3053 2163 3109 Ille
2178 3054 2475 3127 quodquaa
2494 3057 2779 3129 lgnatium
2795 3058 3008 3115 dixisse
3039 3063 3212 3118 refert
3236 3066 3506 3135 Irenaaus,

1862 3141 2065 3197 eadem
2099 3142 2158 3197 in
2189 3145 2451 3214 epistolis
2485 3162 2712 3218 quoque
2763 3150 2980 3221 scripta
3012 3151 3247 3221 legerat,
3280 3154 3426 3211 falsa
3457 3160 3514 3212 et

1862 3229 2024 3286 inani
2054 3232 2244 3302 specie
2295 3234 2558 3305 delusus,
2610 3237 2888 3308 epistolas
2940 3256 3173 3312 quoque
3227 3242 3506 3300 Irenaeum

83 3349 231 3404 epus
269 3330 424 3387 nihil
456 3330 617 3385 aliud
653 3328 996 3385 Cassiodoro
1039 3328 1239 3396 videri,
1280 3344 1454 3399 quam
1484 3330 1735 3386 duarum
1770 3316 1815 3380 C
1847 3319 2147 3390 vidisse,et
2176 3322 2352 3378 etiam
2377 3326 2525 3395 quod
2550 3327 2806 3383 crassius
2845 3333 2933 3383 est
2963 3338 3015 3384 et
3048 3330 3506 3391 inexcusabilius

81 3421 362 3494 Origenis
394 3422 455 3474 in
488 3418 719 3474 Cantica
753 3416 1230 3485 homiliarum,ab
1262 3416 1613 3490 Hieronymo
1642 3420 1746 3475 La-

86 3513 201 3566 tine
233 3510 608 3566 redditarum
633 3505 1166 3577 amplificationem.
1193 3507 1554 3578 Quapropter
1583 3525 1746 3580 aequo

81 3602 416 3674 cujuslibet
435 3598 647 3655 sinceri
675 3598 948 3669 etintegri
971 3596 1229 3653 hominis
1253 3598 1481 3668 judicio
1504 3600 1745 3669 permit-

79 3695 265 3751 timus
292 3692 353 3746 in
388 3706 539 3756 eam,
574 3705 748 3761 quam
782 3688 1059 3743 veriorem
1102 3687 1430 3754 crediderit,
1465 3689 1548 3745 ire
1605 3706 1743 3746 sen-

82 3784 343 3839 tentiam
371 3805 387 3847 ;
420 3795 526 3834 nec
558 3777 958 3833 testimonium
992 3792 1061 3831 ex
1094 3776 1182 3832 bis
1224 3776 1483 3833 bomiliis
1513 3779 1744 3836 desum-

82 3879 286 3945 ptum,
322 3869 477 3925 ultra
508 3884 686 3939 quam
719 3884 825 3937 par
854 3870 966 3932 est,
1023 3866 1347 3937 urgendum
1380 3883 1510 3923 esse
1539 3884 1741 3926 cense-

82 3980 245 4018 mus.

734 4044 967 4100 CAPUT
1000 4045 1119 4100 VII.

74 4155 481 4198 ARGUMENTUI
512 4152 737 4192 SEXTUM
782 4152 855 4190 EX
883 4151 1027 4190 ALIIS
1058 4150 1359 4191 INNUHERIS
1409 4153 1741 4194 ECRIP’I‘ORI-

144 4230 289 4275 BUS,
322 4226 470 4274 QUOS
517 4223 850 4264 ADVERSARII
906 4223 1202 4263 ΕΡιετοιΑδ
1251 4225 1475 4265 ισΝΑΤιο
1504 4227 1737 4266 ADJUDI-

143 4300 332 4342 CASSE
362 4297 681 4349 FATENTUR,
714 4295 1074 4334 DESUMPTUM.

74 4378 103 4452 §
148 4377 197 4437 Ι.
244 4376 699 4452 Argumentum
738 4388 815 4430 ex
844 4368 1101 4430 Eusebii
1128 4371 1480 4432 auctoritate
1506 4371 1739 4433 desum-

824 4460 1019 4531 ptum.

148 4550 611 4624 Disputavimus
643 4548 927 4604 hactenus
958 4548 1029 4603 de
1068 4547 1423 4604 testimoniis
1454 4549 1741 4621 antiquis-

71 4645 381 4699 simorum
416 4640 677 4703 Patrum,
702 4638 915 4709 quibus
939 4636 1213 4709 epistolas
1236 4637 1446 4709 lgnatii
1477 4639 1740 4712 incogni-

67 4737 159 4789 tas
185 4731 385 4787 fuisse
438 4728 689 4784 Dallaus
720 4728 969 4798 ejusque
1010 4726 1282 4782 defensor
1311 4727 1459 4783 mira
1489 4728 1744 4800 singula-

67 4831 249 4895 rique
295 4816 693 4874 obstinatione
742 4815 1119 4872 contendunt.
1173 4816 1337 4873 Nunc
1377 4817 1447 4872 de
1486 4817 1556 4873 iis
1586 4820 1739 4874 scri-

64 4911 357 4985 ptoribus
387 4906 708 4980 agendum,
743 4923 776 4961 a
827 4904 1042 4976 quibus
1071 4905 1305 4960 easdem
1339 4909 1395 4961 et
1424 4908 1656 4979 agnitas
1685 4912 1742 4964 et

62 4999 317 5075 Ignatio
333 4996 651 5053 attributas
679 4995 792 5068 ipsi
824 5012 931 5050 sua
959 4998 1163 5065 sponte
1186 4995 1743 5055 confitetur.Horum

65 5088 523 5160 antesignanus
552 5091 639 5140 est
665 5083 948 5140 Eusebius
979 5082 1375 5155 Cmsariensls,
1409 5086 1479 5141 de
1510 5102 1626 5157 quo
1658 5089 1742 5143 sic

64 5180 351 5237 Dalleeus
382 5174 469 5227 95:
498 5196 525 5225 ι(
550 5176 825 5231 Fatemur
855 5173 1176 5231 Eusebium
1208 5173 1339 5229 illas
1367 5174 1485 5232 sive
1508 5193 1602 5232 sex
1625 5180 1745 5234 sive

64 5277 337 5345 septem,
373 5284 524 5339 quas
556 5271 839 5332 recenset,
872 5264 1147 5337 epistolas
1172 5280 1508 5339 agnoscere,
1543 5284 1609 5325 ac
1638 5287 1743 5342 pro

65 5378 212 5417 vere
252 5354 579 5427 Ignatianis
598 5355 828 5410 habere.
864 5354 1063 5423 Neque
1088 5354 1534 5414 dissimulamus
1550 5374 1648 5413 eas
1674 5360 1745 5416 de

66 5448 318 5521 quibus
349 5443 446 5500 ille
481 5442 657 5497 verba
691 5440 976 5509 facit,lias
1007 5440 1167 5512 ipsas
1190 5440 1373 5497 fuisse
1402 5443 1744 5517 videri,quaa

58 5539 161 5596 bis
198 5533 391 5593 hodie
452 5530 794 5588 nominibus
827 5530 1343 5602 circumferuntur,
1379 5534 1582 5603 quales
1622 5553 1741 5594 eas.

1864 3426 2226 3467 memorasse
2254 3412 2612 3485 imaginatus
2635 3422 2779 3472 est.»
2820 3418 2894 3473 De
2916 3420 3231 3493 Polycarpo
3266 3428 3461 3480 autem
3488 3443 3501 3481 :

1857 3519 1886 3549 «
1919 3498 2141 3555 Similis
2171 3502 2302 3571 ejus
2333 3506 2625 3571 est,verba
2656 3505 2851 3562 Dallzei
2878 3514 3036 3576 sunt,
3072 3513 3299 3567 tametsi
3334 3515 3502 3571 venia

1856 3588 2084 3660 dignior
2116 3589 2176 3644 in
2227 3591 2534 3663 Polycarpo
2590 3596 2918 3664 oscitantis,
2981 3616 3097 3655 non
3142 3603 3496 3659 attendentis

1853 3675 1968 3732 duo
1998 3677 2098 3733 illa
2124 3696 2254 3750 quae
2285 3681 2545 3737 recitavit
2576 3682 2722 3750 loca,
2756 3691 2953 3756 aperte
2997 3688 3144 3745 inter
3174 3707 3235 3746 se
3268 3709 3496 3764 pugna-

1854 3780 1933 3820 re.
1973 3788 1994 3816 ι
2029 3769 2101 3822 At
2117 3785 2258 3825 sane
2288 3774 2471 3837 tanta,
2506 3775 2569 3825 ut
2600 3779 2901 3843 putamus,
2932 3776 3219 3834 evidentia
3248 3780 3491 3837 demon-

1852 3855 2167 3912 stravimus
2191 3860 2343 3928 apud
2366 3861 2646 3914 Irenaeum
2670 3862 2909 3917 verbum
2932 3862 3078 3919 dixit
3106 3865 3261 3921 idem
3286 3886 3494 3927 sonare

1852 3960 1918 3999 ac
1950 3947 2192 4016 scripsit,
2250 3946 2589 4019 nullamque
2619 3949 2678 4004 in
2730 3951 2919 4007 verbis
2968 3952 3171 4023 lgnatii
3220 3972 3350 4013 esse
3386 3975 3496 4028 puv

1851 4049 2068 4105 gnam;
2100 4038 2161 4089 ut
2217 4034 2500 4091 Dallaeum
2561 4038 2810 4110 ejusque
2843 4040 3206 4098 defensorem
3240 4044 3499 4116 duplicis

1852 4122 2170 4177 Eusebium
2204 4140 2513 4181 accusasse
2565 4127 2778 4183 erroris
2813 4128 3003 4199 pigere
3055 4130 3264 4188 debeat
3302 4138 3359 4189 et
3385 4151 3495 4206 pu-

1853 4212 2007 4267 dere.
2042 4213 2364 4281 Addamus,
2391 4214 2437 4270 si
2461 4214 2644 4285 lubet,
2668 4217 2779 4271 duo
2812 4217 2911 4272 illa
2932 4217 3081 4288 loca,
3102 4236 3227 4289 quas
3252 4221 3502 4280 Dallaaus

1852 4299 2005 4355 inter
2034 4317 2097 4356 se
2127 4317 2389 4373 pugnare
2449 4304 2726 4373 afﬁrmat,
2760 4306 2832 4361 ab
2881 4306 3136 4364 Eusebio
3180 4310 3354 4367 citata
3385 4328 3501 4369 non

1852 4388 2056 4447 fuisse.
2090 4390 2201 4445 Sed
2263 4393 2531 4461 quamvis
2588 4410 2772 4451 unum
2814 4396 2901 4452 vel
2962 4402 3275 4473 utrumque
3321 4402 3393 4458 ab
3432 4419 3500 4460 eo

1851 4477 2273 4550 transcriptum
2303 4479 2505 4549 fuerit,
2557 4482 2855 4554 probabile
2902 4489 3098 4542 tamen
3147 4504 3261 4544 non
3294 4495 3384 4546 est
3412 4492 3499 4547 vi-

1851 4584 1981 4624 rum
2005 4570 2608 4642 perspicacissimum,
2634 4574 2734 4645 qui
2767 4578 2930 4631 tanta
2960 4576 3262 4649 diligentia
3289 4581 3500 4651 episto-

1852 4655 1936 4712 las
1985 4657 2194 4728 Ignatii
2251 4660 2706 4728 examinaverat,
2770 4664 2919 4719 hanc
2981 4667 3027 4720 si
3071 4683 3198 4737 qum
3254 4670 3496 4725 essetin

1853 4746 2116 4817 ejusdem
2150 4747 2357 4819 Ignatii
2389 4750 2602 4819 verbis,
2661 4769 2692 4806 a
2723 4768 2805 4818 se,
2838 4753 2923 4808 uti
2954 4754 3184 4824 dicitur,
3223 4762 3500 4815 transcri-

1852 4835 1987 4905 ptis,
2038 4842 2301 4908 apertam
2335 4854 2449 4894 non
2504 4840 2991 4899 animadvertisse
3019 4849 3500 4917 ‘repugnantiam.

1851 4922 1974 4978 lmo
2006 4925 2284 4981 omnibus
2316 4930 2538 4983 certum
2572 4928 2752 4985 videri
2776 4930 2947 4986 debet
2968 4932 3067 4988 illa
3088 4934 3297 5005 lgnatii
3328 4936 3505 4993 verba

1852 5027 2052 5068 secum
2101 5013 2317 5085 optime
2378 5015 2689 5083 cohaerere,
2732 5034 2859 5087 quis
2906 5022 3198 5078 Eusebius
3248 5024 3399 5081 inter
3440 5043 3503 5081 se

1855 5117 2117 5173 pugnare
2148 5118 2262 5158 non
2298 5104 2612 5174 perspexit.

1923 5193 2163 5247 Constat
2221 5198 2497 5262 presteres
2551 5194 2869 5250 Eusebium
2939 5212 3007 5252 ex
3060 5197 3277 5271 aliquo,
3325 5218 3500 5274 quem

1854 5293 2035 5349 penes
2066 5294 2128 5335 se
2176 5279 2483 5352 habuerat,
2530 5298 2705 5338 manu
2756 5288 2990 5340 exarato
3034 5288 3229 5343 codice
3259 5290 3505 5361 prolixa,

1854 5384 1978 5437 quas
2002 5383 2072 5423 ex
2099 5367 2367 5439 epistolis
2397 5370 2719 5441 Ignatianis
2753 5372 3062 5444 exscripsit
3091 5374 3302 5445 loca,in
3332 5393 3501 5434 suam

1854 5471 2030 5526 quam
2065 5473 2221 5512 anno
2250 5458 2376 5521 326,
2412 5463 2513 5515 aut
2535 5460 2707 5531 juxta
2736 5460 3016 5517 Dallaeum
3046 5463 3171 5532 330,
3199 5464 3381 5520 edidit
3412 5465 3503 5521 hi-

1854 5545 2098 5601 storiam
2165 5546 2558 5603 transtulisse.
2618 5552 2793 5622 Atqui
2824 5567 2892 5607 ex
2930 5552 3134 5608 eodem
3169 5552 3384 5610 Dallaeo
3422 5554 3511 5611 hae

133 5666 188 5702 9'
257 5660 522 5750 Homilgn
549 5661 634 5750 ir:1
666 5656 825 5750 Catil.
850 5657 1255 5750 '“mAdmonit.
1310 5658 1368 5715 in
1401 5658 1503 5717 lib.
1566 5664 1831 5726 Ambros.
1867 5672 1941 5728 De
1994 5674 2149 5729 Isaac
2168 5677 2224 5729 et
2279 5674 2454 5729 anim.
2487 5674 2534 5709 "
2562 5691 2691 5747 cap.
2727 5678 2816 5746 35,
2870 5696 2926 5750 p.
2968 5680 3093 5739 442.
3117 5679 3288 5737 “lib.
3328 5697 3391 5738 ni
3422 5683 3517 5739 Hi-

51 5751 237 5806 :tor.,
281 5751 412 5807 cap.
453 5732 544 5789 36.
590 5729 634 5767 ⁸⁷
676 5745 808 5803 pag.
841 5729 965 5787 443.
