3942 6302
434 395 551 478 ι95

1459 408 1525 468 S.
1571 402 1968 468 lGNATIUS.
2013 432 2090 448 —
2141 396 2768 460 PHOLEGOMENA.
3724 391 3819 448 496

439 548 647 622 Ignatii
675 545 932 620 epistolas
984 545 1140 601 circa
1171 545 1347 600 linem
1380 541 1574 600 saeculi
1623 540 1802 608 tertii,
1848 539 1936 596 vel
1968 537 2083 592 ini-
2113 541 2168 606 Α
2199 529 2864 622 testimoniumignatii,
2919 529 2993 585 ab
3023 526 3347 584 Athanasio
3403 524 3823 598 transcriptum,

438 641 586 694 tium
613 637 825 709 quarti,
888 636 941 689 id
975 640 1065 690 est
1094 635 1250 689 circa
1305 649 1526 688 annum
1560 632 1686 696 300,
1728 631 1996 685 exierunt
2025 627 2082 682 in

437 727 651 783 lucem.
687 726 871 781 Codex
941 725 1120 795 igitur
1151 721 1268 788 ille,
1320 738 1435 792 quo
1479 737 1624 775 usus
1653 724 1746 774 est
1780 716 2087 784 Eusebius,

439 815 535 870 vix
591 817 726 866 ante
786 810 1028 882 triginta
1076 825 1263 864 annos
1289 812 1460 880 juxta
1503 806 1701 863 Dallaai
1751 803 2082 875 opinionem

439 909 712 960 exaratus
751 903 956 956 fuerat.
1019 900 1324 966 Quomodo
1353 915 1489 970 ergo
1522 898 1610 952 vir
1661 895 1758 951 ille
1780 893 2089 966 sagacissi-

443 1010 593 1056 mus,
628 991 730 1062 qui
783 995 872 1047 tot
933 989 1364 1059 manuscriptcs
1403 988 1632 1043 codices
1662 984 1971 1050 evolveret,
2005 985 2091 1038 tot

441 1080 793 1137 lustraverat
849 1079 1250 1144 bibliothecas,
1306 1078 1480 1132 ﬁdem
1533 1067 2089 1146 manuscriptiltam

444 1171 701 1227 recentis
759 1172 1092 1241 suspectam
1131 1185 1244 1223 non
1304 1166 1557 1222 habuit?
1585 1169 1698 1220 Cur
1747 1163 1893 1218 alios
1921 1164 2089 1217 vetu-

449 1262 659 1316 stiores
681 1275 822 1314 cura
853 1257 1022 1314 solita
1071 1273 1184 1312 non
1214 1255 1526 1328 quaesivit?
1571 1259 1690 1311 Cur
1720 1251 1971 1325 denique
2025 1266 2095 1306 ea

452 1349 652 1405 omnia
713 1347 1035 1402 recentiora
1075 1346 1365 1416 dogmata,
1425 1361 1548 1414 quas
1597 1342 1842 1398 Dallaaus
1903 1343 1960 1396 in
2001 1339 2094 1395 his

454 1437 718 1508 epistolis
768 1435 1174 1508 deprehendit,
1227 1435 1473 1489 haareses
1531 1433 1812 1488 nimirum
1871 1428 2095 1501 Ignatio

460 1527 834 1597 posteriores,
893 1524 1124 1596 aliaque
1180 1522 1527 1594 quamplura
1585 1528 1713 1592 post
1752 1534 1886 1576 eum
1935 1523 2094 1585 nata,

459 1614 678 1669 nullam
711 1613 824 1685 ipsi
857 1631 927 1669 ne
957 1613 1041 1668 vel
1067 1613 1373 1668 minimam
1407 1611 1644 1684 quidem
1676 1611 1748 1665 de
1767 1608 2094 1664 earumdem

455 1703 838 1774 epistolarum
870 1702 1270 1773 suppositione
1297 1702 1621 1768 injecerunt
1650 1697 2047 1769 suspicionem
2070 1693 2098 1748 ?

455 1791 666 1848 Nullus
700 1795 856 1848 certe
885 1791 1146 1846 sincerus
1167 1791 1431 1845 veritatis
1472 1793 1720 1855 amator,
1755 1789 1871 1842 haec
1901 1783 2099 1843 omnia

457 1880 756 1937 credibilia
790 1897 918 1936 esse
946 1879 1058 1935 sibi
1094 1895 1356 1950 unquam
1381 1878 1758 1951 persuadebit
1786 1893 1799 1931 :
1839 1875 1939 1931 sed
1973 1871 2098 1929 nul-

454 1971 578 2025 lum
611 1969 683 2024 ab
716 1968 964 2025 Eusebio
997 1974 1333 2039 perceptum
1357 1969 1427 2023 de
1451 1969 1663 2022 Ireniso
1695 1972 1751 2022 et
1780 1964 2095 2037 Polycarpo

453 2074 708 2116 errorem
740 2063 1036 2130 agnoscet,
1089 2057 1313 2128 hasque
1343 2056 1614 2127 epistolas
1662 2071 1863 2110 verum
1906 2070 1971 2109 ac
2003 2069 2093 2123 ge-

457 2149 710 2202 nuinum
744 2146 954 2218 Ignatii
992 2162 1142 2217 opus
1171 2162 1300 2200 esse
1321 2144 1475 2200 ultro
1511 2145 1807 2200 fatebitur.

455 2241 485 2313 §
511 2235 927 2297 [LSecundum
949 2245 1365 2314 argumentum
1387 2253 1462 2295 ea:
1482 2233 1814 2297 Athanasii
1833 2231 2099 2294 Aleman-

839 2316 1005 2375 ιίνιήἰ
1032 2317 1356 2375 testimonio
1386 2314 1723 2375 deductum.

530 2417 670 2468 Cum
698 2412 974 2468 Dallasani
1026 2417 1188 2468 tanta
1236 2412 1555 2484 pertinacia
1604 2411 1961 2466 contendant
1993 2411 2100 2466 Eu-

455 2503 686 2559 sebium
715 2519 844 2557 esse
867 2503 1082 2556 fontem
1123 2526 1141 2548 -
1180 2502 1371 2556 omnis
1403 2503 1474 2556 de
1516 2501 1835 2572 Ignatianis
1866 2499 2098 2566 erroris,

457 2592 559 2662 qui
593 2607 737 2662 pene
763 2607 966 2647 omnes
988 2590 1306 2646 Christiani
1339 2590 1596 2646 nominis
1617 2590 1874 2645 eruditos
1901 2606 2096 2662 perva-

453 2684 569 2749 sit;
605 2701 634 2729 ››
669 2679 813 2734 nihil
865 2684 1018 2734 certe
1052 2680 1257 2735 mirum
1291 2680 1340 2734 si
1385 2695 1584 2735 omnes
1615 2679 1733 2734 fere
1765 2683 1893 2748 post
1913 2679 2096 2734 Euse-

453 2769 614 2826 bium
644 2770 977 2840 scriptores,
1012 2785 1080 2823 ex
1113 2768 1242 2836 hoc,
1292 2784 1466 2840 quem
1500 2773 1840 2839 corruptum
1873 2767 2096 2836 dicunt,

455 2863 614 2917 fonte
636 2878 800 2916 suam
835 2861 904 2916 de
929 2860 1134 2932 lgnatii
1167 2860 1429 2932 epistolis
1461 2860 1807 2916 sententiam
1833 2859 2101 2915 hausisse

456 2967 757 3023 perperam
816 2955 1168 3005 asseverent.
1204 2950 1319 3005 Hos
1349 2949 1539 3021 igitur
1570 2949 1858 3020 opinionis
1889 2956 2099 3004 nostra:

455 3039 978 3112 praestantissimos
1010 3043 1354 3103 assertores,
1405 3045 1579 3107 atque
1611 3039 1804 3092 omnis
1827 3039 2011 3092 aetatis
2042 3045 2100 3093 et

455 3128 802 3184 eruditionis
832 3128 983 3182 viros
1015 3128 1282 3182 deserere
1338 3129 1542 3196 coacti,
1587 3127 1677 3181 vix
1719 3127 1968 3181 duorum
1998 3133 2101 3181 aut

453 3219 630 3272 trium
664 3219 954 3288 quaedam,
990 3216 1069 3270 uti
1104 3216 1289 3281 aiunt,
1337 3222 1526 3270 errata
1556 3216 1841 3281 minuere,
1884 3215 1971 3270 vei
1995 3234 2095 3270 au-

2196 624 2255 678 in
2286 621 2388 678 illa
2412 620 2652 676 Eusebii
2707 619 2957 675 llistoria
2991 634 3105 673 non
3158 617 3460 687 reperitur.
3492 615 3824 671 Athanasius

2196 711 2381 781 igitur
2411 709 2554 765 illud
2587 726 2656 765 ex
2684 709 2799 765 alio
2830 708 3134 779 scriptore,
3171 706 3256 762 vel
3288 722 3357 761 ex
3404 705 3604 776 aliquo
3636 705 3827 776 episto-

2198 799 2387 856 larum
2422 798 2634 869 Ignatii
2667 798 3062 869 manuscripto
3095 795 3292 851 codice
3313 799 3620 850 mutuatus
3646 799 3748 849 est.
3770 797 3826 847 At

2198 905 2268 946 ex
2294 893 2500 962 quovis
2520 888 2903 946 doctissimus
2933 885 3030 941 ille
3055 885 3266 956 praesul
3291 883 3435 939 illud
3459 883 3666 955 lgnatii
3690 885 3824 938 testi-

2201 979 2462 1034 monium
2494 979 2803 1048 acceperit,
2835 977 2962 1047 ipse
3007 973 3358 1030 utrumlibet
3388 977 3561 1029 tanta;
3595 973 3826 1043 antiqui-

2201 1068 2339 1124 tatis
2368 1073 2427 1124 et
2451 1067 2812 1124 auctoritatis
2841 1066 3217 1131 existimavit,
3243 1069 3308 1118 ut
3335 1063 3473 1119 inde
3499 1062 3822 1117 catholicam

2202 1153 2377 1214 fidem
2411 1160 2692 1215 adversus
2742 1157 3090 1213 Arianorum
3124 1154 3384 1224 argutias
3410 1158 3466 1208 et
3497 1153 3825 1208 subtilitates

2202 1254 2330 1304 tuto
2363 1247 2578 1303 muniri
2609 1253 2668 1304 et
2709 1247 2944 1302 defendi
2979 1261 3145 1317 posse
3187 1260 3531 1314 persuasum
3563 1242 3824 1297 habuerit.

2205 1339 2410 1409 Liquet
2433 1338 2612 1410 igitur
2635 1342 2693 1393 et
2721 1341 2945 1393 constat
2977 1335 3364 1390 Athanasium
3385 1349 3497 1388 non
3531 1349 3600 1387 ex
3625 1329 3828 1386 Eusebii

2205 1427 2478 1494 Historia,
2511 1427 2614 1483 sed
2645 1442 2714 1481 ex
2743 1423 2942 1496 aliquo
2966 1422 3304 1480 veneranda
3337 1420 3713 1492 antiquitatis
3735 1435 3828 1474 mo—

2207 1515 2873 1588 nimento,epistolarum
2903 1514 3163 1579 illarum,
3189 1528 3334 1583 quas
3363 1510 3593 1583 lgnatio
3627 1509 3826 1575 tribuit,

2207 1606 2420 1661 citasse
2451 1604 2874 1661 testimonium.
2898 1603 3160 1673 Denique
3180 1600 3493 1656 Eusebium
3519 1599 3578 1654 in
3603 1597 3829 1654 citandis

2209 1695 2421 1766 Ignatii
2451 1694 2716 1766 epistolis
2777 1691 2938 1749 nullo
2971 1692 3145 1747 modo
3203 1705 3430 1745 errasse
3460 1689 3831 1744 ostendimus.

2209 1785 2449 1840 Frustra
2480 1783 2660 1856 igitur
2716 1782 3077 1838 Athanasius
3123 1781 3194 1837 ab
3227 1778 3324 1835 illo
3377 1777 3622 1833 delusus
3678 1775 3830 1832 fuisse

2209 1872 2442 1930 dicitur.

2206 2012 2236 2085 §
2268 2009 2372 2069 III.
2416 2007 2678 2070 Tertium
2737 2014 3142 2087 argumentum
3175 2023 3249 2087 ex
3276 2002 3532 2064 Joannis
3566 2001 3828 2083 Chrysa:-

2615 2088 2763 2150 tomi
2778 2086 3141 2148 auctoritate
3161 2086 3444 2146 elicitum.

2278 2231 2666 2287 Athanasium
2701 2229 2961 2301 proxime
2992 2231 3230 2284 secutus
3260 2231 3350 2284 est
3381 2226 3836 2298 Chrysostomus,

2207 2321 2306 2393 qui
2329 2322 2386 2377 in
2405 2321 2876 2391 oratione,quam
2901 2318 3220 2374 Antiochia:
3244 2319 3315 2373 de
3339 2317 3551 2389 Ignatii
3575 2315 3835 2388 martyrio

2209 2413 2435 2480 habuit,
2467 2413 2548 2468 sic
2571 2411 2835 2482 loquitur
2855 2410 2901 2445 '9
2927 2427 2939 2464 :
2961 2431 2990 2460 «
3015 2409 3178 2466 Unde
3202 2410 3306 2464 hoc
3336 2407 3402 2463 fit
3433 2405 3838 2479 perspicuum?

2207 2503 2289 2558 Ex
2317 2503 2508 2558 verbis
2535 2519 2662 2573 quis
2685 2501 3008 2556 moriturus
3037 2499 3404 2570 loquebatur.
3450 2503 3595 2552 Cum
3620 2498 3770 2553 enim
3790 2495 3836 2549 id

2207 2611 2391 2666 genus
2425 2592 2698 2665 supplicii
2732 2592 2844 2648 sibi
2873 2590 3246 2646 subeundum
3278 2604 3406 2645 esse
3438 2587 3835 2643 intellexisset:

2149 2746 2156 2754 ,
2209 2685 2335 2754 Ego,
2371 2682 2578 2753 inquit,
2600 2685 2758 2752 feras
2804 2680 2936 2736 iilas
2988 2681 3346 2748 adiuvarem:
3380 2697 3413 2731 ‹‹
3440 2677 3640 2733 Graece
3672 2690 3835 2732 vero:

2211 2771 2355 2845 Ἐγὼ
2385 2774 2490 2825 τῶν
2524 2768 2736 2824 ἐκείνων
2762 2767 3009 2841 ὀναίμην,
3042 2761 3360 2841 ἔλεγεᾩιιῶ
3392 2767 3633 2838 quidem
3659 2767 3838 2823 Graeca

2207 2864 2379 2919 verba
2400 2879 2468 2918 ex
2486 2862 2695 2934 Ignatii
2718 2861 2963 2932 epistola
2986 2864 3053 2916 ad
3082 2860 3377 2914 Romanos
3390 2858 3596 2914 desum
3610 2863 3707 2930 pta
3726 2870 3838 2912 esse

2209 2969 2378 3008 nemo
2412 2969 2527 3008 nou
2558 2950 2734 3007 videt.
2803 2954 3076 3006 Attamen
3108 2947 3356 3004 Dallaeus
3407 2947 3707 3002 contendit
3738 2945 3835 2982 ¹⁰θ¹

2209 3043 2690 3114 Chrysostomum
2732 3061 2759 3090 ‹‹
2821 3039 2967 3094 nihil
3029 3037 3239 3108 Ignatii
3298 3036 3596 3108 proprium
3653 3043 3841 3108 praeter

2209 3133 2541 3204 passionem
2602 3131 2816 3197 dicere,
2851 3144 2919 3184 ex
2976 3145 3094 3199 qua
3143 3126 3242 3181 illa
3290 3129 3419 3196 ejus
3475 3126 3655 3181 verba
3686 3126 3840 3179 refert

2209 3232 2377 3290 atque
2406 3219 2758 3289 amplificat:
2794 3242 2820 3268 ›ι
2846 3220 2902 3273 id
2935 3222 3044 3283 est,
3067 3217 3240 3287 juxta
3269 3214 3467 3271 Dallaai
3495 3216 3843 3286 Opinionem,

453 3286 778 3361 ctoritatem
811 3304 1039 3360 elevare
1073 3309 1380 3358 conantur.
1416 3305 1646 3358 Primus
1688 3305 1836 3359 inter
1865 3322 1962 3359 eos
1994 3306 2091 3360 do-
2129 3286 2170 3352 (ἶ
2203 3286 2689 3380 Οὺ-Γγεοεῐάωυω
2720 3309 2839 3364 Ι)ωο
2871 3307 3048 3362 verba
3073 3286 3194 3360 non
3225 3321 3294 3360 ex
3324 3303 3592 3375 epistolis
3633 3301 3844 3375 lgnatii,

452 3396 638 3450 ctrina
690 3405 747 3448 et
797 3393 1004 3448 merito
1066 3393 1277 3448 eminet
1319 3393 1691 3458 Athanasius,
1738 3395 2091 3449 Alexandriae

452 3484 786 3553 episcopus,
810 3484 909 3552 qui
943 3481 1247 3552 epistolam
1268 3483 1474 3553 [gnatii
1517 3483 1590 3538 ad
1626 3485 1904 3556 Ephesios
1938 3485 2094 3539 hunc

452 3569 654 3624 laudat
687 3570 742 3624 in
779 3569 1015 3623 modum
1049 3569 1129 3623 ⁹⁸;
1165 3591 1192 3618 ‹‹
1225 3569 1483 3642 lguatius
1507 3572 1948 3643 postapostolcs
1974 3579 2091 3626 An-

455 3658 678 3713 tiochia:
712 3658 945 3730 praesul,
978 3667 1034 3713 et
1062 3665 1282 3728 martyr
1303 3660 1537 3728 Christi,
1585 3662 1641 3716 in
1668 3661 1938 3732 epistolis
1973 3663 2093 3717 suis

454 3747 524 3803 de
545 3747 792 3804 Domino
819 3750 894 3802 ita
949 3748 1177 3804 loculus
1200 3755 1326 3804 est:
1363 3749 1527 3806 Unus
1558 3756 1647 3806 est
1680 3754 1940 3806 medii-us
1971 3769 2092 3806 car-

455 3837 604 3892 nalis
635 3842 691 3891 et
720 3837 1022 3908 spiritalis,
1073 3839 1308 3909 genitus
1331 3847 1386 3893 et
1419 3841 1735 3909 ingenitus,
1769 3842 1824 3894 in
1860 3840 2095 3894 homine

453 3927 626 3994 Deus,
655 3929 711 3982 in
737 3935 918 3984 morte
949 3929 1066 3983 vita
1083 3944 1234 3996 vera,
1260 3946 1327 3983 ex
1342 3930 1524 3984 Maria
1550 3935 1606 3984 et
1628 3937 1762 3985 Deo.
1797 3952 1822 3980 »
1850 3931 2096 3987 Dallaeus

453 4017 551 4072 ubi
581 4018 689 4072 hoc
747 4018 1050 4072 Athanasii
1096 4017 1500 4073 testimonium
1555 4020 1846 4090 expendit,
1886 4020 2098 4074 fatetur

453 4107 618 4162 illum
644 4107 702 4160 in
747 4123 813 4161 eo
871 4124 982 4162 non
1040 4123 1332 4176 peccasse,
1367 4108 1523 4178 quod
1555 4109 1854 4180 egregium
1881 4109 2094 4177 locum,

452 4212 642 4251 causa:
679 4212 796 4249 suae
831 4195 1242 4261 utilissimum,
1282 4211 1455 4266 quem
1489 4213 1558 4251 ex
1590 4197 1794 4268 lgnatii
1832 4197 2096 4268 epistolis

453 4291 660 4339 nactus
689 4286 853 4348 ferat,
888 4285 1018 4353 ejus
1043 4284 1278 4340 nomine
1309 4285 1655 4341 laudaverit.
1680 4288 1921 4358 Magnas
1944 4293 2096 4342 certe

452 4373 811 4428 Athanasius
870 4373 1120 4439 Dmllaco,
1153 4376 1307 4444 quod
1355 4393 1486 4430 eum
1539 4395 1573 4431 a
1626 4383 1878 4445 peccato,
1941 4377 2095 4448 quod

453 4464 681 4518 nullum
713 4479 841 4518 esse
876 4471 1115 4532 poterat,
1159 4467 1489 4521 urbanitate
1521 4475 1640 4521 tam
1676 4468 1959 4538 singulari
2003 4485 2096 4523 ex-

455 4569 561 4607 cus
593 4557 651 4606 et
679 4553 915 4608 haberet
941 4555 1182 4624 gratias,
1214 4556 1260 4610 si
1294 4555 1486 4626 ipsum
1510 4557 1783 4610 continuo
1800 4562 2098 4626 prepterea

2204 3399 2303 3454 sed
2333 3415 2398 3453 ex
2435 3397 2698 3468 martyrii
2731 3397 2919 3468 ipsius
2950 3394 3100 3450 Actis
3131 3397 3367 3464 accepta
3400 3392 3842 3448 referre.Vcrum

2205 3489 2258 3542 id
2287 3487 2527 3542 omnino
2571 3487 2783 3542 falsum
2825 3502 2955 3542 esse
2987 3485 3122 3539 inde
3146 3485 3266 3553 jam
3297 3482 3839 3542 demonstravimus,

2204 3581 2358 3649 quod
2394 3577 2568 3632 verba
2618 3577 2720 3631 illa
2753 3593 2867 3631 non
2919 3575 2977 3629 in
3011 3575 3162 3632 veris
3215 3579 3274 3628 et
3303 3569 3548 3627 sinceris
3581 3567 3833 3641 martyrii

2205 3667 2492 3737 Ignatiani
2527 3667 2706 3732 Actis,
2741 3666 2844 3720 sed
2877 3663 3282 3719 tantummodo
3315 3663 3371 3716 in
3407 3659 3778 3731 interpolatis
3796 3662 3842 3710 et

2204 3755 2512 3825 corruptis,
2545 3759 2604 3808 et
2635 3753 3042 3822 Chrysostcmo
3075 3751 3304 3822 penitus
3338 3749 3841 3820 incognitis,repe-

2201 3844 2449 3899 riantur.

2274 3936 2462 3987 Instat
2487 3935 2679 3986 tamen
2715 3930 2961 3985 Dallazus
2984 3930 3004 3964 ³
3031 3947 3042 3984 :
3074 3959 3098 3982 ‹‹
3130 3931 3244 3985 Cur
3276 3945 3389 3983 non
3423 3926 3660 3998 aliquas
3694 3925 3842 3981 exiis

2205 4021 2492 4091 epistolis,
2545 4019 2781 4075 maxime
2812 4019 3139 4075 laudabiles
3197 4017 3541 4084 sententias,
3592 4032 3761 4087 aeque
3790 4029 3845 4067 ac

2203 4109 2363 4165 illam
2399 4110 2667 4180 martyris
2697 4125 2793 4163 ore
2826 4108 3102 4179 prolatam
3139 4104 3761 4172 recitat,suavissimis
3791 4117 3846 4156 ac

2207 4199 2622 4270 pulcherrimis
2645 4199 2850 4252 divina:
2891 4215 3010 4252 suae
3043 4196 3387 4268 eloquentiae
3416 4195 3668 4250 floribus
3688 4209 3852 4248 orna-

2202 4297 2292 4343 tas
2315 4293 2340 4342 .9
2366 4308 2389 4339 υ
2423 4289 2528 4343 Sed
2553 4288 2674 4343 haec
2692 4305 2724 4342 a
2755 4287 2988 4345 Dallzeo.
3013 4291 3185 4341 tantae
3208 4284 3559 4340 eruditionis
3589 4285 3847 4351 viro,lam

2208 4379 2418 4451 frigide
2469 4378 2796 4447 objicienda
2847 4393 2959 4431 non
2991 4379 3168 4440 erant,
3230 4375 3445 4446 quippe
3479 4373 3581 4443 qui
3634 4371 3852 4427 nescire

2209 4485 2321 4522 non
2351 4467 2747 4538 poteratapud
2782 4467 3053 4536 antiquos
3089 4466 3307 4530 Patres,
3342 4463 3441 4534 qui
3475 4463 3850 4534 panegyricas

2210 4559 2280 4612 de
2321 4556 2697 4629 martyribus,
2723 4557 2971 4627 aliisque
2992 4555 3132 4609 viris
3153 4553 3544 4610 sanctissimis
3561 4552 3849 4608 orationes

455 4657 568 4696 non
601 4647 922 4707 accusaret,
947 4644 1098 4714 quod
1132 4645 1481 4715 gravissima
1502 4643 1900 4714 disputatione
1925 4662 2096 4700 occu-
2128 4645 2173 4710 D
2205 4648 2559 4714 habuerunt,
2592 4645 2651 4699 in
2684 4661 2843 4700 more
2895 4661 3010 4700 non
3041 4643 3224 4700 fuisse
3254 4660 3321 4698 ex
3351 4657 3553 4697 eorum
3590 4640 3852 4714 epistolis

453 4735 645 4800 patus,
696 4737 987 4786 ostentata
1025 4733 1136 4786 sibi
1199 4734 1268 4785 ab
1303 4732 1549 4786 Eusebio
1583 4731 1728 4787 falsa
1762 4733 1967 4803 lgnatii
2003 4751 2101 4790 au-

452 4821 721 4876 ctoritate
764 4821 1005 4876 delusus
1040 4821 1139 4876 sit.
1199 4820 1415 4875 Verum
1450 4837 1564 4890 quo
1618 4820 1714 4874 ille
1755 4829 2099 4890 argumento

450 4911 881 4966 demonstrabit
916 4909 1297 4964 Athanasium
1330 4912 1400 4964 ab
1433 4911 1683 4965 Eusebio
1720 4911 1902 4967 fuisse
1931 4913 2099 4968 delu-

451 5001 630 5055 sum?
659 5001 976 5072 Postquam
1010 4999 1303 5054 enimvero
1335 4999 1578 5054 historia
1608 5002 1840 5056 Eusebii
1862 5002 2100 5074 vulgata

450 5093 558 5157 est,
591 5089 786 5143 statim
825 5087 1413 5149 Athanasius,reliota
1439 5088 1804 5157 Alexandria,
1826 5089 1996 5162 longe
2027 5092 2098 5146 ab

450 5177 696 5233 Eusebio
728 5179 845 5233 fere
887 5193 1121 5248 semper
1163 5176 1370 5246 abfuit,
1403 5183 1577 5248 atque
1609 5179 1920 5234 Historiam
1949 5181 2099 5250 ejus-

447 5267 579 5323 dem
612 5267 851 5323 Eusebii
882 5267 941 5320 in
977 5281 1190 5321 manus
1219 5267 1348 5336 ejus
1381 5283 1678 5336 nunquam
1703 5269 1933 5324 venisse
1961 5286 2096 5326 vero

445 5361 537 5412 est
567 5356 958 5412 simillimum.
1025 5357 1289 5409 Attamen
1322 5361 1448 5411 esto
1491 5356 1589 5410 illa
1622 5357 1679 5412 in
1723 5375 1937 5416 manus
1968 5362 2095 5431 ejus

445 5446 688 5502 venerit.
722 5443 878 5499 Nihil
940 5460 1079 5500 sane
1126 5443 1263 5500 inde
1321 5446 1587 5502 conficiet
1637 5447 1908 5505 Dallisus.
1943 5450 2092 5507 Nam

445 5683 537 5752 35,
572 5699 632 5757 p.
667 5683 791 5742 456.
823 5688 844 5720 ³
874 5686 1020 5743 Ibid.

516 5613 563 5649 θ’
591 5615 668 5672 De
696 5615 887 5741 ἱνποά.
914 5615 1091 5698 Arim.
1139 5620 1190 5673 et
1246 5617 1484 5686 Salsum,
1518 5635 1574 5691 p.
1632 5618 1760 5692 992,
1793 5620 1931 5678 edit.
1985 5621 2168 5679 Paris.
2199 5621 2248 5657 ’θ
2305 5620 2510 5679 homil.
2544 5621 2630 5676 42.

521 5725 537 5741 .
572 5699 632 5741 c.
667 5688 698 5741 4
736 5689 791 5741 6.
823 5688 844 5720 ³
874 5686 1020 5741 Ibid.

2210 4735 2296 4789 vel
2327 4735 2562 4806 scriptis
2596 4734 2840 4790 recitare
2871 4755 2899 4784 «
2963 4732 3290 4788 laudabiles
3340 4731 3693 4798 sententias,
3728 4745 3856 4785 sua-

2212 4825 2470 4879 vissimis
2503 4840 2567 4878 ac
2624 4821 3040 4894 pulcherrimis
3091 4821 3296 4876 divinae
3355 4837 3474 4875 suae
3505 4817 3855 4890 eloquentia.-

2212 4915 2453 4969 tloribus
2475 4918 2732 4968 ornatas.
2754 4935 2781 4961 »
2817 4916 3065 4984 Legatur
3088 4910 3435 4982 panegyrica
3469 4909 3785 4980 Augustini
3810 4908 3855 4960 in

2208 5004 2554 5078 Cyprianum
2597 5003 2801 5071 oratio,
2837 5001 3110 5073 legantur
3160 5000 3285 5056 aliae
3317 5000 3389 5054 ab
3423 4997 3554 5053 aliis
3588 4999 3860 5054 Patribus

2207 5096 2511 5164 peroratae,
2563 5108 2628 5147 ac
2661 5091 2716 5146 in
2760 5092 2842 5145 eis
2896 5089 3224 5145 laudabiles
3253 5104 3456 5145 eorum
3510 5087 3857 5144 sententias.

2207 5200 2355 5254 quas
2387 5184 2445 5237 in
2503 5182 2918 5255 Chrysostomo
2972 5181 3043 5236 de
3079 5181 3308 5252 lgnatio
3356 5183 3557 5234 nostro
3601 5177 3854 5233 Dallaeus

2209 5272 2522 5337 desiderat,
2572 5272 2841 5328 recitatae
2885 5270 3083 5326 nullus
3117 5269 3384 5342 reperiet.
3424 5267 3649 5322 Deinde
3682 5267 3855 5337 Chry-

2206 5367 2504 5416 sostomus
2537 5359 2686 5416 hanc
2717 5359 2900 5416 solam
2947 5376 3012 5413 ex
3044 5359 3254 5432 Ignatii
3289 5355 3552 5429 epistolis
3581 5357 3861 5428 pulcher-

2207 5449 2414 5506 rimam
2445 5450 2799 5506 sententiam
2858 5447 3258 5506 deﬂorandam
3291 5463 3417 5504 esse
3449 5445 3718 5514 censuit,
3753 5459 3859 5500 non

2691 5624 2732 5677 t.
2763 5622 2808 5690 Ι,
2841 5622 2984 5682 edit.
3029 5623 3213 5690 Paris,
3286 5637 3344 5694 p.
3399 5619 3530 5688 506,
3589 5617 3724 5690 ‘°°,‘
3747 5633 3860 5686 σειρ-
