3942 6302
152 459 260 517 497

1106 464 1179 522 D.
1226 458 1559 524 NOURRII
1602 454 2139 519 DlSSERTATIO.
2185 492 2262 503 —
2304 458 2504 522 PARS
2550 460 2598 521 Ι.

3452 464 3571 524 498

150 594 274 650 ideo
307 598 547 650 tantum
581 596 720 665 quia
750 610 1045 651 summum
1100 596 1230 665 ejus
1261 613 1363 667 pro
1406 595 1634 652 Christo
1690 612 1800 665 pa-
1837 597 1887 663 Α
1919 595 2041 659 Quo
2072 594 2226 649 enim
2280 597 2444 665 pacto
2477 594 2666 649 sancti
2724 593 2886 649 illius
2917 595 3174 651 doctoris
3213 597 3271 652 in
3306 603 3564 654 mentem

153 685 332 738 tiendi
364 686 641 740 ardorem
700 685 1064 755 apertissime
1105 684 1474 753 ostendebat,
1534 685 1632 739 sed
1669 683 1808 756 quia

154 791 278 830 eam
314 791 556 847 quoque
588 777 657 831 ad
694 775 1073 832 celebrandas
1107 778 1255 831 tanti
1291 776 1563 848 martyris
1602 775 1806 839 laudes

156 866 345 935 magis
374 867 704 921 conducere
754 868 1071 923 arbitratus
1101 872 1207 922 est.
1258 867 1512 936 Denique
1541 865 1629 920 vel
1660 865 1803 933 sola,

154 969 332 1023 quam
365 971 548 1025 supra
588 954 982 1025 exhibuimus,
1006 956 1386 1026 epistolarum
1422 955 1627 1025 lgnatii
1663 972 1802 1008 ana-

153 1040 261 1113 lysi
281 1059 394 1097 non
412 1045 661 1098 obscure
678 1044 969 1116 colligitur
999 1047 1477 1115 Cbrysostomum
1497 1060 1565 1097 ex
1594 1044 1802 1097 iisdem

154 1147 213 1185 ea
246 1133 679 1202 desumpsisse,
733 1150 858 1204 quae
893 1133 1108 1189 ibidem
1145 1134 1302 1201 dicit,
1342 1134 1517 1188 urbes
1547 1134 1617 1187 ad
1655 1150 1802 1203 quas

151 1221 414 1291 lgnatius
445 1239 552 1277 suo
582 1224 639 1276 in
665 1223 870 1278 itinere
897 1225 1222 1278 diversatus
1252 1228 1360 1285 est,
1393 1224 1593 1277 illum:
1617 1224 1800 1277 cCum

148 1329 361 1379 magno
394 1319 724 1368 commeatu
778 1314 1096 1381 dimisisse,
1155 1314 1423 1385 precibus
1455 1318 1512 1368 et
1559 1313 1801 1385 legatio-

152 1400 335 1456 nibus
364 1402 561 1471 ipsum
597 1403 958 1472 adjuvanles.
985 1425 1013 1452 »

213 1491 585 1561 Subjungere
625 1492 718 1547 his
770 1509 1086 1563 possumus
1120 1493 1390 1548 eumdem
1451 1493 1798 1564 Chrysosto-

145 1596 309 1634 mum
346 1579 463 1634 alia
511 1580 568 1634 in
628 1584 886 1636 oratione
918 1584 1091 1637 verba
1146 1582 1378 1651 lgnatii,
1411 1599 1540 1653 quae
1572 1598 1636 1635 ex
1670 1584 1800 1651 ejus

144 1670 213 1723 ad
254 1668 646 1740 Polycarpum
705 1670 955 1740 epistola
1015 1676 1315 1726 mutuatus
1376 1671 1580 1737 fueral,
1642 1670 1800 1725 hunc

144 1758 492 1813 hausissein
519 1761 757 1816 modum
778 1759 836 1814 3:
867 1782 894 1809 «
953 1764 1263 1830 Propterea
1297 1760 1509 1815 nobilis
1552 1761 1636 1815 vir
1666 1760 1795 1830 qui-

143 1852 273 1903 dam
310 1866 378 1903 ex
414 1849 731 1914 veteribus,
767 1849 858 1904 cui
896 1866 1108 1905 nomen
1143 1849 1424 1921 Ignatius,
1458 1851 1678 1921 quique
1710 1866 1798 1905 sa-

1917 684 2112 738 venire
2145 684 2350 753 potuit,
2414 691 2473 737 ut
2530 684 2764 752 scripta,
2799 701 2928 754 quae
2978 687 3049 739 ab
3114 686 3357 756 lgnatio,
3401 690 3563 741 tanto

1918 778 2187 843 martyre,
2250 789 2424 843 quem
2486 773 2702 827 honore
2769 774 3022 828 maximo
3074 776 3559 846 prosequebatur,

1916 863 2173 932 profecta
2202 878 2330 916 esse
2361 861 2860 931 sciebat,ipsemet
2893 868 3322 933 aspernaretur.
3361 864 3563 919 Restat

1915 951 2095 1019 igitur
2126 956 2188 1003 ut
2218 952 2475 1019 epistolae
2510 949 2737 1014 lgnatii,
2770 951 2817 1004 si
2849 950 3166 1022 aliquando
3214 967 3312 1006 eas
3359 952 3559 1007 Hiero-

1916 1058 2127 1112 nymus
2185 1058 2298 1095 non
2332 1041 2635 1107 sureverit,
2670 1041 2778 1111 ipsi
2837 1042 3054 1096 fuerint
3096 1042 3424 1113 incognita.
3486 1050 3561 1099 At

1912 1133 2205 1201 quomodo
2236 1131 2349 1185 illas
2381 1132 2814 1201 epistolaa,quas
2837 1132 3037 1184 tandiu
3067 1132 3136 1185 ab
3172 1132 3393 1202 lgnatio
3418 1134 3556 1188 scri-

1915 1225 2041 1289 ptas
2076 1221 2256 1274 fuisse
2279 1237 2377 1287 pro
2405 1226 2557 1274 certo
2592 1219 2814 1285 habuit,
2862 1225 3172 1291 potuerunt
3203 1221 3308 1290 ipsi
3352 1227 3555 1291 postea

1912 1310 2033 1363 fieri
2067 1310 2371 1380 incognitae
2394 1308 2421 1362 ‘I

1982 1416 2259 1471 Dallaeum
2323 1425 2511 1470 tamen
2573 1416 2694 1471 haec
2746 1418 3034 1485 paradoxa
3095 1426 3551 1489 propugnantem

1911 1521 2247 1575 sequamur.
2310 1505 2593 1575 Ignatius,
2628 1507 2820 1577 inquit
2853 1506 2969 1573 ille,
3006 1506 3096 1561 his
3134 1507 3397 1575 epistolis
3424 1506 3555 1577 'epi-

1910 1610 2222 1664 scoporum
2250 1610 2383 1648 cum
2450 1594 2801 1665 presbyteris
2853 1595 3094 1649 damnat
3141 1595 3556 1665 aequalitatem,

1912 1699 2086 1753 quam
2120 1683 2509 1752 Hieronymus
2546 1706 2565 1730 ι
2622 1682 2916 1737 mordicus
2951 1684 3171 1753 passim
3218 1684 3494 1739 defendit.
3520 1706 3549 1735 »

1909 1772 1987 1826 Ex
2022 1790 2134 1838 qua
2190 1772 2491 1841 utriusque
2540 1771 2931 1841 discrepantia
2987 1771 3084 1826 ille
3131 1774 3327 1828 statim
3380 1774 3554 1829 infert

1910 1863 2329 1933 Hieronymum
2389 1861 2494 1915 has
2555 1860 2833 1930 epistolas
2894 1877 3005 1915 non
3042 1860 3333 1929 habuisse,
3372 1882 3401 1909 ‹‹
3450 1879 3550 1930 pro

140 1937 405 1992 cerdotio
427 1938 605 1992 simul
638 1945 694 1992 et
714 1940 984 2010 martyrio
1006 1940 1314 1995 decoratus
1335 1940 1464 2005 fuit,
1500 1942 1569 1994 ad
1599 1957 1793 1995 sacer-
1828 1958 1876 2023 Β
1905 1968 1985 2004 νει

1957 1968 2037 2004 aro
2063 1951 2170 2004 viri
2204 1950 2501 2021 apostolici
2536 1951 2673 2015 fetu,
2711 1950 2795 2003 vel
2830 1950 3084 2004 nondum
3109 1949 3166 2003 in
3191 1951 3261 2005 iis
3294 1952 3407 2005 ista
3428 1955 3547 2005 tam

139 2029 339 2082 dotem
362 2028 679 2097 quemdam
720 2028 1005 2095 scribens,
1037 2029 1267 2083 dicebat
1291 2046 1303 2083 :
1325 2052 1351 2078 «
1370 2029 1524 2083 Nihil
1548 2030 1674 2085 sine
1695 2035 1798 2085 tua

134 2116 440 2171 voluntate
488 2121 744 2187 geratur,
780 2134 971 2188 neque
1027 2117 1164 2173 item
1198 2119 1522 2189 quidquam
1568 2119 1803 2189 absque

132 2205 235 2260 Dei
300 2206 482 2261 facias
540 2205 857 2262 voluntate.
902 2228 930 2257 »
990 2207 1115 2262 Non
1168 2209 1491 2262 diffitemur
1549 2224 1794 2276 negasse

134 2294 459 2352 nonnullos
518 2296 669 2351 hanc
726 2297 1048 2351 orationem
1107 2296 1347 2352 fuisses
1387 2297 1798 2368 Chrysostomo

135 2388 477 2455 profectam.
537 2385 755 2441 Verum
818 2386 940 2441 haec
993 2387 1079 2442 illi
1136 2386 1421 2441 tribuitur
1477 2404 1508 2440 a
1570 2388 1799 2454 Photio,

133 2476 395 2531 Adriano
428 2476 613 2546 primo
643 2491 871 2530 summo
898 2475 1191 2546 pontiﬁce,
1226 2475 1545 2547 Epiphanio
1596 2478 1793 2531 diaco-

136 2580 234 2631 no,
258 2569 318 2618 et
360 2564 618 2618 secundo
649 2563 895 2618 concilio
928 2563 1197 2632 Nicaeno;
1234 2581 1299 2619 ac
1330 2569 1604 2635 praaterea
1644 2565 1791 2638 Chy-

134 2652 389 2708 sostomi
424 2652 614 2723 stylus
644 2652 700 2706 in
736 2667 804 2706 ea
836 2653 1013 2708 micat
1059 2658 1117 2707 et
1138 2654 1497 2725 agnoscitur.
1532 2654 1793 2725 Denique

132 2742 186 2795 id
222 2742 447 2796 certius
479 2742 660 2795 asseri
694 2747 900 2812 potest,
942 2757 1010 2795 ex
1040 2757 1152 2812 quo
1199 2742 1316 2797 haec
1345 2742 1530 2797 oratio
1565 2743 1790 2814 absque

128 2830 365 2886 lacunis
388 2835 444 2883 et
466 2828 726 2885 hiatibus
753 2830 810 2884 in
848 2829 1045 2884 Savilii
1092 2829 1591 2900 editioneintegra
1622 2832 1789 2901 prod-

126 2920 194 2974 iit
213 2920 277 2974 in
313 2918 530 2974 lucem.

122 3047 148 3114 §
189 3045 284 3102 IV.
318 3049 601 3116 Quartum
643 3054 1027 3127 argumentum
1055 3062 1125 3101 ex
1173 3048 1497 3119 Hieronymi
1543 3048 1784 3105 testimo-

765 3120 860 3173 m'o
896 3120 1149 3188 petitum.

188 3244 276 3300 De
308 3242 640 3316 Hieronymi
658 3243 1057 3300 circaeasdcm
1092 3246 1300 3316 lgnatii
1338 3246 1524 3303 nostri
1555 3247 1774 3319 episto-

1910 2039 2095 2094 multa
2126 2038 2467 2109 fuisse,qua3
2496 2039 2666 2093 hodie
2688 2039 2759 2093 de
2779 2038 3148 2108 episcopatus
3180 2040 3545 2107 necessitate,

1906 2138 1958 2184 et
1985 2146 2103 2200 prae
2153 2129 2558 2199 presbyteratu
2592 2126 2932 2182 excellentia
2956 2125 3225 2197 legimus.
3259 2149 3286 2176 »
3330 2126 3545 2183 Verum

1906 2219 2091 2273 ambae
2125 2218 2370 2287 hujusce
2411 2217 2935 2289 argumentationis
2976 2221 3169 2286 partes
3194 2216 3351 2271 falsae
3383 2220 3542 2283 sunt,

1903 2314 1959 2362 et
1990 2308 2059 2362 ad
2121 2308 2422 2377 probanda
2479 2305 2675 2362 Dallaai
2710 2305 3001 2376 paradoxa
3031 2306 3269 2359 omnino
3310 2305 3541 2375 ineptaa.

1900 2400 1977 2451 Ac
2010 2396 2266 2467 primum
2318 2396 2555 2466 quidem
2614 2394 3042 2466 consequentiae
3080 2392 3301 2449 falsitas
3349 2409 3415 2447 eo
3441 2393 3545 2448 de—

1904 2487 2441 2556 monstratur,quod
2474 2486 2676 2541 eodem
2709 2490 3051 2555 argumento
3066 2483 3295 2554 probari
3323 2487 3544 2553 posset,

1900 2590 1964 2628 ea
1996 2575 2191 2629 omnia
2213 2575 2594 2645 antiquorum
2627 2578 2861 2628 Patrum
2891 2575 3108 2643 scripta
3137 2573 3324 2628 eidem
3346 2572 3543 2629 Hiero-

1900 2688 2072 2743 nymo
2132 2674 2329 2741 ignota
2360 2676 2459 2727 aut
2515 2680 2710 2742 spreta
2741 2671 2940 2734 fuisse,
2976 2672 3033 2725 in
3095 2672 3311 2743 quibus
3344 2673 3543 2743 aliqua

1896 2760 2103 2831 Opinio,
2159 2776 2335 2831 quam
2388 2759 2484 2813 ille
2535 2759 2898 2813 «mordicus
2928 2759 3150 2829 passim
3198 2760 3478 2827 defendit,
3509 2776 3536 2809 ο

1895 2850 2173 2904 damnata
2193 2848 2593 2920 legiturQuod
2619 2863 2759 2903 sane
2790 2847 3173 2903 falsissimum
3198 2863 3327 2904 esse
3350 2865 3543 2919 nemo,

1894 2954 1966 2992 ne
1998 2937 2120 3010 ipse
2146 2938 2383 3010 quidem
2415 2936 2691 3003 Dallaeus,
2724 2936 3037 3008 negaverit.
3065 2939 3209 3002 Quot
3235 2938 3389 2993 enim
3419 2954 3544 2993 ver-

1891 3024 1950 3079 bi
1980 3028 2163 3096 gratia
2220 3024 2498 3096 Origenes
2532 3024 2590 3078 in
2651 3025 2923 3094 operibus
2982 3024 3107 3079 suis
3152 3025 3393 3079 damnat
3424 3026 3543 3098 opi-

1890 3114 2116 3181 niones,
2149 3130 2295 3185 quas
2323 3113 2709 3185 Hieronymus
2732 3135 2759 3163 ‹‹
2785 3113 3082 3167 mordicus
3104 3113 3319 3183 passim
3338 3115 3541 3169 defen-

1890 3207 1979 3263 dit
2011 3206 2039 3261 Ῡ
2089 3228 2118 3257 ››
2167 3206 2443 3277 Nunquid
2477 3204 2728 3260 Dallssus
2759 3208 2912 3260 recte
2943 3204 3079 3259 inde
3124 3203 3431 3260 concludet
3472 3221 3540 3261 ea

123 3294 228 3390 ιαέ
238 3294 1779 3400 ἐρξίέἐ]ἱῑᾎᾜέιῖίἰὶρῖιζᾙηᾶἷεἱὃᾏῖίέύἔξξέίἕεᾜίίῖῖτί
1809 3328 1853 3391 c
1895 3294 2163 3400 οτέεθοίῗ
2181 3294 2725 3400 ορένεξλίρήοτῑνωοε
2740 3315 2767 3344 “
2789 3295 2989 3400 ίὲηοίε
3010 3300 3103 3400 af"
3122 3294 3537 3400 ῗΡνῗίθΪυίδεέν

123 3441 243 3479 non
283 3438 629 3493 possumus.
651 3422 795 3487 Quid
832 3421 984 3477 enim
1019 3422 1089 3477 de
1111 3422 1183 3477 iis
1215 3422 1301 3478 vir
1329 3423 1423 3480 ille
1452 3426 1787 3483 eruditissi-

119 3528 261 3567 mus
294 3512 568 3579 senserit,
602 3516 719 3566 lam
752 3515 949 3583 aperte
971 3509 1243 3579 declarat,
1281 3516 1345 3567 ut
1379 3512 1525 3569 nihil
1563 3515 1782 3574 clarius

120 3600 453 3657 desiderari
477 3617 648 3671 posse
680 3599 928 3655 Dallmus
960 3603 1084 3671 ipse
1116 3600 1403 3658 fateatur:
1439 3625 1467 3654 «
1501 3603 1782 3678 Hierony-

128 3689 506 3761 mus,inquit
533 3691 577 3755 ‘,
609 3689 708 3760 qui
739 3695 1028 3745 errantem
1078 3690 1389 3747 Eusebium
1443 3710 1556 3750 non
1605 3697 1785 3753 semel

125 3784 376 3836 secutus
408 3783 516 3847 est,
545 3778 746 3834 eadem
798 3795 1027 3850 quoque
1075 3778 1145 3834 de
1179 3779 1401 3851 Ignatio
1432 3787 1489 3837 et
1518 3784 1785 3855 epistolis

118 3871 258 3940 ejus
295 3867 461 3923 dixit.
500 3889 521 3918 ι
568 3872 635 3923 Et
669 3867 841 3939 paulo
874 3872 1037 3940 post:
1074 3891 1101 3919 ι(
1137 3869 1367 3925 Eusebii
1396 3875 1783 3945 omnesjudi-

117 3961 312 4029 cium,
350 3959 733 4030 Hieronymus
755 3959 928 4013 etiam
964 3960 1138 4013 verba
1169 3963 1408 4015 secutus
1436 3970 1542 4017 est.
1578 3986 1605 4014 ››
1635 3968 1786 4022 Loca

117 4055 323 4105 autem
349 4048 701 4118 scriptorum
726 4047 1083 4119 Hieronymi,
1120 4047 1217 4102 ubi
1241 4048 1782 4123 Eusebiijudicium

116 4149 169 4195 et
201 4139 408 4203 verba,
460 4141 611 4192 teste
642 4136 876 4204 Dallaao,
922 4140 1161 4193 secutus
1192 4142 1300 4207 est,
1326 4137 1421 4194 hic
1453 4141 1784 4199 describere

114 4246 234 4285 non
270 4232 365 4283 est
424 4241 684 4293 necesse,
720 4230 842 4281 tum
886 4226 1027 4297 quia
1086 4226 1400 4298 prolixiora
1452 4234 1611 4301 sunt,
1658 4237 1781 4290 tum

114 4319 264 4390 quia
296 4318 371 4371 de
421 4315 512 4371 his
545 4315 821 4371 fatentem
872 4314 1150 4372 Dallaeum
1181 4315 1488 4375 habemus.
1520 4320 1784 4379 Sufﬁciet

112 4407 324 4478 itaque
376 4404 694 4459 adnotasse
722 4420 789 4459 ea
821 4402 1058 4475 reperiri
1094 4403 1349 4475 primum
1378 4406 1438 4461 in
1470 4407 1621 4464 libro
1652 4410 1776 4479 ejus

111 4494 414 4548 adversus
462 4488 820 4557 Helvidium,
851 4505 1021 4561 quem
1055 4507 1208 4546 anno
1266 4492 1372 4549 383
1420 4498 1520 4550 aut
1548 4496 1652 4550 384
1685 4497 1781 4553 ille

109 4579 460 4653 composuit
493 4578 740 4635 :deinde
788 4580 845 4634 in
899 4578 1172 4651 Catalogo
1204 4580 1555 4654 scriptorum
1597 4584 1778 4641 eccle-

1900 3384 1989 3441 vel
2005 3385 2259 3441 nondum
2276 3385 2335 3438 in
2354 3383 2554 3439 iisista
2568 3387 2687 3438 tam
2704 3382 2883 3438 multa
2897 3399 3023 3455 quas
3037 3382 3207 3438 hodie
3222 3381 3536 3454 legimus?»

1974 3498 2068 3561 At,
2101 3492 2353 3564 inquies,
2377 3507 2475 3547 eas
2506 3490 2710 3546 saltem
2741 3489 3046 3561 opiniones
3076 3491 3147 3546 de
3167 3490 3540 3563 episcopatus

1902 3582 2264 3650 necessitate,
2323 3585 2379 3636 et
2437 3597 2552 3652 prae
2614 3580 3015 3651 presbyteratu
3072 3577 3413 3635 excellentia
3479 3579 3538 3635 in

1900 3670 2113 3744 Ignatii
2144 3668 2409 3742 epistolis
2451 3670 2834 3740 Hieronymus
2866 3668 3103 3738 sprevit,
3125 3668 3212 3724 vel
3238 3669 3352 3723 illis
3383 3684 3539 3724 non-

1899 3762 2039 3816 dum
2073 3759 2151 3815 ibi
2196 3757 2552 3830 legebantur.
2618 3757 2775 3826 Esto,
2832 3755 3136 3826 spreverit.
3196 3756 3342 3820 Quid
3405 3756 3543 3811 inde

1898 3850 2167 3910 conﬁciet
2225 3847 2468 3903 Dallaaus
2498 3846 2527 3901 τ
2565 3845 2717 3900 Num
2778 3846 2993 3901 idcirco
3051 3845 3165 3902 alia
3190 3847 3381 3901 omnia
3413 3862 3540 3916 quas

1898 3941 2285 4013 Hieronymus
2324 3937 2383 3993 in
2416 3936 2627 4008 Ignatii
2660 3934 2944 4007 epistolis,
2978 3936 3131 3993 sicut
3160 3940 3217 3991 et
3248 3936 3303 3990 in
3338 3935 3542 4007 Orige-

1899 4030 1990 4086 nis
2022 4030 2297 4103 operibus
2329 4041 2627 4096 nunquam
2670 4024 2882 4096 arguit,
2914 4024 3126 4080 ibidem
3160 4040 3390 4094 semper
3423 4040 3539 4078 non

1898 4119 2210 4184 exstitisse,
2242 4116 2331 4173 vel
2361 4132 2425 4172 ea
2458 4113 2775 4185 aliquando
2808 4130 2909 4185 pro
2941 4114 3186 4169 minime
3220 4112 3538 4184 lgnatianis

1895 4215 1951 4268 et
1977 4207 2345 4282 Origenianis
2394 4206 2464 4261 ab
2491 4205 2843 4276 Hieronymo
2878 4202 3095 4273 rejecta
3124 4202 3307 4259 fuisse
3337 4202 3539 4258 dicen«

1895 4302 2032 4357 dum
2048 4300 2176 4358 est?
2196 4297 2409 4355 Nullus
2434 4312 2573 4354 sane
2603 4299 2815 4369 praeter
2829 4294 3154 4351 Dallasanos
3176 4294 3256 4350 ita
3279 4310 3536 4366 unquam

1894 4387 2414 4463 argumentabitur.

1964 4497 2181 4555 Deinde
2211 4494 2424 4551 falsum
2451 4500 2537 4549 est
2566 4492 2728 4547 illam
2759 4491 3094 4564 opinionem
3129 4490 3199 4548 de
3237 4490 3535 4564 episcopa-

1890 4590 1988 4643 tus
2050 4586 2415 4651 necessitate,
2476 4586 2533 4638 et
2581 4599 2694 4655 pres
2749 4582 3147 4654 presbyteratu
3195 4580 3534 4638 excellentia

107 4670 514 4738 siasticorum,
548 4685 721 4740 quem
738 4684 891 4724 anno
912 4668 1191 4739 392juris
1215 4670 1347 4727 fecit
1379 4689 1509 4728 esse
1536 4675 1781 4745 publici,
1811 4691 1859 4756 υ
1890 4692 2017 4748 quae
2054 4676 2244 4747 prima
2298 4672 2599 4730 Dallmanae
2656 4671 3183 4743 argumentationis
3232 4688 3368 4742 pars
3423 4675 3532 4743 est,

107 4761 378 4831 denique
436 4760 494 4812 in
553 4758 852 4814 Comment.
884 4759 942 4813 in
976 4758 1173 4814 Matth.
1220 4758 1265 4826 ⁵,
1300 4777 1447 4831 quos
1496 4780 1608 4818 non
1643 4768 1777 4820 ante

106 4866 343 4906 annum
395 4847 501 4901 398
524 4848 648 4919 ipse
675 4862 905 4918 quoque
930 4847 985 4900 in
1012 4846 1199 4903 lucem
1233 4848 1534 4905 emisit.Ex
1564 4852 1777 4922 quibus

1890 4765 2055 4822 aliter
2084 4766 2157 4821 ah
2191 4763 2559 4835 Hieronymo,
2592 4776 2770 4832 quam
2801 4762 2872 4816 ab
2922 4760 3144 4832 Ignatio
3176 4764 3373 4816 nostro
3417 4765 3533 4816 tra-

1884 4854 2054 4910 ctari.
2085 4854 2147 4908 Id
2181 4868 2321 4908 sane
2394 4851 2707 4923 scriptores
2738 4848 3058 4905 doctissimi
3083 4864 3213 4903 cum
3264 4848 3535 4905 catholici

104 4943 321 5012 aperte
352 4940 412 4992 et
468 4935 772 5007 perspicue
830 4934 1213 5005 intelligimus
1240 4953 1413 5008 quam
1442 4944 1780 4997 constanter
1884 4949 2004 4999 tum
2029 4946 2422 5015 protestantes
2469 4939 2644 4995 variis
2675 4938 3217 5007 dissertationibus,
3252 4936 3533 4994 adversus

104 5028 514 5096 Hieronymus
572 5022 631 5077 in
666 5039 769 5079 sua
800 5022 871 5079 de
920 5023 1252 5081 tribuendis
1300 5024 1527 5097 Ignatio
1576 5033 1775 5085 nostro

102 5116 388 5193 epistolis
409 5116 701 5172 sententia
732 5116 1201 5187 perseveraverit.

174 5212 260 5263 At
312 5205 568 5262 Dallagus
600 5205 701 5276 qui
751 5205 873 5261 hec
903 5222 1038 5261 vera
1093 5222 1219 5263 esse
1248 5208 1536 5278 concedit,
1566 5209 1772 5265 eodem

99 5305 315 5353 tamen
339 5295 400 5350 in
435 5294 586 5350 libro
619 5295 915 5351 afﬁrmare
946 5311 1061 5351 non
1093 5296 1323 5353 dubitat
1350 5298 1372 5334 ⁵
1404 5316 1418 5354 :
1453 5316 1477 5341 α
1509 5298 1626 5371 Ipsi
1651 5298 1775 5356 Hie-

96 5402 363 5460 ronymo
419 5394 517 5440 aut
553 5384 752 5456 ignota
809 5390 917 5441 aut
946 5389 1138 5455 spreta
1196 5385 1377 5443 fuisse
1415 5387 1596 5444 videri
1632 5389 1769 5456 haec,

94 5496 234 5550 quas
272 5475 451 5530 hodie
509 5478 740 5529 exstant
767 5474 1089 5545 Ignatiana.
1131 5496 1159 5525 ιο
1214 5475 1622 5534 Verumtamen
1647 5495 1771 5536 cer-

92 5568 418 5624 tissimum
451 5568 542 5620 est
590 5563 801 5635 Ignatii
840 5563 1124 5635 epistolas
1180 5564 1252 5620 ab
1296 5565 1667 5640 Hieronymo,
1720 5568 1770 5625 si

90 5674 240 5717 vere
271 5672 375 5713 eas
406 5652 618 5727 lgnatii
650 5668 779 5709 esse
831 5653 1119 5725 cognovit,
1152 5659 1377 5726 spretas
1415 5672 1528 5712 non
1560 5657 1768 5714 fuisse.

1883 5031 2251 5087 Blondellum
2298 5028 2676 5084 Calvinistam
2737 5027 2932 5096 editis,
2996 5025 3377 5082 invictissime
3432 5025 3530 5081 de-

1883 5125 2301 5176 monstrarunt.
2343 5116 2569 5182 Quibus
2626 5132 2761 5171 vero
2789 5133 2890 5187 per
2945 5116 3129 5172 otium
3186 5132 3303 5171 non
3334 5113 3535 5170 licebit

1878 5208 2317 5266 lucubrationes
2347 5206 2481 5262 illas
2512 5204 3014 5272 evolvere,adeant
3036 5207 3225 5277 ipsum
3258 5204 3535 5277 Hierony-

1881 5315 2045 5354 mum
2077 5297 2250 5368 epist.
2306 5300 2355 5363 1,
2388 5293 2458 5349 ad
2495 5291 2892 5361 Heliodorum;
2918 5294 3087 5365 epist.
3119 5294 3152 5348 3
3179 5293 3249 5349 ad
3276 5295 3529 5364 Nepotia-

1879 5405 2048 5455 num;
2078 5387 2248 5458 epist.
2299 5386 2392 5451 27,
2424 5384 2494 5439 ad
2525 5381 2875 5438 Eustochium
2910 5382 3083 5453 epist.
3117 5384 3210 5453 62,
3256 5384 3330 5439 ad
3364 5384 3529 5440 Theo-

1876 5477 2112 5550 philum,
2176 5477 2541 5532 Commantar.
2566 5472 2627 5528 in
2653 5489 2772 5544 cap.
2822 5488 2899 5526 vn
2935 5472 3185 5540 Micheaz,
3216 5477 3274 5527 et
3304 5488 3422 5543 cap.
3462 5490 3531 5528 Lx

1878 5568 2060 5635 Isaia,
2111 5566 2320 5638 Dialog.
2353 5565 2607 5622 adversus
2664 5561 2910 5633 Lucifer.
2964 5566 3022 5616 et
3061 5559 3162 5615 lib.
3194 5578 3213 5615 ι
3271 5561 3530 5618 adversus

1872 5656 2183 5722 Joviaian.,
2217 5654 2556 5727 atqueiisin
2582 5652 2724 5709 locis
2754 5648 3196 5707 sanctissimum
3229 5648 3528 5708 doctorem

163 5775 191 5811 ⁸
223 5770 434 5831 homil.
463 5770 541 5827 Dc
570 5782 682 5824 uno
709 5767 1067 5840 chislatore.
1101 5765 1126 5800 ⁴
1153 5783 1280 5841 cap.
1306 5769 1397 5840 35,
1430 5784 1488 5843 p.
1518 5768 1644 5827 446.
1675 5770 1700 5805 ⁵
1729 5785 1857 5844 cap.
1888 5770 1924 5824 7
1968 5774 2026 5826 et
2056 5769 2105 5824 9.
2141 5768 2165 5804 ⁸
2199 5784 2326 5841 cap.
2359 5768 2394 5822 8
2419 5773 2476 5826 et
2497 5768 2554 5824 9.
