3942 6302
400 459 517 523 499

1457 459 1525 520 s.
1557 434 1971 520 VIGNATIUS.
2017 484 2097 504 -—
2139 449 2746 518 paomeonsm.

3704 448 3800 509 500

405 596 476 652 de
508 593 881 666 episcopatus
913 591 1341 657 necessitate,et
1371 607 1486 663 praa
1537 592 1942 664 presbyteratu
1965 606 2058 647 ex-
2088 593 2145 662 Α
2174 590 2446 647 Patribus
2477 590 2742 656 deducta,
2793 600 3075 658 pugnare,
3109 599 3324 655 easque
3362 581 3636 638 funditus
3668 597 3802 637 ever-

402 682 674 738 cellentia
713 682 912 738 eadem
946 681 1118 754 plane
1151 697 1216 737 ac
1251 681 1542 753 lgnatium
1603 688 1869 738 nostrum
1904 681 2050 736 scri-

400 773 589 844 psisse
615 770 940 828 clarissime
974 771 1347 844 perspicient.

477 863 843 933 Quapropter
865 878 981 917 non
1015 859 1271 934 amplius
1299 861 1629 917 audiendus
1661 865 1749 916 est
1779 860 2051 929 Dallteus,

398 948 499 1019 qui
533 966 740 1005 rursus
795 949 970 1006 hasce
998 949 1207 1021 Ignatii
1250 948 1529 1020 epistolas
1578 947 1927 1020 Hieronymo
1958 947 2053 1001 in-

398 1039 667 1109 cognitas
724 1039 907 1095 fuisse
938 1041 1074 1094 inde
1105 1039 1351 1110 probare
1381 1043 1646 1105 conatur,
1683 1038 1835 1109 quod
1856 1099 1861 1108 ,
1882 1039 2053 1109 Igna-

397 1127 524 1183 tius
554 1129 713 1184 dicat
744 1126 768 1160 ⁷
816 1128 1114 1186 Christum
1139 1146 1172 1184 a
1208 1128 1455 1184 mortuis
1487 1128 1872 1182 resurrexisse
1901 1126 2052 1181 dilu-

402 1217 554 1287 culo,
605 1218 1000 1287 Hieronymus
1031 1218 1249 1274 vero“:
1314 1239 1342 1266 ‹‹
1398 1216 1678 1272 Dominus
1736 1215 2055 1271 resurrexit

401 1311 567 1375 hora,
602 1325 719 1378 qua
764 1307 889 1379 ipse
921 1307 1123 1372 voluit,
1158 1312 1213 1362 et
1246 1323 1369 1378 qua
1402 1305 1549 1361 nulli
1582 1305 1918 1361 mortalium
1956 1321 2050 1360 co-

399 1399 564 1468 gnita
590 1405 695 1454 est.
731 1421 758 1449 ››
815 1402 906 1464 At,
961 1397 1155 1468 inquit
1212 1396 1479 1467 Dallaeus,
1534 1397 1811 1451 doctrinas
1846 1394 2053 1466 Ignatii

403 1488 546 1542 adeo
568 1487 958 1558 repugnantia
978 1487 1396 1559 Hieronymum
1419 1485 1722 1556 scripsisse
1741 1485 2054 1541 verisimile

403 1593 520 1631 non
544 1581 652 1632 est.
676 1577 784 1631 Sed
817 1575 927 1631 hoc
959 1583 1373 1647 argumentum
1400 1577 1599 1631 eodem
1632 1591 1695 1630 ac
1726 1574 2054 1647 praecedens

405 1665 645 1721 ruinoso
680 1682 746 1721 ac
807 1665 1125 1721 falsissimo
1158 1666 1362 1720 nititur
1387 1665 1790 1721 fundamento.
1833 1664 2053 1720 Deinde

401 1753 501 1810 illa
535 1755 728 1823 verba,
763 1772 889 1825 quae
909 1755 1113 1824 objicit
1143 1755 1414 1821 Dallmus,
1449 1771 1564 1810 non
1597 1754 1654 1809 in
1686 1755 1837 1810 veris
1859 1770 1924 1809 ac
1954 1769 2050 1825 ge-

405 1843 605 1900 nuinis
646 1844 851 1914 Ignatii
880 1845 1164 1916 epistolis,
1208 1846 1309 1900 sed
1340 1844 1398 1899 in
1432 1861 1628 1901 earum
1660 1843 2056 1916 interpolatio-

410 1934 585 1989 nibus
609 1935 1002 2005 reperiuntur.

487 2027 607 2079 Hac
638 2026 842 2079 eadem
903 2025 1282 2096 responsione
1314 2024 1644 2097 exploditur
1673 2023 1834 2079 aliud
1865 2021 2064 2078 Dallaai

417 2118 805 2174 momentum.
891 2132 1003 2186 quo
1062 2132 1234 2169 rursu
1314 2113 1727 2185 Hieronymum
1814 2112 1886 2167 de
1971 2111 2060 2168 his

416 2203 626 2275 Ignatii
658 2204 921 2276 epistolis
944 2205 1170 2275 judicio
1204 2206 1411 2259 falsum
1442 2219 1570 2258 esse
1604 2206 1789 2274 urget.
1811 2202 2061 2274 Opponit

415 2309 670 2362 namque
714 2294 813 2350 illa
861 2296 1045 2352 sancti
1109 2294 1365 2350 doctoris
1395 2294 1572 2349 verba
1600 2294 1621 2328 °
1653 2309 1666 2348 :
1701 2316 1729 2343 ‹‹
1780 2291 2060 2362 Nunquid

413 2398 526 2437 non
563 2400 875 2454 possumus
907 2385 1012 2440 tibi
1069 2389 1253 2439 totam
1304 2389 1560 2439 veterum
1587 2383 1937 2453 scriptorum
1975 2395 2061 2436 se-

414 2475 554 2530 riem
615 2493 1096 2538 commemorare.
1149 2475 1466 2547 Ignatium,
1500 2475 1903 2547 Polycarpum,
1939 2473 2056 2528 Ire-

409 2580 622 2633 naeum,
649 2565 948 2620 Justinum
984 2577 1317 2638 martyrem,
1378 2563 1710 2634 multosque
1741 2563 1885 2618 alios
1908 2580 2055 2634 apo-

411 2653 644 2722 stolicos
675 2660 731 2709 et
783 2656 1119 2726 eloquentes
1178 2656 1352 2723 viros,
1409 2655 1504 2724 qui
1547 2655 1828 2709 adversus
1887 2652 2054 2709 Ebio-

407 2751 625 2807 nem,et
653 2744 1014 2800 Theodotum
1045 2746 1409 2816 Byzantium,
1441 2750 1498 2799 et
1529 2742 1900 2799 Valentinum
1933 2743 2056 2797 haec

406 2835 603 2887 eadem
640 2837 982 2898 sentientes,
1022 2835 1188 2904 plena
1247 2834 1544 2903 sapientia
1599 2832 1896 2888 volumina
1925 2848 2056 2886 con-

407 2923 786 2992 scripserunt.
823 2944 850 2973 ››
889 2928 1058 2994 Atqui
1089 2924 1367 2979 Theodoti
1405 2939 1640 2986 nomen,
1668 2926 1748 2976 ait
1778 2920 2052 2988 Dallaaus,

409 3029 524 3065 non
550 3017 605 3066 in
653 3013 784 3067 aliis
816 3017 1168 3085 scripturum
1203 3028 1644 3082 omnium,quos
1676 3010 1925 3066 eximius
1958 3011 2054 3066 ille

408 3101 610 3155 ductor
659 3109 1096 3170 commemorat,
1125 3103 1420 3172 operibus,
1454 3102 1565 3156 nisi
1589 3102 1649 3154 in
1682 3100 1823 3155 solis
1846 3100 2052 3172 Ignatii

407 3192 668 3261 epistolis
718 3193 970 3262 reperire
1009 3201 1113 3245 est.
1166 3191 1554 3263 Hieronymus
1611 3207 1745 3254 ergo
1795 3190 2054 3261 loquitur

407 3281 476 3334 de
508 3280 758 3350 Ignatio;
799 3281 897 3352 qui
933 3298 1063 3334 cum
1098 3288 1230 3334 ante
1259 3280 1621 3336 Theodotum
1651 3281 1879 3345 obierit,
1914 3281 2051 3335 inde

402 3371 652 3425 Dullaus
710 3371 977 3425 eumdem
1014 3371 1430 3442 Ilieronymum
1471 3386 1698 3425 errasse
1729 3369 2046 3426 concludit.

402 3458 776 3514 AtTheodoti
813 3475 1020 3513 nomen
1045 3459 1102 3512 in
1137 3460 1455 3514 litterarum
1490 3458 1695 3530 Ignatii
1731 3459 2044 3531 interpola-

403 3548 662 3602 tionibus
694 3547 978 3603 duntaxat
1008 3549 1335 3604 adhibitum
1359 3554 1467 3604 est.
1501 3549 1890 3616 Hieronymus
1911 3565 2045 3620 ergo

402 3637 480 3691 ibi
517 3654 626 3692 non
658 3641 725 3691 ad
755 3638 1044 3708 lgnatium
1078 3638 1374 3703 collineat,
1392 3640 1488 3694 sed
1525 3637 1598 3693 ad
1629 3639 1806 3693 alium
1839 3655 2048 3709 quem-

402 3727 583 3796 piam,
608 3735 745 3798 puta
779 3729 1056 3782 lrenzeum
1092 3727 1453 3799 velaliquem
1484 3729 1672 3793 exiis,
1715 3744 1859 3797 quos
1906 3744 2047 3799 apo-

401 3816 638 3871 stoltcos
670 3817 822 3873 viros
864 3817 1027 3883 dicit,
1064 3834 1328 3890 quosque
1359 3819 1430 3875 ad
1463 3819 1746 3874 Theodoti
1781 3823 2046 3889 tempora

403 3909 736 3976 pervenisse
768 3908 968 3963 nullus
993 3913 1238 3980 ignorat.

476 3999 661 4052 Instat
727 4007 915 4053 tamen
973 3998 1170 4052 Dallzsi
1205 3999 1493 4061 defensor,
1537 3998 1722 4053 donec
1769 3997 1820 4053 is
1870 4013 2044 4069 quem

405 4089 792 4160 Hieronymus
845 4089 1087 4157 notavit,
1137 4088 1496 4159 designetur,
1529 4088 1726 4144 eodem
1751 4090 1887 4160 jure
1921 4086 2044 4142 Dal-

404 4176 542 4232 laeua
573 4193 698 4232 eum
757 4178 1046 4248 lgnatium
1099 4176 1278 4232 fuisse
1309 4178 1601 4233 afﬁrmare
1653 4177 1883 4249 poterit,
1929 4194 2044 4249 quo

401 4266 499 4320 alii
550 4266 728 4321 alium
763 4267 1083 4322 indicatum
1141 4283 1266 4322 esse
1298 4269 1517 4325 volunt.
1565 4268 1871 4340 Egregiam
1905 4285 2046 4325 sane

399 4353 593 4410 Dallsei
653 4355 1094 4411 defensionem!
1157 4373 1284 4428 qua
1315 4358 1587 4413 eumdem
1635 4357 1918 4413 Dallaaum
1977 4376 2044 4414 eo

400 4451 746 4516 argumento
772 4446 840 4500 ad
875 4447 1302 4518 Opinionissute
1333 4449 1842 4505 confirmationem
1871 4467 2044 4506 usum

400 4550 530 4590 esse
562 4535 880 4600 contendit,
922 4538 1074 4606 quod
1135 4555 1248 4594 non
1301 4539 1487 4610 magis
1521 4538 1591 4593 ad
1637 4553 1828 4604 suam,
1869 4555 2043 4608 quam

401 4625 471 4681 ad
503 4625 968 4681 adversariorum
1001 4629 1355 4684 sententiam
1387 4629 1797 4684 stabiliendam
1842 4634 2044 4700 aptum

2167 685 2309 736 tere.
2344 683 2461 735 Hac
2518 678 2714 749 itaque
2739 691 2915 732 sensu
2974 675 3047 730 ab
3082 673 3326 746 Ignatio,
3359 676 3418 727 et
3479 670 3796 743 Polycarpo,

2164 775 2265 826 aut
2291 770 2420 826 aliis
2445 770 2724 825 adversus
2755 767 3118 823 Theodotum
3151 764 3324 836 plena
3353 761 3657 835 sapientiae
3682 779 3799 818 con-

2165 865 2381 936 scripta
2408 864 2590 919 fuisse
2619 859 2917 918 volumina
2947 859 3334 929 Hieronymus
3369 855 3527 911 haud
3555 852 3796 909 immeri-

2167 958 2226 1009 to
2265 969 2544 1020 asserere,
2577 951 2908 1022 litterisque
2939 948 3219 1004 mandare
3253 948 3456 1020 potuit.

2239 1097 2358 1166 ξι.
2398 1096 2672 1153 Ultimum
2720 1101 3118 1220 argumentum
3165 1106 3236 1147 ea:
3277 1089 3410 1145 alii:
3459 1086 3802 1158 scriptoribus

2855 1181 2884 1220 ε
2912 1173 3126 1220 tortum.

2855 1173 3126 1222 elicitum.

2238 1312 2403 1376 Quod
2439 1311 2508 1366 ad
2571 1313 2807 1366 caeteros
2859 1323 3064 1362 omnes
3107 1308 3237 1378 post
3268 1303 3689 1375 Hieronymum
3742 1301 3801 1356 ad

2168 1407 2368 1458 nostra
2425 1417 2611 1473 usque
2658 1410 2916 1470 tempora
2946 1397 3262 1469 scriptores
3294 1399 3539 1464 spectat,
3570 1393 3678 1448 hos
3709 1407 3802 1446 uno

2167 1495 2398 1546 tantum
2434 1495 2488 1546 et
2521 1489 2699 1545 altero
2732 1505 2803 1544 ne
2839 1487 3164 1558 quidquam
3189 1483 3473 1555 exceptis,
3503 1488 3718 1538 nostra
3745 1479 3803 1535 de

2164 1580 2375 1653 Ignatii
2429 1579 2691 1650 epistolis
2750 1577 3052 1633 sententiae
3103 1573 3528 1646 subscripsisse
3568 1571 3804 1628 Dallaaus

2162 1672 2406 1742 ejusque
2435 1669 2702 1726 defensor
2762 1670 3054 1723 fatentur:
3089 1689 3116 1717 «
3175 1663 3584 1730 Athanasium,
3614 1661 3806 1734 ,inquit

2163 1757 2414 1815 Dallteus
2451 1757 2516 1823 ίο,
2550 1757 2968 1829 Hieronymum
3025 1760 3083 1810 et
3118 1753 3568 1819 Theodoretum,
3631 1750 3802 1806 multo

2167 1864 2305 1904 vero
2362 1847 2538 1903 etiam
2594 1847 2792 1902 minus
2841 1845 2987 1901 alios
3017 1844 3148 1900 istis
3181 1841 3529 1899 recentiores
3576 1838 3802 1896 Eusebii

2169 1938 2324 1994 false
2355 1939 2426 1994 de
2486 1938 2806 2010 Ignatianis
2857 1936 3177 2007 suspicioni
3211 1949 3280 1989 ex
3327 1932 3586 2004 quadam
3636 1929 3803 1987 animi

2176 2027 2566 2099 simplicitate,
2600 2027 2822 2098 absque
2869 2025 3000 2081 dolo
3031 2023 3204 2090 malo,
3265 2023 3362 2079 sed
3397 2022 3623 2093 absque
3665 2024 3806 2076 certa

2174 2120 2322 2174 ratio
2374 2119 2759 2181 adhaerentes.
2826 2138 2854 2166 ››
2899 2120 3005 2172 etc.
3041 2114 3164 2170 Non
3219 2111 3517 2183 estigitur
3581 2126 3807 2167 necesse

2171 2208 2264 2263 hic
2288 2207 2652 2280 singulorum
2688 2208 2899 2262 referre
2941 2203 3278 2260 testimonia
3311 2219 3324 2256 :
3357 2201 3458 2256 sed
3489 2216 3682 2272 operte
3702 2214 3809 2272 pre-

2170 2299 2316 2352 tium
2353 2301 2442 2352 est
2472 2298 2700 2351 brevem
2734 2311 2934 2350 eorum
2969 2292 3300 2364 catalogum
3332 2296 3562 2356 texere;
3597 2295 3667 2344 ut
3695 2304 3807 2345 om-

2170 2403 2272 2442 nes
2307 2386 2504 2441 audito
2537 2385 3001 2457 uniuscujusque
3026 2383 3282 2446 nomine,
3315 2381 3434 2451 qui,
3466 2383 3808 2451 quantaque

2167 2476 2530 2532 auctoritatis
2587 2474 2822 2534 fuerint.
2864 2479 2920 2529 et
2992 2487 3168 2544 quam
3226 2471 3506 2526 invictum
3561 2485 3634 2524 ex
3692 2483 3808 2540 per-

2170 2573 2345 2636 petua
2375 2582 2572 2621 eorum
2607 2565 2922 2620 traditione
2950 2563 3018 2618 ad
3057 2563 3401 2619 asserendas
3435 2559 3650 2631 Ignatii
3683 2575 3808 2614 nos-

2164 2656 2236 2710 tri
2269 2655 2568 2727 epistolas,
2616 2659 3023 2726 argumentum
3075 2655 3338 2719 ducatur,
3401 2649 3632 2721 possint
3665 2651 3808 2704 certo

2165 2746 2522 2815 dignoscere.

2237 2834 2445 2900 Quinto
2476 2835 2658 2907 igitur
2687 2834 2952 2890 Ecclesiae
2984 2833 3194 2889 saeculo
3225 2831 3603 2902 proferuntur
3628 2829 3806 2885 Theo-

2164 2926 2400 2981 doretus
2430 2927 2591 2996 epist.
2640 2925 2714 2979 ad
2745 2925 2985 2980 Monach.
3048 2921 3418 2991 (Ianuarium,
3450 2920 3667 2991 Dzalog.
3699 2920 3808 2983 _In«

2164 3014 2886 3084 confus.,Diulog.Impat.,
2912 3013 3120 3084 Dialog.
3145 3011 3483 3077 Immutab.,
3508 3009 3610 3064 ubi
3649 3011 3811 3080 plura

2163 3119 2232 3158 ex
2263 3103 2353 3158 his
2386 3103 2650 3174 epistolis
2699 3102 3034 3158 testimonia
3063 3102 3342 3155 adversus
3391 3099 3482 3154 sui
3539 3095 3810 3168 temporis

2167 3193 2467 3249 haereticos
2497 3192 2872 3263 transcripsit
2930 3192 3073 3246 ltem
3134 3189 3401 3245 Gelasius
3460 3187 3518 3242 in
3547 3187 3668 3242 fine
3712 3185 3806 3239 lib.

2166 3285 2236 3339 De
2266 3285 2477 3339 duabus
2506 3283 2725 3337 naturis
2755 3283 2809 3336 in
2845 3279 3075 3336 Christo.

2081 3347 2124 3414 Ο
2233 3374 2398 3428 Sexto
2457 3371 2666 3428 saeculo
2699 3371 2762 3426 B.
2792 3369 3039 3442 Ephrem
3067 3367 3393 3440 patriarcha
3412 3365 3808 3422 Antiochenus

2152 3462 2300 3519 libro
2335 3463 2403 3518 De
2432 3463 2608 3516 sacris
2636 3459 2934 3515 Antiochiae
2966 3460 3171 3532 legibus
3206 3458 3272 3526 “,
3333 3456 3433 3513 ubi
3480 3453 3809 3511 Severianis

2156 3553 2373 3625 Ignatii
2426 3552 2609 3608 nostri
2667 3551 3069 3607 auctoritatem
3104 3548 3364 3620 opponit.
3399 3545 3601 3602 Gildas
3637 3547 3805 3618 epist.

2153 3647 2228 3700 Dc
2255 3642 2470 3700 excidio
2509 3641 2840 3698 Britannia.
2873 3640 3076 3696 Jobius
3135 3642 3458 3695 monachus
3514 3638 3588 3692 De
3615 3639 3808 3693 lucar-

2151 3733 2356 3791 nal.“.
2414 3730 2686 3787 Leontius
2743 3730 3083 3785 Bizantinus
3130 3727 3212 3784 lib
3271 3734 3348 3784 De
3379 3731 3502 3783 secl.
3545 3728 3663 3783 Act.
3725 3743 3804 3796 ιιι,

2154 3823 2252 3878 ubi
2287 3821 2590 3877 haereticos
2639 3820 3040 3876 auctoritatem
3103 3819 3331 3890 Ignatii,
3395 3834 3505 3872 non
3539 3833 3716 3872 secus
3748 3831 3807 3871 ac

2153 3913 2379 3980 Irenaei,
2425 3910 2644 3967 Justini
2697 3910 3059 3982 aliorumque
3109 3912 3346 3965 Patrum
3398 3908 3696 3979 recepisse
3736 3912 3811 3960 tc-

2153 4008 2360 4060 statur.

2225 4101 2484 4171 Septimo
2562 4099 2771 4155 saeculo
2848 4099 3194 4155 Anastasius
3271 4095 3602 4152 monachus
3659 4094 3808 4149 libro

2153 4185 2425 4264 Ὁδηγῶν,
2485 4189 2583 4243 ubi
2643 4189 2913 4244 eumdem
2979 4187 3377 4242 haereticorum
3451 4199 3808 4240 consensum

2154 4278 2786 4334 mernorat.Antior.hus
2813 4275 3384 4334 monach.Palaestin.
3418 4273 3625 4329 homil.
3685 4273 3808 4328 124.

2155 4370 2298 4423 Item
2345 4368 2634 4423 Maximus
2676 4367 2876 4432 abbas,
2927 4374 2982 4422 et
3020 4365 3351 4421 Theodotus
3410 4365 3714 4436 presbyter
3745 4361 3809 4428 ¹³,

2157 4458 2255 4512 ubi
2307 4457 2378 4512 de
2436 4456 2697 4528 Dionysii
2747 4455 3110 4528 Areopagitae
3154 4454 3431 4526 operibus
3478 4453 3806 4524 disputant,

2155 4546 2563 4604 testimonium
2614 4545 2827 4618 Ignatii
2875 4545 3082 4610 nostri,
3113 4543 3222 4599 etsi
3268 4558 3468 4598 eorum
3503 4541 3807 4597 sententia:

2156 4652 2514 4708 repugnans,
2541 4653 2642 4706 pro
2665 4641 2820 4692 certo
2847 4652 2910 4690 ac
2961 4635 3195 4691 minime
3251 4633 3430 4688 dubio
3461 4633 3808 4687 admittunt.

403 4728 532 4769 esse
585 4714 908 4785 profitetur.
959 4721 1244 4773 Praeterea
1273 4733 1404 4772 cum
1433 4715 1710 4771 Theodoti
1745 4733 1955 4772 nomen
1987 4717 2044 4772 in
2075 4705 2123 4770 D
2227 4705 2437 4783 Οοῖεινο
2467 4705 2678 4782 saeculo
2709 4725 2967 4782 Joannes
2999 4724 3398 4780 Damascenus
3442 4721 3500 4777 in
3532 4720 3639 4778 ιη),
3699 4723 3807 4776 pa.

403 4805 697 4877 genuinis,
734 4812 798 4862 ut
840 4807 1118 4876 diximus,
1161 4807 1369 4879 Ignatii
1403 4805 1685 4877 epistolis,
1720 4823 1836 4863 non
1895 4807 2050 4866 inve-

406 4897 622 4966 niatur,
651 4899 827 4955 alium
868 4900 1106 4956 omnino
1156 4901 1229 4955 ab
1281 4899 1629 4972 Hieronymo
1676 4901 2046 4970 designatum

399 4986 581 5044 fuisse
610 5005 849 5045 necesse
878 4994 986 5045 est.

475 5076 672 5149 Neque
703 5079 916 5134 dixeris
953 5095 965 5132 :
1001 5077 1220 5134 Saltem
1279 5080 1480 5133 auctor
1509 5085 1708 5136 noster
1743 5080 2042 5150 Theodoti,

401 5168 626 5238 Ignatio
659 5168 1017 5237 recentioris,
1064 5181 1318 5223 errorem
1370 5171 1559 5239 arguit
1596 5174 1654 5225 et
1710 5169 2040 5242 impugnat.

399 5254 545 5313 Nam
578 5262 716 5328 quot
751 5257 1151 5314 haereticorum
1197 5271 1442 5326 errores,
1500 5266 1814 5330 antequam
1863 5259 2042 5316 iidem

395 5345 652 5404 heretici
717 5349 772 5404 in
835 5347 1026 5402 lucem
1069 5346 1211 5402 editi
1269 5346 1536 5418 fuissent,
1587 5349 1648 5405 in
1705 5354 2040 5408 sanctorum

395 5435 632 5492 Patrum
682 5436 868 5506 libris,
927 5435 1101 5492 tacito
1133 5451 1333 5492 eorum
1367 5438 1602 5494 nomine
1644 5438 1990 5496 refelluntur
2014 5440 2041 5496 ‘l

394 5525 515 5583 Mos
548 5529 743 5583 autem
775 5523 911 5581 inde
934 5524 1185 5580 invaluit
1214 5531 1418 5583 contra
1450 5526 1702 5584 hareses
1749 5529 2037 5600 posterio-

2157 4817 2426 4886 rallel.,et
2448 4817 2736 4873 Antonius
2757 4816 3018 4886 ejusdem
3038 4812 3406 4884 Damasceni,
3432 4817 3495 4869 ut
3521 4813 3812 4881 creditur,

2156 4904 2482 4977 discipulus
2511 4906 2570 4960 in
2603 4905 2858 4962 Melissa.

2227 4994 2389 5051 Nono
2419 4994 2631 5051 saeculo
2664 4994 2924 5050 Andreas
2953 4991 3536 5066 Hierosolymitanus,
3571 4992 3815 5049 Creten-

2155 5084 2310 5140 sium
2344 5083 2840 5156 archiepiscopus,
2873 5082 3077 5139 homil.
3125 5084 3160 5139 2
3205 5085 3266 5138 in
3297 5085 3594 5140 Nalivilalc
3637 5084 3814 5139 beatz

2151 5172 2732 5245 MariaFreculphus
2774 5173 3144 5230 Lexoviensis
3203 5176 3264 5229 in
3290 5173 3522 5243 Histor.,
3554 5173 3815 5230 Michael

2152 5263 2438 5336 Syngelus
2471 5263 2526 5319 in
2559 5264 2813 5320 Encomio
2844 5265 3064 5334 Dz‘onys.
3108 5263 3301 5334 Areop.

2220 5353 2455 5410 Decimo
2487 5353 2701 5410 saeculo
2731 5353 3155 5425 Metaphrastes
3187 5353 3244 5408 in
3297 5351 3560 5426 martyrii
3590 5353 3817 5426 Ignatii

2149 5444 2336 5501 nostri
2367 5444 2546 5501 Actis.

2219 5533 2537 5590 Undecimo
2568 5533 2782 5590 saeculo
2803 5538 3007 5590 auctor
3025 5532 3285 5590 locorum
3307 5535 3732 5594 communium
3758 5537 3816 5594 in

393 5615 558 5671 ribus
590 5616 818 5671 saeculis
867 5619 1028 5671 ortas
1058 5615 1385 5684 traditione,
1436 5634 1470 5672 a
1502 5616 1708 5688 primis
1769 5618 2036 5676 Ecclesiae
2146 5622 2504 5680 Bibliotheca
2541 5624 2875 5680 Oxoniensi.

464 5733 482 5766 "
515 5731 695 5800 Epist.
729 5731 800 5785 ad
831 5731 996 5787 Trall.
1025 5729 1050 5764 ⁸
1106 5732 1286 5804 Epist.
1320 5732 1399 5790 ad
1426 5733 1616 5789 Habui.
1649 5734 1672 5768 '
1700 5733 1841 5806 Adv,
1869 5736 2079 5794 Helvid.
2116 5738 2159 5772 ¹⁰
2187 5755 2317 5811 cap,
2350 5739 2446 5811 36,
2477 5755 2535 5812 p.
2569 5740 2694 5799 448.
2731 5741 2770 5777 ¹¹
2805 5740 2978 5812 Apud
3012 5738 3177 5798 Phot.
3210 5739 3273 5798 in
3316 5739 3463 5799 Bibl.
3490 5759 3668 5802 num.
3705 5746 3815 5804 3‘28

394 5821 438 5859 ιι
477 5818 626 5877 Ibid.
650 5835 814 5878 num.
836 5820 962 5880 332.
992 5821 1040 5861 η
1059 5821 1201 5882 Ibid.
