3942 6302
174 462 274 523 501
1103 474 1177 533 Ι).
1223 475 1271 534 Ν
1279 474 1559 537 OURRII
1601 471 1789 535 DISSI

1943 469 2143 530 ATIO.
2190 502 2268 513 —
2311 469 2513 531 PARS
2560 471 2607 529 Ι.
3454 474 3572 535 502

240 596 586 653 Duodecimo
640 600 846 656 saeculo
892 605 1183 658 Honorius
1235 603 1805 677 Augustodunensis.
1841 605 1889 669 Α
1923 606 2153 663 est,non
2189 600 2428 655 alterius
2460 600 2766 669 cujusdam
2802 600 3328 673 recen‘.ioris,quod
3360 620 3570 675 sugge-

244 687 467 741 Decimo
498 689 672 743 tertio
704 690 915 744 seculo
956 691 1188 750 Nicetes
1215 696 1529 752 Choniates
1559 696 1618 751 in
1650 695 1807 749 The-
1919 707 2042 745 rere
2073 690 2419 745 videbantur
2470 690 2737 759 quadam
2769 706 2799 742 a
2848 706 3084 746 summo
3142 696 3262 747 viro
3320 695 3569 749 ΰιιιεειιιριο

181 791 353 842 sauro,
387 779 670 849 Georgius
718 781 1121 854 Pachymeres,
1164 794 1217 841 et
1250 787 1539 843 Robertus
1587 788 1808 842 Lincol-
1918 782 2124 835 Vossio
2158 782 2212 834 in
2248 796 2350 834 suo
2382 780 2452 833 de
2481 779 2695 833 Graecis
2723 781 3312 851 scriptoribusOpere
3350 784 3565 839 allata:

180 865 381 921 niensis
412 870 996 944 episcopus,ulerque
1028 875 1151 929 suis
1183 876 1242 931 in
1276 876 1511 946 Dionys.
1532 878 1784 946 Are0pag

1943 870 2088 940 rique
2122 869 2305 923 solide
2324 877 2378 923 et
2402 869 2527 923 fuse
2546 869 2909 923 demonstrat
2928 869 3367 926 eruditissimus
3389 878 3565 937 Guar,

176 954 629 1014 Commentariis.
1916 974 2087 1029 quem
2124 957 2370 1026 adeat,si
2403 958 2535 1027 quis
2567 957 2756 1011 adhuc
2782 957 3031 1013 dubitet.
3058 980 3087 1008 ››
3124 959 3425 1015 Adivimus
3459 978 3567 1018 nos

238 1042 467 1102 Decimo
500 1055 710 1118 quarto
771 1052 982 1109 saeculo
1039 1054 1399 1127 Nicephorus
1445 1055 1705 1113 Calixtus
1746 1053 1789 1108 ir

1943 1046 2375 1101 truditissimum
2407 1049 2558 1101 Goar
2587 1044 2652 1112 ‘7,
2706 1052 2882 1117 atque
2916 1047 3033 1101 haec
3091 1047 3391 1117 ipsissima
3436 1050 3564 1119 ejus

176 1136 356 1193 Πιδιονο
389 1136 490 1191 lib-
527 1154 610 1207 III,
672 1155 799 1211 cap.
854 1143 942 1209 19,
999 1149 1177 1215 atque
1238 1145 1337 1200 alii
1381 1143 1802 1218 quamplurimi
1912 1137 2107 1203 verba,
2151 1152 2276 1206 quae
2308 1136 2661 1190 contrarium
2698 1134 2868 1205 plane
2899 1135 3555 1208 signiticant,legimus:

173 1239 287 1278 cum
319 1224 422 1280 hoc
454 1227 664 1283 εωουιο
706 1242 828 1284 tum
884 1234 1328 1303 posterioribus,
1375 1235 1473 1307 qui
1526 1234 1802 1307 quoniam
1917 1248 1943 1275 ‹‹
2001 1226 2325 1280 Canonicus
2382 1241 2682 1280 sacrorum
2759 1225 3043 1279 librorum
3102 1224 3422 1281 laterculus
3489 1227 3562 1282 ad

172 1314 389 1369 cuilibet
420 1318 767 1385 suntobvii,
801 1319 875 1375 iis
906 1321 1254 1393 singillatim
1305 1323 1670 1395 appellandis
1704 1339 1806 1378 su-
1913 1314 2453 1386 Chronogrepbiem
2506 1314 2650 1369 nihil
2704 1319 2999 1383 spectans,
3030 1314 3254 1370 librarii
3285 1314 3557 1390 πάρεργον

173 1405 554 1472 persedemus.
1907 1402 2222 1473 judicatur.
2259 1424 2287 1451 »
2319 1403 2443 1458 Non
2484 1403 2670 1458 solide
2718 1404 2895 1473 igitur
2924 1409 2982 1458 et
3030 1404 3159 1459 fuse
3188 1404 3286 1460 ille
3315 1406 3558 1461 demon-

231 1492 348 1548 iam
376 1510 511 1549 vero
543 1512 611 1551 ex
641 1498 1046 1556 eruditissima
1077 1505 1159 1557 tot
1186 1505 1424 1558 testium
1449 1503 1643 1559 omnis
1673 1506 1804 1558 zeta-
1912 1499 2080 1559 Strat.
2115 1493 2216 1548 sed
2251 1491 2421 1562 plane
2460 1493 2808 1565 penitusque
2859 1496 3028 1563 negat
3076 1492 3227 1549 hanc
3256 1493 3560 1550 Stichome-

170 1581 235 1636 tis
261 1588 313 1637 et
342 1584 695 1641 conditionis
728 1588 1101 1645 multitudine
1132 1592 1266 1662 quis
1298 1609 1412 1647 non
1435 1592 1592 1647 videt
1616 1609 1789 1664 pauca

1943 1585 2077 1637 riam
2108 1582 2416 1652 Nicephori
2451 1598 2601 1653 Opus
2628 1598 2755 1637 esse
2779 1597 2793 1648 ;
2827 1586 2884 1637 et
2902 1582 3050 1637 hanc
3074 1582 3292 1638 claram
3317 1589 3559 1641 certam-

169 1685 281 1726 esse
309 1675 681 1745 antiquorum
727 1676 959 1733 Patrum
1012 1696 1207 1751 opera,
1258 1698 1381 1753 qua
1418 1699 1525 1738 suo
1554 1698 1799 1752 quaeque
1909 1687 2023 1742 que
2052 1671 2353 1726 sententiae
2384 1687 2502 1725 suae
2562 1671 2778 1741 profert
2832 1669 3137 1738 rationem,
3192 1673 3344 1742 quod
3378 1673 3555 1727 nimi-

170 1762 366 1816 auctori
400 1762 693 1831 pluribus,
718 1782 888 1836 quam
922 1767 1047 1824 istae
1080 1770 1288 1839 lgnatii
1320 1771 1602 1841 epistolae,
1627 1770 1796 1826 testi-
1910 1776 2036 1815 Tum
2061 1759 2243 1815 “133d
2265 1758 2571 1830 Νίοθρδοτί
2596 1758 3552 1831 Οδνοηοὲταρδίθωυίδίίερθθιθῖ·

168 1847 261 1904 bus
288 1849 693 1908 vindicentur?
736 1853 957 1911 Deinde
1007 1874 1177 1913 nemo
1210 1875 1495 1930 unquam,
1519 1860 1630 1915 nisi
1664 1859 1795 1915 Dat.
1908 1850 1971 1905 Id
1992 1867 2134 1906 sane
2159 1866 2291 1905 cum
2323 1849 2499 1920 probe
2522 1849 2871 1920 intelligeret
2892 1848 3086 1904 Dallaai
3109 1848 3379 1905 defensor
3410 1868 3554 1907 nova

168 1936 311 1993 lasani
342 1956 551 1997 sensus
584 1941 781 2011 homo,
813 1961 947 2000 vero
978 1950 1170 2002 credet
1202 1964 1331 2003 esse
1360 1948 1552 2004 simile
1585 1965 1792 2005 omnes
1824 1981 1872 2047 B
1906 1940 2151 2008 ratione,
2183 1944 2240 1993 οἱ
2284 1939 2518 2010 quidem
2570 1938 2785 1993 mirum
2844 1936 2903 1992 in
2960 1937 3198 1992 modum
3243 1939 3550 2009 singulari,

172 2028 373 2047 ‘__,__
418 2030 430 2047 ,
658 2032 668 2043 .
723 2036 733 2047 ,
1122 2037 1154 2047 ..
1208 2037 1243 2047 ,.
1382 2036 1395 2047 .
1545 2036 1584 2047 ..
1710 2039 1740 2047 ν.
1908 2029 2160 2047 _,_-,__
2208 2026 2981 2047 μευ-ιη,

168 2028 385 2084 omnino
418 2030 524 2085 bos
558 2032 872 2103 scriptores
904 2050 969 2089 eo
1003 2037 1278 2092 caecitatis
1310 2036 1399 2092 vel
1432 2036 1793 2108 negligentiae
1824 2026 1872 2047 ”
1901 2029 2166 2083 eamdem
2201 2027 2641 2083 Stichometriam
2661 2026 2987 2098 Nicephoro
3018 2027 3395 2082 vetustioaem
3419 2043 3550 2083 esse

166 2116 466 2187 devenisse,
495 2120 563 2187 ¹⁴,
585 2142 612 2169 ‹‹
636 2126 700 2175 ut
720 2122 959 2179 Eusebii
994 2124 1149 2180 falsae
1172 2126 1243 2180 de
1272 2126 1590 2198 lgnatianis
1606 2127 1797 2198 suspi-

166 2204 296 2259 cioni
328 2222 393 2262 ex
423 2210 675 2279 quadam
730 2212 911 2267 animi
957 2213 1335 2285 simplicitate
1392 2216 1616 2287 absque
1660 2215 1794 2271 dolo

168 2294 323 2363 malo,
344 2298 439 2352 sed
473 2300 697 2370 absque
727 2305 887 2356 certa
918 2302 1141 2358 ratione
1174 2324 1201 2353 »
1233 2303 1606 2359 adhaeserint.
1640 2305 1793 2359 Prae-

168 2384 305 2439 terea
330 2403 430 2441 cur
460 2388 962 2461 haeretici,quibus
990 2393 1329 2448 testimonia
1360 2393 1569 2464 lgnatii
1603 2410 1671 2449 ex
1700 2393 1794 2449 his

168 2473 398 2540 epistolis
427 2470 841 2549 desumpta,ad
877 2479 1223 2536 refellendas
1253 2497 1455 2537 eorum
1488 2482 1795 2553 opiniones

167 2560 589 2635 objiciebantur,
643 2565 723 2622 nil
777 2569 847 2623 de
903 2585 1108 2624 earum
1169 2569 1423 2626 falsitate
1476 2570 1793 2642 aliquando

168 2652 420 2721 suspicati
455 2659 618 2723 sunt,
652 2656 915 2728 nihilque
951 2676 1208 2730 unquam
1256 2662 1325 2715 ad
1360 2676 1558 2716 eorum
1593 2665 1794 2716 aucto-

167 2737 369 2797 ritatem
428 2743 796 2815 elevandum,
858 2749 1259 2815 minuendam,
1311 2754 1415 2805 aut
1454 2750 1511 2805 in
1544 2750 1790 2805 dubium

168 2834 524 2889 revocandam
562 2835 902 2892 adinvenire
932 2837 1021 2892 vel
1054 2840 1383 2910 excogitare
1420 2844 1735 2910 potuerunt
1766 2840 1794 2895 ‘I

162 2916 259 2971 Cur
297 2921 548 2994 denique
600 2922 662 2979 hi
709 2941 912 2983 omnes
970 2927 1287 2999 scriptores
1333 2932 1390 2985 et
1435 2928 1704 2985 catholici
1737 2932 1796 2985 et

161 3004 413 3079 haeretici,
447 3018 623 3084 atque
670 3014 709 3067 ii
770 3030 1019 3086 quorum
1081 3015 1323 3089 plurimi
1383 3017 1652 3086 intereat,
1687 3019 1793 3075 has

163 3096 413 3165 epistolas
467 3102 799 3173 repudiare,
862 3106 935 3161 ad
984 3120 1082 3161 eas
1132 3106 1356 3179 lgnatio
1413 3108 1794 3165 vindicandas

159 3188 299 3241 tanto
327 3204 618 3246 consensu
656 3193 1109 3264 conspirarunt;
1146 3195 1257 3251 nisi
1292 3196 1428 3268 quia
1464 3195 1566 3252 illa
1586 3212 1789 3253 verum

162 3277 207 3327 et
226 3278 530 3346 genuinum
561 3281 773 3353 ignatii
794 3299 942 3354 opus
956 3300 1084 3340 esse
1098 3285 1443 3342 certissimis
1465 3286 1790 3343 rationibus

161 3378 480 3433 persuasum
510 3371 756 3427 omnino
788 3371 1044 3429 habuere
1064 3374 1092 3429 ?

755 3497 987 3555 CAPUT
1023 3498 1178 3556 VIII.

163 3612 529 3659 RESPONDETUR
563 3620 891 3660 OBJECTIONI
943 3622 1014 3661 EX
1045 3623 1353 3663 NICEPHORI
1402 3625 1471 3663 ET
1499 3625 1789 3665 ΑΝΛΒΤΑΒΙΙ

654 3693 1001 3733 TESTIMONIO
1030 3695 1261 3739 ΡΕΤῙΤΔΞ.

164 3794 252 3859 §l.
282 3798 640 3871 Nicephorum
695 3817 807 3857 non
854 3818 969 3857 esse
1025 3812 1301 3859 auctorem
1343 3804 1788 3864 Stichometrite.

225 3887 292 3940 Ex
315 3887 384 3943 iis
417 3890 584 3961 ipsis,
622 3908 769 3962 quos
819 3892 1139 3949 adversarii
1172 3893 1341 3948 nobis
1394 3894 1605 3949 deinde
1637 3894 1790 3966 obji—

166 3972 326 4036 ciunt.
354 3978 739 4049 scriptoribus
770 3995 984 4035 novum
1038 3986 1382 4053 argumento
1415 3987 1612 4039 nostro
1644 4001 1789 4055 pon-

165 4062 257 4118 dus
287 4071 339 4119 et
368 4070 543 4124 robur
575 4071 820 4126 accedit.
865 4074 1021 4135 Quos
1051 4074 1230 4142 enim,
1264 4089 1478 4144 quaeso,
1512 4074 1789 4130 eruditis-

164 4149 322 4219 sima,
356 4173 532 4226 quam
562 4158 973 4229 produximus,
1021 4165 1106 4216 tot
1135 4161 1388 4218 virorum
1423 4163 1788 4219 multitudini

164 4246 485 4311 opponunt?
513 4247 675 4302 Duos
726 4248 815 4302 vel
870 4249 1067 4320 potius
1128 4267 1312 4305 unum
1377 4253 1786 4308 tantummodo

165 4338 453 4402 auctorem,
516 4338 832 4408 quemdam
894 4338 1120 4393 scilicet
1171 4356 1557 4412 anonymum,
1617 4356 1786 4411 quem

168 4416 388 4478 Dallaaus
410 4424 555 4481 falso
589 4431 757 4496 putat
780 4426 962 4481 fuisse
986 4427 1371 4499 Nicephorum
1397 4431 1789 4501 patriarcham

163 4506 868 4586 Constantinopolitanum,
894 4523 947 4570 et
975 4517 1363 4588 Anastasium,
1399 4520 1497 4589 qui
1522 4519 1787 4575 Graecum

164 4591 442 4669 Nicephori
464 4602 547 4658 vel
584 4604 778 4674 potius
797 4604 1073 4675 anonymi
1112 4623 1261 4678 opus
1288 4607 1484 4663 Latine
1515 4609 1786 4678 reddidit,

1900 2117 2254 2189 suspicatur.
2291 2139 2317 2171 ο
2351 2116 2918 2187 Vehementi,inquit
2949 2117 3014 2183 ‘3,
3034 2116 3319 2172 sollicitor
3349 2118 3547 2188 suspi-

1899 2208 2084 2275 cione,
2118 2212 2181 2263 ut
2237 2208 2469 2262 credam
2519 2207 2717 2273 istam,
2770 2223 2886 2278 qua
2916 2207 2986 2261 de
3043 2209 3294 2279 agimus.
3338 2207 3548 2264 Sticho-

1899 2299 2155 2353 metriam
2188 2296 2510 2369 Nicephoro
2546 2296 2674 2367 ipso
2726 2295 3102 2351 vetustiorem
3130 2311 3275 2353 esse.
3308 2296 3543 2358 Nemini

1897 2387 2051 2444 enim
2083 2403 2283 2442 eorum
2318 2386 2418 2458 qui
2452 2386 2570 2440 haec
2605 2385 2801 2440 studia
2829 2384 2918 2441 vel
2947 2387 3197 2441 summis
3228 2385 3409 2441 labris
3442 2387 3544 2440 de-

1897 2479 2233 2548 gustarunt,
2264 2474 2445 2531 latere
2504 2478 2642 2544 puto
2672 2474 2880 2529 horum
2924 2473 3318 2530 indiculorum
3369 2491 3543 2530 usum

1897 2567 1994 2621 diu
2026 2570 2160 2621 ante
2190 2564 2583 2637 Nicephorum
2605 2563 2949 2619 obtinuisse.
2986 2566 3029 2619 A
3062 2581 3196 2620 vero
3226 2564 3408 2636 igitur
3428 2581 3543 2620 non

1896 2654 2170 2712 abhorret
2202 2653 2589 2724 Nicephorum
2639 2652 3089 2709 Stichometriam
3127 2655 3298 2709 istam
3333 2671 3366 2709 a
3394 2654 3542 2709 scri-

1896 2752 2057 2815 ptore
2088 2759 2149 2799 se
2180 2743 2499 2798 admodum
2552 2744 2865 2797 vetustiore
2898 2742 3173 2798 habuisse
3222 2741 3312 2797 vel
3344 2740 3539 2813 potius

1898 2850 2026 2890 eam
2057 2833 2115 2888 in
2149 2832 2303 2889 calce
2325 2830 2721 2903 antiquissimi
2750 2847 3049 2888 sacrorum
3082 2831 3363 2887 librorum
3384 2832 3543 2888 codi-

1895 2923 1978 2979 cis
2010 2926 2240 2978 nactam
2274 2920 2384 2977 sibi
2417 2921 2749 2992 adoptasse,
2783 2936 3021 2991 suaeque
3051 2921 3540 2993 Chronographite

1895 3011 2283 3067 subtexuisse.
2314 3032 2341 3061 »
2362 3013 2578 3065 Verum
2604 3010 2992 3066 utvehemens
3011 3009 3332 3067 defensoris
3353 3010 3545 3082 suspi-

1894 3101 1981 3157 cio
2014 3100 2233 3172 aliquid
2266 3099 2577 3156 soliditatis
2609 3100 2871 3165 haberet,
2916 3099 3027 3171 ipsi
3059 3098 3246 3170 primo
3280 3100 3541 3172 proban-

1894 3190 2035 3245 dum
2067 3194 2193 3246 erat
2224 3188 2450 3245 nullam
2480 3189 2949 3245 Stichometriam
2988 3188 3310 3260 Nicephoro
3345 3205 3540 3245 recen-

1893 3279 2099 3335 tiorem
2133 3294 2281 3345 esse,
2316 3280 2417 3335 sed
2449 3294 2653 3335 omnes
2688 3294 2803 3334 non
2833 3277 3022 3334 solum
3064 3277 3163 3334 illo
3192 3277 3535 3335 vetustiores

1820 3336 1864 3405 G
1895 3384 2042 3438 esse,
2077 3369 2177 3425 sed
2203 3390 2231 3420 ‹‹
2265 3369 2585 3424 admodum
2618 3366 2983 3423 vetustiores.
3011 3389 3038 3417 ››
3062 3367 3277 3422 Deinde
3307 3367 3420 3439 ipsi
3439 3368 3535 3423 ad-

1892 3457 2008 3514 huc
2039 3457 2565 3515 demonstrandum
2598 3462 2723 3513 erat
2752 3458 3023 3521 eumdem
3057 3456 3381 3512 indiculum
3417 3474 3531 3512 non

1894 3565 1927 3603 a
1957 3547 2214 3612 librario,
2249 3548 2351 3603 sed
2408 3564 2441 3604 α
2497 3546 2822 3619 Nicephoro
2867 3547 2990 3617 ipso
3047 3546 3533 3619 Chronographim

1893 3654 2014 3693 suae
2044 3636 2509 3710 superadditum.
2562 3636 2664 3691 Ille
2715 3640 2907 3692 autem
2951 3640 3221 3692 neutrum
3276 3636 3396 3692 ulla
3427 3654 3538 3692 un-

1894 3745 2071 3800 quam
2104 3730 2328 3783 ratione
2358 3726 2645 3798 probabit.
2671 3726 2880 3781 Contra
2901 3742 3053 3795 vero,
3073 3727 3172 3798 qui
3206 3726 3535 3782 manuscri-

1894 3821 2023 3889 ptos
2053 3816 2278 3872 codices
2311 3815 2395 3870 vel
2431 3815 2670 3870 minimo
2702 3815 2896 3869 studio
2936 3816 3297 3886 pervolutare
3324 3816 3533 3885 solent,

1892 3907 1932 3962 ii
1965 3911 2119 3962 certo
2150 3905 2366 3962 certius
2416 3908 2699 3961 noverunt
2750 3904 3120 3960 librariorum
3154 3922 3373 3961 morem
3408 3922 3536 3963 esse

1892 3996 1998 4051 hos
2029 3994 2579 4066 indiculos,aliaque
2609 3994 2899 4065 ejusmodi
2930 3994 3149 4066 scripta
3178 3995 3299 4050 sive
3330 4011 3530 4051 recen-

1894 4085 2042 4141 tiora
2072 4085 2193 4141 sive
2222 4085 2538 4140 vetustiora
2569 4083 2627 4137 in
2662 4083 2967 4148 librorum,
2987 4100 3134 4153 quos
3165 4083 3529 4153 describunt,

1894 4159 2007 4231 fine
2048 4191 2199 4247 saepe
2258 4175 2470 4244 saepius
2528 4173 2796 4245 adjicere.
2836 4173 3010 4229 Porro
3069 4176 3262 4227 autem
3323 4175 3533 4230 demus

1894 4263 2127 4331 Dallaeo,
2152 4264 2300 4334 quod
2326 4270 2521 4319 tamen
2556 4261 2764 4318 falsum
2794 4266 2901 4329 est,
2926 4262 3075 4317 hanc
3096 4262 3534 4317 Slichometrtam

1894 4370 1927 4407 a
1957 4352 2281 4424 Nicephoro
2300 4351 2633 4424 patriarcha
2658 4352 2837 4407 fuisse
2860 4352 3075 4406 editam
3102 4371 3116 4420 ;
3136 4352 3343 4407 demus
3358 4352 3533 4406 etiam

1894 4442 2023 4511 ejus
2054 4442 2529 4511 defensori,quod
2566 4442 2688 4511 ipse
2723 4457 3021 4512 nunquam
3057 4441 3343 4512 probabit,
3372 4440 3534 4496 illam

1895 4548 2043 4603 opus
2075 4547 2202 4587 esse
2232 4530 2488 4585 auctoris
2520 4530 2843 4602 Nicephoro
2868 4530 2997 4602 ipso
3030 4531 3345 4585 admodum
3380 4537 3546 4590 vetu-

1899 4620 2135 4688 stioris;
2170 4620 2428 4691 nunquid
2465 4620 2639 4675 unius
2696 4620 3028 4693 Nicephori,
3089 4619 3174 4676 vel
3232 4622 3536 4691 cujusdam

162 4684 329 4782 νων-εί
362 4691 523 4758 "ensi
558 4698 625 4747 ιη
660 4692 924 4763 Imlum"
954 4693 1151 4749 Πθιιωί
1191 4695 1482 4764 defensor:
1519 4698 1615 4768 qui
1647 4697 1789 4753 “illd
1820 4696 1868 4760 D
1899 4684 2173 4782 anonymi
2207 4714 2263 4765 et
2296 4684 2578 4781 incogniti
2634 4684 2938 4780 lcriptoris
2963 4684 3251 4780 judicium
3288 4684 3453 4765 clarae
3485 4715 3543 4767 et

169 4791 186 4819 ι
216 4776 512 4849 adoptavit.
541 4804 569 4831 ι)
603 4782 1004 4838 Examinanda
1025 4788 1114 4839 est
1135 4782 1515 4855 igiturbujus
1541 4788 1790 4859 scripto-

163 4860 235 4916 ris
261 4872 574 4926 auctoritas
606 4876 664 4926 et
696 4872 1320 4929 testimonium.Primo
1344 4874 1593 4931 Dallaeus
1623 4876 1788 4933 Nice-

164 4950 387 5018 phorum
447 4958 875 5015 liberalissimis
932 4967 1101 5017 ornat
1156 4961 1454 5027 laudibus,
1515 4969 1573 5019 et
1631 4966 1788 5022 hunc

165 5036 465 5102 Dallaanus
478 5048 750 5104 defensor
769 5070 789 5097 α
809 5048 989 5104 ictum
1008 5072 1035 5098 ››
1053 5050 1265 5105 nobisa
1284 5050 1557 5108 lethalem
1572 5074 1602 5104 »
1619 5054 1789 5110 infer-

165 5142 215 5181 re
243 5146 513 5191 asseverat
545 5137 610 5190 ¹⁸.
644 5137 755 5193 Sed
783 5137 1238 5208 ubi,amabo,vir
1260 5140 1356 5196 ille
1378 5142 1629 5197 summis
1661 5143 1785 5200 lau-

167 5216 318 5275 dibus
348 5227 667 5293 ornandus,
700 5226 882 5282 ictum
940 5226 1204 5284 lethalem
1237 5230 1407 5287 nobis
1437 5232 1691 5288 intulit?
1723 5236 1785 5289 in

165 5304 550 5381 Slirhometria,
610 5315 907 5387 inquiunt,
950 5334 1073 5387 quae
1132 5318 1367 5388 quidem
1429 5321 1577 5376 nihil
1627 5322 1781 5378 aliud

167 5411 318 5463 quam
354 5402 735 5473 fragmentum
795 5411 902 5470 est,
939 5408 1008 5461 ad
1044 5407 1262 5462 calcem
1292 5408 1785 5482 Chronegraphite

166 5485 443 5557 Nicephori
479 5509 512 5546 a
542 5492 779 5549 librario
837 5493 1032 5565 aliquo
1064 5496 1377 5565 adjectum.
1418 5498 1662 5556 Dallteus
1689 5518 1788 5555 au-

164 5578 268 5628 tem
297 5576 676 5650 Nicephorum
699 5581 858 5638 illius
889 5590 1186 5640 auctorem
1206 5602 1334 5641 esse
1367 5586 1513 5642 miro
1537 5588 1784 5656 quodam

165 5676 484 5735 argumento
514 5678 842 5744 propugnat
867 5674 909 5709 ¹⁰
934 5690 946 5727 :
975 5696 1001 5721 ‹‹
1036 5673 1224 5744 Hujus
1257 5675 1443 5746 ipsius
1476 5677 1783 5749 Nicephori

1905 4799 2153 4855 evidenti
2186 4800 2451 4854 omnium
2501 4799 2694 4854 omnis
2744 4800 2929 4853 aetatis
2980 4798 3456 4854 doctissimorum
3486 4803 3543 4855 et

1897 4893 2340 4948 notissimorum
2416 4891 2673 4947 virorum
2747 4890 3043 4946 sententiae
3122 4892 3545 4960 praeferendum

1899 4986 1987 5038 est
2007 4983 2034 5037 ‘l

1967 5072 1994 5138 §
2028 5072 2097 5126 ΙΙ.
2133 5071 2284 5125 Ηαηο
2338 5067 2812 5194 Slichomtlitria‘m.
2856 5068 3002 5123 nihil
3053 5070 3268 5140 ofﬁcere
3296 5069 3545 5137 epistolis

2632 5156 2737 5194 ana
2767 5156 2829 5193 tt.

2631 5156 2829 5209 gnam.

1969 5231 2077 5284 Sed
2106 5246 2234 5301 age,
2265 5228 2670 5285 auctoritatem
2703 5233 2759 5281 et
2780 5227 3167 5284 testimonium
3195 5230 3369 5299 hujus
3392 5231 3541 5285 scri-

1897 5319 2101 5387 ptoris,
2135 5320 2471 5390 quicunque
2494 5317 2727 5371 tandem
2763 5316 2857 5370 ille
2892 5316 3084 5387 fuerit,
3117 5320 3536 5376 examinemus.

1897 5409 1953 5464 Is
1981 5412 2175 5463 varios
2209 5410 2488 5463 librorum
2519 5423 2696 5461 sacrae
2718 5405 3029 5475 Scriptura:
3081 5409 3408 5477 composuit
3440 5425 3535 5463 ca-

1895 5498 2367 5567 talogos.quibus
2400 5501 2779 5552 recensentur
2800 5514 2818 5549 :
2852 5498 2906 5549 1ο
2921 5493 3145 5549 Veteris
3176 5496 3537 5552 Testamenti

1894 5587 2028 5641 libri
2055 5606 2068 5649 ;
2092 5587 2151 5639 2°
2173 5586 2312 5641 Novi
2337 5586 2694 5641 Testamenti
2721 5603 2732 5653 ;
2758 5586 2814 5639 3°
2831 5608 2856 5635 ‹‹
2873 5588 3003 5648 Quae
3020 5599 3131 5639 non
3149 5584 3543 5641 admittuntur

1896 5677 2120 5730 Veteris
2151 5675 2502 5730 Testamenti
2537 5676 2845 5746 Scripturae
2875 5694 2889 5743 ;
2914 5675 2972 5727 4ο
3001 5676 3135 5739 Quae
3189 5674 3404 5730 Veteris
3436 5677 3542 5731 Te-

224 5794 267 5833 “
292 5801 431 5859 Dall.
463 5819 593 5878 cap.
627 5806 718 5880 36,
739 5823 796 5881 p.
828 5808 955 5865 448.
1031 5807 1079 5844 ⁸⁸
1105 5823 1241 5883 pag.
1285 5809 1370 5866 14.
1448 5808 1493 5847 ¹⁶
1522 5825 1649 5882 οιρο
1681 5812 1737 5884 4,
1769 5826 1789 5883 l

1943 5812 1988 5867 3.
2066 5808 2113 5845 ‘7
2149 5811 2215 5865 In
2244 5810 2517 5866 Adnotat.
2552 5825 2609 5879 p.
2640 5808 2730 5866 88.
2806 5807 2851 5844 ¹⁸
2880 5824 3015 5883 pag.
3048 5809 3135 5865 14.
