  <div class='ocr_page' id='page_1' title='image "/cluster/home/n/w/nwhite01/storage/ocr_20150623/5/pst.000005711819/259.png"; bbox 0 0 3942 6302; ppageno 0'>
   <div class='ocr_carea' id='block_1_1' title="bbox 360 432 477 496">
    <p class='ocr_par' dir='ltr' id='par_1_1' title="bbox 360 432 477 496">
     <span class='ocr_line' id='line_1_1' title="bbox 360 432 477 496; baseline 0 -1"><span class='ocrx_word' id='word_1_1' title='bbox 360 432 477 496; x_wconf 80' lang='grc'><strong>503</strong></span> 
     </span>
    </p>
   </div>
   <div class='ocr_carea' id='block_1_2' title="bbox 1423 428 2731 497">
    <p class='ocr_par' dir='ltr' id='par_1_2' title="bbox 1423 428 2731 497">
     <span class='ocr_line' id='line_1_2' title="bbox 1423 428 2731 497; baseline -0.003 0"><span class='ocrx_word' id='word_1_2' title='bbox 1423 434 1488 497; x_wconf 82' lang='grc'><strong>8.</strong></span> <span class='ocrx_word' id='word_1_3' title='bbox 1536 430 1933 497; x_wconf 79' lang='lat' dir='ltr'><strong>IGNATlUS.</strong></span> <span class='ocrx_word' id='word_1_4' title='bbox 1981 464 2061 478; x_wconf 88' lang='lat'><strong>-—</strong></span> <span class='ocrx_word' id='word_1_5' title='bbox 2101 428 2731 495; x_wconf 71' lang='lat' dir='ltr'><strong>PROLEGOMENA.</strong></span> 
     </span>
    </p>
   </div>
   <div class='ocr_carea' id='block_1_3' title="bbox 3675 437 3789 499">
    <p class='ocr_par' dir='ltr' id='par_1_3' title="bbox 3675 437 3789 499">
     <span class='ocr_line' id='line_1_3' title="bbox 3675 437 3789 499; baseline 0.009 -1"><span class='ocrx_word' id='word_1_6' title='bbox 3675 437 3789 499; x_wconf 79' lang='grc'><strong>504</strong></span> 
     </span>
    </p>
   </div>
   <div class='ocr_carea' id='block_1_4' title="bbox 359 564 3781 641">
    <p class='ocr_par' dir='ltr' id='par_1_4' title="bbox 359 564 3781 641">
     <span class='ocr_line' id='line_1_4' title="bbox 359 564 3781 641; baseline 0.001 -19"><span class='ocrx_word' id='word_1_7' title='bbox 359 566 636 623; x_wconf 86' lang='lat' dir='ltr'><strong>stamenti</strong></span> <span class='ocrx_word' id='word_1_8' title='bbox 669 566 997 638; x_wconf 80' lang='lat' dir='ltr'><strong>apocrypha</strong></span> <span class='ocrx_word' id='word_1_9' title='bbox 1030 584 1339 623; x_wconf 83' lang='lat' dir='ltr'><strong>censemus</strong></span> <span class='ocrx_word' id='word_1_10' title='bbox 1364 589 1378 635; x_wconf 85' lang='lat'><strong>;</strong></span> <span class='ocrx_word' id='word_1_11' title='bbox 1402 570 1463 624; x_wconf 84' lang='lat'><strong>5°</strong></span> <span class='ocrx_word' id='word_1_12' title='bbox 1489 571 1623 632; x_wconf 62' lang='lat' dir='ltr'><strong>Qua;</strong></span> <span class='ocrx_word' id='word_1_13' title='bbox 1656 569 1795 624; x_wconf 89' lang='lat' dir='ltr'><strong>Novi</strong></span> <span class='ocrx_word' id='word_1_14' title='bbox 1813 569 2013 625; x_wconf 87' lang='lat' dir='ltr'><strong>Testa-</strong></span> <span class='ocrx_word' id='word_1_15' title='bbox 2044 568 2097 635; x_wconf 76' lang='grc' dir='ltr'><strong>Α</strong></span> <span class='ocrx_word' id='word_1_16' title='bbox 2128 565 2494 637; x_wconf 86' lang='lat' dir='ltr'><strong>confugiunt,</strong></span> <span class='ocrx_word' id='word_1_17' title='bbox 2528 570 2593 620; x_wconf 91' lang='lat' dir='ltr'><strong>ut</strong></span> <span class='ocrx_word' id='word_1_18' title='bbox 2621 564 2827 622; x_wconf 81' lang='lat' dir='ltr'><strong>saltem</strong></span> <span class='ocrx_word' id='word_1_19' title='bbox 2861 571 3027 623; x_wconf 87' lang='lat' dir='ltr'><strong>muta</strong></span> <span class='ocrx_word' id='word_1_20' title='bbox 3058 584 3124 624; x_wconf 85' lang='lat' dir='ltr'><strong>ac</strong></span> <span class='ocrx_word' id='word_1_21' title='bbox 3156 568 3348 625; x_wconf 84' lang='lat' dir='ltr'><strong>silenti</strong></span> <span class='ocrx_word' id='word_1_22' title='bbox 3384 572 3781 641; x_wconf 86' lang='lat' dir='ltr'><strong>quorumdam</strong></span> 
     </span>
    </p>
   </div>
   <div class='ocr_carea' id='block_1_5' title="bbox 364 656 2011 729">
    <p class='ocr_par' dir='ltr' id='par_1_5' title="bbox 364 656 2011 729">
     <span class='ocr_line' id='line_1_5' title="bbox 364 656 2011 729; baseline -0.001 -17"><span class='ocrx_word' id='word_1_23' title='bbox 364 658 546 712; x_wconf 89' lang='lat' dir='ltr'><strong>menti</strong></span> <span class='ocrx_word' id='word_1_24' title='bbox 592 661 731 711; x_wconf 85' lang='lat' dir='ltr'><strong>sunt</strong></span> <span class='ocrx_word' id='word_1_25' title='bbox 770 658 1123 728; x_wconf 81' lang='lat' dir='ltr'><strong>apocrypha.</strong></span> <span class='ocrx_word' id='word_1_26' title='bbox 1158 680 1187 707; x_wconf 86' lang='lat'>»</span> <span class='ocrx_word' id='word_1_27' title='bbox 1240 661 1423 729; x_wconf 81' lang='lat' dir='ltr'><strong>Atque</strong></span> <span class='ocrx_word' id='word_1_28' title='bbox 1455 658 1510 712; x_wconf 93' lang='lat' dir='ltr'><strong>in</strong></span> <span class='ocrx_word' id='word_1_29' title='bbox 1566 659 1672 713; x_wconf 92' lang='lat' dir='ltr'><strong>hoc</strong></span> <span class='ocrx_word' id='word_1_30' title='bbox 1705 656 2011 729; x_wconf 83' lang='lat' dir='ltr'><strong>posteriori</strong></span> 
     </span>
    </p>
   </div>
   <div class='ocr_carea' id='block_1_6' title="bbox 370 746 2012 820">
    <p class='ocr_par' dir='ltr' id='par_1_6' title="bbox 370 746 2012 820">
     <span class='ocr_line' id='line_1_6' title="bbox 370 746 2012 820; baseline 0.001 -19"><span class='ocrx_word' id='word_1_31' title='bbox 370 746 575 801; x_wconf 84' lang='lat' dir='ltr'><strong>ordine</strong></span> <span class='ocrx_word' id='word_1_32' title='bbox 599 746 811 817; x_wconf 88' lang='lat' dir='ltr'><strong>lgnatii</strong></span> <span class='ocrx_word' id='word_1_33' title='bbox 842 746 1251 817; x_wconf 87' lang='lat' dir='ltr'><strong>epistolas,aut</strong></span> <span class='ocrx_word' id='word_1_34' title='bbox 1280 749 1568 820; x_wconf 91' lang='lat' dir='ltr'><strong>potius,ut</strong></span> <span class='ocrx_word' id='word_1_35' title='bbox 1598 748 1717 820; x_wconf 89' lang='lat' dir='ltr'><strong>ipse</strong></span> <span class='ocrx_word' id='word_1_36' title='bbox 1740 747 2012 818; x_wconf 89' lang='lat' dir='ltr'><strong>loquitur,</strong></span> 
     </span>
    </p>
   </div>
   <div class='ocr_carea' id='block_1_7' title="bbox 364 836 2011 894">
    <p class='ocr_par' dir='ltr' id='par_1_7' title="bbox 364 836 2011 894">
     <span class='ocr_line' id='line_1_7' title="bbox 364 836 2011 894; baseline 0.001 -4"><span class='ocrx_word' id='word_1_37' title='bbox 364 837 691 891; x_wconf 84' lang='lat' dir='ltr'><strong>doctrinam</strong></span> <span class='ocrx_word' id='word_1_38' title='bbox 720 836 1044 892; x_wconf 86' lang='lat' dir='ltr'><strong>collocavit.</strong></span> <span class='ocrx_word' id='word_1_39' title='bbox 1081 836 1298 892; x_wconf 90' lang='lat' dir='ltr'><strong>Verum</strong></span> <span class='ocrx_word' id='word_1_40' title='bbox 1359 837 1481 893; x_wconf 67' lang='lat' dir='ltr'><strong>haec</strong></span> <span class='ocrx_word' id='word_1_41' title='bbox 1512 837 1767 894; x_wconf 76' lang='lat' dir='ltr'><strong>auctoris</strong></span> <span class='ocrx_word' id='word_1_42' title='bbox 1799 838 2011 893; x_wconf 79' lang='lat' dir='ltr'><strong>Sticho-</strong></span> 
     </span>
    </p>
   </div>
   <div class='ocr_carea' id='block_1_8' title="bbox 362 927 2015 998">
    <p class='ocr_par' dir='ltr' id='par_1_8' title="bbox 362 927 2015 998">
     <span class='ocr_line' id='line_1_8' title="bbox 362 927 2015 998; baseline 0.001 -17"><span class='ocrx_word' id='word_1_43' title='bbox 362 928 583 983; x_wconf 64' lang='lat' dir='ltr'><strong>metriz</strong></span> <span class='ocrx_word' id='word_1_44' title='bbox 611 927 786 982; x_wconf 90' lang='lat' dir='ltr'><strong>verba</strong></span> <span class='ocrx_word' id='word_1_45' title='bbox 818 932 875 982; x_wconf 90' lang='lat' dir='ltr'><strong>et</strong></span> <span class='ocrx_word' id='word_1_46' title='bbox 932 927 1346 998; x_wconf 90' lang='lat' dir='ltr'><strong>inscriptiones</strong></span> <span class='ocrx_word' id='word_1_47' title='bbox 1378 927 1523 982; x_wconf 89' lang='lat' dir='ltr'><strong>nihil</strong></span> <span class='ocrx_word' id='word_1_48' title='bbox 1555 927 1813 983; x_wconf 85' lang='lat' dir='ltr'><strong>innuunt</strong></span> <span class='ocrx_word' id='word_1_49' title='bbox 1857 928 2015 983; x_wconf 81' lang='lat' dir='ltr'><strong>aliud</strong></span> 
     </span>
    </p>
   </div>
   <div class='ocr_carea' id='block_1_9' title="bbox 366 1016 2017 1089">
    <p class='ocr_par' dir='ltr' id='par_1_9' title="bbox 366 1016 2017 1089">
     <span class='ocr_line' id='line_1_9' title="bbox 366 1016 2017 1089; baseline 0 -18"><span class='ocrx_word' id='word_1_50' title='bbox 366 1032 540 1088; x_wconf 90' lang='lat' dir='ltr'><strong>quam</strong></span> <span class='ocrx_word' id='word_1_51' title='bbox 575 1016 783 1087; x_wconf 89' lang='lat' dir='ltr'><strong>Ignatii</strong></span> <span class='ocrx_word' id='word_1_52' title='bbox 819 1016 1268 1088; x_wconf 89' lang='lat' dir='ltr'><strong>epistolasinter</strong></span> <span class='ocrx_word' id='word_1_53' title='bbox 1288 1017 1616 1089; x_wconf 85' lang='lat' dir='ltr'><strong>apocrypha</strong></span> <span class='ocrx_word' id='word_1_54' title='bbox 1646 1018 1784 1072; x_wconf 90' lang='lat' dir='ltr'><strong>Novi</strong></span> <span class='ocrx_word' id='word_1_55' title='bbox 1811 1018 2017 1072; x_wconf 83' lang='lat' dir='ltr'><strong>Testa-</strong></span> 
     </span>
    </p>
   </div>
   <div class='ocr_carea' id='block_1_10' title="bbox 370 1106 2017 1176">
    <p class='ocr_par' dir='ltr' id='par_1_10' title="bbox 370 1106 2017 1176">
     <span class='ocr_line' id='line_1_10' title="bbox 370 1106 2017 1176; baseline 0 -15"><span class='ocrx_word' id='word_1_56' title='bbox 370 1106 551 1161; x_wconf 92' lang='lat' dir='ltr'><strong>menti</strong></span> <span class='ocrx_word' id='word_1_57' title='bbox 611 1122 738 1161; x_wconf 86' lang='lat' dir='ltr'><strong>esse</strong></span> <span class='ocrx_word' id='word_1_58' title='bbox 788 1106 1156 1176; x_wconf 82' lang='lat' dir='ltr'><strong>rejiciendas,</strong></span> <span class='ocrx_word' id='word_1_59' title='bbox 1191 1106 1299 1161; x_wconf 86' lang='lat' dir='ltr'><strong>hoc</strong></span> <span class='ocrx_word' id='word_1_60' title='bbox 1351 1112 1460 1176; x_wconf 86' lang='lat' dir='ltr'><strong>est,</strong></span> <span class='ocrx_word' id='word_1_61' title='bbox 1492 1122 1591 1162; x_wconf 91' lang='lat' dir='ltr'><strong>eas</strong></span> <span class='ocrx_word' id='word_1_62' title='bbox 1641 1108 1792 1163; x_wconf 84' lang='lat' dir='ltr'><strong>inter</strong></span> <span class='ocrx_word' id='word_1_63' title='bbox 1822 1122 2017 1162; x_wconf 88' lang='lat' dir='ltr'><strong>sacros</strong></span> 
     </span>
    </p>
   </div>
   <div class='ocr_carea' id='block_1_11' title="bbox 370 1197 2016 1254">
    <p class='ocr_par' dir='ltr' id='par_1_11' title="bbox 370 1197 2016 1254">
     <span class='ocr_line' id='line_1_11' title="bbox 370 1197 2016 1254; baseline -0.001 -1"><span class='ocrx_word' id='word_1_64' title='bbox 370 1197 511 1253; x_wconf 91' lang='lat' dir='ltr'><strong>Novi</strong></span> <span class='ocrx_word' id='word_1_65' title='bbox 546 1197 899 1252; x_wconf 90' lang='lat' dir='ltr'><strong>Testamenti</strong></span> <span class='ocrx_word' id='word_1_66' title='bbox 930 1197 1110 1253; x_wconf 91' lang='lat' dir='ltr'><strong>libros</strong></span> <span class='ocrx_word' id='word_1_67' title='bbox 1141 1214 1253 1252; x_wconf 89' lang='lat' dir='ltr'><strong>non</strong></span> <span class='ocrx_word' id='word_1_68' title='bbox 1289 1214 1417 1253; x_wconf 90' lang='lat' dir='ltr'><strong>esse</strong></span> <span class='ocrx_word' id='word_1_69' title='bbox 1445 1198 2016 1254; x_wconf 84' lang='lat' dir='ltr'><strong>numerandas.Eam</strong></span> 
     </span>
    </p>
   </div>
   <div class='ocr_carea' id='block_1_12' title="bbox 368 1285 2017 1358">
    <p class='ocr_par' dir='ltr' id='par_1_12' title="bbox 368 1285 2017 1358">
     <span class='ocr_line' id='line_1_12' title="bbox 368 1285 2017 1358; baseline 0 -17"><span class='ocrx_word' id='word_1_70' title='bbox 368 1285 780 1358; x_wconf 83' lang='lat' dir='ltr'><strong>proculdubio</strong></span> <span class='ocrx_word' id='word_1_71' title='bbox 813 1287 886 1340; x_wconf 94' lang='lat' dir='ltr'><strong>ob</strong></span> <span class='ocrx_word' id='word_1_72' title='bbox 918 1303 1155 1341; x_wconf 85' lang='lat' dir='ltr'><strong>causam</strong></span> <span class='ocrx_word' id='word_1_73' title='bbox 1216 1286 1563 1341; x_wconf 55' lang='lat' dir='ltr'><strong>mentionem</strong></span> <span class='ocrx_word' id='word_1_74' title='bbox 1626 1288 1764 1343; x_wconf 84' lang='lat' dir='ltr'><strong>facit</strong></span> <span class='ocrx_word' id='word_1_75' title='bbox 1815 1302 2017 1343; x_wconf 89' lang='lat' dir='ltr'><strong>eorum</strong></span> 
     </span>
    </p>
   </div>
   <div class='ocr_carea' id='block_1_13' title="bbox 370 1374 2021 1447">
    <p class='ocr_par' dir='ltr' id='par_1_13' title="bbox 370 1374 2021 1447">
     <span class='ocr_line' id='line_1_13' title="bbox 370 1374 2021 1447; baseline 0.001 -17"><span class='ocrx_word' id='word_1_76' title='bbox 370 1378 783 1431; x_wconf 83' lang='lat' dir='ltr'><strong>tantummodo</strong></span> <span class='ocrx_word' id='word_1_77' title='bbox 816 1374 1121 1441; x_wconf 89' lang='lat' dir='ltr'><strong>librorum,</strong></span> <span class='ocrx_word' id='word_1_78' title='bbox 1153 1376 1253 1446; x_wconf 92' lang='lat' dir='ltr'><strong>qui</strong></span> <span class='ocrx_word' id='word_1_79' title='bbox 1298 1377 1691 1447; x_wconf 88' lang='lat' dir='ltr'><strong>apostolorum</strong></span> <span class='ocrx_word' id='word_1_80' title='bbox 1722 1382 1824 1432; x_wconf 92' lang='lat' dir='ltr'><strong>aut</strong></span> <span class='ocrx_word' id='word_1_81' title='bbox 1844 1376 2021 1447; x_wconf 91' lang='lat' dir='ltr'><strong>quin-</strong></span> 
     </span>
    </p>
   </div>
   <div class='ocr_carea' id='block_1_14' title="bbox 371 1465 2019 1538">
    <p class='ocr_par' dir='ltr' id='par_1_14' title="bbox 371 1465 2019 1538">
     <span class='ocr_line' id='line_1_14' title="bbox 371 1465 2019 1538; baseline 0.001 -19"><span class='ocrx_word' id='word_1_82' title='bbox 371 1480 485 1534; x_wconf 90' lang='lat' dir='ltr'><strong>que</strong></span> <span class='ocrx_word' id='word_1_83' title='bbox 514 1466 853 1520; x_wconf 77' lang='lat' dir='ltr'><strong>eorumdem</strong></span> <span class='ocrx_word' id='word_1_84' title='bbox 915 1465 1337 1536; x_wconf 88' lang='lat' dir='ltr'><strong>discipulorum</strong></span> <span class='ocrx_word' id='word_1_85' title='bbox 1382 1482 1593 1521; x_wconf 89' lang='lat' dir='ltr'><strong>nomen</strong></span> <span class='ocrx_word' id='word_1_86' title='bbox 1628 1466 2019 1538; x_wconf 86' lang='lat' dir='ltr'><strong>proferebant,</strong></span> 
     </span>
    </p>
   </div>
   <div class='ocr_carea' id='block_1_15' title="bbox 372 1554 2022 1628">
    <p class='ocr_par' dir='ltr' id='par_1_15' title="bbox 372 1554 2022 1628">
     <span class='ocr_line' id='line_1_15' title="bbox 372 1554 2022 1628; baseline 0.002 -19"><span class='ocrx_word' id='word_1_87' title='bbox 372 1570 636 1626; x_wconf 89' lang='lat' dir='ltr'><strong>quosque</strong></span> <span class='ocrx_word' id='word_1_88' title='bbox 667 1570 733 1610; x_wconf 93' lang='lat' dir='ltr'><strong>eo</strong></span> <span class='ocrx_word' id='word_1_89' title='bbox 765 1554 1003 1610; x_wconf 92' lang='lat' dir='ltr'><strong>nomine</strong></span> <span class='ocrx_word' id='word_1_90' title='bbox 1035 1554 1375 1626; x_wconf 86' lang='lat' dir='ltr'><strong>imprudens</strong></span> <span class='ocrx_word' id='word_1_91' title='bbox 1409 1556 1801 1627; x_wconf 86' lang='lat' dir='ltr'><strong>quorumdam</strong></span> <span class='ocrx_word' id='word_1_92' title='bbox 1835 1556 2022 1628; x_wconf 87' lang='lat' dir='ltr'><strong>pietas</strong></span> 
     </span>
    </p>
   </div>
   <div class='ocr_carea' id='block_1_16' title="bbox 375 1643 2024 1717">
    <p class='ocr_par' dir='ltr' id='par_1_16' title="bbox 375 1643 2024 1717">
     <span class='ocr_line' id='line_1_16' title="bbox 375 1643 2024 1717; baseline 0.002 -18"><span class='ocrx_word' id='word_1_93' title='bbox 375 1660 551 1699; x_wconf 67' lang='lat' dir='ltr'><strong>sacrae</strong></span> <span class='ocrx_word' id='word_1_94' title='bbox 604 1643 748 1700; x_wconf 92' lang='lat' dir='ltr'><strong>Novi</strong></span> <span class='ocrx_word' id='word_1_95' title='bbox 803 1644 1165 1700; x_wconf 86' lang='lat' dir='ltr'><strong>Testamenti</strong></span> <span class='ocrx_word' id='word_1_96' title='bbox 1217 1644 1529 1717; x_wconf 60' lang='lat' dir='ltr'><strong>Scriptura;</strong></span> <span class='ocrx_word' id='word_1_97' title='bbox 1576 1645 1789 1702; x_wconf 89' lang='lat' dir='ltr'><strong>ascribi</strong></span> <span class='ocrx_word' id='word_1_98' title='bbox 1834 1645 2024 1702; x_wconf 90' lang='lat' dir='ltr'><strong>volue-</strong></span> 
     </span>
    </p>
   </div>
   <div class='ocr_carea' id='block_1_17' title="bbox 373 1740 480 1789">
    <p class='ocr_par' dir='ltr' id='par_1_17' title="bbox 373 1740 480 1789">
     <span class='ocr_line' id='line_1_17' title="bbox 373 1740 480 1789; baseline -0.019 0"><span class='ocrx_word' id='word_1_99' title='bbox 373 1740 480 1789; x_wconf 88' lang='lat' dir='ltr'><strong>rat.</strong></span> 
     </span>
    </p>
   </div>
   <div class='ocr_carea' id='block_1_18' title="bbox 451 1824 2026 1897">
    <p class='ocr_par' dir='ltr' id='par_1_18' title="bbox 451 1824 2026 1897">
     <span class='ocr_line' id='line_1_18' title="bbox 451 1824 2026 1897; baseline 0 -17"><span class='ocrx_word' id='word_1_100' title='bbox 451 1824 828 1897; x_wconf 87' lang='lat' dir='ltr'><strong>At,inquiunt</strong></span> <span class='ocrx_word' id='word_1_101' title='bbox 859 1824 1159 1893; x_wconf 70' lang='lat' dir='ltr'><strong>Dallaaani,</strong></span> <span class='ocrx_word' id='word_1_102' title='bbox 1192 1829 1401 1881; x_wconf 89' lang='lat' dir='ltr'><strong>auctor</strong></span> <span class='ocrx_word' id='word_1_103' title='bbox 1429 1824 1526 1881; x_wconf 89' lang='lat' dir='ltr'><strong>ille</strong></span> <span class='ocrx_word' id='word_1_104' title='bbox 1551 1825 1830 1896; x_wconf 90' lang='lat' dir='ltr'><strong>epistolas</strong></span> <span class='ocrx_word' id='word_1_105' title='bbox 1862 1826 2026 1897; x_wconf 87' lang='lat' dir='ltr'><strong>Igna-</strong></span> 
     </span>
    </p>
   </div>
   <div class='ocr_carea' id='block_1_19' title="bbox 2124 656 3778 732">
    <p class='ocr_par' dir='ltr' id='par_1_19' title="bbox 2124 656 3778 732">
     <span class='ocr_line' id='line_1_19' title="bbox 2124 656 3778 732; baseline 0.003 -21"><span class='ocrx_word' id='word_1_106' title='bbox 2124 656 2470 712; x_wconf 90' lang='lat' dir='ltr'><strong>auctoritate</strong></span> <span class='ocrx_word' id='word_1_107' title='bbox 2501 657 2667 711; x_wconf 89' lang='lat' dir='ltr'><strong>vanis</strong></span> <span class='ocrx_word' id='word_1_108' title='bbox 2698 656 2821 712; x_wconf 88' lang='lat' dir='ltr'><strong>suis</strong></span> <span class='ocrx_word' id='word_1_109' title='bbox 2859 656 3250 713; x_wconf 88' lang='lat' dir='ltr'><strong>velationibus</strong></span> <span class='ocrx_word' id='word_1_110' title='bbox 3297 657 3486 716; x_wconf 88' lang='lat' dir='ltr'><strong>locum</strong></span> <span class='ocrx_word' id='word_1_111' title='bbox 3518 659 3778 732; x_wconf 87' lang='lat' dir='ltr'><strong>aliquem</strong></span> 
     </span>
    </p>
   </div>
   <div class='ocr_carea' id='block_1_20' title="bbox 2125 745 3781 820">
    <p class='ocr_par' dir='ltr' id='par_1_20' title="bbox 2125 745 3781 820">
     <span class='ocr_line' id='line_1_20' title="bbox 2125 745 3781 820; baseline 0.004 -20"><span class='ocrx_word' id='word_1_112' title='bbox 2125 746 2359 800; x_wconf 88' lang='lat' dir='ltr'><strong>dedisse</strong></span> <span class='ocrx_word' id='word_1_113' title='bbox 2388 745 2717 802; x_wconf 88' lang='lat' dir='ltr'><strong>videantur.</strong></span> <span class='ocrx_word' id='word_1_114' title='bbox 2742 745 2987 801; x_wconf 76' lang='lat' dir='ltr'><strong>Dallaaus</strong></span> <span class='ocrx_word' id='word_1_115' title='bbox 3006 749 3203 819; x_wconf 89' lang='lat' dir='ltr'><strong>itaque</strong></span> <span class='ocrx_word' id='word_1_116' title='bbox 3233 764 3442 820; x_wconf 84' lang='lat' dir='ltr'><strong>magna</strong></span> <span class='ocrx_word' id='word_1_117' title='bbox 3461 751 3781 807; x_wconf 87' lang='lat' dir='ltr'><strong>verborum</strong></span> 
     </span>
    </p>
   </div>
   <div class='ocr_carea' id='block_1_21' title="bbox 2126 839 3783 913">
    <p class='ocr_par' dir='ltr' id='par_1_21' title="bbox 2126 839 3783 913">
     <span class='ocr_line' id='line_1_21' title="bbox 2126 839 3783 913; baseline 0.004 -23"><span class='ocrx_word' id='word_1_118' title='bbox 2126 853 2339 907; x_wconf 90' lang='lat' dir='ltr'><strong>pompa</strong></span> <span class='ocrx_word' id='word_1_119' title='bbox 2390 841 2801 907; x_wconf 84' lang='lat' dir='ltr'><strong>argumentum</strong></span> <span class='ocrx_word' id='word_1_120' title='bbox 2862 853 3033 893; x_wconf 76' lang='lat' dir='ltr'><strong>suum</strong></span> <span class='ocrx_word' id='word_1_121' title='bbox 3088 839 3424 910; x_wconf 82' lang='lat' dir='ltr'><strong>negativam</strong></span> <span class='ocrx_word' id='word_1_122' title='bbox 3476 844 3783 913; x_wconf 87' lang='lat' dir='ltr'><strong>proponit,</strong></span> 
     </span>
    </p>
   </div>
   <div class='ocr_carea' id='block_1_22' title="bbox 2126 924 3783 997">
    <p class='ocr_par' dir='ltr' id='par_1_22' title="bbox 2126 924 3783 997">
     <span class='ocr_line' id='line_1_22' title="bbox 2126 924 3783 997; baseline 0.004 -18"><span class='ocrx_word' id='word_1_123' title='bbox 2126 926 2279 996; x_wconf 90' lang='lat' dir='ltr'><strong>quod</strong></span> <span class='ocrx_word' id='word_1_124' title='bbox 2311 924 2462 980; x_wconf 91' lang='lat' dir='ltr'><strong>hanc</strong></span> <span class='ocrx_word' id='word_1_125' title='bbox 2495 926 2554 979; x_wconf 94' lang='lat' dir='ltr'><strong>in</strong></span> <span class='ocrx_word' id='word_1_126' title='bbox 2587 927 2833 981; x_wconf 89' lang='lat' dir='ltr'><strong>formam</strong></span> <span class='ocrx_word' id='word_1_127' title='bbox 2868 932 3053 981; x_wconf 90' lang='lat' dir='ltr'><strong>totum</strong></span> <span class='ocrx_word' id='word_1_128' title='bbox 3086 929 3383 985; x_wconf 82' lang='lat' dir='ltr'><strong>reducitur</strong></span> <span class='ocrx_word' id='word_1_129' title='bbox 3411 947 3424 985; x_wconf 90' lang='lat'><strong>:</strong></span> <span class='ocrx_word' id='word_1_130' title='bbox 3452 952 3480 979; x_wconf 90' lang='grc'><strong>‹‹</strong></span> <span class='ocrx_word' id='word_1_131' title='bbox 3512 931 3783 997; x_wconf 81' lang='lat' dir='ltr'><strong>Constat,</strong></span> 
     </span>
    </p>
   </div>
   <div class='ocr_carea' id='block_1_23' title="bbox 2126 1013 3787 1091">
    <p class='ocr_par' dir='ltr' id='par_1_23' title="bbox 2126 1013 3787 1091">
     <span class='ocr_line' id='line_1_23' title="bbox 2126 1013 3787 1091; baseline 0.005 -22"><span class='ocrx_word' id='word_1_132' title='bbox 2126 1013 2322 1086; x_wconf 87' lang='lat' dir='ltr'><strong>inquit</strong></span> <span class='ocrx_word' id='word_1_133' title='bbox 2353 1014 2531 1079; x_wconf 76' lang='lat' dir='ltr'><strong>ille&quot;,</strong></span> <span class='ocrx_word' id='word_1_134' title='bbox 2564 1015 2691 1085; x_wconf 89' lang='lat' dir='ltr'><strong>has,</strong></span> <span class='ocrx_word' id='word_1_135' title='bbox 2723 1031 2870 1086; x_wconf 88' lang='lat' dir='ltr'><strong>quas</strong></span> <span class='ocrx_word' id='word_1_136' title='bbox 2902 1016 3073 1072; x_wconf 92' lang='lat' dir='ltr'><strong>hodie</strong></span> <span class='ocrx_word' id='word_1_137' title='bbox 3102 1016 3354 1088; x_wconf 84' lang='lat' dir='ltr'><strong>legimus</strong></span> <span class='ocrx_word' id='word_1_138' title='bbox 3391 1020 3703 1091; x_wconf 80' lang='lat' dir='ltr'><strong>epistolas,</strong></span> <span class='ocrx_word' id='word_1_139' title='bbox 3738 1023 3787 1077; x_wconf 92' lang='lat' dir='ltr'><strong>si</strong></span> 
     </span>
    </p>
   </div>
   <div class='ocr_carea' id='block_1_24' title="bbox 2127 1104 3787 1176">
    <p class='ocr_par' dir='ltr' id='par_1_24' title="bbox 2127 1104 3787 1176">
     <span class='ocr_line' id='line_1_24' title="bbox 2127 1104 3787 1176; baseline 0.006 -19"><span class='ocrx_word' id='word_1_140' title='bbox 2127 1120 2260 1160; x_wconf 90' lang='lat' dir='ltr'><strong>vere</strong></span> <span class='ocrx_word' id='word_1_141' title='bbox 2294 1104 2504 1175; x_wconf 88' lang='lat' dir='ltr'><strong>lgnatii</strong></span> <span class='ocrx_word' id='word_1_142' title='bbox 2534 1111 2694 1171; x_wconf 91' lang='lat' dir='ltr'><strong>sunt,</strong></span> <span class='ocrx_word' id='word_1_143' title='bbox 2728 1120 2841 1159; x_wconf 88' lang='lat' dir='ltr'><strong>non</strong></span> <span class='ocrx_word' id='word_1_144' title='bbox 2898 1106 3157 1176; x_wconf 89' lang='lat' dir='ltr'><strong>potuisse</strong></span> <span class='ocrx_word' id='word_1_145' title='bbox 3190 1124 3301 1162; x_wconf 93' lang='lat' dir='ltr'><strong>non</strong></span> <span class='ocrx_word' id='word_1_146' title='bbox 3344 1125 3471 1164; x_wconf 86' lang='lat' dir='ltr'><strong>esse</strong></span> <span class='ocrx_word' id='word_1_147' title='bbox 3501 1111 3787 1167; x_wconf 89' lang='lat' dir='ltr'><strong>omnibus</strong></span> 
     </span>
    </p>
   </div>
   <div class='ocr_carea' id='block_1_25' title="bbox 2128 1193 3787 1267">
    <p class='ocr_par' dir='ltr' id='par_1_25' title="bbox 2128 1193 3787 1267">
     <span class='ocr_line' id='line_1_25' title="bbox 2128 1193 3787 1267; baseline 0.005 -20"><span class='ocrx_word' id='word_1_148' title='bbox 2128 1193 2287 1249; x_wconf 90' lang='lat' dir='ltr'><strong>illius</strong></span> <span class='ocrx_word' id='word_1_149' title='bbox 2318 1197 2375 1249; x_wconf 89' lang='lat' dir='ltr'><strong>et</strong></span> <span class='ocrx_word' id='word_1_150' title='bbox 2406 1194 2683 1264; x_wconf 72' lang='lat' dir='ltr'><strong>proximae</strong></span> <span class='ocrx_word' id='word_1_151' title='bbox 2730 1195 3005 1266; x_wconf 86' lang='lat' dir='ltr'><strong>deinceps</strong></span> <span class='ocrx_word' id='word_1_152' title='bbox 3062 1198 3359 1252; x_wconf 67' lang='lat' dir='ltr'><strong>memorie</strong></span> <span class='ocrx_word' id='word_1_153' title='bbox 3401 1198 3787 1267; x_wconf 85' lang='lat' dir='ltr'><strong>Christianis,</strong></span> 
     </span>
    </p>
   </div>
   <div class='ocr_carea' id='block_1_26' title="bbox 2130 1282 3789 1358">
    <p class='ocr_par' dir='ltr' id='par_1_26' title="bbox 2130 1282 3789 1358">
     <span class='ocr_line' id='line_1_26' title="bbox 2130 1282 3789 1358; baseline 0.007 -23"><span class='ocrx_word' id='word_1_154' title='bbox 2130 1282 2451 1353; x_wconf 79' lang='lat' dir='ltr'><strong>praesertim</strong></span> <span class='ocrx_word' id='word_1_155' title='bbox 2479 1298 2610 1337; x_wconf 89' lang='lat' dir='ltr'><strong>vero</strong></span> <span class='ocrx_word' id='word_1_156' title='bbox 2651 1282 2923 1339; x_wconf 85' lang='lat' dir='ltr'><strong>litteratis</strong></span> <span class='ocrx_word' id='word_1_157' title='bbox 2954 1290 3010 1339; x_wconf 91' lang='lat' dir='ltr'><strong>et</strong></span> <span class='ocrx_word' id='word_1_158' title='bbox 3040 1286 3308 1351; x_wconf 90' lang='lat' dir='ltr'><strong>eruditis,</strong></span> <span class='ocrx_word' id='word_1_159' title='bbox 3343 1288 3391 1341; x_wconf 89' lang='lat' dir='ltr'><strong>si</strong></span> <span class='ocrx_word' id='word_1_160' title='bbox 3423 1289 3523 1358; x_wconf 91' lang='lat' dir='ltr'><strong>qui</strong></span> <span class='ocrx_word' id='word_1_161' title='bbox 3558 1298 3789 1357; x_wconf 88' lang='lat' dir='ltr'><strong>essent,</strong></span> 
     </span>
    </p>
   </div>
   <div class='ocr_carea' id='block_1_27' title="bbox 2129 1372 3790 1447">
    <p class='ocr_par' dir='ltr' id='par_1_27' title="bbox 2129 1372 3790 1447">
     <span class='ocr_line' id='line_1_27' title="bbox 2129 1372 3790 1447; baseline 0.006 -20"><span class='ocrx_word' id='word_1_162' title='bbox 2129 1373 2489 1427; x_wconf 88' lang='lat' dir='ltr'><strong>notissimas.</strong></span> <span class='ocrx_word' id='word_1_163' title='bbox 2522 1374 2594 1427; x_wconf 93' lang='lat' dir='ltr'><strong>At</strong></span> <span class='ocrx_word' id='word_1_164' title='bbox 2625 1372 2715 1427; x_wconf 88' lang='lat' dir='ltr'><strong>his</strong></span> <span class='ocrx_word' id='word_1_165' title='bbox 2751 1373 2919 1444; x_wconf 88' lang='lat' dir='ltr'><strong>plane</strong></span> <span class='ocrx_word' id='word_1_166' title='bbox 2952 1375 3301 1447; x_wconf 90' lang='lat' dir='ltr'><strong>penitusque</strong></span> <span class='ocrx_word' id='word_1_167' title='bbox 3332 1376 3565 1447; x_wconf 83' lang='lat' dir='ltr'><strong>ignotas</strong></span> <span class='ocrx_word' id='word_1_168' title='bbox 3600 1381 3790 1437; x_wconf 81' lang='lat' dir='ltr'><strong>fuisse</strong></span> 
     </span>
    </p>
   </div>
   <div class='ocr_carea' id='block_1_28' title="bbox 2131 1462 3789 1537">
    <p class='ocr_par' dir='ltr' id='par_1_28' title="bbox 2131 1462 3789 1537">
     <span class='ocr_line' id='line_1_28' title="bbox 2131 1462 3789 1537; baseline 0.005 -21"><span class='ocrx_word' id='word_1_169' title='bbox 2131 1462 2237 1516; x_wconf 88' lang='lat' dir='ltr'><strong>has</strong></span> <span class='ocrx_word' id='word_1_170' title='bbox 2259 1477 2485 1526; x_wconf 84' lang='lat' dir='ltr'><strong>omnes,</strong></span> <span class='ocrx_word' id='word_1_171' title='bbox 2525 1478 2671 1532; x_wconf 88' lang='lat' dir='ltr'><strong>quas</strong></span> <span class='ocrx_word' id='word_1_172' title='bbox 2718 1478 2871 1517; x_wconf 89' lang='lat' dir='ltr'><strong>nunc</strong></span> <span class='ocrx_word' id='word_1_173' title='bbox 2922 1462 3229 1530; x_wconf 85' lang='lat' dir='ltr'><strong>habemus,</strong></span> <span class='ocrx_word' id='word_1_174' title='bbox 3289 1467 3496 1537; x_wconf 75' lang='lat' dir='ltr'><strong>tgnatii</strong></span> <span class='ocrx_word' id='word_1_175' title='bbox 3544 1470 3789 1526; x_wconf 89' lang='lat' dir='ltr'><strong>nomine</strong></span> 
     </span>
    </p>
   </div>
   <div class='ocr_carea' id='block_1_29' title="bbox 2132 1550 3791 1628">
    <p class='ocr_par' dir='ltr' id='par_1_29' title="bbox 2132 1550 3791 1628">
     <span class='ocr_line' id='line_1_29' title="bbox 2132 1550 3791 1628; baseline 0.006 -23"><span class='ocrx_word' id='word_1_176' title='bbox 2132 1551 2446 1622; x_wconf 86' lang='lat' dir='ltr'><strong>inscriptas</strong></span> <span class='ocrx_word' id='word_1_177' title='bbox 2476 1550 2777 1622; x_wconf 86' lang='lat' dir='ltr'><strong>epistolas,</strong></span> <span class='ocrx_word' id='word_1_178' title='bbox 2806 1552 3066 1622; x_wconf 91' lang='lat' dir='ltr'><strong>ipsorum</strong></span> <span class='ocrx_word' id='word_1_179' title='bbox 3101 1571 3227 1625; x_wconf 72' lang='lat' dir='ltr'><strong>quae</strong></span> <span class='ocrx_word' id='word_1_180' title='bbox 3261 1562 3580 1626; x_wconf 89' lang='lat' dir='ltr'><strong>supersunt</strong></span> <span class='ocrx_word' id='word_1_181' title='bbox 3610 1575 3791 1628; x_wconf 86' lang='lat' dir='ltr'><strong>opera</strong></span> 
     </span>
    </p>
   </div>
   <div class='ocr_carea' id='block_1_30' title="bbox 2134 1640 3788 1715">
    <p class='ocr_par' dir='ltr' id='par_1_30' title="bbox 2134 1640 3788 1715">
     <span class='ocr_line' id='line_1_30' title="bbox 2134 1640 3788 1715; baseline 0.005 -19"><span class='ocrx_word' id='word_1_182' title='bbox 2134 1640 2297 1706; x_wconf 89' lang='lat' dir='ltr'><strong>satis,</strong></span> <span class='ocrx_word' id='word_1_183' title='bbox 2326 1645 2387 1694; x_wconf 89' lang='lat' dir='ltr'><strong>ut</strong></span> <span class='ocrx_word' id='word_1_184' title='bbox 2421 1640 2559 1695; x_wconf 90' lang='lat' dir='ltr'><strong>mihi</strong></span> <span class='ocrx_word' id='word_1_185' title='bbox 2593 1640 2830 1710; x_wconf 86' lang='lat' dir='ltr'><strong>quidem</strong></span> <span class='ocrx_word' id='word_1_186' title='bbox 2867 1641 3116 1710; x_wconf 89' lang='lat' dir='ltr'><strong>videtur,</strong></span> <span class='ocrx_word' id='word_1_187' title='bbox 3151 1650 3407 1715; x_wconf 90' lang='lat' dir='ltr'><strong>arguunt</strong></span> <span class='ocrx_word' id='word_1_188' title='bbox 3436 1662 3503 1700; x_wconf 87' lang='lat' dir='ltr'><strong>ac</strong></span> <span class='ocrx_word' id='word_1_189' title='bbox 3536 1648 3788 1704; x_wconf 82' lang='lat' dir='ltr'><strong>demon-</strong></span> 
     </span>
    </p>
   </div>
   <div class='ocr_carea' id='block_1_31' title="bbox 2134 1730 3788 1805">
    <p class='ocr_par' dir='ltr' id='par_1_31' title="bbox 2134 1730 3788 1805">
     <span class='ocr_line' id='line_1_31' title="bbox 2134 1730 3788 1805; baseline 0.004 -19"><span class='ocrx_word' id='word_1_190' title='bbox 2134 1734 2342 1786; x_wconf 90' lang='lat' dir='ltr'><strong>strant.</strong></span> <span class='ocrx_word' id='word_1_191' title='bbox 2378 1730 2523 1800; x_wconf 89' lang='lat' dir='ltr'><strong>Ergo</strong></span> <span class='ocrx_word' id='word_1_192' title='bbox 2558 1730 2882 1785; x_wconf 86' lang='lat' dir='ltr'><strong>necessario</strong></span> <span class='ocrx_word' id='word_1_193' title='bbox 2907 1730 3046 1786; x_wconf 92' lang='lat' dir='ltr'><strong>illud</strong></span> <span class='ocrx_word' id='word_1_194' title='bbox 3082 1748 3309 1803; x_wconf 92' lang='lat' dir='ltr'><strong>quoque</strong></span> <span class='ocrx_word' id='word_1_195' title='bbox 3330 1736 3483 1805; x_wconf 91' lang='lat' dir='ltr'><strong>quod</strong></span> <span class='ocrx_word' id='word_1_196' title='bbox 3506 1754 3616 1793; x_wconf 94' lang='lat' dir='ltr'><strong>nos</strong></span> <span class='ocrx_word' id='word_1_197' title='bbox 3645 1754 3788 1793; x_wconf 90' lang='lat' dir='ltr'><strong>con-</strong></span> 
     </span>
    </p>
   </div>
   <div class='ocr_carea' id='block_1_32' title="bbox 2133 1818 3788 1897">
    <p class='ocr_par' dir='ltr' id='par_1_32' title="bbox 2133 1818 3788 1897">
     <span class='ocr_line' id='line_1_32' title="bbox 2133 1818 3788 1897; baseline 0.006 -26"><span class='ocrx_word' id='word_1_198' title='bbox 2133 1818 2856 1881; x_wconf 86' lang='lat' dir='ltr'><strong>tendimus,confitendum</strong></span> <span class='ocrx_word' id='word_1_199' title='bbox 2891 1820 3438 1891; x_wconf 87' lang='lat' dir='ltr'><strong>est,epistolasillas</strong></span> <span class='ocrx_word' id='word_1_200' title='bbox 3472 1841 3788 1897; x_wconf 86' lang='lat' dir='ltr'><strong>nunquam</strong></span> 
     </span>
    </p>
   </div>
   <div class='ocr_carea' id='block_1_33' title="bbox 379 1906 3791 1999">
    <p class='ocr_par' dir='ltr' id='par_1_33' title="bbox 379 1906 3791 1999">
     <span class='ocr_line' id='line_1_33' title="bbox 379 1906 3791 1999; baseline 0.001 -31"><span class='ocrx_word' id='word_1_201' title='bbox 379 1914 441 1968; x_wconf 89' lang='lat' dir='ltr'><strong>tii</strong></span> <span class='ocrx_word' id='word_1_202' title='bbox 476 1914 678 1969; x_wconf 90' lang='lat' dir='ltr'><strong>eodem</strong></span> <span class='ocrx_word' id='word_1_203' title='bbox 716 1930 956 1970; x_wconf 81' lang='lat' dir='ltr'><strong>numero</strong></span> <span class='ocrx_word' id='word_1_204' title='bbox 988 1913 1286 1969; x_wconf 89' lang='lat' dir='ltr'><strong>habendas</strong></span> <span class='ocrx_word' id='word_1_205' title='bbox 1308 1930 1435 1970; x_wconf 89' lang='lat' dir='ltr'><strong>esse</strong></span> <span class='ocrx_word' id='word_1_206' title='bbox 1467 1924 1680 1984; x_wconf 88' lang='lat' dir='ltr'><strong>censet,</strong></span> <span class='ocrx_word' id='word_1_207' title='bbox 1706 1938 1733 1965; x_wconf 74' lang='grc' dir='ltr'><strong><em>α</em></strong></span> <span class='ocrx_word' id='word_1_208' title='bbox 1758 1931 1823 1971; x_wconf 91' lang='lat' dir='ltr'><strong>ac</strong></span> <span class='ocrx_word' id='word_1_209' title='bbox 1856 1914 2025 1970; x_wconf 84' lang='lat' dir='ltr'><strong>Itine-</strong></span> <span class='ocrx_word' id='word_1_210' title='bbox 2060 1936 2101 1999; x_wconf 73' lang='grc' dir='ltr'><strong>Β</strong></span> <span class='ocrx_word' id='word_1_211' title='bbox 2137 1908 2317 1962; x_wconf 73' lang='lat' dir='ltr'><strong>fuisse</strong></span> <span class='ocrx_word' id='word_1_212' title='bbox 2349 1906 2420 1999; x_wconf 54' lang='grc' dir='ltr'><strong>αξ)</strong></span> <span class='ocrx_word' id='word_1_213' title='bbox 2453 1907 2690 1999; x_wconf 61' lang='lat' dir='ltr'><strong>18118th</strong></span> <span class='ocrx_word' id='word_1_214' title='bbox 2708 1908 2975 1978; x_wconf 72' lang='lat' dir='ltr'><strong>scriptas.</strong></span> <span class='ocrx_word' id='word_1_215' title='bbox 3001 1930 3029 1958; x_wconf 69' lang='grc' dir='ltr'><strong>υ</strong></span> <span class='ocrx_word' id='word_1_216' title='bbox 3067 1910 3269 1965; x_wconf 83' lang='lat' dir='ltr'><strong>Verum</strong></span> <span class='ocrx_word' id='word_1_217' title='bbox 3325 1927 3500 1981; x_wconf 83' lang='lat' dir='ltr'><strong>quam</strong></span> <span class='ocrx_word' id='word_1_218' title='bbox 3550 1914 3791 1970; x_wconf 84' lang='lat' dir='ltr'><strong>infirma</strong></span> 
     </span>
    </p>
   </div>
   <div class='ocr_carea' id='block_1_34' title="bbox 380 2003 2025 2076">
    <p class='ocr_par' dir='ltr' id='par_1_34' title="bbox 380 2003 2025 2076">
     <span class='ocr_line' id='line_1_34' title="bbox 380 2003 2025 2076; baseline 0.001 -18"><span class='ocrx_word' id='word_1_219' title='bbox 380 2004 533 2060; x_wconf 87' lang='lat' dir='ltr'><strong>raria</strong></span> <span class='ocrx_word' id='word_1_220' title='bbox 570 2004 739 2072; x_wconf 89' lang='lat' dir='ltr'><strong>Petri,</strong></span> <span class='ocrx_word' id='word_1_221' title='bbox 772 2003 1016 2059; x_wconf 88' lang='lat' dir='ltr'><strong>Joannis</strong></span> <span class='ocrx_word' id='word_1_222' title='bbox 1048 2009 1106 2059; x_wconf 88' lang='lat' dir='ltr'><strong>et</strong></span> <span class='ocrx_word' id='word_1_223' title='bbox 1135 2004 1394 2071; x_wconf 70' lang='lat' dir='ltr'><strong>Themis,</strong></span> <span class='ocrx_word' id='word_1_224' title='bbox 1449 2021 1579 2076; x_wconf 87' lang='lat' dir='ltr'><strong>quae</strong></span> <span class='ocrx_word' id='word_1_225' title='bbox 1616 2020 1683 2060; x_wconf 87' lang='lat' dir='ltr'><strong>ex</strong></span> <span class='ocrx_word' id='word_1_226' title='bbox 1714 2004 2025 2060; x_wconf 90' lang='lat' dir='ltr'><strong>deterrimo</strong></span> 
     </span>
    </p>
   </div>
   <div class='ocr_carea' id='block_1_35' title="bbox 378 2094 2021 2167">
    <p class='ocr_par' dir='ltr' id='par_1_35' title="bbox 378 2094 2021 2167">
     <span class='ocr_line' id='line_1_35' title="bbox 378 2094 2021 2167; baseline -0.001 -18"><span class='ocrx_word' id='word_1_227' title='bbox 378 2108 589 2167; x_wconf 81' lang='lat' dir='ltr'><strong>genere</strong></span> <span class='ocrx_word' id='word_1_228' title='bbox 646 2094 1105 2166; x_wconf 79' lang='lat' dir='ltr'><strong>apocryphorum</strong></span> <span class='ocrx_word' id='word_1_229' title='bbox 1151 2117 1177 2145; x_wconf 85' lang='lat'>»</span> <span class='ocrx_word' id='word_1_230' title='bbox 1232 2109 1356 2149; x_wconf 84' lang='lat' dir='ltr'><strong>esse</strong></span> <span class='ocrx_word' id='word_1_231' title='bbox 1414 2095 1628 2166; x_wconf 65' lang='lat' dir='ltr'><strong>saepius</strong></span> <span class='ocrx_word' id='word_1_232' title='bbox 1688 2095 2021 2150; x_wconf 87' lang='lat' dir='ltr'><strong>decantant.</strong></span> 
     </span>
    </p>
   </div>
   <div class='ocr_carea' id='block_1_36' title="bbox 378 2182 2026 2239">
    <p class='ocr_par' dir='ltr' id='par_1_36' title="bbox 378 2182 2026 2239">
     <span class='ocr_line' id='line_1_36' title="bbox 378 2182 2026 2239; baseline -0.001 -1"><span class='ocrx_word' id='word_1_233' title='bbox 378 2182 543 2239; x_wconf 92' lang='lat' dir='ltr'><strong>Unde</strong></span> <span class='ocrx_word' id='word_1_234' title='bbox 572 2182 747 2237; x_wconf 93' lang='lat' dir='ltr'><strong>iidem</strong></span> <span class='ocrx_word' id='word_1_235' title='bbox 774 2185 1048 2238; x_wconf 86' lang='lat' dir='ltr'><strong>audacter</strong></span> <span class='ocrx_word' id='word_1_236' title='bbox 1068 2185 1463 2239; x_wconf 89' lang='lat' dir='ltr'><strong>concludunt:</strong></span> <span class='ocrx_word' id='word_1_237' title='bbox 1488 2206 1516 2233; x_wconf 88' lang='lat'>«</span> <span class='ocrx_word' id='word_1_238' title='bbox 1552 2185 1763 2239; x_wconf 90' lang='lat' dir='ltr'><strong>Eadem</strong></span> <span class='ocrx_word' id='word_1_239' title='bbox 1797 2188 2026 2238; x_wconf 85' lang='lat' dir='ltr'><strong>senten-</strong></span> 
     </span>
    </p>
   </div>
   <div class='ocr_carea' id='block_1_37' title="bbox 374 2271 2019 2344">
    <p class='ocr_par' dir='ltr' id='par_1_37' title="bbox 374 2271 2019 2344">
     <span class='ocr_line' id='line_1_37' title="bbox 374 2271 2019 2344; baseline -0.001 -17"><span class='ocrx_word' id='word_1_240' title='bbox 374 2273 455 2328; x_wconf 89' lang='lat' dir='ltr'><strong>tia</strong></span> <span class='ocrx_word' id='word_1_241' title='bbox 485 2273 759 2328; x_wconf 86' lang='lat' dir='ltr'><strong>damnata</strong></span> <span class='ocrx_word' id='word_1_242' title='bbox 793 2277 1104 2344; x_wconf 85' lang='lat' dir='ltr'><strong>notataque</strong></span> <span class='ocrx_word' id='word_1_243' title='bbox 1150 2273 1330 2329; x_wconf 88' lang='lat' dir='ltr'><strong>fuisse</strong></span> <span class='ocrx_word' id='word_1_244' title='bbox 1374 2274 1692 2344; x_wconf 86' lang='lat' dir='ltr'><strong>Ignatiana,</strong></span> <span class='ocrx_word' id='word_1_245' title='bbox 1727 2272 1801 2327; x_wconf 93' lang='lat' dir='ltr'><strong>ad</strong></span> <span class='ocrx_word' id='word_1_246' title='bbox 1832 2271 2019 2326; x_wconf 88' lang='lat' dir='ltr'><strong>labem</strong></span> 
     </span>
    </p>
   </div>
   <div class='ocr_carea' id='block_1_38' title="bbox 373 2361 2020 2433">
    <p class='ocr_par' dir='ltr' id='par_1_38' title="bbox 373 2361 2020 2433">
     <span class='ocr_line' id='line_1_38' title="bbox 373 2361 2020 2433; baseline -0.002 -16"><span class='ocrx_word' id='word_1_247' title='bbox 373 2366 547 2433; x_wconf 90' lang='lat' dir='ltr'><strong>atque</strong></span> <span class='ocrx_word' id='word_1_248' title='bbox 566 2361 947 2431; x_wconf 77' lang='lat' dir='ltr'><strong>ignominiam</strong></span> <span class='ocrx_word' id='word_1_249' title='bbox 973 2362 1410 2433; x_wconf 78' lang='lat' dir='ltr'><strong>sempiternam.</strong></span> <span class='ocrx_word' id='word_1_250' title='bbox 1430 2384 1458 2412; x_wconf 91' lang='grc'><strong>››</strong></span> <span class='ocrx_word' id='word_1_251' title='bbox 1483 2363 1591 2418; x_wconf 91' lang='lat' dir='ltr'><strong>Sed</strong></span> <span class='ocrx_word' id='word_1_252' title='bbox 1616 2378 1713 2418; x_wconf 82' lang='lat' dir='ltr'><strong>eos</strong></span> <span class='ocrx_word' id='word_1_253' title='bbox 1745 2361 2020 2431; x_wconf 85' lang='lat' dir='ltr'><strong>objectio-</strong></span> 
     </span>
    </p>
   </div>
   <div class='ocr_carea' id='block_1_39' title="bbox 371 2451 2022 2524">
    <p class='ocr_par' dir='ltr' id='par_1_39' title="bbox 371 2451 2022 2524">
     <span class='ocr_line' id='line_1_39' title="bbox 371 2451 2022 2524; baseline 0 -19"><span class='ocrx_word' id='word_1_254' title='bbox 371 2451 463 2506; x_wconf 92' lang='lat' dir='ltr'><strong>nis</strong></span> <span class='ocrx_word' id='word_1_255' title='bbox 494 2453 669 2507; x_wconf 88' lang='lat' dir='ltr'><strong>toties</strong></span> <span class='ocrx_word' id='word_1_256' title='bbox 702 2453 957 2524; x_wconf 73' lang='lat' dir='ltr'><strong>repetitae</strong></span> <span class='ocrx_word' id='word_1_257' title='bbox 983 2453 1201 2524; x_wconf 90' lang='lat' dir='ltr'><strong>pudere</strong></span> <span class='ocrx_word' id='word_1_258' title='bbox 1225 2452 1542 2524; x_wconf 88' lang='lat' dir='ltr'><strong>aliquando</strong></span> <span class='ocrx_word' id='word_1_259' title='bbox 1564 2451 2022 2521; x_wconf 86' lang='lat' dir='ltr'><strong>debuisset.Epi-</strong></span> 
     </span>
    </p>
   </div>
   <div class='ocr_carea' id='block_1_40' title="bbox 368 2539 2019 2614">
    <p class='ocr_par' dir='ltr' id='par_1_40' title="bbox 368 2539 2019 2614">
     <span class='ocr_line' id='line_1_40' title="bbox 368 2539 2019 2614; baseline -0.001 -18"><span class='ocrx_word' id='word_1_260' title='bbox 368 2539 530 2596; x_wconf 67' lang='lat' dir='ltr'><strong>stolae</strong></span> <span class='ocrx_word' id='word_1_261' title='bbox 561 2541 851 2612; x_wconf 88' lang='lat' dir='ltr'><strong>siquidem</strong></span> <span class='ocrx_word' id='word_1_262' title='bbox 900 2542 1105 2614; x_wconf 86' lang='lat' dir='ltr'><strong>lgnatii</strong></span> <span class='ocrx_word' id='word_1_263' title='bbox 1141 2544 1379 2598; x_wconf 66' lang='lat' dir='ltr'><strong>sincerae</strong></span> <span class='ocrx_word' id='word_1_264' title='bbox 1428 2558 1493 2597; x_wconf 90' lang='lat' dir='ltr'><strong>ac</strong></span> <span class='ocrx_word' id='word_1_265' title='bbox 1541 2542 1668 2597; x_wconf 91' lang='lat' dir='ltr'><strong>sine</strong></span> <span class='ocrx_word' id='word_1_266' title='bbox 1699 2540 2019 2613; x_wconf 85' lang='lat' dir='ltr'><strong>interpola-</strong></span> 
     </span>
    </p>
   </div>
   <div class='ocr_carea' id='block_1_41' title="bbox 372 2630 2015 2702">
    <p class='ocr_par' dir='ltr' id='par_1_41' title="bbox 372 2630 2015 2702">
     <span class='ocr_line' id='line_1_41' title="bbox 372 2630 2015 2702; baseline 0 -17"><span class='ocrx_word' id='word_1_267' title='bbox 372 2630 821 2702; x_wconf 87' lang='lat' dir='ltr'><strong>tionibus,quas</strong></span> <span class='ocrx_word' id='word_1_268' title='bbox 849 2632 1007 2687; x_wconf 89' lang='lat' dir='ltr'><strong>solas</strong></span> <span class='ocrx_word' id='word_1_269' title='bbox 1030 2633 1423 2701; x_wconf 88' lang='lat' dir='ltr'><strong>defendimus,</strong></span> <span class='ocrx_word' id='word_1_270' title='bbox 1458 2632 1603 2688; x_wconf 90' lang='lat' dir='ltr'><strong>nihil</strong></span> <span class='ocrx_word' id='word_1_271' title='bbox 1638 2632 1748 2687; x_wconf 91' lang='lat' dir='ltr'><strong>nisi</strong></span> <span class='ocrx_word' id='word_1_272' title='bbox 1783 2648 2015 2701; x_wconf 90' lang='lat' dir='ltr'><strong>sanum,</strong></span> 
     </span>
    </p>
   </div>
   <div class='ocr_carea' id='block_1_42' title="bbox 372 2721 2017 2793">
    <p class='ocr_par' dir='ltr' id='par_1_42' title="bbox 372 2721 2017 2793">
     <span class='ocr_line' id='line_1_42' title="bbox 372 2721 2017 2793; baseline -0.001 -16"><span class='ocrx_word' id='word_1_273' title='bbox 372 2721 757 2777; x_wconf 84' lang='lat' dir='ltr'><strong>orthodoxum</strong></span> <span class='ocrx_word' id='word_1_274' title='bbox 792 2726 847 2777; x_wconf 86' lang='lat' dir='ltr'><strong>et</strong></span> <span class='ocrx_word' id='word_1_275' title='bbox 896 2721 1242 2779; x_wconf 85' lang='lat' dir='ltr'><strong>Christianis</strong></span> <span class='ocrx_word' id='word_1_276' title='bbox 1274 2723 1495 2793; x_wconf 88' lang='lat' dir='ltr'><strong>totique</strong></span> <span class='ocrx_word' id='word_1_277' title='bbox 1522 2721 1792 2778; x_wconf 60' lang='lat' dir='ltr'><strong>Ecclesia;</strong></span> <span class='ocrx_word' id='word_1_278' title='bbox 1825 2721 2017 2777; x_wconf 88' lang='lat' dir='ltr'><strong>utilis-</strong></span> 
     </span>
    </p>
   </div>
   <div class='ocr_carea' id='block_1_43' title="bbox 372 2810 2018 2885">
    <p class='ocr_par' dir='ltr' id='par_1_43' title="bbox 372 2810 2018 2885">
     <span class='ocr_line' id='line_1_43' title="bbox 372 2810 2018 2885; baseline 0 -18"><span class='ocrx_word' id='word_1_279' title='bbox 372 2812 675 2877; x_wconf 87' lang='lat' dir='ltr'><strong>simum,et</strong></span> <span class='ocrx_word' id='word_1_280' title='bbox 700 2811 950 2869; x_wconf 85' lang='lat' dir='ltr'><strong>maxime</strong></span> <span class='ocrx_word' id='word_1_281' title='bbox 981 2813 1347 2868; x_wconf 88' lang='lat' dir='ltr'><strong>fructuosum</strong></span> <span class='ocrx_word' id='word_1_282' title='bbox 1382 2812 1874 2885; x_wconf 89' lang='lat' dir='ltr'><strong>complectuntur.</strong></span> <span class='ocrx_word' id='word_1_283' title='bbox 1893 2810 2018 2868; x_wconf 88' lang='lat' dir='ltr'><strong>Non</strong></span> 
     </span>
    </p>
   </div>
   <div class='ocr_carea' id='block_1_44' title="bbox 374 2901 2017 2973">
    <p class='ocr_par' dir='ltr' id='par_1_44' title="bbox 374 2901 2017 2973">
     <span class='ocr_line' id='line_1_44' title="bbox 374 2901 2017 2973; baseline 0.001 -17"><span class='ocrx_word' id='word_1_284' title='bbox 374 2904 692 2972; x_wconf 88' lang='lat' dir='ltr'><strong>potuerunt</strong></span> <span class='ocrx_word' id='word_1_285' title='bbox 721 2918 859 2973; x_wconf 89' lang='lat' dir='ltr'><strong>ergo</strong></span> <span class='ocrx_word' id='word_1_286' title='bbox 890 2918 1022 2957; x_wconf 90' lang='lat' dir='ltr'><strong>cum</strong></span> <span class='ocrx_word' id='word_1_287' title='bbox 1055 2901 1127 2957; x_wconf 89' lang='lat' dir='ltr'><strong>iis</strong></span> <span class='ocrx_word' id='word_1_288' title='bbox 1146 2902 1532 2973; x_wconf 51' lang='lat' dir='ltr'><strong>scriptisque</strong></span> <span class='ocrx_word' id='word_1_289' title='bbox 1552 2924 1578 2952; x_wconf 87' lang='grc'><strong>‹‹</strong></span> <span class='ocrx_word' id='word_1_290' title='bbox 1607 2919 1674 2957; x_wconf 81' lang='lat' dir='ltr'><strong>ex</strong></span> <span class='ocrx_word' id='word_1_291' title='bbox 1705 2903 2017 2958; x_wconf 86' lang='lat' dir='ltr'><strong>deterrimo</strong></span> 
     </span>
    </p>
   </div>
   <div class='ocr_carea' id='block_1_45' title="bbox 372 2992 2015 3064">
    <p class='ocr_par' dir='ltr' id='par_1_45' title="bbox 372 2992 2015 3064">
     <span class='ocr_line' id='line_1_45' title="bbox 372 2992 2015 3064; baseline 0.001 -19"><span class='ocrx_word' id='word_1_292' title='bbox 372 3006 581 3063; x_wconf 89' lang='lat' dir='ltr'><strong>genere</strong></span> <span class='ocrx_word' id='word_1_293' title='bbox 612 2992 1073 3064; x_wconf 80' lang='lat' dir='ltr'><strong>apocryphorum</strong></span> <span class='ocrx_word' id='word_1_294' title='bbox 1112 3014 1139 3041; x_wconf 82' lang='grc'>››</span> <span class='ocrx_word' id='word_1_295' title='bbox 1172 2992 1431 3059; x_wconf 85' lang='lat' dir='ltr'><strong>somniis,</strong></span> <span class='ocrx_word' id='word_1_296' title='bbox 1457 2992 1892 3063; x_wconf 82' lang='lat' dir='ltr'><strong>mendaciisque</strong></span> <span class='ocrx_word' id='word_1_297' title='bbox 1925 3008 2015 3047; x_wconf 88' lang='lat' dir='ltr'><strong>re-</strong></span> 
     </span>
    </p>
   </div>
   <div class='ocr_carea' id='block_1_46' title="bbox 373 3081 2019 3153">
    <p class='ocr_par' dir='ltr' id='par_1_46' title="bbox 373 3081 2019 3153">
     <span class='ocr_line' id='line_1_46' title="bbox 373 3081 2019 3153; baseline 0.002 -19"><span class='ocrx_word' id='word_1_298' title='bbox 373 3082 539 3149; x_wconf 82' lang='lat' dir='ltr'><strong>ferta,</strong></span> <span class='ocrx_word' id='word_1_299' title='bbox 560 3086 617 3137; x_wconf 91' lang='lat' dir='ltr'><strong>et</strong></span> <span class='ocrx_word' id='word_1_300' title='bbox 648 3082 819 3137; x_wconf 89' lang='lat' dir='ltr'><strong>certis</strong></span> <span class='ocrx_word' id='word_1_301' title='bbox 850 3082 1088 3137; x_wconf 90' lang='lat' dir='ltr'><strong>venenis</strong></span> <span class='ocrx_word' id='word_1_302' title='bbox 1116 3081 1384 3153; x_wconf 86' lang='lat' dir='ltr'><strong>inspersa</strong></span> <span class='ocrx_word' id='word_1_303' title='bbox 1413 3086 1571 3147; x_wconf 89' lang='lat' dir='ltr'><strong>sunt,</strong></span> <span class='ocrx_word' id='word_1_304' title='bbox 1593 3104 1621 3132; x_wconf 85' lang='grc'><strong>‹‹</strong></span> <span class='ocrx_word' id='word_1_305' title='bbox 1650 3082 1851 3137; x_wconf 91' lang='lat' dir='ltr'><strong>eadem</strong></span> <span class='ocrx_word' id='word_1_306' title='bbox 1884 3098 2019 3137; x_wconf 90' lang='lat' dir='ltr'><strong>sen-</strong></span> 
     </span>
    </p>
   </div>
   <div class='ocr_carea' id='block_1_47' title="bbox 370 3170 2015 3243">
    <p class='ocr_par' dir='ltr' id='par_1_47' title="bbox 370 3170 2015 3243">
     <span class='ocr_line' id='line_1_47' title="bbox 370 3170 2015 3243; baseline -0.001 -19"><span class='ocrx_word' id='word_1_307' title='bbox 370 3170 551 3225; x_wconf 87' lang='lat' dir='ltr'><strong>tentia</strong></span> <span class='ocrx_word' id='word_1_308' title='bbox 583 3171 655 3225; x_wconf 90' lang='lat' dir='ltr'><strong>ad</strong></span> <span class='ocrx_word' id='word_1_309' title='bbox 685 3170 872 3227; x_wconf 78' lang='lat' dir='ltr'><strong>labem</strong></span> <span class='ocrx_word' id='word_1_310' title='bbox 908 3177 1083 3243; x_wconf 87' lang='lat' dir='ltr'><strong>atque</strong></span> <span class='ocrx_word' id='word_1_311' title='bbox 1116 3170 1506 3242; x_wconf 88' lang='lat' dir='ltr'><strong>ignominiam</strong></span> <span class='ocrx_word' id='word_1_312' title='bbox 1540 3171 1957 3241; x_wconf 88' lang='lat' dir='ltr'><strong>sempiternam</strong></span> <span class='ocrx_word' id='word_1_313' title='bbox 1986 3193 2015 3222; x_wconf 85' lang='lat'><strong><em>»</em></strong></span> 
     </span>
    </p>
   </div>
   <div class='ocr_carea' id='block_1_48' title="bbox 368 3259 2012 3331">
    <p class='ocr_par' dir='ltr' id='par_1_48' title="bbox 368 3259 2012 3331">
     <span class='ocr_line' id='line_1_48' title="bbox 368 3259 2012 3331; baseline 0.001 -16"><span class='ocrx_word' id='word_1_314' title='bbox 368 3259 656 3315; x_wconf 90' lang='lat' dir='ltr'><strong>damnari.</strong></span> <span class='ocrx_word' id='word_1_315' title='bbox 692 3260 892 3330; x_wconf 86' lang='lat' dir='ltr'><strong>Itaque</strong></span> <span class='ocrx_word' id='word_1_316' title='bbox 922 3266 1124 3315; x_wconf 88' lang='lat' dir='ltr'><strong>auctor</strong></span> <span class='ocrx_word' id='word_1_317' title='bbox 1154 3260 1571 3327; x_wconf 68' lang='lat' dir='ltr'><strong>Slichometriae,</strong></span> <span class='ocrx_word' id='word_1_318' title='bbox 1615 3261 1663 3315; x_wconf 92' lang='lat' dir='ltr'><strong>si</strong></span> <span class='ocrx_word' id='word_1_319' title='bbox 1695 3260 1829 3331; x_wconf 91' lang='lat' dir='ltr'><strong>quis</strong></span> <span class='ocrx_word' id='word_1_320' title='bbox 1859 3278 2012 3317; x_wconf 64' lang='lat' dir='ltr'><strong>sana:</strong></span> 
     </span>
    </p>
   </div>
   <div class='ocr_carea' id='block_1_49' title="bbox 2136 1996 3791 2068">
    <p class='ocr_par' dir='ltr' id='par_1_49' title="bbox 2136 1996 3791 2068">
     <span class='ocr_line' id='line_1_49' title="bbox 2136 1996 3791 2068; baseline 0.005 -17"><span class='ocrx_word' id='word_1_321' title='bbox 2136 1996 2557 2068; x_wconf 86' lang='lat' dir='ltr'><strong>nugatoriaque</strong></span> <span class='ocrx_word' id='word_1_322' title='bbox 2589 1996 2801 2051; x_wconf 69' lang='lat' dir='ltr'><strong>sitbaec</strong></span> <span class='ocrx_word' id='word_1_323' title='bbox 2832 2000 3283 2067; x_wconf 83' lang='lat' dir='ltr'><strong>argumentatio,</strong></span> <span class='ocrx_word' id='word_1_324' title='bbox 3313 2016 3378 2056; x_wconf 91' lang='lat' dir='ltr'><strong>eo</strong></span> <span class='ocrx_word' id='word_1_325' title='bbox 3412 2001 3631 2059; x_wconf 85' lang='lat' dir='ltr'><strong>invicte</strong></span> <span class='ocrx_word' id='word_1_326' title='bbox 3650 2021 3791 2059; x_wconf 86' lang='lat' dir='ltr'><strong>con-</strong></span> 
     </span>
    </p>
   </div>
   <div class='ocr_carea' id='block_1_50' title="bbox 2134 2085 3790 2158">
    <p class='ocr_par' dir='ltr' id='par_1_50' title="bbox 2134 2085 3790 2158">
     <span class='ocr_line' id='line_1_50' title="bbox 2134 2085 3790 2158; baseline 0.005 -19"><span class='ocrx_word' id='word_1_327' title='bbox 2134 2085 2351 2151; x_wconf 83' lang='lat' dir='ltr'><strong>ficitur,</strong></span> <span class='ocrx_word' id='word_1_328' title='bbox 2386 2086 2565 2156; x_wconf 90' lang='lat' dir='ltr'><strong>quod,</strong></span> <span class='ocrx_word' id='word_1_329' title='bbox 2598 2086 2645 2140; x_wconf 92' lang='lat' dir='ltr'><strong>si</strong></span> <span class='ocrx_word' id='word_1_330' title='bbox 2679 2087 2902 2141; x_wconf 90' lang='lat' dir='ltr'><strong>roboris</strong></span> <span class='ocrx_word' id='word_1_331' title='bbox 2930 2086 3150 2158; x_wconf 90' lang='lat' dir='ltr'><strong>aliquid</strong></span> <span class='ocrx_word' id='word_1_332' title='bbox 3178 2088 3409 2156; x_wconf 80' lang='lat' dir='ltr'><strong>habeat,</strong></span> <span class='ocrx_word' id='word_1_333' title='bbox 3442 2092 3515 2146; x_wconf 90' lang='lat' dir='ltr'><strong>ab</strong></span> <span class='ocrx_word' id='word_1_334' title='bbox 3548 2108 3617 2147; x_wconf 86' lang='lat' dir='ltr'><strong>ea</strong></span> <span class='ocrx_word' id='word_1_335' title='bbox 3654 2094 3790 2149; x_wconf 86' lang='lat' dir='ltr'><strong>Dal-</strong></span> 
     </span>
    </p>
   </div>
   <div class='ocr_carea' id='block_1_51' title="bbox 2135 2175 3793 2244">
    <p class='ocr_par' dir='ltr' id='par_1_51' title="bbox 2135 2175 3793 2244">
     <span class='ocr_line' id='line_1_51' title="bbox 2135 2175 3793 2244; baseline 0.005 -15"><span class='ocrx_word' id='word_1_336' title='bbox 2135 2179 2276 2229; x_wconf 75' lang='lat' dir='ltr'><strong>laeus</strong></span> <span class='ocrx_word' id='word_1_337' title='bbox 2333 2175 2579 2244; x_wconf 89' lang='lat' dir='ltr'><strong>ejusque</strong></span> <span class='ocrx_word' id='word_1_338' title='bbox 2624 2175 2881 2230; x_wconf 87' lang='lat' dir='ltr'><strong>fautores</strong></span> <span class='ocrx_word' id='word_1_339' title='bbox 2931 2180 3338 2233; x_wconf 87' lang='lat' dir='ltr'><strong>tantummodo</strong></span> <span class='ocrx_word' id='word_1_340' title='bbox 3400 2181 3691 2237; x_wconf 85' lang='lat' dir='ltr'><strong>feriantur</strong></span> <span class='ocrx_word' id='word_1_341' title='bbox 3733 2190 3793 2239; x_wconf 89' lang='lat' dir='ltr'><strong>et</strong></span> 
     </span>
    </p>
   </div>
   <div class='ocr_carea' id='block_1_52' title="bbox 2133 2264 3787 2339">
    <p class='ocr_par' dir='ltr' id='par_1_52' title="bbox 2133 2264 3787 2339">
     <span class='ocr_line' id='line_1_52' title="bbox 2133 2264 3787 2339; baseline 0.005 -20"><span class='ocrx_word' id='word_1_342' title='bbox 2133 2266 2478 2319; x_wconf 87' lang='lat' dir='ltr'><strong>obruantur.</strong></span> <span class='ocrx_word' id='word_1_343' title='bbox 2515 2264 2575 2318; x_wconf 94' lang='lat' dir='ltr'><strong>In</strong></span> <span class='ocrx_word' id='word_1_344' title='bbox 2621 2264 2753 2319; x_wconf 90' lang='lat' dir='ltr'><strong>illos</strong></span> <span class='ocrx_word' id='word_1_345' title='bbox 2797 2264 3084 2336; x_wconf 80' lang='lat' dir='ltr'><strong>siquidem</strong></span> <span class='ocrx_word' id='word_1_346' title='bbox 3128 2267 3310 2337; x_wconf 88' lang='lat' dir='ltr'><strong>ipsos,</strong></span> <span class='ocrx_word' id='word_1_347' title='bbox 3357 2270 3453 2339; x_wconf 89' lang='lat' dir='ltr'><strong>qui</strong></span> <span class='ocrx_word' id='word_1_348' title='bbox 3488 2273 3787 2339; x_wconf 87' lang='lat' dir='ltr'><strong>[gnatium</strong></span> 
     </span>
    </p>
   </div>
   <div class='ocr_carea' id='block_1_53' title="bbox 2133 2353 3789 2427">
    <p class='ocr_par' dir='ltr' id='par_1_53' title="bbox 2133 2353 3789 2427">
     <span class='ocr_line' id='line_1_53' title="bbox 2133 2353 3789 2427; baseline 0.005 -17"><span class='ocrx_word' id='word_1_349' title='bbox 2133 2353 2456 2425; x_wconf 68' lang='lat' dir='ltr'><strong>aliquas,{ut</strong></span> <span class='ocrx_word' id='word_1_350' title='bbox 2486 2353 2764 2418; x_wconf 86' lang='lat' dir='ltr'><strong>diximus,</strong></span> <span class='ocrx_word' id='word_1_351' title='bbox 2796 2354 3073 2425; x_wconf 83' lang='lat' dir='ltr'><strong>epistolas</strong></span> <span class='ocrx_word' id='word_1_352' title='bbox 3106 2356 3415 2427; x_wconf 85' lang='lat' dir='ltr'><strong>scripsisse</strong></span> <span class='ocrx_word' id='word_1_353' title='bbox 3439 2358 3789 2418; x_wconf 83' lang='lat' dir='ltr'><strong>firmissima</strong></span> 
     </span>
    </p>
   </div>
   <div class='ocr_carea' id='block_1_54' title="bbox 2131 2442 3787 2517">
    <p class='ocr_par' dir='ltr' id='par_1_54' title="bbox 2131 2442 3787 2517">
     <span class='ocr_line' id='line_1_54' title="bbox 2131 2442 3787 2517; baseline 0.005 -18"><span class='ocrx_word' id='word_1_354' title='bbox 2131 2442 2561 2499; x_wconf 82' lang='lat' dir='ltr'><strong>asseveratione</strong></span> <span class='ocrx_word' id='word_1_355' title='bbox 2592 2442 3029 2510; x_wconf 83' lang='lat' dir='ltr'><strong>afﬁrmant,hoc</strong></span> <span class='ocrx_word' id='word_1_356' title='bbox 3053 2444 3205 2499; x_wconf 90' lang='lat' dir='ltr'><strong>idem</strong></span> <span class='ocrx_word' id='word_1_357' title='bbox 3227 2454 3639 2517; x_wconf 86' lang='lat' dir='ltr'><strong>argumentum</strong></span> <span class='ocrx_word' id='word_1_358' title='bbox 3661 2456 3787 2507; x_wconf 88' lang='lat' dir='ltr'><strong>tota</strong></span> 
     </span>
    </p>
   </div>
   <div class='ocr_carea' id='block_1_55' title="bbox 2130 2530 3789 2611">
    <p class='ocr_par' dir='ltr' id='par_1_55' title="bbox 2130 2530 3789 2611">
     <span class='ocr_line' id='line_1_55' title="bbox 2130 2530 3789 2611; baseline 0.006 -25"><span class='ocrx_word' id='word_1_359' title='bbox 2130 2548 2236 2587; x_wconf 85' lang='lat' dir='ltr'><strong>sua</strong></span> <span class='ocrx_word' id='word_1_360' title='bbox 2265 2530 2340 2596; x_wconf 91' lang='lat' dir='ltr'><strong>vi,</strong></span> <span class='ocrx_word' id='word_1_361' title='bbox 2370 2531 2645 2602; x_wconf 91' lang='lat' dir='ltr'><strong>omnique</strong></span> <span class='ocrx_word' id='word_1_362' title='bbox 2678 2531 2896 2604; x_wconf 89' lang='lat' dir='ltr'><strong>impetu</strong></span> <span class='ocrx_word' id='word_1_363' title='bbox 2958 2532 3041 2588; x_wconf 87' lang='lat' dir='ltr'><strong>sie</strong></span> <span class='ocrx_word' id='word_1_364' title='bbox 3102 2535 3326 2591; x_wconf 86' lang='lat' dir='ltr'><strong>recidit.</strong></span> <span class='ocrx_word' id='word_1_365' title='bbox 3375 2541 3619 2594; x_wconf 89' lang='lat' dir='ltr'><strong>Constat</strong></span> <span class='ocrx_word' id='word_1_366' title='bbox 3658 2542 3789 2611; x_wconf 80' lang='lat' dir='ltr'><strong>epi-</strong></span> 
     </span>
    </p>
   </div>
   <div class='ocr_carea' id='block_1_56' title="bbox 2129 2622 3787 2698">
    <p class='ocr_par' dir='ltr' id='par_1_56' title="bbox 2129 2622 3787 2698">
     <span class='ocr_line' id='line_1_56' title="bbox 2129 2622 3787 2698; baseline 0.007 -21"><span class='ocrx_word' id='word_1_367' title='bbox 2129 2623 2306 2678; x_wconf 88' lang='lat' dir='ltr'><strong>stolas</strong></span> <span class='ocrx_word' id='word_1_368' title='bbox 2338 2622 2410 2677; x_wconf 80' lang='lat' dir='ltr'><strong>ab</strong></span> <span class='ocrx_word' id='word_1_369' title='bbox 2442 2622 2663 2694; x_wconf 88' lang='lat' dir='ltr'><strong>Ignatio</strong></span> <span class='ocrx_word' id='word_1_370' title='bbox 2714 2623 2958 2694; x_wconf 84' lang='lat' dir='ltr'><strong>scriptas</strong></span> <span class='ocrx_word' id='word_1_371' title='bbox 3021 2642 3135 2680; x_wconf 92' lang='lat' dir='ltr'><strong>non</strong></span> <span class='ocrx_word' id='word_1_372' title='bbox 3186 2627 3446 2698; x_wconf 82' lang='lat' dir='ltr'><strong>potuisse</strong></span> <span class='ocrx_word' id='word_1_373' title='bbox 3502 2647 3616 2685; x_wconf 91' lang='lat' dir='ltr'><strong>non</strong></span> <span class='ocrx_word' id='word_1_374' title='bbox 3651 2648 3787 2687; x_wconf 83' lang='lat' dir='ltr'><strong>esse</strong></span> 
     </span>
    </p>
   </div>
   <div class='ocr_carea' id='block_1_57' title="bbox 2130 2712 3787 2787">
    <p class='ocr_par' dir='ltr' id='par_1_57' title="bbox 2130 2712 3787 2787">
     <span class='ocr_line' id='line_1_57' title="bbox 2130 2712 3787 2787; baseline 0.005 -19"><span class='ocrx_word' id='word_1_375' title='bbox 2130 2712 2405 2768; x_wconf 90' lang='lat' dir='ltr'><strong>omnibus</strong></span> <span class='ocrx_word' id='word_1_376' title='bbox 2427 2718 2483 2766; x_wconf 91' lang='lat' dir='ltr'><strong>et</strong></span> <span class='ocrx_word' id='word_1_377' title='bbox 2505 2713 2775 2783; x_wconf 79' lang='lat' dir='ltr'><strong>proximae</strong></span> <span class='ocrx_word' id='word_1_378' title='bbox 2799 2714 3069 2786; x_wconf 80' lang='lat' dir='ltr'><strong>deinceps</strong></span> <span class='ocrx_word' id='word_1_379' title='bbox 3089 2718 3380 2772; x_wconf 75' lang='lat' dir='ltr'><strong>memoriae</strong></span> <span class='ocrx_word' id='word_1_380' title='bbox 3404 2719 3787 2787; x_wconf 89' lang='lat' dir='ltr'><strong>Christianis,</strong></span> 
     </span>
    </p>
   </div>
   <div class='ocr_carea' id='block_1_58' title="bbox 2131 2801 3787 2873">
    <p class='ocr_par' dir='ltr' id='par_1_58' title="bbox 2131 2801 3787 2873">
     <span class='ocr_line' id='line_1_58' title="bbox 2131 2801 3787 2873; baseline 0.007 -17"><span class='ocrx_word' id='word_1_381' title='bbox 2131 2802 2454 2873; x_wconf 69' lang='lat' dir='ltr'><strong>praesertim</strong></span> <span class='ocrx_word' id='word_1_382' title='bbox 2500 2818 2628 2857; x_wconf 85' lang='lat' dir='ltr'><strong>vero</strong></span> <span class='ocrx_word' id='word_1_383' title='bbox 2685 2801 2957 2859; x_wconf 83' lang='lat' dir='ltr'><strong>litteratis</strong></span> <span class='ocrx_word' id='word_1_384' title='bbox 3013 2814 3067 2860; x_wconf 89' lang='lat' dir='ltr'><strong>et</strong></span> <span class='ocrx_word' id='word_1_385' title='bbox 3124 2807 3371 2863; x_wconf 89' lang='lat' dir='ltr'><strong>eruditis</strong></span> <span class='ocrx_word' id='word_1_386' title='bbox 3420 2811 3787 2867; x_wconf 89' lang='lat' dir='ltr'><strong>notissimas.</strong></span> 
     </span>
    </p>
   </div>
   <div class='ocr_carea' id='block_1_59' title="bbox 2129 2890 3792 2971">
    <p class='ocr_par' dir='ltr' id='par_1_59' title="bbox 2129 2890 3792 2971">
     <span class='ocr_line' id='line_1_59' title="bbox 2129 2890 3792 2971; baseline 0.007 -26"><span class='ocrx_word' id='word_1_387' title='bbox 2129 2892 2307 2964; x_wconf 85' lang='lat' dir='ltr'><strong>Atqui</strong></span> <span class='ocrx_word' id='word_1_388' title='bbox 2341 2890 2641 2961; x_wconf 89' lang='lat' dir='ltr'><strong>epistolas,</strong></span> <span class='ocrx_word' id='word_1_389' title='bbox 2667 2909 2813 2963; x_wconf 88' lang='lat' dir='ltr'><strong>quas</strong></span> <span class='ocrx_word' id='word_1_390' title='bbox 2844 2893 3122 2949; x_wconf 72' lang='lat' dir='ltr'><strong>Dallaaani</strong></span> <span class='ocrx_word' id='word_1_391' title='bbox 3164 2896 3235 2950; x_wconf 88' lang='lat' dir='ltr'><strong>ab</strong></span> <span class='ocrx_word' id='word_1_392' title='bbox 3271 2896 3495 2967; x_wconf 86' lang='lat' dir='ltr'><strong>Ignatio</strong></span> <span class='ocrx_word' id='word_1_393' title='bbox 3527 2901 3792 2971; x_wconf 87' lang='lat' dir='ltr'><strong>scriptas</strong></span> 
     </span>
    </p>
   </div>
   <div class='ocr_carea' id='block_1_60' title="bbox 2128 2984 3794 3055">
    <p class='ocr_par' dir='ltr' id='par_1_60' title="bbox 2128 2984 3794 3055">
     <span class='ocr_line' id='line_1_60' title="bbox 2128 2984 3794 3055; baseline 0.005 -14"><span class='ocrx_word' id='word_1_394' title='bbox 2128 3001 2257 3041; x_wconf 87' lang='lat' dir='ltr'><strong>esse</strong></span> <span class='ocrx_word' id='word_1_395' title='bbox 2291 2984 2673 3051; x_wconf 91' lang='lat' dir='ltr'><strong>contendunt,</strong></span> <span class='ocrx_word' id='word_1_396' title='bbox 2708 3002 2821 3040; x_wconf 93' lang='lat' dir='ltr'><strong>non</strong></span> <span class='ocrx_word' id='word_1_397' title='bbox 2854 2986 2947 3043; x_wconf 90' lang='lat' dir='ltr'><strong>his</strong></span> <span class='ocrx_word' id='word_1_398' title='bbox 2979 2987 3195 3055; x_wconf 88' lang='lat' dir='ltr'><strong>solum,</strong></span> <span class='ocrx_word' id='word_1_399' title='bbox 3217 2991 3315 3044; x_wconf 91' lang='lat' dir='ltr'><strong>sed</strong></span> <span class='ocrx_word' id='word_1_400' title='bbox 3353 2991 3628 3049; x_wconf 90' lang='lat' dir='ltr'><strong>omnibus</strong></span> <span class='ocrx_word' id='word_1_401' title='bbox 3651 2999 3794 3050; x_wconf 90' lang='lat' dir='ltr'><strong>ante</strong></span> 
     </span>
    </p>
   </div>
   <div class='ocr_carea' id='block_1_61' title="bbox 2128 3073 3794 3152">
    <p class='ocr_par' dir='ltr' id='par_1_61' title="bbox 2128 3073 3794 3152">
     <span class='ocr_line' id='line_1_61' title="bbox 2128 3073 3794 3152; baseline 0.005 -22"><span class='ocrx_word' id='word_1_402' title='bbox 2128 3080 2185 3131; x_wconf 88' lang='lat' dir='ltr'><strong>et</strong></span> <span class='ocrx_word' id='word_1_403' title='bbox 2208 3078 2342 3145; x_wconf 88' lang='lat' dir='ltr'><strong>post</strong></span> <span class='ocrx_word' id='word_1_404' title='bbox 2388 3073 2725 3139; x_wconf 84' lang='lat' dir='ltr'><strong>Eusebium,</strong></span> <span class='ocrx_word' id='word_1_405' title='bbox 2760 3074 2931 3145; x_wconf 92' lang='lat' dir='ltr'><strong>plane</strong></span> <span class='ocrx_word' id='word_1_406' title='bbox 2977 3078 3319 3149; x_wconf 89' lang='lat' dir='ltr'><strong>penitusque</strong></span> <span class='ocrx_word' id='word_1_407' title='bbox 3351 3081 3574 3152; x_wconf 90' lang='lat' dir='ltr'><strong>ignotas</strong></span> <span class='ocrx_word' id='word_1_408' title='bbox 3607 3083 3794 3140; x_wconf 87' lang='lat' dir='ltr'><strong>fuisse</strong></span> 
     </span>
    </p>
   </div>
   <div class='ocr_carea' id='block_1_62' title="bbox 2128 3162 3791 3239">
    <p class='ocr_par' dir='ltr' id='par_1_62' title="bbox 2128 3162 3791 3239">
     <span class='ocr_line' id='line_1_62' title="bbox 2128 3162 3791 3239; baseline 0.005 -20"><span class='ocrx_word' id='word_1_409' title='bbox 2128 3174 2348 3219; x_wconf 88' lang='lat' dir='ltr'><strong>certum</strong></span> <span class='ocrx_word' id='word_1_410' title='bbox 2374 3162 2725 3219; x_wconf 88' lang='lat' dir='ltr'><strong>est.Nullum</strong></span> <span class='ocrx_word' id='word_1_411' title='bbox 2757 3164 2909 3220; x_wconf 90' lang='lat' dir='ltr'><strong>enim</strong></span> <span class='ocrx_word' id='word_1_412' title='bbox 2933 3165 3033 3237; x_wconf 91' lang='lat' dir='ltr'><strong>qui</strong></span> <span class='ocrx_word' id='word_1_413' title='bbox 3064 3182 3165 3222; x_wconf 89' lang='lat' dir='ltr'><strong>eas</strong></span> <span class='ocrx_word' id='word_1_414' title='bbox 3196 3168 3459 3224; x_wconf 89' lang='lat' dir='ltr'><strong>citaverit</strong></span> <span class='ocrx_word' id='word_1_415' title='bbox 3488 3175 3589 3225; x_wconf 89' lang='lat' dir='ltr'><strong>aut</strong></span> <span class='ocrx_word' id='word_1_416' title='bbox 3610 3188 3791 3239; x_wconf 82' lang='lat' dir='ltr'><strong>agno-</strong></span> 
     </span>
    </p>
   </div>
   <div class='ocr_carea' id='block_1_63' title="bbox 2127 3253 3789 3333">
    <p class='ocr_par' dir='ltr' id='par_1_63' title="bbox 2127 3253 3789 3333">
     <span class='ocr_line' id='line_1_63' title="bbox 2127 3253 3789 3333; baseline 0.007 -27"><span class='ocrx_word' id='word_1_417' title='bbox 2127 3253 2273 3308; x_wconf 86' lang='lat' dir='ltr'><strong>verit</strong></span> <span class='ocrx_word' id='word_1_418' title='bbox 2302 3257 2600 3308; x_wconf 89' lang='lat' dir='ltr'><strong>auctorem</strong></span> <span class='ocrx_word' id='word_1_419' title='bbox 2648 3270 2907 3325; x_wconf 90' lang='lat' dir='ltr'><strong>unquam</strong></span> <span class='ocrx_word' id='word_1_420' title='bbox 2962 3260 3280 3326; x_wconf 88' lang='lat' dir='ltr'><strong>potuerunt</strong></span> <span class='ocrx_word' id='word_1_421' title='bbox 3316 3258 3595 3315; x_wconf 88' lang='lat' dir='ltr'><strong>indicare.</strong></span> <span class='ocrx_word' id='word_1_422' title='bbox 3631 3261 3789 3333; x_wconf 79' lang='lat' dir='ltr'><strong>Ergo</strong></span> 
     </span>
    </p>
   </div>
   <div class='ocr_carea' id='block_1_64' title="bbox 366 3311 3787 3422">
    <p class='ocr_par' dir='ltr' id='par_1_64' title="bbox 366 3311 3787 3422">
     <span class='ocr_line' id='line_1_64' title="bbox 366 3311 3787 3422; baseline 0.001 -19"><span class='ocrx_word' id='word_1_423' title='bbox 366 3311 907 3413; x_wconf 44' lang='lat' dir='ltr'><strong>mentis—habuerit,</strong></span> <span class='ocrx_word' id='word_1_424' title='bbox 927 3311 1134 3404; x_wconf 66' lang='lat' dir='ltr'><strong>omnia</strong></span> <span class='ocrx_word' id='word_1_425' title='bbox 1159 3311 1854 3420; x_wconf 42' lang='lat' dir='ltr'><strong>quaa’ultiijnam</strong></span> <span class='ocrx_word' id='word_1_426' title='bbox 1884 3352 2013 3422; x_wconf 84' lang='lat' dir='ltr'><strong>ejus</strong></span> <span class='ocrx_word' id='word_1_427' title='bbox 2053 3311 2096 3377; x_wconf 65' lang='grc' dir='ltr'><strong>θ</strong></span> <span class='ocrx_word' id='word_1_428' title='bbox 2126 3346 2453 3400; x_wconf 89' lang='lat' dir='ltr'><strong>necessario</strong></span> <span class='ocrx_word' id='word_1_429' title='bbox 2485 3343 2625 3399; x_wconf 91' lang='lat' dir='ltr'><strong>illud</strong></span> <span class='ocrx_word' id='word_1_430' title='bbox 2659 3311 2894 3415; x_wconf 78' lang='lat' dir='ltr'><strong>quoque</strong></span> <span class='ocrx_word' id='word_1_431' title='bbox 2923 3311 3327 3401; x_wconf 75' lang='lat' dir='ltr'><strong>confitendum</strong></span> <span class='ocrx_word' id='word_1_432' title='bbox 3360 3354 3450 3403; x_wconf 91' lang='lat' dir='ltr'><strong>est</strong></span> <span class='ocrx_word' id='word_1_433' title='bbox 3486 3351 3609 3417; x_wconf 89' lang='lat' dir='ltr'><strong>has,</strong></span> <span class='ocrx_word' id='word_1_434' title='bbox 3630 3311 3787 3421; x_wconf 62' lang='lat' dir='ltr'><strong>qqu</strong></span> 
     </span>
    </p>
   </div>
   <div class='ocr_carea' id='block_1_65' title="bbox 363 3436 2015 3509">
    <p class='ocr_par' dir='ltr' id='par_1_65' title="bbox 363 3436 2015 3509">
     <span class='ocr_line' id='line_1_65' title="bbox 363 3436 2015 3509; baseline 0.002 -18"><span class='ocrx_word' id='word_1_435' title='bbox 363 3436 609 3493; x_wconf 88' lang='lat' dir='ltr'><strong>classem</strong></span> <span class='ocrx_word' id='word_1_436' title='bbox 643 3438 1026 3503; x_wconf 89' lang='lat' dir='ltr'><strong>constituunt,</strong></span> <span class='ocrx_word' id='word_1_437' title='bbox 1064 3439 1219 3492; x_wconf 90' lang='lat' dir='ltr'><strong>inter</strong></span> <span class='ocrx_word' id='word_1_438' title='bbox 1278 3438 1606 3509; x_wconf 83' lang='lat' dir='ltr'><strong>apocrypha</strong></span> <span class='ocrx_word' id='word_1_439' title='bbox 1636 3438 1777 3494; x_wconf 78' lang='lat' dir='ltr'><strong>Novi</strong></span> <span class='ocrx_word' id='word_1_440' title='bbox 1810 3441 2015 3495; x_wconf 84' lang='lat' dir='ltr'><strong>Testa-</strong></span> 
     </span>
    </p>
   </div>
   <div class='ocr_carea' id='block_1_66' title="bbox 362 3526 2013 3600">
    <p class='ocr_par' dir='ltr' id='par_1_66' title="bbox 362 3526 2013 3600">
     <span class='ocr_line' id='line_1_66' title="bbox 362 3526 2013 3600; baseline 0.002 -20"><span class='ocrx_word' id='word_1_441' title='bbox 362 3527 539 3581; x_wconf 90' lang='lat' dir='ltr'><strong>menti</strong></span> <span class='ocrx_word' id='word_1_442' title='bbox 577 3526 978 3593; x_wconf 86' lang='lat' dir='ltr'><strong>amandando,</strong></span> <span class='ocrx_word' id='word_1_443' title='bbox 1014 3543 1082 3582; x_wconf 90' lang='lat' dir='ltr'><strong>ea</strong></span> <span class='ocrx_word' id='word_1_444' title='bbox 1113 3544 1145 3582; x_wconf 87' lang='lat' dir='ltr'><strong>a</strong></span> <span class='ocrx_word' id='word_1_445' title='bbox 1175 3543 1339 3583; x_wconf 90' lang='lat' dir='ltr'><strong>sacro</strong></span> <span class='ocrx_word' id='word_1_446' title='bbox 1391 3528 1719 3584; x_wconf 89' lang='lat' dir='ltr'><strong>divinarum</strong></span> <span class='ocrx_word' id='word_1_447' title='bbox 1753 3529 2013 3600; x_wconf 89' lang='lat' dir='ltr'><strong>Scriptu-</strong></span> 
     </span>
    </p>
   </div>
   <div class='ocr_carea' id='block_1_67' title="bbox 360 3614 2013 3687">
    <p class='ocr_par' dir='ltr' id='par_1_67' title="bbox 360 3614 2013 3687">
     <span class='ocr_line' id='line_1_67' title="bbox 360 3614 2013 3687; baseline 0.002 -17"><span class='ocrx_word' id='word_1_448' title='bbox 360 3631 555 3670; x_wconf 88' lang='lat' dir='ltr'><strong>rarum</strong></span> <span class='ocrx_word' id='word_1_449' title='bbox 581 3614 840 3687; x_wconf 88' lang='lat' dir='ltr'><strong>catalogo</strong></span> <span class='ocrx_word' id='word_1_450' title='bbox 864 3617 1269 3671; x_wconf 86' lang='lat' dir='ltr'><strong>tantummodo</strong></span> <span class='ocrx_word' id='word_1_451' title='bbox 1292 3615 1572 3684; x_wconf 82' lang='lat' dir='ltr'><strong>exclusit;</strong></span> <span class='ocrx_word' id='word_1_452' title='bbox 1607 3618 1705 3673; x_wconf 91' lang='lat' dir='ltr'><strong>sed</strong></span> <span class='ocrx_word' id='word_1_453' title='bbox 1728 3619 1798 3673; x_wconf 89' lang='lat' dir='ltr'><strong>de</strong></span> <span class='ocrx_word' id='word_1_454' title='bbox 1814 3634 2013 3673; x_wconf 90' lang='lat' dir='ltr'><strong>eorum</strong></span> 
     </span>
    </p>
   </div>
   <div class='ocr_carea' id='block_1_68' title="bbox 365 3703 2016 3779">
    <p class='ocr_par' dir='ltr' id='par_1_68' title="bbox 365 3703 2016 3779">
     <span class='ocr_line' id='line_1_68' title="bbox 365 3703 2016 3779; baseline 0.002 -20"><span class='ocrx_word' id='word_1_455' title='bbox 365 3703 641 3771; x_wconf 75' lang='lat' dir='ltr'><strong>utilitate,</strong></span> <span class='ocrx_word' id='word_1_456' title='bbox 664 3709 765 3759; x_wconf 89' lang='lat' dir='ltr'><strong>aut</strong></span> <span class='ocrx_word' id='word_1_457' title='bbox 795 3706 865 3760; x_wconf 93' lang='lat' dir='ltr'><strong>de</strong></span> <span class='ocrx_word' id='word_1_458' title='bbox 896 3722 1011 3777; x_wconf 89' lang='lat' dir='ltr'><strong>quo</strong></span> <span class='ocrx_word' id='word_1_459' title='bbox 1043 3722 1256 3777; x_wconf 90' lang='lat' dir='ltr'><strong>genere</strong></span> <span class='ocrx_word' id='word_1_460' title='bbox 1289 3707 1753 3778; x_wconf 88' lang='lat' dir='ltr'><strong>apocrypborum</strong></span> <span class='ocrx_word' id='word_1_461' title='bbox 1778 3706 2016 3779; x_wconf 86' lang='lat' dir='ltr'><strong>singula</strong></span> 
     </span>
    </p>
   </div>
   <div class='ocr_carea' id='block_1_69' title="bbox 366 3794 2018 3868">
    <p class='ocr_par' dir='ltr' id='par_1_69' title="bbox 366 3794 2018 3868">
     <span class='ocr_line' id='line_1_69' title="bbox 366 3794 2018 3868; baseline 0.003 -20"><span class='ocrx_word' id='word_1_462' title='bbox 366 3795 658 3849; x_wconf 89' lang='lat' dir='ltr'><strong>censenda</strong></span> <span class='ocrx_word' id='word_1_463' title='bbox 690 3794 1078 3865; x_wconf 89' lang='lat' dir='ltr'><strong>sint,liberam</strong></span> <span class='ocrx_word' id='word_1_464' title='bbox 1108 3795 1384 3852; x_wconf 90' lang='lat' dir='ltr'><strong>omnibus</strong></span> <span class='ocrx_word' id='word_1_465' title='bbox 1417 3796 1723 3867; x_wconf 90' lang='lat' dir='ltr'><strong>judicandi</strong></span> <span class='ocrx_word' id='word_1_466' title='bbox 1754 3796 1885 3853; x_wconf 83' lang='lat' dir='ltr'><strong>fecit</strong></span> <span class='ocrx_word' id='word_1_467' title='bbox 1912 3813 2018 3868; x_wconf 81' lang='lat' dir='ltr'><strong>po-</strong></span> 
     </span>
    </p>
   </div>
   <div class='ocr_carea' id='block_1_70' title="bbox 364 3886 655 3942">
    <p class='ocr_par' dir='ltr' id='par_1_70' title="bbox 364 3886 655 3942">
     <span class='ocr_line' id='line_1_70' title="bbox 364 3886 655 3942; baseline 0.014 -4"><span class='ocrx_word' id='word_1_468' title='bbox 364 3886 655 3942; x_wconf 89' lang='lat' dir='ltr'><strong>testatem.</strong></span> 
     </span>
    </p>
   </div>
   <div class='ocr_carea' id='block_1_71' title="bbox 504 3992 1869 4067">
    <p class='ocr_par' dir='ltr' id='par_1_71' title="bbox 504 3992 1869 4067">
     <span class='ocr_line' id='line_1_71' title="bbox 504 3992 1869 4067; baseline 0.002 -20"><span class='ocrx_word' id='word_1_469' title='bbox 504 3993 532 4061; x_wconf 88' lang='lat'><strong>§</strong></span> <span class='ocrx_word' id='word_1_470' title='bbox 562 3992 660 4050; x_wconf 88' lang='lat' dir='ltr'><strong>Ill.</strong></span> <span class='ocrx_word' id='word_1_471' title='bbox 690 3995 872 4067; x_wconf 84' lang='lat' dir='ltr'><strong>Neque</strong></span> <span class='ocrx_word' id='word_1_472' title='bbox 901 3994 1257 4051; x_wconf 78' lang='lat' dir='ltr'><strong>Anastasium</strong></span> <span class='ocrx_word' id='word_1_473' title='bbox 1305 3994 1495 4051; x_wconf 72' lang='lat' dir='ltr'><strong>iisdem</strong></span> <span class='ocrx_word' id='word_1_474' title='bbox 1538 4011 1869 4067; x_wconf 84' lang='lat' dir='ltr'><strong>repugnare.</strong></span> 
     </span>
    </p>
   </div>
   <div class='ocr_carea' id='block_1_72' title="bbox 432 4100 2012 4174">
    <p class='ocr_par' dir='ltr' id='par_1_72' title="bbox 432 4100 2012 4174">
     <span class='ocr_line' id='line_1_72' title="bbox 432 4100 2012 4174; baseline 0.003 -19"><span class='ocrx_word' id='word_1_475' title='bbox 432 4100 512 4155; x_wconf 93' lang='lat' dir='ltr'><strong>De</strong></span> <span class='ocrx_word' id='word_1_476' title='bbox 560 4103 870 4157; x_wconf 86' lang='lat' dir='ltr'><strong>Anastasio</strong></span> <span class='ocrx_word' id='word_1_477' title='bbox 932 4108 1151 4171; x_wconf 89' lang='lat' dir='ltr'><strong>autem,</strong></span> <span class='ocrx_word' id='word_1_478' title='bbox 1207 4103 1304 4174; x_wconf 93' lang='lat' dir='ltr'><strong>qui</strong></span> <span class='ocrx_word' id='word_1_479' title='bbox 1358 4103 1798 4159; x_wconf 79' lang='lat' dir='ltr'><strong>Su&#39;chomelriam</strong></span> <span class='ocrx_word' id='word_1_480' title='bbox 1851 4102 2012 4159; x_wconf 88' lang='lat' dir='ltr'><strong>illam</strong></span> 
     </span>
    </p>
   </div>
   <div class='ocr_carea' id='block_1_73' title="bbox 360 4190 2014 4258">
    <p class='ocr_par' dir='ltr' id='par_1_73' title="bbox 360 4190 2014 4258">
     <span class='ocr_line' id='line_1_73' title="bbox 360 4190 2014 4258; baseline 0.002 -14"><span class='ocrx_word' id='word_1_481' title='bbox 360 4190 559 4246; x_wconf 85' lang='lat' dir='ltr'><strong>Latine</strong></span> <span class='ocrx_word' id='word_1_482' title='bbox 592 4192 860 4258; x_wconf 86' lang='lat' dir='ltr'><strong>reddidit,</strong></span> <span class='ocrx_word' id='word_1_483' title='bbox 896 4192 1051 4247; x_wconf 91' lang='lat' dir='ltr'><strong>idem</strong></span> <span class='ocrx_word' id='word_1_484' title='bbox 1084 4192 1325 4247; x_wconf 91' lang='lat' dir='ltr'><strong>omnino</strong></span> <span class='ocrx_word' id='word_1_485' title='bbox 1387 4209 1455 4248; x_wconf 91' lang='lat' dir='ltr'><strong>ac</strong></span> <span class='ocrx_word' id='word_1_486' title='bbox 1487 4193 1558 4248; x_wconf 94' lang='lat' dir='ltr'><strong>de</strong></span> <span class='ocrx_word' id='word_1_487' title='bbox 1587 4192 1750 4249; x_wconf 90' lang='lat' dir='ltr'><strong>illius</strong></span> <span class='ocrx_word' id='word_1_488' title='bbox 1778 4198 2014 4249; x_wconf 90' lang='lat' dir='ltr'><strong>auctore</strong></span> 
     </span>
    </p>
   </div>
   <div class='ocr_carea' id='block_1_74' title="bbox 358 4281 2013 4353">
    <p class='ocr_par' dir='ltr' id='par_1_74' title="bbox 358 4281 2013 4353">
     <span class='ocr_line' id='line_1_74' title="bbox 358 4281 2013 4353; baseline 0.001 -19"><span class='ocrx_word' id='word_1_489' title='bbox 358 4281 732 4335; x_wconf 90' lang='lat' dir='ltr'><strong>sentiendum</strong></span> <span class='ocrx_word' id='word_1_490' title='bbox 766 4301 779 4349; x_wconf 83' lang='lat'><strong>;</strong></span> <span class='ocrx_word' id='word_1_491' title='bbox 804 4281 889 4336; x_wconf 91' lang='lat' dir='ltr'><strong>vel</strong></span> <span class='ocrx_word' id='word_1_492' title='bbox 912 4282 1103 4353; x_wconf 88' lang='lat' dir='ltr'><strong>potius</strong></span> <span class='ocrx_word' id='word_1_493' title='bbox 1127 4281 1439 4339; x_wconf 88' lang='lat' dir='ltr'><strong>dicendum</strong></span> <span class='ocrx_word' id='word_1_494' title='bbox 1458 4292 1542 4338; x_wconf 88' lang='lat' dir='ltr'><strong>est</strong></span> <span class='ocrx_word' id='word_1_495' title='bbox 1564 4284 2013 4351; x_wconf 81' lang='lat' dir='ltr'><strong>eumdemAna-</strong></span> 
     </span>
    </p>
   </div>
   <div class='ocr_carea' id='block_1_75' title="bbox 358 4368 2012 4440">
    <p class='ocr_par' dir='ltr' id='par_1_75' title="bbox 358 4368 2012 4440">
     <span class='ocr_line' id='line_1_75' title="bbox 358 4368 2012 4440; baseline 0.002 -17"><span class='ocrx_word' id='word_1_496' title='bbox 358 4368 605 4424; x_wconf 85' lang='lat' dir='ltr'><strong>stasium</strong></span> <span class='ocrx_word' id='word_1_497' title='bbox 644 4386 775 4424; x_wconf 89' lang='lat' dir='ltr'><strong>cum</strong></span> <span class='ocrx_word' id='word_1_498' title='bbox 809 4370 1143 4440; x_wconf 84' lang='lat' dir='ltr'><strong>interpretis</strong></span> <span class='ocrx_word' id='word_1_499' title='bbox 1176 4388 1289 4426; x_wconf 91' lang='lat' dir='ltr'><strong>non</strong></span> <span class='ocrx_word' id='word_1_500' title='bbox 1333 4371 1519 4428; x_wconf 88' lang='lat' dir='ltr'><strong>critici</strong></span> <span class='ocrx_word' id='word_1_501' title='bbox 1553 4373 1744 4427; x_wconf 90' lang='lat' dir='ltr'><strong>officio</strong></span> <span class='ocrx_word' id='word_1_502' title='bbox 1776 4373 2012 4427; x_wconf 85' lang='lat' dir='ltr'><strong>functus</strong></span> 
     </span>
    </p>
   </div>
   <div class='ocr_carea' id='block_1_76' title="bbox 359 4458 2010 4531">
    <p class='ocr_par' dir='ltr' id='par_1_76' title="bbox 359 4458 2010 4531">
     <span class='ocr_line' id='line_1_76' title="bbox 359 4458 2010 4531; baseline 0.002 -19"><span class='ocrx_word' id='word_1_503' title='bbox 359 4458 457 4526; x_wconf 90' lang='lat' dir='ltr'><strong>sit,</strong></span> <span class='ocrx_word' id='word_1_504' title='bbox 488 4475 555 4514; x_wconf 87' lang='lat' dir='ltr'><strong>ea</strong></span> <span class='ocrx_word' id='word_1_505' title='bbox 585 4476 713 4529; x_wconf 61' lang='lat' dir='ltr'><strong>qum</strong></span> <span class='ocrx_word' id='word_1_506' title='bbox 742 4459 799 4515; x_wconf 90' lang='lat' dir='ltr'><strong>in</strong></span> <span class='ocrx_word' id='word_1_507' title='bbox 835 4460 1237 4531; x_wconf 88' lang='lat' dir='ltr'><strong>manuscripto</strong></span> <span class='ocrx_word' id='word_1_508' title='bbox 1271 4478 1378 4517; x_wconf 91' lang='lat' dir='ltr'><strong>suo</strong></span> <span class='ocrx_word' id='word_1_509' title='bbox 1409 4462 1608 4517; x_wconf 90' lang='lat' dir='ltr'><strong>codice</strong></span> <span class='ocrx_word' id='word_1_510' title='bbox 1639 4462 1833 4517; x_wconf 66' lang='lat' dir='ltr'><strong>Graece</strong></span> <span class='ocrx_word' id='word_1_511' title='bbox 1863 4459 2010 4516; x_wconf 87' lang='lat' dir='ltr'><strong>scri—</strong></span> 
     </span>
    </p>
   </div>
   <div class='ocr_carea' id='block_1_77' title="bbox 361 4546 2010 4618">
    <p class='ocr_par' dir='ltr' id='par_1_77' title="bbox 361 4546 2010 4618">
     <span class='ocr_line' id='line_1_77' title="bbox 361 4546 2010 4618; baseline 0.003 -19"><span class='ocrx_word' id='word_1_512' title='bbox 361 4551 457 4618; x_wconf 87' lang='lat' dir='ltr'><strong>pta</strong></span> <span class='ocrx_word' id='word_1_513' title='bbox 487 4547 809 4617; x_wconf 87' lang='lat' dir='ltr'><strong>invenerat,</strong></span> <span class='ocrx_word' id='word_1_514' title='bbox 868 4547 1071 4603; x_wconf 89' lang='lat' dir='ltr'><strong>Latina</strong></span> <span class='ocrx_word' id='word_1_515' title='bbox 1103 4548 1309 4605; x_wconf 87' lang='lat' dir='ltr'><strong>fecisse</strong></span> <span class='ocrx_word' id='word_1_516' title='bbox 1342 4567 1355 4605; x_wconf 87' lang='lat'>:</span> <span class='ocrx_word' id='word_1_517' title='bbox 1391 4550 1491 4604; x_wconf 91' lang='lat' dir='ltr'><strong>sed</strong></span> <span class='ocrx_word' id='word_1_518' title='bbox 1541 4551 1611 4603; x_wconf 88' lang='lat' dir='ltr'><strong>de</strong></span> <span class='ocrx_word' id='word_1_519' title='bbox 1656 4548 1763 4602; x_wconf 89' lang='lat' dir='ltr'><strong>hac</strong></span> <span class='ocrx_word' id='word_1_520' title='bbox 1795 4546 2010 4604; x_wconf 79' lang='lat' dir='ltr'><strong>Sticho-</strong></span> 
     </span>
    </p>
   </div>
   <div class='ocr_carea' id='block_1_78' title="bbox 362 4634 1984 4711">
    <p class='ocr_par' dir='ltr' id='par_1_78' title="bbox 362 4634 1984 4711">
     <span class='ocr_line' id='line_1_78' title="bbox 362 4634 1984 4711; baseline 0.001 -22"><span class='ocrx_word' id='word_1_521' title='bbox 362 4634 711 4707; x_wconf 75' lang='lat' dir='ltr'><strong>metria,quzs</strong></span> <span class='ocrx_word' id='word_1_522' title='bbox 745 4637 1001 4693; x_wconf 91' lang='lat' dir='ltr'><strong>auctoris</strong></span> <span class='ocrx_word' id='word_1_523' title='bbox 1033 4636 1274 4694; x_wconf 86' lang='lat' dir='ltr'><strong>alterius</strong></span> <span class='ocrx_word' id='word_1_524' title='bbox 1297 4638 1574 4711; x_wconf 86' lang='lat' dir='ltr'><strong>cperibus</strong></span> <span class='ocrx_word' id='word_1_525' title='bbox 1606 4637 1830 4707; x_wconf 82' lang='lat' dir='ltr'><strong>adjecta</strong></span> <span class='ocrx_word' id='word_1_526' title='bbox 1860 4641 1984 4692; x_wconf 90' lang='lat' dir='ltr'><strong>erat</strong></span> 
     </span>
    </p>
   </div>
   <div class='ocr_carea' id='block_1_79' title="bbox 360 4722 1154 4796">
    <p class='ocr_par' dir='ltr' id='par_1_79' title="bbox 360 4722 1154 4796">
     <span class='ocr_line' id='line_1_79' title="bbox 360 4722 1154 4796; baseline 0.003 -16"><span class='ocrx_word' id='word_1_527' title='bbox 360 4722 585 4780; x_wconf 88' lang='lat' dir='ltr'><strong>nullum</strong></span> <span class='ocrx_word' id='word_1_528' title='bbox 620 4724 824 4781; x_wconf 88' lang='lat' dir='ltr'><strong>tulisse</strong></span> <span class='ocrx_word' id='word_1_529' title='bbox 847 4727 1154 4796; x_wconf 81' lang='lat' dir='ltr'><strong>judicium.</strong></span> 
     </span>
    </p>
   </div>
   <div class='ocr_carea' id='block_1_80' title="bbox 998 4833 1365 4890">
    <p class='ocr_par' dir='ltr' id='par_1_80' title="bbox 998 4833 1365 4890">
     <span class='ocr_line' id='line_1_80' title="bbox 998 4833 1365 4890; baseline -0.011 0"><span class='ocrx_word' id='word_1_530' title='bbox 998 4833 1221 4890; x_wconf 87' lang='lat' dir='ltr'><strong>CAPUT</strong></span> <span class='ocrx_word' id='word_1_531' title='bbox 1265 4833 1365 4887; x_wconf 85' lang='lat' dir='ltr'><strong>IX.</strong></span> 
     </span>
    </p>
   </div>
   <div class='ocr_carea' id='block_1_81' title="bbox 358 4953 2001 5007">
    <p class='ocr_par' dir='ltr' id='par_1_81' title="bbox 358 4953 2001 5007">
     <span class='ocr_line' id='line_1_81' title="bbox 358 4953 2001 5007; baseline -0.001 -10"><span class='ocrx_word' id='word_1_532' title='bbox 358 4958 705 4997; x_wconf 75' lang='lat' dir='ltr'><strong>REFELLITUR</strong></span> <span class='ocrx_word' id='word_1_533' title='bbox 752 4953 1155 4996; x_wconf 76' lang='lat' dir='ltr'><strong>ARGUMENTUM</strong></span> <span class='ocrx_word' id='word_1_534' title='bbox 1216 4954 1558 5007; x_wconf 71' lang='grc' dir='ltr'><strong>ΝεθΑΤινυιί,</strong></span> <span class='ocrx_word' id='word_1_535' title='bbox 1600 4956 1666 4994; x_wconf 78' lang='grc' dir='ltr'><strong>ΕΤ</strong></span> <span class='ocrx_word' id='word_1_536' title='bbox 1724 4956 2001 5003; x_wconf 76' lang='grc' dir='ltr'><strong>ουΑιιυΜ-</strong></span> 
     </span>
    </p>
   </div>
   <div class='ocr_carea' id='block_1_82' title="bbox 490 5026 1865 5069">
    <p class='ocr_par' dir='ltr' id='par_1_82' title="bbox 490 5026 1865 5069">
     <span class='ocr_line' id='line_1_82' title="bbox 490 5026 1865 5069; baseline -0.001 0"><span class='ocrx_word' id='word_1_537' title='bbox 490 5029 604 5069; x_wconf 65' lang='grc' dir='ltr'><strong>ΒΑΗ</strong></span> <span class='ocrx_word' id='word_1_538' title='bbox 638 5028 1014 5068; x_wconf 74' lang='lat' dir='ltr'><strong>ECCLESIARUM</strong></span> <span class='ocrx_word' id='word_1_539' title='bbox 1046 5026 1573 5067; x_wconf 78' lang='lat' dir='ltr'><strong>CONSUETUDINIBUS</strong></span> <span class='ocrx_word' id='word_1_540' title='bbox 1603 5028 1865 5068; x_wconf 67' lang='lat' dir='ltr'><strong>PETITUI.</strong></span> 
     </span>
    </p>
   </div>
   <div class='ocr_carea' id='block_1_83' title="bbox 421 5118 1925 5189">
    <p class='ocr_par' dir='ltr' id='par_1_83' title="bbox 421 5118 1925 5189">
     <span class='ocr_line' id='line_1_83' title="bbox 421 5118 1925 5189; baseline 0 -15"><span class='ocrx_word' id='word_1_541' title='bbox 421 5122 449 5188; x_wconf 86' lang='lat'>§</span> <span class='ocrx_word' id='word_1_542' title='bbox 483 5122 520 5175; x_wconf 93' lang='grc' dir='ltr'><strong>Ι.</strong></span> <span class='ocrx_word' id='word_1_543' title='bbox 556 5124 671 5175; x_wconf 87' lang='lat' dir='ltr'><strong>Hoc</strong></span> <span class='ocrx_word' id='word_1_544' title='bbox 698 5128 1084 5189; x_wconf 77' lang='lat' dir='ltr'><strong>argumentum</strong></span> <span class='ocrx_word' id='word_1_545' title='bbox 1109 5121 1302 5172; x_wconf 85' lang='lat' dir='ltr'><strong>contra</strong></span> <span class='ocrx_word' id='word_1_546' title='bbox 1324 5118 1669 5175; x_wconf 74' lang='lat' dir='ltr'><strong>adversarios</strong></span> <span class='ocrx_word' id='word_1_547' title='bbox 1701 5119 1925 5175; x_wconf 75' lang='lat' dir='ltr'><strong>militat.</strong></span> 
     </span>
    </p>
   </div>
   <div class='ocr_carea' id='block_1_84' title="bbox 420 5223 1999 5298">
    <p class='ocr_par' dir='ltr' id='par_1_84' title="bbox 420 5223 1999 5298">
     <span class='ocr_line' id='line_1_84' title="bbox 420 5223 1999 5298; baseline 0.002 -18"><span class='ocrx_word' id='word_1_548' title='bbox 420 5229 561 5280; x_wconf 89' lang='lat' dir='ltr'><strong>Cum</strong></span> <span class='ocrx_word' id='word_1_549' title='bbox 618 5225 931 5281; x_wconf 87' lang='lat' dir='ltr'><strong>adversarii</strong></span> <span class='ocrx_word' id='word_1_550' title='bbox 965 5223 1147 5279; x_wconf 90' lang='lat' dir='ltr'><strong>nostri</strong></span> <span class='ocrx_word' id='word_1_551' title='bbox 1208 5223 1549 5295; x_wconf 89' lang='lat' dir='ltr'><strong>scriptorem</strong></span> <span class='ocrx_word' id='word_1_552' title='bbox 1612 5225 1860 5292; x_wconf 90' lang='lat' dir='ltr'><strong>nullum,</strong></span> <span class='ocrx_word' id='word_1_553' title='bbox 1898 5243 1999 5298; x_wconf 89' lang='lat' dir='ltr'><strong>pro</strong></span> 
     </span>
    </p>
   </div>
   <div class='ocr_carea' id='block_1_85' title="bbox 350 5312 2000 5387">
    <p class='ocr_par' dir='ltr' id='par_1_85' title="bbox 350 5312 2000 5387">
     <span class='ocr_line' id='line_1_85' title="bbox 350 5312 2000 5387; baseline 0 -17"><span class='ocrx_word' id='word_1_554' title='bbox 350 5332 457 5370; x_wconf 87' lang='lat' dir='ltr'><strong>sua</strong></span> <span class='ocrx_word' id='word_1_555' title='bbox 488 5316 761 5387; x_wconf 85' lang='lat' dir='ltr'><strong>Opinione</strong></span> <span class='ocrx_word' id='word_1_556' title='bbox 815 5314 1167 5385; x_wconf 84' lang='lat' dir='ltr'><strong>loquentem,</strong></span> <span class='ocrx_word' id='word_1_557' title='bbox 1220 5327 1392 5382; x_wconf 89' lang='lat' dir='ltr'><strong>quem</strong></span> <span class='ocrx_word' id='word_1_558' title='bbox 1462 5312 1860 5369; x_wconf 74' lang='lat' dir='ltr'><strong>invictissimaa</strong></span> <span class='ocrx_word' id='word_1_559' title='bbox 1920 5322 2000 5370; x_wconf 86' lang='lat' dir='ltr'><strong>tot</strong></span> 
     </span>
    </p>
   </div>
   <div class='ocr_carea' id='block_1_86' title="bbox 350 5403 1998 5475">
    <p class='ocr_par' dir='ltr' id='par_1_86' title="bbox 350 5403 1998 5475">
     <span class='ocr_line' id='line_1_86' title="bbox 350 5403 1998 5475; baseline 0.001 -18"><span class='ocrx_word' id='word_1_560' title='bbox 350 5409 771 5475; x_wconf 88' lang='lat' dir='ltr'><strong>tantorumque</strong></span> <span class='ocrx_word' id='word_1_561' title='bbox 798 5403 1185 5472; x_wconf 88' lang='lat' dir='ltr'><strong>virorum.pro</strong></span> <span class='ocrx_word' id='word_1_562' title='bbox 1206 5405 1405 5456; x_wconf 88' lang='lat' dir='ltr'><strong>nostra</strong></span> <span class='ocrx_word' id='word_1_563' title='bbox 1428 5404 1716 5458; x_wconf 85' lang='lat' dir='ltr'><strong>sententia</strong></span> <span class='ocrx_word' id='word_1_564' title='bbox 1737 5420 1998 5475; x_wconf 86' lang='lat' dir='ltr'><strong>pugnan-</strong></span> 
     </span>
    </p>
   </div>
   <div class='ocr_carea' id='block_1_87' title="bbox 349 5491 1994 5563">
    <p class='ocr_par' dir='ltr' id='par_1_87' title="bbox 349 5491 1994 5563">
     <span class='ocr_line' id='line_1_87' title="bbox 349 5491 1994 5563; baseline 0.001 -17"><span class='ocrx_word' id='word_1_565' title='bbox 349 5495 498 5549; x_wconf 88' lang='lat' dir='ltr'><strong>tium</strong></span> <span class='ocrx_word' id='word_1_566' title='bbox 532 5498 771 5549; x_wconf 68' lang='lat' dir='ltr'><strong>catervae</strong></span> <span class='ocrx_word' id='word_1_567' title='bbox 796 5496 1111 5563; x_wconf 89' lang='lat' dir='ltr'><strong>opponant,</strong></span> <span class='ocrx_word' id='word_1_568' title='bbox 1132 5491 1357 5561; x_wconf 86' lang='lat' dir='ltr'><strong>possint</strong></span> <span class='ocrx_word' id='word_1_569' title='bbox 1389 5493 1738 5562; x_wconf 88' lang='lat' dir='ltr'><strong>producere;</strong></span> <span class='ocrx_word' id='word_1_570' title='bbox 1765 5495 1833 5548; x_wconf 86' lang='lat' dir='ltr'><strong>ad</strong></span> <span class='ocrx_word' id='word_1_571' title='bbox 1852 5492 1994 5548; x_wconf 87' lang='lat' dir='ltr'><strong>alio-</strong></span> 
     </span>
    </p>
   </div>
   <div class='ocr_carea' id='block_1_88' title="bbox 356 5580 1998 5650">
    <p class='ocr_par' dir='ltr' id='par_1_88' title="bbox 356 5580 1998 5650">
     <span class='ocr_line' id='line_1_88' title="bbox 356 5580 1998 5650; baseline 0.002 -13"><span class='ocrx_word' id='word_1_572' title='bbox 356 5598 485 5637; x_wconf 90' lang='lat' dir='ltr'><strong>rum</strong></span> <span class='ocrx_word' id='word_1_573' title='bbox 520 5582 839 5647; x_wconf 90' lang='lat' dir='ltr'><strong>silentium,</strong></span> <span class='ocrx_word' id='word_1_574' title='bbox 872 5586 1155 5650; x_wconf 86' lang='lat' dir='ltr'><strong>tanquam</strong></span> <span class='ocrx_word' id='word_1_575' title='bbox 1187 5580 1255 5636; x_wconf 88' lang='lat' dir='ltr'><strong>ad</strong></span> <span class='ocrx_word' id='word_1_576' title='bbox 1305 5596 1530 5637; x_wconf 87' lang='lat' dir='ltr'><strong>sacram</strong></span> <span class='ocrx_word' id='word_1_577' title='bbox 1568 5583 1882 5639; x_wconf 89' lang='lat' dir='ltr'><strong>anchoram</strong></span> <span class='ocrx_word' id='word_1_578' title='bbox 1916 5583 1998 5640; x_wconf 87' lang='lat' dir='ltr'><strong>ita</strong></span> 
     </span>
    </p>
   </div>
   <div class='ocr_carea' id='block_1_89' title="bbox 422 5723 958 5797">
    <p class='ocr_par' dir='ltr' id='par_1_89' title="bbox 422 5723 958 5797">
     <span class='ocr_line' id='line_1_89' title="bbox 422 5723 958 5797; baseline 0 -16"><span class='ocrx_word' id='word_1_579' title='bbox 422 5723 471 5760; x_wconf 68' lang='grc' dir='ltr'>ιθ</span> <span class='ocrx_word' id='word_1_580' title='bbox 500 5740 626 5797; x_wconf 87' lang='lat' dir='ltr'><strong>cap.</strong></span> <span class='ocrx_word' id='word_1_581' title='bbox 657 5725 713 5797; x_wconf 86' lang='lat'><strong>5,</strong></span> <span class='ocrx_word' id='word_1_582' title='bbox 744 5741 803 5796; x_wconf 90' lang='lat' dir='ltr'><strong>p.</strong></span> <span class='ocrx_word' id='word_1_583' title='bbox 832 5723 958 5781; x_wconf 88' lang='lat'><strong>256.</strong></span> 
     </span>
    </p>
   </div>
   <div class='ocr_carea' id='block_1_90' title="bbox 2123 3433 3785 3509">
    <p class='ocr_par' dir='ltr' id='par_1_90' title="bbox 2123 3433 3785 3509">
     <span class='ocr_line' id='line_1_90' title="bbox 2123 3433 3785 3509; baseline 0.004 -21"><span class='ocrx_word' id='word_1_584' title='bbox 2123 3434 2322 3489; x_wconf 90' lang='lat' dir='ltr'><strong>dicunt</strong></span> <span class='ocrx_word' id='word_1_585' title='bbox 2348 3433 2955 3504; x_wconf 71' lang='lat' dir='ltr'><strong>Dallaaani,nunquam</strong></span> <span class='ocrx_word' id='word_1_586' title='bbox 2981 3436 3052 3489; x_wconf 89' lang='lat' dir='ltr'><strong>ab</strong></span> <span class='ocrx_word' id='word_1_587' title='bbox 3074 3434 3299 3506; x_wconf 88' lang='lat' dir='ltr'><strong>Ignatio</strong></span> <span class='ocrx_word' id='word_1_588' title='bbox 3321 3439 3569 3509; x_wconf 90' lang='lat' dir='ltr'><strong>scriptas</strong></span> <span class='ocrx_word' id='word_1_589' title='bbox 3594 3439 3785 3495; x_wconf 84' lang='lat' dir='ltr'><strong>fuisse</strong></span> 
     </span>
    </p>
   </div>
   <div class='ocr_carea' id='block_1_91' title="bbox 2122 3522 3781 3595">
    <p class='ocr_par' dir='ltr' id='par_1_91' title="bbox 2122 3522 3781 3595">
     <span class='ocr_line' id='line_1_91' title="bbox 2122 3522 3781 3595; baseline 0.004 -18"><span class='ocrx_word' id='word_1_590' title='bbox 2122 3522 2423 3594; x_wconf 90' lang='lat' dir='ltr'><strong>epistolas.</strong></span> <span class='ocrx_word' id='word_1_591' title='bbox 2462 3524 2575 3578; x_wconf 88' lang='lat' dir='ltr'><strong>Hoc</strong></span> <span class='ocrx_word' id='word_1_592' title='bbox 2608 3528 2801 3577; x_wconf 88' lang='lat' dir='ltr'><strong>autem</strong></span> <span class='ocrx_word' id='word_1_593' title='bbox 2853 3524 3005 3594; x_wconf 93' lang='lat' dir='ltr'><strong>quod</strong></span> <span class='ocrx_word' id='word_1_594' title='bbox 3042 3523 3155 3595; x_wconf 90' lang='lat' dir='ltr'><strong>ipsi</strong></span> <span class='ocrx_word' id='word_1_595' title='bbox 3213 3526 3383 3581; x_wconf 89' lang='lat' dir='ltr'><strong>nobis</strong></span> <span class='ocrx_word' id='word_1_596' title='bbox 3436 3527 3781 3584; x_wconf 89' lang='lat' dir='ltr'><strong>ministrant</strong></span> 
     </span>
    </p>
   </div>
   <div class='ocr_carea' id='block_1_92' title="bbox 2124 3611 3775 3687">
    <p class='ocr_par' dir='ltr' id='par_1_92' title="bbox 2124 3611 3775 3687">
     <span class='ocr_line' id='line_1_92' title="bbox 2124 3611 3775 3687; baseline 0.005 -21"><span class='ocrx_word' id='word_1_597' title='bbox 2124 3618 2633 3683; x_wconf 89' lang='lat' dir='ltr'><strong>argumentum,eo</strong></span> <span class='ocrx_word' id='word_1_598' title='bbox 2658 3611 2912 3667; x_wconf 91' lang='lat' dir='ltr'><strong>validius</strong></span> <span class='ocrx_word' id='word_1_599' title='bbox 2942 3614 3222 3684; x_wconf 89' lang='lat' dir='ltr'><strong>est,quod</strong></span> <span class='ocrx_word' id='word_1_600' title='bbox 3257 3614 3530 3673; x_wconf 87' lang='lat' dir='ltr'><strong>lethalem</strong></span> <span class='ocrx_word' id='word_1_601' title='bbox 3564 3618 3775 3687; x_wconf 88' lang='lat' dir='ltr'><strong>ictum,</strong></span> 
     </span>
    </p>
   </div>
   <div class='ocr_carea' id='block_1_93' title="bbox 2121 3702 3774 3779">
    <p class='ocr_par' dir='ltr' id='par_1_93' title="bbox 2121 3702 3774 3779">
     <span class='ocr_line' id='line_1_93' title="bbox 2121 3702 3774 3779; baseline 0.005 -23"><span class='ocrx_word' id='word_1_602' title='bbox 2121 3718 2293 3773; x_wconf 91' lang='lat' dir='ltr'><strong>quem</strong></span> <span class='ocrx_word' id='word_1_603' title='bbox 2327 3702 2452 3757; x_wconf 92' lang='lat' dir='ltr'><strong>suis</strong></span> <span class='ocrx_word' id='word_1_604' title='bbox 2484 3702 2597 3773; x_wconf 91' lang='lat' dir='ltr'><strong>ipsi</strong></span> <span class='ocrx_word' id='word_1_605' title='bbox 2625 3702 2901 3758; x_wconf 87' lang='lat' dir='ltr'><strong>manibus</strong></span> <span class='ocrx_word' id='word_1_606' title='bbox 2935 3702 3045 3758; x_wconf 90' lang='lat' dir='ltr'><strong>sibi</strong></span> <span class='ocrx_word' id='word_1_607' title='bbox 3080 3702 3427 3774; x_wconf 89' lang='lat' dir='ltr'><strong>intulerunt,</strong></span> <span class='ocrx_word' id='word_1_608' title='bbox 3462 3724 3774 3779; x_wconf 84' lang='lat' dir='ltr'><strong>nunquam</strong></span> 
     </span>
    </p>
   </div>
   <div class='ocr_carea' id='block_1_94' title="bbox 2118 3791 2871 3862">
    <p class='ocr_par' dir='ltr' id='par_1_94' title="bbox 2118 3791 2871 3862">
     <span class='ocr_line' id='line_1_94' title="bbox 2118 3791 2871 3862; baseline 0 -15"><span class='ocrx_word' id='word_1_609' title='bbox 2118 3796 2270 3847; x_wconf 87' lang='lat' dir='ltr'><strong>certe</strong></span> <span class='ocrx_word' id='word_1_610' title='bbox 2301 3791 2594 3847; x_wconf 90' lang='lat' dir='ltr'><strong>declinare</strong></span> <span class='ocrx_word' id='word_1_611' title='bbox 2626 3792 2871 3862; x_wconf 89' lang='lat' dir='ltr'><strong>possint.</strong></span> 
     </span>
    </p>
   </div>
   <div class='ocr_carea' id='block_1_95' title="bbox 2191 3886 3773 3963">
    <p class='ocr_par' dir='ltr' id='par_1_95' title="bbox 2191 3886 3773 3963">
     <span class='ocr_line' id='line_1_95' title="bbox 2191 3886 3773 3963; baseline 0.007 -23"><span class='ocrx_word' id='word_1_612' title='bbox 2191 3886 2472 3942; x_wconf 66' lang='lat' dir='ltr'><strong>Praeterea</strong></span> <span class='ocrx_word' id='word_1_613' title='bbox 2499 3888 2755 3943; x_wconf 87' lang='lat' dir='ltr'><strong>fatentur</strong></span> <span class='ocrx_word' id='word_1_614' title='bbox 2808 3889 3146 3959; x_wconf 87' lang='lat' dir='ltr'><strong>adversarii,</strong></span> <span class='ocrx_word' id='word_1_615' title='bbox 3175 3893 3328 3963; x_wconf 91' lang='lat' dir='ltr'><strong>quod</strong></span> <span class='ocrx_word' id='word_1_616' title='bbox 3382 3909 3554 3949; x_wconf 86' lang='lat' dir='ltr'><strong>nemo</strong></span> <span class='ocrx_word' id='word_1_617' title='bbox 3587 3894 3773 3951; x_wconf 88' lang='lat' dir='ltr'><strong>etiam</strong></span> 
     </span>
    </p>
   </div>
   <div class='ocr_carea' id='block_1_96' title="bbox 2119 3982 3775 4056">
    <p class='ocr_par' dir='ltr' id='par_1_96' title="bbox 2119 3982 3775 4056">
     <span class='ocr_line' id='line_1_96' title="bbox 2119 3982 3775 4056; baseline 0.007 -25"><span class='ocrx_word' id='word_1_618' title='bbox 2119 3992 2332 4049; x_wconf 87' lang='lat' dir='ltr'><strong>negare</strong></span> <span class='ocrx_word' id='word_1_619' title='bbox 2359 3982 2555 4050; x_wconf 90' lang='lat' dir='ltr'><strong>queat,</strong></span> <span class='ocrx_word' id='word_1_620' title='bbox 2590 3983 3005 4051; x_wconf 87' lang='lat' dir='ltr'><strong>argumentum</strong></span> <span class='ocrx_word' id='word_1_621' title='bbox 3050 3982 3467 4039; x_wconf 88' lang='lat' dir='ltr'><strong>afflrmativum</strong></span> <span class='ocrx_word' id='word_1_622' title='bbox 3503 3985 3775 4056; x_wconf 87' lang='lat' dir='ltr'><strong>negativo</strong></span> 
     </span>
    </p>
   </div>
   <div class='ocr_carea' id='block_1_97' title="bbox 2118 4069 3773 4145">
    <p class='ocr_par' dir='ltr' id='par_1_97' title="bbox 2118 4069 3773 4145">
     <span class='ocr_line' id='line_1_97' title="bbox 2118 4069 3773 4145; baseline 0.007 -25"><span class='ocrx_word' id='word_1_623' title='bbox 2118 4082 2351 4138; x_wconf 91' lang='lat' dir='ltr'><strong>semper</strong></span> <span class='ocrx_word' id='word_1_624' title='bbox 2381 4083 2510 4123; x_wconf 88' lang='lat' dir='ltr'><strong>esse</strong></span> <span class='ocrx_word' id='word_1_625' title='bbox 2540 4069 3194 4143; x_wconf 66' lang='lat' dir='ltr'><strong>praeferendumNeque</strong></span> <span class='ocrx_word' id='word_1_626' title='bbox 3223 4072 3379 4129; x_wconf 88' lang='lat' dir='ltr'><strong>enim</strong></span> <span class='ocrx_word' id='word_1_627' title='bbox 3414 4074 3773 4145; x_wconf 87' lang='lat' dir='ltr'><strong>scriptorum</strong></span> 
     </span>
    </p>
   </div>
   <div class='ocr_carea' id='block_1_98' title="bbox 2115 4155 3775 4232">
    <p class='ocr_par' dir='ltr' id='par_1_98' title="bbox 2115 4155 3775 4232">
     <span class='ocr_line' id='line_1_98' title="bbox 2115 4155 3775 4232; baseline 0.007 -23"><span class='ocrx_word' id='word_1_628' title='bbox 2115 4155 2509 4226; x_wconf 89' lang='lat' dir='ltr'><strong>quorumlibet</strong></span> <span class='ocrx_word' id='word_1_629' title='bbox 2542 4157 2991 4225; x_wconf 88' lang='lat' dir='ltr'><strong>silentium,imo</strong></span> <span class='ocrx_word' id='word_1_630' title='bbox 3025 4176 3214 4232; x_wconf 85' lang='lat' dir='ltr'><strong>neque</strong></span> <span class='ocrx_word' id='word_1_631' title='bbox 3237 4161 3519 4231; x_wconf 89' lang='lat' dir='ltr'><strong>ignoratio</strong></span> <span class='ocrx_word' id='word_1_632' title='bbox 3538 4165 3775 4221; x_wconf 83' lang='lat' dir='ltr'><strong>efficere</strong></span> 
     </span>
    </p>
   </div>
   <div class='ocr_carea' id='block_1_99' title="bbox 2115 4248 3769 4321">
    <p class='ocr_par' dir='ltr' id='par_1_99' title="bbox 2115 4248 3769 4321">
     <span class='ocr_line' id='line_1_99' title="bbox 2115 4248 3769 4321; baseline 0.005 -20"><span class='ocrx_word' id='word_1_633' title='bbox 2115 4251 2326 4317; x_wconf 88' lang='lat' dir='ltr'><strong>potest,</strong></span> <span class='ocrx_word' id='word_1_634' title='bbox 2359 4251 2424 4300; x_wconf 92' lang='lat' dir='ltr'><strong>ut</strong></span> <span class='ocrx_word' id='word_1_635' title='bbox 2449 4262 2515 4301; x_wconf 89' lang='lat' dir='ltr'><strong>ea</strong></span> <span class='ocrx_word' id='word_1_636' title='bbox 2545 4263 2717 4318; x_wconf 88' lang='lat' dir='ltr'><strong>opera</strong></span> <span class='ocrx_word' id='word_1_637' title='bbox 2749 4264 2878 4318; x_wconf 76' lang='lat' dir='ltr'><strong>quze</strong></span> <span class='ocrx_word' id='word_1_638' title='bbox 2911 4248 2981 4303; x_wconf 89' lang='lat' dir='ltr'><strong>ab</strong></span> <span class='ocrx_word' id='word_1_639' title='bbox 3027 4249 3158 4304; x_wconf 89' lang='lat' dir='ltr'><strong>aliis</strong></span> <span class='ocrx_word' id='word_1_640' title='bbox 3191 4250 3311 4306; x_wconf 79' lang='lat' dir='ltr'><strong>visa</strong></span> <span class='ocrx_word' id='word_1_641' title='bbox 3344 4256 3399 4307; x_wconf 92' lang='lat' dir='ltr'><strong>et</strong></span> <span class='ocrx_word' id='word_1_642' title='bbox 3428 4251 3577 4308; x_wconf 89' lang='lat' dir='ltr'><strong>lecta</strong></span> <span class='ocrx_word' id='word_1_643' title='bbox 3604 4259 3769 4321; x_wconf 86' lang='lat' dir='ltr'><strong>sunt,</strong></span> 
     </span>
    </p>
   </div>
   <div class='ocr_carea' id='block_1_100' title="bbox 2117 4336 3766 4403">
    <p class='ocr_par' dir='ltr' id='par_1_100' title="bbox 2117 4336 3766 4403">
     <span class='ocr_line' id='line_1_100' title="bbox 2117 4336 3766 4403; baseline 0.007 -14"><span class='ocrx_word' id='word_1_644' title='bbox 2117 4351 2245 4390; x_wconf 88' lang='lat' dir='ltr'><strong>vere</strong></span> <span class='ocrx_word' id='word_1_645' title='bbox 2278 4352 2390 4391; x_wconf 92' lang='lat' dir='ltr'><strong>non</strong></span> <span class='ocrx_word' id='word_1_646' title='bbox 2425 4336 2834 4403; x_wconf 83' lang='lat' dir='ltr'><strong>exstiterint,et</strong></span> <span class='ocrx_word' id='word_1_647' title='bbox 2862 4354 2995 4394; x_wconf 90' lang='lat' dir='ltr'><strong>vere</strong></span> <span class='ocrx_word' id='word_1_648' title='bbox 3027 4356 3138 4395; x_wconf 92' lang='lat' dir='ltr'><strong>non</strong></span> <span class='ocrx_word' id='word_1_649' title='bbox 3169 4340 3288 4395; x_wconf 91' lang='lat' dir='ltr'><strong>sint</strong></span> <span class='ocrx_word' id='word_1_650' title='bbox 3318 4343 3390 4397; x_wconf 92' lang='lat' dir='ltr'><strong>ab</strong></span> <span class='ocrx_word' id='word_1_651' title='bbox 3421 4344 3766 4401; x_wconf 87' lang='lat' dir='ltr'><strong>auctoribus</strong></span> 
     </span>
    </p>
   </div>
   <div class='ocr_carea' id='block_1_101' title="bbox 2115 4425 3771 4500">
    <p class='ocr_par' dir='ltr' id='par_1_101' title="bbox 2115 4425 3771 4500">
     <span class='ocr_line' id='line_1_101' title="bbox 2115 4425 3771 4500; baseline 0.005 -21"><span class='ocrx_word' id='word_1_652' title='bbox 2115 4425 2238 4480; x_wconf 92' lang='lat' dir='ltr'><strong>suis</strong></span> <span class='ocrx_word' id='word_1_653' title='bbox 2269 4426 2547 4495; x_wconf 88' lang='lat' dir='ltr'><strong>profecta.</strong></span> <span class='ocrx_word' id='word_1_654' title='bbox 2596 4426 2770 4497; x_wconf 82' lang='lat' dir='ltr'><strong>Atqui</strong></span> <span class='ocrx_word' id='word_1_655' title='bbox 2825 4432 3168 4499; x_wconf 87' lang='lat' dir='ltr'><strong>argumento</strong></span> <span class='ocrx_word' id='word_1_656' title='bbox 3229 4431 3579 4487; x_wconf 86' lang='lat' dir='ltr'><strong>affirmativo</strong></span> <span class='ocrx_word' id='word_1_657' title='bbox 3635 4432 3771 4500; x_wconf 87' lang='lat' dir='ltr'><strong>has,</strong></span> 
     </span>
    </p>
   </div>
   <div class='ocr_carea' id='block_1_102' title="bbox 2117 4514 3771 4590">
    <p class='ocr_par' dir='ltr' id='par_1_102' title="bbox 2117 4514 3771 4590">
     <span class='ocr_line' id='line_1_102' title="bbox 2117 4514 3771 4590; baseline 0.006 -22"><span class='ocrx_word' id='word_1_658' title='bbox 2117 4531 2261 4585; x_wconf 86' lang='lat' dir='ltr'><strong>quas</strong></span> <span class='ocrx_word' id='word_1_659' title='bbox 2294 4515 2418 4570; x_wconf 88' lang='lat' dir='ltr'><strong>sine</strong></span> <span class='ocrx_word' id='word_1_660' title='bbox 2441 4514 2991 4587; x_wconf 86' lang='lat' dir='ltr'><strong>interpolationibus</strong></span> <span class='ocrx_word' id='word_1_661' title='bbox 3024 4518 3306 4574; x_wconf 90' lang='lat' dir='ltr'><strong>habemus</strong></span> <span class='ocrx_word' id='word_1_662' title='bbox 3329 4520 3771 4590; x_wconf 85' lang='lat' dir='ltr'><strong>epistolas,vere</strong></span> 
     </span>
    </p>
   </div>
   <div class='ocr_carea' id='block_1_103' title="bbox 2116 4604 3770 4676">
    <p class='ocr_par' dir='ltr' id='par_1_103' title="bbox 2116 4604 3770 4676">
     <span class='ocr_line' id='line_1_103' title="bbox 2116 4604 3770 4676; baseline 0.006 -18"><span class='ocrx_word' id='word_1_663' title='bbox 2116 4604 2187 4658; x_wconf 92' lang='lat' dir='ltr'><strong>ab</strong></span> <span class='ocrx_word' id='word_1_664' title='bbox 2220 4604 2444 4676; x_wconf 88' lang='lat' dir='ltr'><strong>Ignatio</strong></span> <span class='ocrx_word' id='word_1_665' title='bbox 2466 4609 2665 4660; x_wconf 89' lang='lat' dir='ltr'><strong>nostro</strong></span> <span class='ocrx_word' id='word_1_666' title='bbox 2688 4611 2951 4662; x_wconf 85' lang='lat' dir='ltr'><strong>exaratas</strong></span> <span class='ocrx_word' id='word_1_667' title='bbox 2984 4607 3163 4663; x_wconf 84' lang='lat' dir='ltr'><strong>fuisse</strong></span> <span class='ocrx_word' id='word_1_668' title='bbox 3195 4625 3229 4663; x_wconf 88' lang='lat' dir='ltr'><strong>a</strong></span> <span class='ocrx_word' id='word_1_669' title='bbox 3258 4610 3426 4665; x_wconf 89' lang='lat' dir='ltr'><strong>nobis</strong></span> <span class='ocrx_word' id='word_1_670' title='bbox 3448 4610 3770 4669; x_wconf 53' lang='lat' dir='ltr'><strong>evidentis.</strong></span> 
     </span>
    </p>
   </div>
   <div class='ocr_carea' id='block_1_104' title="bbox 1988 4669 3774 4773">
    <p class='ocr_par' dir='ltr' id='par_1_104' title="bbox 1988 4669 3774 4773">
     <span class='ocr_line' id='line_1_104' title="bbox 1988 4669 3774 4773; baseline 0.006 -25"><span class='ocrx_word' id='word_1_671' title='bbox 1988 4681 2003 4708; x_wconf 91' lang='grc'><strong><em>’</em></strong></span> <span class='ocrx_word' id='word_1_672' title='bbox 2037 4669 2085 4734; x_wconf 82' lang='grc' dir='ltr'><strong>Ῑ)</strong></span> <span class='ocrx_word' id='word_1_673' title='bbox 2118 4693 2265 4749; x_wconf 89' lang='lat' dir='ltr'><strong>sime</strong></span> <span class='ocrx_word' id='word_1_674' title='bbox 2292 4694 2759 4749; x_wconf 87' lang='lat' dir='ltr'><strong>demonstratum</strong></span> <span class='ocrx_word' id='word_1_675' title='bbox 2781 4696 3172 4764; x_wconf 86' lang='lat' dir='ltr'><strong>est,nimirum</strong></span> <span class='ocrx_word' id='word_1_676' title='bbox 3201 4700 3521 4772; x_wconf 81' lang='lat' dir='ltr'><strong>Polycarpi,</strong></span> <span class='ocrx_word' id='word_1_677' title='bbox 3543 4700 3774 4773; x_wconf 78' lang='lat' dir='ltr'><strong>Irenaei,</strong></span> 
     </span>
    </p>
   </div>
   <div class='ocr_carea' id='block_1_105' title="bbox 2118 4782 3775 4857">
    <p class='ocr_par' dir='ltr' id='par_1_105' title="bbox 2118 4782 3775 4857">
     <span class='ocr_line' id='line_1_105' title="bbox 2118 4782 3775 4857; baseline 0.005 -20"><span class='ocrx_word' id='word_1_678' title='bbox 2118 4782 2409 4854; x_wconf 91' lang='lat' dir='ltr'><strong>Origenis,</strong></span> <span class='ocrx_word' id='word_1_679' title='bbox 2445 4783 2743 4840; x_wconf 82' lang='lat' dir='ltr'><strong>Athanasii</strong></span> <span class='ocrx_word' id='word_1_680' title='bbox 2798 4784 3167 4857; x_wconf 90' lang='lat' dir='ltr'><strong>aliorumque</strong></span> <span class='ocrx_word' id='word_1_681' title='bbox 3211 4789 3556 4845; x_wconf 85' lang='lat' dir='ltr'><strong>auctoritate</strong></span> <span class='ocrx_word' id='word_1_682' title='bbox 3593 4794 3651 4845; x_wconf 92' lang='lat' dir='ltr'><strong>et</strong></span> <span class='ocrx_word' id='word_1_683' title='bbox 3684 4796 3775 4847; x_wconf 80' lang='lat' dir='ltr'><strong>te-</strong></span> 
     </span>
    </p>
   </div>
   <div class='ocr_carea' id='block_1_106' title="bbox 2118 4872 3772 4953">
    <p class='ocr_par' dir='ltr' id='par_1_106' title="bbox 2118 4872 3772 4953">
     <span class='ocr_line' id='line_1_106' title="bbox 2118 4872 3772 4953; baseline 0.007 -27"><span class='ocrx_word' id='word_1_684' title='bbox 2118 4872 2431 4938; x_wconf 90' lang='lat' dir='ltr'><strong>stimoniis,</strong></span> <span class='ocrx_word' id='word_1_685' title='bbox 2469 4890 2588 4943; x_wconf 67' lang='lat' dir='ltr'><strong>quae</strong></span> <span class='ocrx_word' id='word_1_686' title='bbox 2620 4874 2691 4929; x_wconf 89' lang='lat' dir='ltr'><strong>ab</strong></span> <span class='ocrx_word' id='word_1_687' title='bbox 2723 4874 2994 4931; x_wconf 88' lang='lat' dir='ltr'><strong>omnibus</strong></span> <span class='ocrx_word' id='word_1_688' title='bbox 3028 4875 3221 4932; x_wconf 73' lang='lat' dir='ltr'><strong>Dalltei</strong></span> <span class='ocrx_word' id='word_1_689' title='bbox 3273 4878 3772 4953; x_wconf 84' lang='lat' dir='ltr'><strong>defensorumque</strong></span> 
     </span>
    </p>
   </div>
   <div class='ocr_carea' id='block_1_107' title="bbox 2115 4962 3776 5035">
    <p class='ocr_par' dir='ltr' id='par_1_107' title="bbox 2115 4962 3776 5035">
     <span class='ocr_line' id='line_1_107' title="bbox 2115 4962 3776 5035; baseline 0.006 -20"><span class='ocrx_word' id='word_1_690' title='bbox 2115 4962 2243 5029; x_wconf 88' lang='lat' dir='ltr'><strong>ejus</strong></span> <span class='ocrx_word' id='word_1_691' title='bbox 2274 4962 2738 5032; x_wconf 82' lang='lat' dir='ltr'><strong>exceptionibus,</strong></span> <span class='ocrx_word' id='word_1_692' title='bbox 2786 4963 3053 5035; x_wconf 88' lang='lat' dir='ltr'><strong>argutiis,</strong></span> <span class='ocrx_word' id='word_1_693' title='bbox 3087 4969 3142 5020; x_wconf 91' lang='lat' dir='ltr'><strong>et</strong></span> <span class='ocrx_word' id='word_1_694' title='bbox 3186 4965 3650 5024; x_wconf 90' lang='lat' dir='ltr'><strong>cavillationibus</strong></span> <span class='ocrx_word' id='word_1_695' title='bbox 3685 4970 3776 5025; x_wconf 90' lang='lat' dir='ltr'><strong>in-</strong></span> 
     </span>
    </p>
   </div>
   <div class='ocr_carea' id='block_1_108' title="bbox 2114 5050 2913 5110">
    <p class='ocr_par' dir='ltr' id='par_1_108' title="bbox 2114 5050 2913 5110">
     <span class='ocr_line' id='line_1_108' title="bbox 2114 5050 2913 5110; baseline 0.006 -5"><span class='ocrx_word' id='word_1_696' title='bbox 2114 5050 2435 5107; x_wconf 88' lang='lat' dir='ltr'><strong>victissime</strong></span> <span class='ocrx_word' id='word_1_697' title='bbox 2464 5053 2913 5110; x_wconf 89' lang='lat' dir='ltr'><strong>vindicavimus.</strong></span> 
     </span>
    </p>
   </div>
   <div class='ocr_carea' id='block_1_109' title="bbox 2182 5140 3772 5215">
    <p class='ocr_par' dir='ltr' id='par_1_109' title="bbox 2182 5140 3772 5215">
     <span class='ocr_line' id='line_1_109' title="bbox 2182 5140 3772 5215; baseline 0.008 -21"><span class='ocrx_word' id='word_1_698' title='bbox 2182 5144 2313 5195; x_wconf 71' lang='lat' dir='ltr'><strong>Haec</strong></span> <span class='ocrx_word' id='word_1_699' title='bbox 2342 5140 2518 5211; x_wconf 80' lang='lat' dir='ltr'><strong>igitur</strong></span> <span class='ocrx_word' id='word_1_700' title='bbox 2548 5143 2693 5197; x_wconf 88' lang='lat' dir='ltr'><strong>satis</strong></span> <span class='ocrx_word' id='word_1_701' title='bbox 2742 5159 3033 5215; x_wconf 89' lang='lat' dir='ltr'><strong>superque</strong></span> <span class='ocrx_word' id='word_1_702' title='bbox 3084 5161 3212 5201; x_wconf 90' lang='lat' dir='ltr'><strong>esse</strong></span> <span class='ocrx_word' id='word_1_703' title='bbox 3244 5147 3520 5203; x_wconf 88' lang='lat' dir='ltr'><strong>deberent</strong></span> <span class='ocrx_word' id='word_1_704' title='bbox 3550 5150 3617 5204; x_wconf 91' lang='lat' dir='ltr'><strong>ad</strong></span> <span class='ocrx_word' id='word_1_705' title='bbox 3673 5168 3772 5207; x_wconf 85' lang='lat' dir='ltr'><strong>va-</strong></span> 
     </span>
    </p>
   </div>
   <div class='ocr_carea' id='block_1_110' title="bbox 2112 5231 3771 5310">
    <p class='ocr_par' dir='ltr' id='par_1_110' title="bbox 2112 5231 3771 5310">
     <span class='ocr_line' id='line_1_110' title="bbox 2112 5231 3771 5310; baseline 0.006 -25"><span class='ocrx_word' id='word_1_706' title='bbox 2112 5248 2245 5286; x_wconf 91' lang='lat' dir='ltr'><strong>nam</strong></span> <span class='ocrx_word' id='word_1_707' title='bbox 2279 5247 2477 5286; x_wconf 88' lang='lat' dir='ltr'><strong>eorum</strong></span> <span class='ocrx_word' id='word_1_708' title='bbox 2506 5231 2833 5305; x_wconf 89' lang='lat' dir='ltr'><strong>negativam</strong></span> <span class='ocrx_word' id='word_1_709' title='bbox 2860 5237 3443 5306; x_wconf 78' lang='lat' dir='ltr'><strong>argumentationem,</strong></span> <span class='ocrx_word' id='word_1_710' title='bbox 3469 5255 3596 5310; x_wconf 77' lang='lat' dir='ltr'><strong>quae</strong></span> <span class='ocrx_word' id='word_1_711' title='bbox 3628 5240 3771 5296; x_wconf 87' lang='lat' dir='ltr'><strong>nul-</strong></span> 
     </span>
    </p>
   </div>
   <div class='ocr_carea' id='block_1_111' title="bbox 2111 5320 3769 5400">
    <p class='ocr_par' dir='ltr' id='par_1_111' title="bbox 2111 5320 3769 5400">
     <span class='ocr_line' id='line_1_111' title="bbox 2111 5320 3769 5400; baseline 0.007 -26"><span class='ocrx_word' id='word_1_712' title='bbox 2111 5320 2224 5376; x_wconf 89' lang='lat' dir='ltr'><strong>lam</strong></span> <span class='ocrx_word' id='word_1_713' title='bbox 2258 5338 2544 5394; x_wconf 91' lang='lat' dir='ltr'><strong>unquam,</strong></span> <span class='ocrx_word' id='word_1_714' title='bbox 2579 5323 2691 5378; x_wconf 81' lang='lat' dir='ltr'><strong>nisi</strong></span> <span class='ocrx_word' id='word_1_715' title='bbox 2730 5328 2929 5379; x_wconf 88' lang='lat' dir='ltr'><strong>contra</strong></span> <span class='ocrx_word' id='word_1_716' title='bbox 2960 5340 3081 5391; x_wconf 92' lang='lat' dir='ltr'><strong>eos,</strong></span> <span class='ocrx_word' id='word_1_717' title='bbox 3112 5327 3226 5381; x_wconf 91' lang='lat' dir='ltr'><strong>vim</strong></span> <span class='ocrx_word' id='word_1_718' title='bbox 3262 5327 3561 5400; x_wconf 90' lang='lat' dir='ltr'><strong>roburque</strong></span> <span class='ocrx_word' id='word_1_719' title='bbox 3594 5328 3769 5386; x_wconf 86' lang='lat' dir='ltr'><strong>habi-</strong></span> 
     </span>
    </p>
   </div>
   <div class='ocr_carea' id='block_1_112' title="bbox 2107 5410 3768 5487">
    <p class='ocr_par' dir='ltr' id='par_1_112' title="bbox 2107 5410 3768 5487">
     <span class='ocr_line' id='line_1_112' title="bbox 2107 5410 3768 5487; baseline 0.008 -24"><span class='ocrx_word' id='word_1_720' title='bbox 2107 5413 2240 5466; x_wconf 90' lang='lat' dir='ltr'><strong>tura</strong></span> <span class='ocrx_word' id='word_1_721' title='bbox 2269 5416 2376 5478; x_wconf 91' lang='lat' dir='ltr'><strong>est,</strong></span> <span class='ocrx_word' id='word_1_722' title='bbox 2413 5413 2653 5482; x_wconf 88' lang='lat' dir='ltr'><strong>penitus</strong></span> <span class='ocrx_word' id='word_1_723' title='bbox 2686 5410 3131 5484; x_wconf 83' lang='lat' dir='ltr'><strong>explodendam.</strong></span> <span class='ocrx_word' id='word_1_724' title='bbox 3168 5414 3249 5472; x_wconf 88' lang='lat' dir='ltr'><strong>Ne</strong></span> <span class='ocrx_word' id='word_1_725' title='bbox 3295 5420 3491 5471; x_wconf 90' lang='lat' dir='ltr'><strong>tamen</strong></span> <span class='ocrx_word' id='word_1_726' title='bbox 3542 5417 3768 5487; x_wconf 90' lang='lat' dir='ltr'><strong>aliquid</strong></span> 
     </span>
    </p>
   </div>
   <div class='ocr_carea' id='block_1_113' title="bbox 2108 5499 3770 5574">
    <p class='ocr_par' dir='ltr' id='par_1_113' title="bbox 2108 5499 3770 5574">
     <span class='ocr_line' id='line_1_113' title="bbox 2108 5499 3770 5574; baseline 0.008 -23"><span class='ocrx_word' id='word_1_727' title='bbox 2108 5499 2517 5567; x_wconf 89' lang='lat' dir='ltr'><strong>probationum</strong></span> <span class='ocrx_word' id='word_1_728' title='bbox 2550 5517 2791 5556; x_wconf 91' lang='lat' dir='ltr'><strong>suarum</strong></span> <span class='ocrx_word' id='word_1_729' title='bbox 2834 5517 2867 5557; x_wconf 90' lang='lat' dir='ltr'><strong>a</strong></span> <span class='ocrx_word' id='word_1_730' title='bbox 2921 5502 3086 5557; x_wconf 91' lang='lat' dir='ltr'><strong>nobis</strong></span> <span class='ocrx_word' id='word_1_731' title='bbox 3139 5505 3602 5574; x_wconf 72' lang='lat' dir='ltr'><strong>praetermissum</strong></span> <span class='ocrx_word' id='word_1_732' title='bbox 3632 5523 3770 5566; x_wconf 89' lang='lat' dir='ltr'><strong>esse</strong></span> 
     </span>
    </p>
   </div>
   <div class='ocr_carea' id='block_1_114' title="bbox 2105 5592 3770 5667">
    <p class='ocr_par' dir='ltr' id='par_1_114' title="bbox 2105 5592 3770 5667">
     <span class='ocr_line' id='line_1_114' title="bbox 2105 5592 3770 5667; baseline 0.007 -25"><span class='ocrx_word' id='word_1_733' title='bbox 2105 5593 2560 5661; x_wconf 89' lang='lat' dir='ltr'><strong>conquerantur,</strong></span> <span class='ocrx_word' id='word_1_734' title='bbox 2603 5595 2777 5661; x_wconf 85' lang='lat' dir='ltr'><strong>atque</strong></span> <span class='ocrx_word' id='word_1_735' title='bbox 2808 5595 2872 5645; x_wconf 91' lang='lat' dir='ltr'><strong>ut</strong></span> <span class='ocrx_word' id='word_1_736' title='bbox 2918 5592 3196 5649; x_wconf 90' lang='lat' dir='ltr'><strong>omnibus</strong></span> <span class='ocrx_word' id='word_1_737' title='bbox 3246 5610 3425 5667; x_wconf 88' lang='lat' dir='ltr'><strong>quam</strong></span> <span class='ocrx_word' id='word_1_738' title='bbox 3458 5594 3770 5659; x_wconf 84' lang='lat' dir='ltr'><strong>infirmum</strong></span> 
     </span>
    </p>
   </div>
  </div>
