3942 6302
161 431 275 496 505

1131 441 1204 501 D.
1250 439 1598 504 NOURHII
1639 422 2183 496 DISSERTATIO.
2229 463 2305 477 -—
2349 428 2547 491 PARS
2589 429 2639 490 Ι.

3453 433 3574 495 506

167 569 241 623 sit
282 568 649 639 pracipuum
684 586 881 625 eorum
941 577 1358 644 argumentum
1419 575 1629 643 pateat,
1651 570 1821 641 juvat
1849 567 1901 633 Α
1936 563 2319 633 Hieronymus
2352 563 2478 632 has,
2502 564 2574 619 de
2602 562 2817 634 quibus
2850 563 3332 636 agimus,oplime
3358 581 3572 637 cogno-

170 657 365 712 omnia
399 659 684 730 negativae
713 658 874 715 illius
904 661 1261 718 defensionis
1292 667 1589 719 momenta
1619 664 1809 716 atten-

171 746 399 802 tissime
436 748 782 820 ponderare.

168 853 295 920 §Ii.
336 854 610 926 Epistolas
664 856 865 926 Ignalii
892 873 1001 913 non
1046 858 1222 929 fuisse
1273 859 1585 928 incognita:
1638 856 1819 912 Eccle-

703 930 807 985 siae
862 930 1282 987 Alexandrinae.

238 1032 552 1088 Contendit
584 1034 763 1103 igitur
793 1035 1041 1092 Dallaus
1073 1036 1353 1110 epistolas
1414 1037 1622 1109 Ignatii
1655 1036 1818 1091 inco-

173 1123 359 1192 gnitas
380 1124 566 1180 fuisse
596 1125 871 1182 Ecclesiis
918 1127 1281 1183 Alexandria
1335 1128 1702 1198 aliarumque
1736 1142 1819 1180 re-

170 1212 429 1283 gionum,
496 1230 601 1271 nec
656 1232 769 1270 non
830 1216 1003 1272 etiam
1060 1217 1445 1283 Tertulliano,
1477 1217 1629 1283 Caio,
1661 1215 1817 1271 Julio

170 1302 458 1372 Africano,
492 1304 777 1360 Clementi
804 1306 1213 1375 Alexandrino,
1249 1307 1526 1378 aliisque;
1552 1306 1817 1379 quando-

176 1392 405 1463 quidem
443 1393 482 1447 ii
516 1411 720 1452 omnes
752 1396 973 1451 nullam
1006 1414 1203 1452 earum
1236 1399 1496 1453 fecerunt
1556 1411 1816 1467 unquam

175 1483 658 1540 mentionem.Sic
689 1491 883 1542 autem
918 1486 1017 1544 ille
1043 1488 1114 1543 de
1146 1487 1399 1543 Ecclesia
1428 1485 1817 1543 Alexandrina

175 1574 446 1645 disputat.
490 1576 784 1647 Doctrina,
818 1578 1012 1650 inquit
1041 1579 1105 1643 ²⁰,
1140 1596 1268 1650 qua
1302 1580 1359 1635 in
1420 1578 1492 1633 iis
1554 1576 1816 1650 epistolis

176 1664 377 1735 sapius
410 1664 761 1734 inculcetur,
797 1684 865 1723 ea
895 1673 1016 1724 est:
1069 1691 1097 1719 «
1157 1674 1276 1723 Non
1312 1669 1478 1724 aliter
1508 1685 1682 1739 quam
1745 1667 1815 1722 ab

178 1770 284 1809 uno
332 1754 629 1827 episcopo,
673 1758 1026 1831 presbyteris
1072 1759 1441 1829 praesidente,
1484 1758 1602 1829 regi
1645 1773 1818 1829 posse

176 1859 235 1898 ac
264 1843 470 1900 debere
504 1845 773 1918 singulas
807 1847 1021 1903 Christi
1052 1846 1355 1903 Ecclesiae.
1396 1870 1424 1897 »
1461 1847 1632 1918 Atqui
1667 1847 1817 1902 alius

1927 654 2322 724 vitepistolas.
2359 653 2475 708 imo
2506 654 2741 708 easdem
2802 653 3020 723 lgnatio
3052 661 3388 710 constanter
3417 656 3570 711 assi-

1927 743 2337 814 gnavit.Atqui
2361 743 2533 813 juxta
2554 743 3020 798 adversariorum
3052 744 3571 811 communem,etsi

1927 849 2228 888 erroneam
2246 832 3007 905 opinionem.Hieronymus
3020 834 3427 905 episcOporum
3442 851 3509 889 cu
3522 852 3578 890 In

1929 922 2282 993 presbyteris
2300 922 2747 993 aqualitatem,q
2761 939 2842 977 ua
2867 924 2926 977 in
2952 923 3039 978 his
3063 922 3268 994 Ignatii
3301 924 3562 994 epistolis

1929 1012 2147 1083 ubique
2196 1014 2526 1077 damnatur,
2564 1012 2858 1066 mordicus
2892 1013 3170 1067 defendit.
3199 1011 3396 1067 Potuit
3426 1028 3563 1085 ergo

1931 1105 2184 1162 Ecclesia
2213 1105 2606 1161 Alexandrina
2636 1121 2749 1160 non
2779 1106 2963 1161 solum
3022 1105 3240 1177 aliquid
3297 1107 3429 1161 usui
3462 1107 3562 1161 ha-

1928 1196 2084 1264 bere,
2119 1194 2275 1267 quod
2305 1196 2361 1249 in
2396 1195 2660 1266 epistolis
2728 1195 2937 1265 lgnatii
2998 1196 3328 1261 damnatur,
3365 1212 3566 1250 verum

1928 1288 2101 1343 etiam
2134 1287 2277 1341 illud
2308 1303 2443 1342 cum
2504 1287 2852 1358 Hieronymo
2912 1287 3129 1358 passim
3163 1292 3220 1342 et
3268 1288 3569 1343 mordicus

1929 1379 2272 1445 defendere;
2316 1384 2489 1450 atque
2519 1380 2755 1434 easdem
2814 1378 3200 1435 nihilominus
3254 1395 3571 1449 agnoscere

1928 1470 2044 1524 imo
2075 1475 2130 1523 et
2159 1469 2377 1538 lgnatio
2408 1468 2705 1524 vindicare
2734 1468 3033 1539 epistolas.

2000 1557 2213 1613 Verum
2242 1574 2355 1613 non
2389 1574 2458 1614 ex
2490 1558 2614 1613 sola
2639 1574 2839 1614 eorum
2872 1573 3071 1614 secum
3094 1558 3171 1613 ita
3192 1558 3572 1630 pugnantium

1929 1651 2220 1706 discordia
2259 1650 2490 1707 elicitur
2522 1650 2938 1722 propositionis
2970 1651 3137 1707 illius
3172 1652 3396 1706 falsitas
3426 1668 3439 1717 ;
3474 1652 3573 1706 sed

1927 1740 2061 1795 inde
2094 1740 2264 1796 etiam
2298 1747 2495 1812 aperte
2547 1741 2854 1807 evincitur,
2889 1742 3041 1811 quod
3093 1741 3233 1795 varii
3296 1741 3411 1795 sint
3466 1758 3566 1795 va-

1928 1832 2146 1887 riarum
2181 1831 2573 1887 Ecclesiarum
2608 1847 2773 1895 usus,
2797 1837 2855 1886 et
2884 1848 2952 1886 ea
2982 1850 3111 1902 qua
3165 1833 3233 1887 ad
3296 1831 3563 1902 discipli-

177 1933 423 2002 omnino,
457 1939 609 1992 teste
653 1935 1004 2009 Hieronymo
1062 1942 1119 1992 et
1165 1936 1445 2009 Euiychio
1486 1935 1815 2008 patriarcha
1845 1937 1893 2002 Β
1928 1938 2060 1976 nam
2095 1926 2357 1993 spectant
2388 1921 2443 1974 in
2474 1921 2719 1975 diversis
2748 1920 3021 1977 Ecclesiis
3051 1922 3277 1976 diverso
3310 1922 3481 1976 modo
3504 1937 3567 1977 se

175 2020 584 2091 Alexandrino,
620 2028 743 2079 erat
772 2026 1039 2081 Ecclesia
1074 2026 1476 2081 Alexandrina
1508 2024 1813 2081 usus.Hie-

176 2126 443 2179 ronymus
477 2113 696 2185 quippe
720 2114 840 2169 hac
872 2115 940 2169 de
967 2115 1066 2169 illo
1099 2115 1341 2171 tradidit
1370 2114 1415 2149 τί
1444 2130 1457 2169 :
1510 2138 1537 2165 «
1577 2114 1814 2169 Alexan-

175 2200 357 2255 driaa
413 2205 606 2258 Marco
649 2203 1003 2273 evangelista
1067 2220 1254 2276 usque
1302 2206 1372 2260 ad
1428 2204 1725 2259 Heraclam
1759 2206 1815 2258 et

185 2288 511 2362 Dionysium
546 2292 869 2363 episcopos,
907 2293 1230 2364 presbyteri
1269 2310 1503 2366 semper
1532 2310 1713 2348 unum
1747 2309 1815 2348 ex

178 2393 233 2432 se
253 2378 488 2436 electum
533 2381 589 2435 in
620 2382 919 2438 excelsiori
952 2385 1138 2455 gradu
1198 2384 1547 2439 collocatum
1583 2383 1811 2455 episco-

184 2484 307 2537 pum
341 2470 769 2526 nominabant:
796 2473 1086 2543 quomodo
1117 2473 1163 2528 si
1186 2472 1473 2528 exercitus
1506 2474 1814 2543 imperato-

179 2572 287 2611 rem
315 2558 505 2623 faciat,
546 2566 642 2614 aul
672 2559 903 2615 diaconi
944 2561 1161 2633 eligant
1193 2563 1264 2617 de
1296 2579 1377 2631 se,
1412 2578 1585 2634 quem
1643 2560 1813 2615 indu-

180 2644 370 2701 strium
395 2650 687 2715 noverint,
720 2655 780 2704 et
811 2650 1282 2707 archidiaconum
1306 2656 1534 2707 vocent.
1572 2672 1598 2700 »
1630 2651 1813 2720 Euty-

178 2732 327 2789 chius
349 2743 542 2792 autem
562 2738 631 2793 de
654 2739 855 2794 eodem
882 2756 992 2795 usu
1022 2740 1141 2795 hac
1166 2742 1368 2796 scribit
1390 2742 1437 2776 ²²
1463 2758 1475 2796 :
1502 2740 1815 2797 Constituit

180 2822 399 2882 Marcus
455 2828 819 2899 evangelista
890 2832 1188 2887 duodecim
1252 2834 1618 2905 presbyteros
1674 2846 1809 2885 cum

177 2915 405 2984 Anania,
430 2917 535 2989 qui
570 2934 779 2989 nempe
811 2925 1116 2976 manerent
1143 2939 1273 2976 cum
1311 2920 1808 2993 patriarcha,adeo

182 3008 239 3057 ut
283 3021 410 3062 cum
454 3012 689 3062 vacaret
740 3012 1193 3078 patriarchatus,
1218 3011 1503 3082 eligerent
1535 3026 1717 3065 unum
1778 3024 1808 3064 e

181 3093 540 3165 presbyteris,
572 3097 743 3167 cujus
771 3099 942 3168 capiti
972 3100 1237 3155 undecim
1301 3115 1511 3155 manus
1542 3098 1806 3170 impone-

174 3186 308 3248 rent,
341 3200 595 3257 eumque
660 3187 1097 3257 benedicerent,
1129 3194 1186 3243 et
1242 3188 1631 3260 patriarcham
1666 3204 1803 3243 eum

1926 2011 2197 2079 habeant,
2231 2027 2295 2066 ac
2321 2011 2745 2065 mutationibus
2776 2011 2895 2067 sint
2923 2010 3192 2067 obnoxia.
3225 2011 3387 2075 Quod
3433 2011 3564 2079 qui-

1924 2100 2055 2155 dem
2087 2116 2220 2155 cum
2245 2101 2572 2156 innumeris
2603 2100 2768 2155 facile
2788 2101 3017 2171 probari
3045 2104 3238 2172 posset
3258 2100 3564 2172 exemplis,

1923 2205 1991 2244 ex
2022 2189 2170 2260 ipso,
2205 2189 2306 2260 qui
2339 2189 2632 2259 ohjicitur,
2690 2189 3093 2245 Alexandrina
3155 2190 3418 2245 Ecclesia
3452 2206 3563 2245 usu

1924 2278 2358 2333 demonstrasse
2391 2277 2667 2333 sufficiat.
2703 2276 2807 2331 Hic
2859 2276 3155 2331 enimvero
3186 2276 3442 2348 eligendi
3506 2281 3564 2331 et

1923 2365 2155 2420 creandi
2190 2365 2445 2435 episcopi
2481 2382 2625 2421 usus
2644 2365 3043 2421 Alexandrinis
3074 2365 3384 2437 peculiaris
3415 2370 3559 2423 erat.

1922 2452 2068 2509 Nam
2102 2452 2231 2508 siin
2264 2453 2394 2507 aliis
2426 2454 2699 2510 Ecclesiis
2729 2455 3035 2525 viguisset,
3071 2470 3256 2526 neque
3286 2456 3564 2528 Hierony-

1925 2559 2079 2607 mus,
2112 2559 2300 2614 neque
2352 2543 2667 2614 Eutychius
2698 2543 2858 2600 illius
2890 2550 3167 2614 tanquam
3201 2545 3280 2600 rei
3314 2546 3561 2616 alicujus

1923 2630 2242 2703 singularis
2276 2632 2551 2688 fecissent
2579 2636 2958 2689 mentionem.
2988 2638 3054 2689 At
3078 2634 3273 2689 nullus
3304 2636 3431 2691 sani
3466 2652 3561 2691 ca-

1924 2721 2057 2793 pitis
2089 2721 2263 2777 homo
2297 2721 2578 2793 epistolas
2618 2728 2674 2777 et
2730 2739 2905 2793 opera
2963 2723 3221 2788 illorum,
3255 2724 3353 2795 qui
3394 2724 3566 2792 juxta

1920 2809 2187 2867 Ecclesia
2219 2827 2334 2866 sua
2369 2827 2584 2866 morem
2618 2812 2959 2880 scribentes,
2993 2812 3213 2883 aliquid
3264 2814 3395 2869 usui
3431 2813 3562 2868 Ale-

1918 2900 2216 2955 xandrina
2249 2899 2513 2955 Ecclesia
2546 2901 2908 2956 contrarium
2940 2902 3328 2971 tradiderunt,
3390 2902 3561 2973 plane

1919 2989 2268 3060 penitusque
2298 2990 2485 3045 eidem
2518 2989 2790 3046 Ecclesia
2821 2989 2999 3046 fuisse
3046 2990 3346 3063 incognita
3397 2991 3558 3048 affir-

1920 3081 2186 3136 maverit.

1984 3174 2110 3225 Jam
2134 3186 2269 3226 vero
2304 3175 2367 3225 ut
2396 3172 2465 3227 ad
2496 3171 2784 3227 minorem
2840 3171 3296 3243 propositionem
3354 3174 3555 3229 venia-

177 3278 507 3340 crearent,et
529 3274 663 3329 dein
695 3275 884 3331 virum
918 3275 1174 3348 aliquem
1208 3277 1501 3349 insignem
1525 3277 1805 3349 eligerent
1836 3295 1885 3363 α
1916 3276 2070 3362 mils:
2104 3260 2265 3317 illius
2297 3261 2519 3317 ἶθῙείῐιε
2552 3262 2894 3363 Mamilius
2925 3279 3101 3333 quam
3133 3262 3372 3333 majoris
3388 3280 3554 3363 “Per-

179 3373 412 3434 eumque
443 3380 646 3419 secum
682 3365 1109 3421 constituerent
1140 3367 1266 3423 loco
1297 3368 1446 3437 ejus,
1480 3366 1580 3438 qui
1610 3367 1695 3423 sic
1727 3367 1806 3422 fa-

180 3454 295 3505 ctus
316 3458 400 3507 est
421 3454 754 3525 patriarcha
780 3472 794 3521 ;
826 3460 890 3509 ut
919 3456 999 3511 ita
1030 3472 1263 3529 semper
1292 3462 1589 3513 exstarent
1619 3456 1807 3513 unde-

182 3536 300 3594 cim.
348 3540 546 3612 Neque
581 3543 755 3597 desiit
788 3543 1135 3599 Alexandria
1199 3545 1539 3600 institutum
1598 3544 1704 3600 hoc
1736 3545 1807 3599 de

182 3627 535 3699 presbyteris,
600 3636 664 3685 ut
720 3630 940 3687 scilicet
994 3634 1353 3703 patriarchas
1425 3638 1689 3690 crearent
1736 3651 1806 3690 ex

181 3718 507 3788 presbyteris
540 3721 1069 3793 duodecim,usque
1099 3724 1169 3778 ad
1196 3728 1459 3796 tempora
1492 3722 1803 3779 Alexandri

179 3804 492 3870 patriarcha
524 3807 930 3878 Alexandrini,
961 3811 1059 3881 qui
1095 3810 1204 3865 fuit
1233 3827 1302 3865 ex
1340 3827 1585 3867 numero
1616 3811 1743 3878 318,
1769 3833 1798 3861 ››

176 3886 225 3943 id
244 3898 324 3946 est
354 3897 591 3951 Patrum
613 3896 848 3951 Nicana
879 3898 1507 3969 synodi.Alexandrina
1537 3916 1673 3971 ergo
1698 3900 1802 3955 Ec-

179 3976 335 4035 clesia
362 3986 607 4040 nescivit
629 3986 986 4042 contrarium
1022 4005 1193 4043 usum
1226 4005 1353 4044 esse
1367 4004 1497 4043 vere
1520 3988 1799 4060 apostoli-

177 4080 312 4125 cum.
348 4071 549 4143 lgnatii
582 4074 780 4145 itaque
811 4076 915 4130 viri
968 4077 1271 4149 apostolici
1302 4078 1583 4150 epistolas
1636 4086 1799 4134 notas

178 4170 275 4210 non
305 4158 524 4220 habuit.

233 4244 401 4307 Quam
433 4252 672 4309 infirma
701 4252 778 4308 sit
809 4255 929 4310 hac
961 4255 1344 4324 ratiocinatio,
1381 4261 1444 4312 ut
1473 4257 1797 4313 evidentius

174 4343 435 4407 appareat,
466 4357 532 4396 ea
581 4340 641 4395 in
674 4340 1001 4414 syllogismi
1054 4344 1301 4400 formam
1334 4346 1415 4401 ita
1462 4347 1797 4402 reducenda

173 4423 266 4477 est.
297 4423 553 4483 Ecclesia
586 4429 645 4483 in
678 4430 897 4500 quibus
956 4448 1097 4487 usus
1144 4433 1348 4504 viguit,
1383 4434 1660 4490 doctrina
1720 4437 1794 4491 ab

179 4507 376 4577 lgnatio
422 4516 477 4571 in
510 4518 779 4589 epistolis
828 4520 950 4574 suis
1009 4521 1221 4590 sapius
1282 4523 1793 4590 tradita,omnino

176 4602 495 4671 contrarius,
527 4622 609 4660 ea
640 4605 918 4677 epistolas
964 4607 1095 4664 illas
1128 4610 1287 4665 nullo
1348 4628 1586 4684 prorsus
1617 4614 1790 4669 modo

176 4692 324 4743 notas
356 4690 705 4750 habuerunt.
747 4697 917 4765 Atqui
950 4697 1006 4751 in
1044 4698 1298 4756 Ecclesia
1331 4701 1794 4770 Alexandrina,a

179 4775 346 4863 marco
358 4782 712 4855 evangelista
734 4800 919 4853 usque
934 4788 1003 4840 ad
1019 4787 1324 4843 Heraclam
1342 4794 1395 4843 et
1418 4790 1653 4863 Dionysi
1666 4810 1698 4847 u
1711 4810 1786 4861 m,

174 4861 250 4915 vel
278 4865 680 4943 Alexandrum,
714 4873 793 4928 uti
823 4873 1211 4947 Hieronymus
1246 4861 1681 4951 Eutychiusque
1708 4890 1787 4937 te-

174 4955 585 5040 stantur,viguit
616 4978 761 5017 usus
784 4962 1161 5034 doctrinm,sb
1188 4966 1413 5038 Ignatio
1438 4968 1494 5023 in
1518 4969 1785 5040 epistolis

174 5039 280 5129 Bilis
309 5046 526 5121 sapius;
560 5050 803 5119 tradita,
835 5052 1073 5109 omnino
1106 5039 1577 5128 contrarius.lpsi
1611 5058 1786 5129 igitur

175 5125 320 5217 plane
334 5138 676 5210 penitusque
698 5140 1006 5212 incognita
1022 5143 1256 5198 fuerunt
1278 5125 1781 5217 ignatii—epistola.

176 5210 335 5285 Hujus
365 5229 549 5282 autem
602 5210 929 5299 syllogismi
972 5236 1210 5301 utraque
1262 5210 1585 5305 praemissa,
1647 5252 1782 5293 cum

176 5309 337 5375 major
367 5322 480 5371 tum
512 5318 707 5373 minor
737 5321 1076 5390 propositio,
1109 5322 1349 5378 omnino
1380 5324 1527 5380 falsa
1574 5331 1683 5383 est.
1717 5327 1784 5381 Et

171 5393 382 5458 qnidem
416 5405 869 5475 pr0posititionis
894 5409 1130 5479 majoris
1162 5410 1386 5467 falsitas
1407 5428 1475 5468 ex
1501 5414 1646 5485 ipsis
1678 5416 1781 5470 ad-

180 5487 529 5548 versariorum
565 5494 870 5568 principiis
903 5497 1116 5553 invicte
1146 5499 1601 5558 demonstratur.
1636 5504 1782 5560 Nam

174 5576 461 5635 secundum
486 5580 719 5640 illorum
752 5589 810 5640 et
829 5586 1079 5642 aliorum
1112 5587 1371 5645 omnium
1408 5592 1781 5664 sententiam,

1919 3351 2121 3422 spicus
2156 3356 2245 3405 est
2274 3354 2330 3407 et
2360 3356 2582 3422 aperta.
2627 3351 3013 3424 Hieronymus
3046 3368 3253 3423 nempe
3299 3355 3356 3407 et
3386 3351 3560 3423 Euty-

1916 3439 2087 3495 chius
2108 3440 2179 3495 de
2208 3439 2509 3505 electione,
2532 3440 2945 3497 constitutione
2974 3444 3031 3497 et
3057 3440 3346 3497 creatione
3378 3442 3557 3496 unius

1916 3528 2182 3584 Ecclesiae
2215 3529 2616 3587 Alexandrina
2647 3531 2902 3602 episcopi
2937 3530 3294 3602 loquuntur:
3350 3533 3409 3587 in
3440 3531 3559 3603 epi-

1916 3618 2081 3674 stolis
2104 3623 2300 3675 autem
2337 3620 2537 3688 Ignatii
2562 3620 2756 3693 agitur
2786 3626 3016 3677 tantum
3063 3622 3134 3677 de
3168 3621 3419 3678 Ecclesia
3480 3623 3554 3677 ab

1914 3707 2037 3776 illo,
2078 3710 2323 3780 quijam
2354 3708 2405 3763 ei
2440 3715 2667 3780 praest,
2699 3710 2969 3783 episcOpo
3025 3712 3428 3781 gubernanda.
3485 3714 3554 3767 At

1915 3797 2075 3853 nulla
2106 3799 2360 3869 profecto
2390 3802 2479 3853 est
2510 3800 2994 3870 repugnantia,ut
3020 3800 3330 3871 episcopus
3361 3816 3395 3856 a
3426 3816 3553 3869 pre-

1912 3888 2162 3958 sbyteris
2183 3887 2401 3943 electus
2421 3893 2477 3943 et
2506 3893 2757 3955 creatus,
2792 3890 3010 3944 eisdem
3044 3894 3261 3958 postea,
3294 3894 3351 3946 et
3381 3896 3546 3946 cate-

1910 3977 1993 4031 ris
2010 3975 2279 4032 omnibus
2299 3975 2842 4047 ministris,totique
2872 3974 3138 4033 Ecclesia
3175 3978 3544 4047 praticiatur.

1911 4065 2052 4129 Quis
2092 4065 2248 4121 enim
2291 4063 2515 4120 nesciat
2571 4064 2897 4120 cardinales
2956 4064 3223 4120 Ecclesia
3279 4064 3549 4121 Romana

1910 4171 2096 4210 unum
2135 4170 2204 4210 ex
2235 4171 2297 4211 se
2317 4153 2593 4219 electum,
2625 4154 2685 4209 in
2730 4152 3026 4209 excelsiori
3058 4155 3241 4225 gradu
3302 4152 3550 4211 colloca-

1909 4245 2413 4317 tum,episcopum
2448 4252 2501 4300 et
2532 4260 2831 4300 summum
2859 4245 3189 4315 pontiticem
3222 4246 3545 4315 nominare,

1908 4333 2118 4404 eligere
2149 4340 2207 4389 et
2236 4350 2469 4390 creare:
2495 4333 2657 4389 illum
2683 4338 2877 4389 tamen
2912 4334 3346 4406 postejusmodi
3380 4333 3547 4390 insti-

1904 4424 2190 4480 tutionem
2225 4424 2539 4480 universali
2578 4423 2869 4492 Ecclesia,
2918 4423 3180 4496 ipsisque
3239 4442 3273 4481 a
3329 4425 3543 4497 quibus

1904 4531 2055 4587 papa
2085 4519 2313 4571 creatus
2364 4518 2473 4581 est,
2506 4514 2861 4587 superiorem
2913 4514 3191 4587 praponi.
3224 4519 3412 4587 Atque
3478 4520 3545 4572 ut

1903 4605 2236 4677 Hieronymi
2268 4605 2533 4677 exemplo
2567 4610 2819 4674 utamur,
2846 4605 2955 4662 etsi
2972 4606 3257 4663 exercitus
3288 4607 3540 4678 impera-

1905 4700 2085 4751 torem
2121 4697 2340 4761 fecerit,
2376 4696 2502 4767 ipse
2531 4700 2730 4751 tamen
2764 4696 3081 4767 imperator
3138 4698 3346 4764 factus,
3382 4696 3542 4753 omni

1902 4789 2107 4856 praest
2149 4784 2446 4843 exercitui.
2480 4785 2629 4841 Hinc
2679 4785 2931 4857 profecto
2986 4784 3373 4857 Hieronymus
3412 4787 3539 4858 epi-

1898 4890 2141 4946 scopum
2171 4874 2420 4931 electum
2445 4875 2504 4929 in
2536 4873 2833 4930 excelsiori
2851 4873 3034 4945 gradu
3056 4872 3322 4929 collocari
3356 4875 3540 4945 dixit;

1900 4967 1963 5018 ut
1988 4979 2118 5018 cum
2152 4962 2503 5036 presbyteris
2534 4967 2591 5018 et
2621 4962 2905 5034 Ecclesia,
2940 4962 3096 5019 sicut
3123 4961 3537 5033 imperatorem

1896 5051 2175 5110 exercitui
2208 5054 2530 5124 praefectum
2579 5056 2637 5108 et
2667 5053 3028 5125 superiorem
3081 5066 3211 5108 esse
3251 5052 3539 5126 signiﬁca-

1897 5145 2005 5197 ret.

1966 5231 2142 5303 Urget
2170 5227 2368 5287 Dallai
2402 5230 2672 5286 defensor
2689 5230 2734 5265 ²⁸
2756 5247 2770 5286 :
2806 5253 2834 5281 α
2850 5231 2902 5286 Si
2922 5232 3273 5305 presbyteris
3288 5231 3532 5290 Alexan-

1894 5321 2079 5377 drinis
2140 5321 2359 5377 licitum
2405 5321 2513 5375 fuit
2552 5321 2856 5392 episcopos
2905 5323 3281 5394 constituere,
3333 5323 3535 5394 quidni

1893 5411 2068 5467 etiam
2095 5410 2239 5468 alias
2259 5414 2481 5484 absque
2496 5410 2769 5482 episcopo
2803 5411 3132 5469 functiones
3156 5413 3314 5469 obire
3331 5412 3359 5467 τ
3382 5435 3409 5462 »
3424 5413 3538 5471 Sed

1893 5506 2097 5560 eodem
2132 5503 2351 5575 pariter
2380 5502 2552 5558 modo
2599 5501 2896 5557 dicemus:
2928 5500 2986 5555 Si
3018 5503 3435 5570 cardinalibus,
3486 5504 3539 5559 si

1892 5593 2171 5651 exercitui
2202 5593 2425 5650 licitum
2458 5593 2567 5649 fuit
2590 5608 2801 5666 papam
2835 5590 2921 5648 vel
2953 5590 3364 5662 imperatorem
3396 5611 3534 5653 con-

226 5701 268 5737 ²⁰
292 5722 405 5783 cap.
434 5713 487 5782 7,
520 5732 575 5791 p.
600 5716 728 5773 272.
807 5718 852 5755 '1
882 5718 1065 5793 epist.
1095 5721 1167 5777 85
1194 5722 1266 5779 ad
1288 5726 1501 5799 qugr.
1578 5726 1626 5764 3’
1656 5728 1716 5788 in
1744 5729 1821 5787 An

1943 5729 2063 5787 ibus
2092 5728 2287 5791 Roma
2317 5730 2489 5790 editis
2512 5746 2649 5791 ann.
2680 5730 2842 5792 4659.
2871 5731 2945 5789 23
2968 5746 3099 5806 pag.
3127 5733 3248 5792 121.
