3942 6302
347 428 464 490 507

1409 425 1473 486 S.
1521 424 1913 488 IGNATlUS.
1957 456 2036 475 -ι
2077 426 2705 492 PROLEGOMENA.

3636 436 3756 496 508

348 563 612 627 stituere,
647 560 849 633 quidni
877 559 1051 615 etiam
1086 558 1231 614 alias
1263 558 1486 629 absque
1512 574 1661 630 papa
1692 559 1779 613 vel
1816 559 1995 629 impe-
2030 563 2081 627 Α
2185 560 2464 618 Preterea
2493 562 2615 620 leve
2639 563 2881 620 omnino
2911 572 2963 619 et
2995 564 3271 620 sublesta
3301 564 3437 621 fidei
3470 571 3562 622 est
3591 567 3757 623 testi-

347 657 536 706 ratore
566 650 728 706 obire
761 648 1132 705 functiones?
1183 648 1318 711 Quae
1352 648 1591 719 quidem
1637 664 1810 719 quam
1848 647 1993 704 falsa

348 741 467 797 sint
497 746 553 795 et
580 758 610 793 a
640 757 774 795 vero
806 740 1016 803 aliena,
1052 754 1245 803 nemo,
1278 737 1505 809 opinor,
1538 754 1652 793 non
1689 737 1859 793 videt.

348 859 375 926 §
421 856 511 912 IlI.
560 858 699 911 Num
757 856 1001 927 epistolae
1040 855 1247 924 lgnatii
1304 855 1547 910 ecclesiis
1612 856 1853 927 Αεῖρῃριί,
1912 854 1996 910 vel

415 928 756 996 [Ethiophiz
777 926 857 983 uel
889 930 1204 984 Germaniae
1223 927 1741 995 Baioariorum,aut
1770 926 1992 994 Scotiae,

415 1008 513 1056 aut
543 1002 646 1055 alii
673 1003 884 1071 fuerint
915 1000 1231 1069 incognitae.

2106 652 2367 707 monium
2395 652 2677 724 Eutychii,
2702 670 2875 724 quem
2908 659 2967 709 et
2996 654 3210 709 saeculo
3260 660 3487 710 tantum
3516 656 3752 712 decimo

2103 741 2426 812 scripsisse,
2452 759 2517 798 ac
2546 744 2713 814 plura
2735 743 2829 799 hic
2863 760 3132 814 peccasse
3162 761 3331 799 nemo
3364 746 3752 801 inﬁciabitur.

2104 830 2184 884 Ex
2215 830 2483 901 pluribus
2504 837 2697 887 autem
2721 831 2882 888 illius
2910 836 3122 888 erratis
3152 832 3298 888 illud
3333 832 3521 888 solum
3555 837 3758 890 obser-

2104 918 2395 985 vabimus,
2430 921 2583 991 quod
2617 921 2845 976 nullum
2878 920 2934 975 in
2970 921 3281 992 provinciis
3303 922 3527 993 Egypti
3567 924 3753 979 tuisse

2104 1006 2443 1079 episcopum
2479 1016 2842 1073 narrat,vero
2876 1027 2990 1065 non
3018 1010 3196 1065 videri
3227 1011 3557 1079 simile,sed
3593 1013 3763 1067 falsi-

418 1118 603 1171 lnstat
625 1121 820 1172 tamen
850 1115 1119 1184 Dallaaus,
1154 1130 1258 1170 nec
1289 1115 1395 1170 soli
1432 1113 1855 1180 Alexandrinae,
1892 1129 1952 1169 se

2169 1097 2241 1151 tis
2272 1113 2511 1167 prorsus
2542 1106 2901 1170 suspectum.
2937 1099 3000 1154 In
3032 1100 3252 1171 synodo
3282 1102 3497 1156 etenim
3523 1103 3597 1156 ab
3621 1102 3761 1157 Ale-

349 1205 625 1260 omnibus
656 1205 1135 1275 £3ypti,necnon
1158 1203 1460 1274 {Ethiopim
1494 1202 1765 1258 Ecclesiis
1782 1203 1995 1273 episto-

349 1294 436 1349 las
470 1294 677 1365 lgnatii
738 1294 1064 1365 incognitas
1118 1292 1295 1348 fuisse
1333 1308 1400 1347 ex
1432 1294 1633 1347 eodem
1693 1293 1997 1364 Eutychio,

351 1386 693 1457 eodemque,
718 1386 869 1455 quod
906 1384 1049 1440 satis
1083 1401 1374 1456 superque
1404 1385 1762 1439 confutatum
1789 1388 1994 1449 est,ar-

349 1481 629 1545 gumento
663 1475 945 1530 conﬁcere
977 1491 1037 1529 se
1066 1491 1235 1545 posse
1267 1475 1603 1529 arbitratur.
1640 1495 1667 1524 «
1700 1473 1821 1541 Hic,
1859 1496 1886 1523 ››
1919 1474 1997 1528 ait

353 1564 599 1619 Dallesus
620 1565 691 1618 d3
722 1563 1000 1634 Eutychio
1032 1563 1278 1634 loquens
1301 1563 1367 1629 9‘,
1388 1585 1415 1613 ‹‹
1452 1565 1623 1618 etiam
1650 1561 1995 1633 aliudquid-

350 1654 483 1709 dam
520 1670 634 1708 non
698 1653 895 1708 minus
928 1653 1189 1707 mirabile
1223 1670 1327 1708 nos
1383 1654 1591 1708 docet:
1636 1653 1717 1706 Ab
1749 1653 1998 1717 Anania,

348 1742 741 1814 inquit,quem
778 1742 1083 1798 constituit
1110 1742 1337 1798 Marcus
1360 1742 1716 1812 evangelista
1749 1743 1997 1812 patriar-

352 1835 522 1889 cham
550 1832 907 1889 Alexandriae
967 1850 1152 1904 usque
1184 1834 1242 1887 in
1274 1838 1537 1905 tempora
1567 1832 1844 1887 Demetrii
1908 1848 1999 1902 pa-

2103 1185 2322 1240 xandro
2345 1188 2617 1260 episcopo
2635 1188 3001 1243 Alexandriae
3015 1190 3291 1245 adversus
3307 1192 3504 1245 Arium
3534 1201 3762 1260 coacta,

2106 1273 2224 1330 fere
2253 1283 2489 1331 centum
2513 1278 2771 1351 episcopi
2806 1280 3150 1336 interfuere:
3188 1302 3216 1331 «
3242 1281 3358 1339 Nos
3389 1299 3523 1336 cum
3554 1282 3748 1349 aliis,-

2108 1363 2314 1436 inquit,
2350 1388 2378 1417 κ
2403 1368 2518 1422 fere
2549 1374 2780 1424 centum
2812 1369 3037 1442 Egypti
3069 1376 3126 1424 et
3156 1370 3345 1442 Libyas
3377 1371 3674 1443 episcopis
3696 1372 3758 1426 in

2109 1468 2290 1509 unum
2324 1456 2783 1524 convenientes,»
2815 1464 2922 1514 etc.
2947 1463 3013 1514 At
3042 1476 3172 1515 vero
3193 1477 3225 1515 ι
3257 1460 3533 1515 Demetrii
3570 1467 3760 1517 morte

2110 1561 2296 1615 usque
2328 1548 2397 1602 ad
2429 1565 2645 1604 annum
2671 1549 2796 1615 318,
2821 1566 2935 1622 quo
2961 1551 3276 1606 concilium
3308 1551 3454 1606 illud
3489 1553 3759 1607 celebra-

2106 1638 2232 1689 tum
2266 1641 2473 1705 est,tot
2503 1639 2874 1710 episcopatus
2906 1655 3106 1696 recens
3128 1646 3351 1695 erectos
3384 1642 3591 1707 fuisse,
3625 1641 3762 1712 quis

2110 1725 2467 1781 crediderit?
2496 1728 2645 1791 Quid
2663 1729 2816 1798 quod
2848 1730 3451 1785 Eusebiustestatur"
3474 1730 3763 1801 Nepotem

2112 1815 2337 1886 Egypti
2361 1816 2829 1889 episcopum,qui
2853 1835 3078 1875 errores
3109 1819 3521 1875 Chiliastarum
3545 1823 3767 1877 docue-

353 1924 637 1989 lriarchte,
672 1922 871 1979 nullus
903 1929 1026 1978 erat
1056 1924 1116 1978 in
1167 1922 1476 1993 provinciis
1516 1922 1743 1993 Egypti
1775 1921 1956 1992 episcc

2163 1909 2220 1974 it,
2254 1909 2308 1958 et
2340 1910 2465 1973 jam
2518 1906 2737 1976 pridem
2790 1913 3036 1963 mortem
3085 1908 3324 1973 obierat,
3385 1927 3419 1963 a
3474 1909 3757 1981 Dionysio

354 2031 467 2085 pus
494 2031 506 2069 :
532 2030 637 2069 nec
666 2014 1010 2085 patriarchae
1040 2020 1174 2068 ante
1210 2029 1343 2068 eum
1376 2021 1642 2067 crearunt
1671 2010 1997 2082 episcopos.

352 2106 423 2161 Et
455 2106 679 2175 primus
720 2105 811 2160 hic
873 2104 983 2159 fuit
1016 2104 1346 2175 patriarcha
1399 2103 1841 2169 Alexandrinus,
1901 2101 1999 2170 qui

352 2195 657 2265 episcopos
691 2194 842 2249 fecit.
878 2216 905 2243 ››
940 2198 1017 2247 Ex
1049 2193 1286 2264 [Egypto
1319 2197 1512 2247 autem
1546 2192 1603 2245 in
1647 2190 1999 2261 [EthiOpiam

353 2283 760 2338 transvolans:
795 2304 822 2333 ‹‹
860 2282 920 2337 In
957 2283 1139 2349 omni,
1170 2304 1196 2330 ››
1230 2282 1438 2352 inquit,
1473 2304 1501 2330 ‹‹
1560 2279 1861 2350 Ethiopias
1894 2279 1999 2334 Ec-

355 2370 531 2426 clesia
558 2388 709 2426 unus
742 2376 832 2426 est
854 2372 974 2440 jam
996 2371 1065 2424 ab
1093 2370 1353 2441 antiquis
1384 2368 1747 2439 temporibus
1783 2367 2002 2438 episco-

356 2476 466 2530 pus
501 2461 722 2528 Abuna,
756 2464 820 2514 ut
848 2463 1077 2527 vocant,
1098 2459 1153 2513 id
1183 2464 1273 2513 est
1306 2457 1659 2528 patriarcha,
1695 2458 1793 2529 qui
1825 2456 1996 2512 etiam

362 2546 534 2603 hodie
582 2548 653 2603 ab
710 2546 1098 2602 Alexandrino
1148 2545 1480 2616 patriarcha
1524 2549 1900 2601 consecratur
1946 2550 2004 2600 et

362 2637 636 2693 mittitur.
671 2637 834 2693 Unus
874 2636 968 2691 hic
1027 2637 1082 2690 in
1132 2642 1252 2691 tota
1283 2634 1565 2706 Ethiopia
1603 2634 1838 2691 ordines
1869 2651 1998 2691 con-

354 2727 487 2794 fert,
523 2743 710 2798 neque
742 2726 884 2781 alios
915 2727 1142 2782 confert
1172 2742 1349 2797 quam
1379 2725 1745 2781 diaconatum
1780 2732 1835 2780 et
1866 2740 1997 2796 pre-

357 2816 738 2888 sbyteratum.
778 2839 800 2867 ι
835 2818 1029 2870 Testes
1060 2820 1254 2870 autem
1279 2814 1526 2883 hujusce
1558 2818 1635 2868 rei
1668 2814 1809 2869 citat
1838 2813 2000 2869 Nico-

356 2903 510 2959 laum
556 2905 868 2960 Godinium
904 2921 934 2959 e
989 2909 1276 2960 Societate
1313 2904 1480 2971 Jesu,
1514 2908 1571 2958 et
1627 2903 1998 2975 Alphonsnm

358 2994 711 3051 Mindesium
755 3012 821 3050 ex
851 2996 1054 3049 eadem
1116 2994 1423 3061 Societate,
1458 3010 1523 3048 ac
1551 2998 1751 3064 postea
1783 2992 2000 3047 Ethio-

357 3085 496 3154 picae
531 3085 721 3157 gentis
754 3083 1171 3156 patriarcham,
1202 3088 1258 3138 et
1310 3083 1594 3138 Joannem
1655 3100 1688 3137 a
1748 3081 1999 3151 Sanctis,

360 3170 807 3226 Dominicanum
862 3187 895 3225 a
954 3169 1200 3224 Godinio
1254 3169 1580 3236 laudatum,
1642 3184 1707 3223 ac
1764 3169 1999 3223 tandem

2110 1993 2501 2049 Alexandrino
2528 1997 2708 2052 fuisse
2743 1996 3133 2054 confutatum.
3161 2000 3324 2053 Unde
3352 2016 3465 2053 non
3496 2000 3759 2054 absurde

2112 2081 2406 2153 colligitur
2436 2086 2707 2139 eumdem
2729 2085 3007 2156 Nepotem
3034 2094 3166 2141 ante
3190 2087 3469 2142 Demetrii
3490 2094 3761 2157 tempora

2110 2170 2367 2242 aliquam
2417 2173 2475 2227 in
2515 2178 2759 2245 Egypto
2789 2177 2985 2230 sedem
3019 2177 3279 2231 tenuisse
3334 2176 3761 2247 episcopalem.

2110 2258 2370 2330 Denique
2402 2261 2844 2333 Metaphrastes,
2886 2264 2985 2334 qui
3020 2280 3132 2318 non
3168 2264 3409 2319 minoris
3439 2270 3529 2320 est
3579 2281 3763 2336 quam

2108 2347 2429 2419 Eutychius
2461 2352 2825 2407 auctoritatis
2852 2356 2909 2405 et
2939 2352 3233 2423 ponderis,
3268 2354 3448 2408 tradit
3494 2356 3765 2410 Marcum

2117 2457 2137 2485 κ
2172 2436 2304 2492 aliis
2336 2454 2569 2510 quoque
2617 2440 2890 2497 Ecclesiis
2942 2440 3113 2513 longe
3148 2442 3375 2513 lateque
3426 2443 3762 2513 episcopos,

2110 2529 2477 2599 presbyteros
2507 2534 2565 2584 et
2594 2530 2870 2585 diaconos
2901 2529 3153 2586 dedisse.
3190 2553 3218 2581 »

2183 2621 2473 2683 Quantum
2524 2620 2595 2674 ad
2625 2619 2924 2692 jEthiOpiaa
2969 2620 3310 2689 Ecclesiam,
3335 2619 3464 2690 quis
3498 2637 3614 2676 non
3651 2620 3765 2675 mi-

2111 2708 2271 2761 retur
2289 2707 2617 2763 inauditum
2634 2709 2829 2765 Dallaei
2843 2710 3090 2781 ejusque
3103 2710 3426 2766 defensoris
3448 2726 3767 2782 argumen-

2108 2796 2268 2850 tandi
2284 2812 2470 2868 genus
2492 2798 2519 2851 ‘?
2540 2797 2791 2871 Uterque
2807 2799 3047 2854 enimex
3074 2799 3479 2855 recentissimo
3503 2804 3765 2871 quatuor

2108 2886 2285 2957 hujus
2340 2892 2399 2942 et
2427 2889 2743 2959 superioris
2767 2889 2964 2945 saeculi
2998 2894 3324 2955 auctorum,
3358 2890 3427 2945 de
3456 2889 3629 2943 rebus
3661 2888 3763 2943 sui

2111 2978 2391 3049 temporis
2426 2978 2829 3048 scribentium,
2863 2979 3199 3035 testimonio
3233 2996 3415 3035 unum
3466 2979 3764 3034 duntaxat

2107 3068 2445 3139 episcopum
2493 3070 2564 3124 ab
2597 3069 2759 3125 initio
2793 3068 3136 3125 Christianae
3176 3068 3473 3142 religionis
3503 3069 3583 3124 ibi
3616 3086 3764 3125 con-

2108 3159 2379 3214 stitutum
2440 3159 2623 3216 fuisse
2678 3160 3051 3216 concludunt.
3086 3160 3261 3224 Quasi
3316 3177 3446 3215 vero
3478 3178 3580 3232 per
3638 3165 3767 3215 tam

361 3259 733 3315 Franciscum
765 3257 1026 3324 Alvarez,
1066 3275 1268 3313 omnes
1297 3258 1544 3329 hujusce
1596 3255 1681 3313 vel
1728 3257 2001 3329 praeteriti
2032 3252 2078 3316 C
2108 3246 2282 3319 longa
2312 3249 2654 3305 δωουιοτιιω
2679 3250 2868 3322 Spatia
2893 3249 3138 3306 mutatio
3189 3248 3348 3305 nulla
3381 3250 3462 3305 ibi
3495 3249 3620 3304 ﬁeri
3654 3266 3765 3321 p0-

360 3348 555 3404 steculi
592 3349 925 3419 scriptores.
960 3347 1133 3418 Atqui
1166 3346 1301 3402 huic
1335 3346 1726 3401 Ecclesiarum
1772 3346 2001 3419 EEgypti

359 3442 416 3492 et
444 3437 748 3507 [Ethiopiaa
782 3437 934 3502 usui,
971 3436 1163 3505 inquit
1194 3435 1728 3505 Dallteus,doctrina
1759 3436 1814 3491 in
1841 3438 2002 3507 lgna-

355 3527 422 3583 tii
456 3526 722 3599 epistolis
752 3526 984 3596 tradita,
1009 3542 1125 3597 qua
1156 3525 1301 3580 nihil
1335 3527 1460 3581 sine
1490 3524 1761 3598 episcopo
1787 3526 1998 3582 facien-

358 3617 499 3671 dum
524 3632 651 3671 esse
682 3615 1159 3688 definitur,plane
1190 3616 1537 3688 penitusque
1569 3618 1861 3673 contraria
1890 3622 2001 3674 est.

362 3706 522 3762 Hanc
553 3723 689 3779 ergo
721 3705 1096 3778 apostolicam
1130 3707 1452 3762 doctrinam
1485 3723 1632 3769 esse.
1657 3712 1834 3780 atque
1860 3711 2002 3764 adeo

359 3796 638 3869 epistolas
670 3795 877 3866 lgnatii
901 3794 1071 3867 plane
1113 3801 1358 3868 utraque
1390 3795 1649 3852 Ecclesia
1666 3798 1928 3852 nescivit.

435 3887 646 3943 Verum
677 3886 725 3942 si
750 3886 1077 3958 Eutychius
1110 3887 1385 3957 quiddam
1414 3887 1486 3942 de
1534 3888 1862 3959 Egyptiaca
1894 3888 2002 3943 Ec-

362 3974 541 4031 clesia
574 3975 839 4031 mirabile
875 3991 976 4031 nos
1015 3975 1236 4040 docuit,
1274 3976 1598 4031 mirabilior
1628 3976 1886 4045 profecto
1917 3981 2006 4032 est

360 4064 507 4120 falsa
567 4064 763 4120 Dallaei
824 4081 893 4119 ex
953 4064 1235 4137 Eutychio
1294 4064 1537 4137 repetita
1559 4066 2000 4137 argumentatio.

363 4153 497 4209 Esto
529 4155 680 4209 enim
706 4171 861 4209 unus
892 4154 951 4208 in
981 4160 1102 4209 toto
1132 4154 1369 4225 [Egypto
1432 4154 1606 4209 fuerit
1668 4155 2003 4226 episcopus,

366 4259 519 4298 unus
552 4244 607 4296 in
644 4242 955 4311 Aithiopia,
987 4259 1142 4298 unus
1168 4242 1341 4298 etiam
1375 4242 1433 4297 in
1463 4242 1722 4313 Scythia,
1755 4243 2004 4315 aliisque

365 4348 398 4386 a
433 4330 625 4387 Dallaei
647 4332 949 4386 defensore
980 4348 1093 4386 non
1122 4332 1249 4385 sine
1282 4331 1434 4386 fastu
1470 4332 1711 4401 objectis
1762 4333 2009 4405 regioni-

364 4421 496 4476 bus.
530 4420 684 4475 Nihil
718 4437 858 4474 sane
887 4420 964 4475 ibi
994 4421 1202 4492 lgnatii
1232 4422 1494 4491 epistolis
1551 4439 1882 4494 repugnans
1912 4424 2006 4478 de-

364 4508 769 4580 prehenditur.
797 4509 1017 4563 Etenim
1052 4511 1318 4581 quamvis
1352 4528 1504 4566 unus
1532 4510 1589 4565 in
1624 4511 1796 4579 iis,ut
1818 4512 2001 4577 aiunt,

2110 3338 2328 3393 tuerit?
2357 3339 2559 3395 Plures
2581 3356 2719 3396 sane
2741 3340 2800 3395 in
2834 3339 3129 3411 [Ethiopia
3158 3339 3297 3396 olim
3331 3339 3509 3395 fuisse
3533 3339 3770 3411 episco-

2111 3428 2214 3497 poi
2249 3444 2318 3483 ex
2350 3428 2493 3500 ipsis
2547 3430 3011 3485 adversariorum
3045 3429 3350 3500 principiis
3397 3427 3623 3499 liquido
3655 3427 3766 3483 de-

2112 3524 2497 3575 monstratur.
2531 3520 2781 3576 Dallaaus
2817 3536 3066 3591 namque
3121 3519 3503 3591 Ethiopicam
3556 3517 3763 3573 Eccle-

2112 3606 2259 3663 siam
2294 3607 2551 3679 appellat
2582 3608 3059 3680 antiquissimam
3087 3613 3144 3663 et
3188 3608 3617 3665 nobilissimam
3651 3607 3767 3663 Ec-

2112 3697 2301 3754 clesiae
2330 3698 2676 3770 [Egyptiacaa
2717 3699 3039 3754 traducem.
3077 3698 3252 3769 Atqui
3285 3715 3355 3754 ex
3380 3698 3582 3753 eodem
3614 3696 3763 3751 Dal-

2111 3787 2216 3843 lteo
2264 3787 2523 3843 Ecclesia
2568 3786 2956 3843 Alexandrina
3003 3787 3209 3844 saltem
3280 3791 3410 3860 post
3482 3787 3766 3844 Demetrii

2111 3882 2336 3934 aetatem
2364 3877 2560 3948 plures
2592 3877 2799 3933 habuit
2833 3879 3157 3950 episcopos.
3185 3877 3358 3933 Recte
3390 3878 3569 3949 igitur
3598 3877 3676 3932 hu
3690 3895 3765 3933 ne

2112 3967 2309 4038 plures
2340 3967 2573 4024 creandi
2605 3967 2910 4040 episcopos
2929 3985 3100 4024 usum
3133 3968 3205 4023 ab
3228 3967 3617 4025 Alexandrina
3649 3968 3765 4023 Ec-

2112 4056 2290 4112 clesia
2319 4056 2391 4112 ad
2420 4056 2828 4128 Ethiopicam,
2866 4073 2994 4128 quas
3019 4056 3103 4112 illi
3137 4057 3527 4125 80b61'di,jttti}
3560 4057 3633 4111 ab
3662 4056 3764 4111 his

2112 4146 2905 4218 temporibustransmissum
2942 4146 3120 4203 fuisse
3152 4147 3287 4201 inde
3310 4145 3765 4217 colligas.Porro

2113 4243 2307 4294 autem
2335 4238 2649 4294 adversarii
2681 4243 2816 4293 ante
2832 4239 3107 4294 Demetrii
3140 4244 3404 4310 tempora
3437 4238 3763 4294 Ecclesiam

2110 4326 2410 4398 Ethiopias
2440 4328 2512 4383 ab
2538 4326 2931 4383 Alexandrina
2969 4328 3252 4398 originem
3286 4344 3455 4383 suam
3484 4326 3765 4382 hausisse

2111 4416 2397 4472 incertum
2421 4432 2549 4472 esse
2580 4417 2922 4484 concedunt,
2959 4434 3134 4488 quam
3170 4417 3269 4472 alii
3301 4418 3372 4472 ad
3414 4415 3761 4472 eunuchum

2118 4507 2328 4578 reginae
2367 4506 2727 4577 IEthiopum,
2759 4506 2844 4562 vel
2877 4506 2948 4561 ad
3008 4506 3301 4578 apostolos
3351 4506 3638 4561 Thomam
3672 4506 3765 4561 vel

364 4599 702 4671 regionibus
734 4600 942 4655 fuisset
970 4601 1301 4673 episcopus,
1331 4602 1388 4657 id
1421 4607 1616 4657 tamen
1651 4618 1763 4657 non
1808 4602 2003 4673 prohi-
2030 4610 2076 4675 D
2108 4595 2447 4650 Matthmum
2481 4595 2844 4650 referendam
2876 4610 3005 4652 esse
3041 4595 3420 4650 arbitrantur.

362 4688 510 4757 buit,
544 4688 859 4759 quominus
889 4689 995 4758 ibi,
1024 4691 1197 4746 sicuti
1241 4706 1397 4747 nunc
1455 4693 1513 4747 in
1558 4692 1831 4747 omnibus
1876 4709 2003 4747 am-

364 4778 641 4848 plissimae
668 4779 929 4835 dioecesis
956 4780 1312 4850 civitatibus,
1336 4780 1564 4851 oppidis
1594 4788 1647 4835 et
1677 4780 1841 4846 vicis,
1875 4798 2003 4852 qum

2181 4684 2292 4739 Sed
2323 4684 2444 4739 hac
2466 4700 2535 4739 ex
2562 4683 2885 4738 abundanti
2910 4683 3065 4738 dicta
3087 4683 3435 4739 sunto.Nam
3458 4683 3581 4742 sive
3602 4700 3765 4741 unus

2110 4772 2233 4829 sive
2264 4774 2463 4844 plures
2494 4772 2551 4826 in
2585 4776 2828 4844 Egypto
2860 4776 2916 4828 et
2944 4771 3260 4844 IEthiOpia,
3286 4779 3459 4842 atque
3489 4773 3667 4829 etiam
3704 4774 3763 4829 in

367 4869 478 4925 sub
515 4869 687 4924 unius
731 4870 987 4942 episcopi
1043 4871 1261 4925 ditione
1310 4875 1465 4937 sunt,
1498 4870 1695 4924 omnia
1719 4887 1787 4925 ex
1843 4871 2003 4928 illius
2106 4862 2345 4934 Scythia
2374 4861 2589 4916 fuerint
2620 4860 2899 4932 episcopi,
2935 4860 3081 4916 nihil
3141 4860 3277 4916 inde
3309 4868 3514 4916 contra
3540 4863 3761 4933 lgnatii

365 4959 631 5029 imperio,
666 4959 928 5030 nihilque
944 4960 1069 5015 sine
1095 4960 1223 5028 ejus
1253 4959 1544 5014 sententia
1575 4958 1832 5014 fieret.Et
1863 4977 2006 5017 sane

361 5047 510 5103 illud
541 5050 810 5104 Patribus
841 5049 1069 5106 concilii
1105 5048 1410 5104 Laudiceni
1446 5050 1586 5104 adeo
1611 5058 1732 5104 erat
1762 5066 2002 5120 persua-

364 5154 517 5205 sum,
546 5142 610 5192 ut
640 5138 698 5191 in
730 5138 948 5194 villulis
978 5142 1031 5193 et
1063 5138 1219 5209 agris
1247 5137 1391 5191 nihil
1444 5142 1650 5209 printer
1701 5140 2000 5195 conscien-

364 5226 501 5283 tiam
534 5228 792 5298 episcopi
823 5227 1075 5283 civitatis
1110 5227 1399 5298 agendum
1433 5244 1561 5283 esse
1610 5228 1999 5285 sanciverint:

364 5328 393 5358 «
423 5307 545 5362 Non
580 5313 825 5380 oportet,
861 5331 889 5359 »
937 5307 1213 5378 inquiunt
1238 5307 1303 5373 2⁵,
1332 5330 1360 5358 ‹‹
1384 5309 1443 5363 ἱῑι
1473 5309 1688 5364 villulis
1737 5309 1823 5364 vel
1853 5311 2006 5381 agris

361 5395 665 5468 episcopos
696 5396 995 5466 constitui,
1055 5396 1156 5450 sed
1206 5396 1551 5453 visitatores.
1584 5397 2001 5455 Verumtamen

358 5484 711 5557 jampridem
737 5485 1042 5542 constituti
1064 5484 1209 5539 nihil
1228 5485 1442 5542 faciant
1469 5492 1679 5558 preter
1699 5488 2001 5544 conscien-

357 5573 501 5631 tiam
535 5574 793 5648 episcopi
823 5572 1087 5630 civitatis.
1128 5596 1156 5624 »

2111 4950 2293 5006 nostri
2318 4951 2675 5014 doctrinam;
2713 4950 2895 5005 multo
2926 4956 3123 5006 autem
3161 4952 3358 5006 minus
3390 4958 3593 5007 contra
3624 4951 3761 5023 Epi~

2111 5042 2394 5097 stolarum
2426 5041 2554 5110 ejus
2587 5041 2889 5097 veritatem
2920 5041 3129 5097 conﬁci
3164 5042 3443 5112 potest.Et
3462 5057 3598 5096 vero
3632 5042 3763 5097 diu-

2111 5130 2340 5185 tissime
2372 5135 2684 5202 postquam
2730 5129 2986 5200 epistolaa
3022 5130 3232 5201 lgnatii
3284 5130 3388 5185 toti
3428 5129 3769 5187 Christiano

2110 5218 2583 5274 orbinotissimm
2620 5220 2879 5286 fuerunt,
2932 5218 2989 5272 in
3024 5218 3261 5289 Scythia
3318 5218 3565 5288 aliisque
3627 5236 3767 5290 pro-

2108 5310 2317 5366 vinciis
2383 5327 2537 5365 unus
2584 5314 2816 5366 tantum
2867 5315 2992 5366 erat
3046 5311 3353 5381 episcopus
3405 5310 3771 5381 proindeque

2113 5399 2266 5455 hunc
2292 5415 2510 5456 morem
2539 5416 2673 5454 cum
2706 5399 2991 5462 doctrina,
3031 5398 3089 5453 in
3120 5398 3263 5453 tanti
3321 5398 3594 5469 martyris
3635 5401 3765 5470 epi-

2110 5490 2275 5545 stolis
2305 5490 2545 5556 tradita,
2566 5506 2825 5562 pugnare
2859 5506 3201 5561 persuasum
3224 5505 3337 5544 non
3370 5488 3690 5544 habebant.

2181 5580 2327 5633 Hinc
2357 5580 2474 5635 ruit
2503 5581 2656 5651 quod
2686 5578 2967 5637 similiter
2996 5578 3067 5634 de
3098 5578 3444 5634 Germanica
3464 5578 3771 5649 Bajoario-

431 5736 481 5774 “
509 5754 641 5809 pag.
675 5737 800 5792 274.
878 5736 923 5772 ³⁵
953 5733 1161 5792 concil.
1194 5737 1368 5794 Laod.
1401 5752 1528 5795 can.
1560 5738 1653 5794 57.
1688 5739 1733 5775 ﬂ
1760 5739 1956 5797 Ηίειον,

2163 5754 2244 5813 ut,
2277 5755 2405 5812 cap.
2436 5740 2529 5797 24.
