3942 6302
222 416 337 477 509

1194 420 1267 480 D.
1314 416 1648 480 NOURRII
1688 408 2232 475 DISSERTATIO.
2282 437 2361 453 ——
2402 404 2599 467 PARS
2640 404 2689 468 Ι.

3517 410 3641 470 510

221 573 349 611 rum
382 560 582 629 gente,
613 560 670 611 et
728 557 798 611 de
830 556 1019 612 Scotis
1054 557 1360 628 subjunxit
1393 553 1665 621 Dallaeus,
1698 546 1877 607 nimi-
1908 550 1964 615 Α
1994 544 2104 613 las,
2138 559 2326 615 neque
2356 543 2603 599 aliorum
2664 542 3053 615 plurimorum
3092 543 3310 615 scripta
3351 543 3633 612 laudavit,

221 663 349 701 rum
399 647 558 717 apud
595 645 914 716 Bajoarios,
978 651 1041 701 ut
1094 646 1408 718 Gregorius
1463 645 1560 711 III,
1605 655 1877 699 summus

220 736 511 808 pontifex,
546 740 856 804 memorat,
891 734 1120 791 nullum
1169 742 1304 791 ante
1332 735 1659 790 Vivilonem
1693 730 1878 786 fuisse

226 826 576 899 episcopum
612 843 625 881 :
660 827 812 897 apud
845 830 1048 883 Scotos
1093 843 1247 895 vero,
1282 827 1437 881 Beda
1477 828 1643 887 teste,
1669 819 1876 876 insulas

219 915 381 971 Jona:
400 916 673 972 abbatem
695 917 1098 988 presbyterum
1120 917 1282 972 omni
1304 914 1632 987 provincias,
1654 916 1711 967 et
1730 908 1876 982 ipsis

222 1006 405 1060 etiam
438 1004 731 1077 episcopis
763 1006 966 1060 ordine
998 1006 1278 1062 inusitato
1301 1005 1483 1060 fuisse
1515 1003 1870 1075 praefectum.

219 1094 370 1150 Nam
398 1100 686 1167 prmterqu
697 1112 788 1151 am
813 1096 968 1166 quod
987 1095 1123 1150 huic
1142 1094 1618 1166 argumentojam
1635 1106 1871 1161 respon-

220 1200 356 1239 sum
399 1187 510 1250 est,
563 1188 718 1240 certe
771 1184 1085 1256 Gregorius
1117 1184 1213 1254 IIl,
1268 1183 1412 1239 illud
1468 1188 1673 1238 contra
1716 1204 1742 1230 α
1776 1195 1872 1235 ec-

217 1271 618 1329 clesiasticum
679 1274 968 1339 ordinem,
1006 1295 1033 1323 »
1093 1274 1244 1328 Beda
1276 1278 1470 1329 autem
1506 1272 1616 1326 hoc
1652 1292 1679 1321 ‹‹
1711 1284 1872 1324 more

216 1360 505 1417 inusitato
535 1385 562 1411 »
613 1362 910 1434 peractum
957 1379 1087 1419 esse
1135 1363 1450 1417 afﬁrmant.
1485 1360 1631 1426 Quid
1685 1357 1871 1430 ergo?

214 1450 460 1507 Dicetne
509 1450 756 1507 Dallzeus
786 1452 1035 1523 ejusque
1088 1452 1360 1508 defensor
1407 1449 1604 1505 omnia
1637 1465 1764 1521 quae
1808 1448 1868 1502 in

216 1538 471 1594 aliorum
506 1544 811 1596 auctorum
846 1541 1082 1612 scriptis
1124 1544 1450 1596 secundum
1484 1539 1748 1595 ordinem
1777 1554 1871 1592 ec-

214 1627 633 1699 clesiasticum,
659 1635 714 1685 et
749 1646 909 1686 more
940 1630 1157 1685 usitato
1191 1630 1517 1701 peragenda
1548 1644 1676 1683 esse
1707 1629 1870 1681 doce-

214 1716 459 1784 bantur,
484 1735 551 1774 ea
572 1720 851 1790 Bajoariis
882 1724 937 1773 et
970 1719 1155 1775 Scotis
1173 1719 1491 1790 incognita,
1510 1717 1868 1789 proindeque

213 1808 423 1862 eadem
457 1809 677 1881 scripta
703 1808 849 1864 falsa
882 1824 1010 1864 esse
1040 1812 1097 1863 et
1128 1807 1499 1880 supposititia
1522 1808 1549 1862 ‘?
1582 1807 1640 1862 Si
1665 1807 1720 1860 id
1752 1805 1865 1860 sibi

211 1897 574 1967 persuadere
594 1898 840 1969 possint,
864 1898 1083 1953 nemini
1116 1903 1268 1953 certe.
1299 1914 1461 1969 aquo
1495 1912 1688 1951 rerum
1719 1894 1865 1950 aesti-
1894 1921 1943 1985 Β

211 1986 427 2042 maiori
454 1987 911 2056 persuadebunt.
934 1989 1212 2042 Caeterum
1250 1988 1486 2041 tametsi
1516 1985 1724 2058 Ignatii
1750 1984 1864 2054 epi-

207 2078 371 2131 stolae
422 2077 495 2131 ad
556 2076 955 2148 Bajoariorum
993 2081 1421 2147 Scotorumque
1462 2082 1696 2146 gentem
1745 2090 1860 2129 non

206 2167 642 2239 pervenissent,
676 2184 787 2223 non
816 2166 929 2221 illa;
949 2172 1168 2233 tamen,
1199 2167 1370 2222 sicuti
1394 2182 1497 2222 nec
1520 2166 1635 2221 alia
1665 2164 1862 2220 omnia

208 2256 448 2311 Patrum
483 2257 719 2326 scripta,
750 2272 878 2327 quas
937 2257 1006 2311 ad
1068 2257 1301 2311 eosdem
1346 2273 1460 2312 non
1511 2254 1861 2310 transmissa

207 2350 367 2411 sunt,
394 2344 669 2400 falsitatis
697 2350 754 2400 et
784 2345 1206 2416 suppositionis
1239 2353 1433 2401 essent
1453 2345 1767 2415 arguenda.

877 2451 1108 2509 CAPUT
1148 2452 1213 2508 X.

207 2576 567 2615 REFELLITUB
594 2577 767 2616 ALIUD
788 2577 1191 2616 ARGUMENTUM
1219 2577 1547 2617 NEGATIVUM
1565 2577 1632 2616 EX
1655 2576 1859 2617 AUCTO'

647 2649 769 2687 ΒΗΚ
809 2648 1066 2688 SILENTIO
1098 2650 1428 2689 DEDUCTUM.

490 2741 519 2807 Ι
546 2737 592 2793 Ι.
623 2740 876 2794 Primum
903 2755 972 2795 ea:
1012 2740 1312 2811 Epiphanii
1339 2740 1579 2796 silentio.

274 2847 363 2901 Ab
401 2845 792 2901 Ecclesiarum
824 2847 892 2901 de
950 2847 1271 2918 Ignatianis
1315 2847 1583 2918 epistolis
1618 2845 1855 2904 silentio

201 2938 274 2991 ad
310 2932 709 3007 quorumdam
734 2937 1086 3007 scriptorum
1113 2938 1567 2993 taciturnitatem
1609 2937 1853 2993 Dallaeus

199 3025 504 3081 transivit.
537 3026 647 3080 Sed
674 3028 892 3081 frustra
922 3025 1017 3081 ille
1047 3028 1248 3081 eodem
1282 3044 1511 3098 semper
1541 3044 1852 3100 argumen-

199 3122 402 3170 torum
427 3130 637 3185 genere
656 3131 946 3185 pugnans,
969 3116 1277 3187 caliginem
1312 3119 1698 3189 tenebrasque
1721 3118 1851 3176 illas

198 3205 513 3259 oﬂ'undere
570 3214 831 3271 conatur,
866 3221 1011 3274 quas
1058 3204 1188 3261 luce
1222 3222 1330 3261 sua
1362 3209 1523 3279 fugat
1562 3208 1846 3278 lgnatius.

196 3293 405 3348 Primo
427 3293 584 3349 enim
607 3292 856 3349 Dallaaus
879 3293 1272 3365 Epiphanium
1303 3295 1410 3351 has
1442 3296 1662 3351 litteras
1692 3298 1853 3369 igno-
1892 3287 1935 3353 C

200 3398 373 3437 rasse
404 3398 417 3437 :
454 3403 483 3431 ‹‹
518 3386 649 3451 Aut,
685 3405 714 3432 »
750 3387 813 3437 ut
845 3383 968 3455 ipse
1011 3382 1294 3455 loquitur,
1329 3408 1355 3434 «
1392 3387 1545 3456 quod
1576 3404 1709 3443 vero
1735 3406 1861 3460 pro-

198 3471 341 3542 pius
403 3470 653 3540 videtur,
714 3472 1133 3544 contempsisse
1182 3473 1339 3528 velut
1381 3474 1564 3542 ﬁctas,
1604 3499 1623 3525 ι
1689 3493 1754 3533 ex
1790 3494 1856 3533 eo

200 3561 462 3632 probare
493 3576 554 3615 se
604 3576 775 3633 posse
810 3562 1146 3629 arbitratur,
1183 3564 1337 3634 quod
1362 3564 1462 3618 ubi
1497 3566 1860 3636 Epiphanius

203 3653 522 3707 adversum
556 3650 707 3704 Aerii
760 3651 830 3704 de
890 3651 1361 3723 presbyterorum
1405 3670 1536 3709 cum
1570 3657 1861 3729 episcopis

201 3739 550 3810 aequalitate
579 3755 805 3795 errores
828 3740 1093 3811 disputat
1124 3742 1186 3806 '7,
1221 3741 1428 3797 nullibi
1465 3761 1720 3815 unquam
1757 3745 1859 3801 has

202 3828 536 3884 laudaverit
569 3829 777 3900 Ignatii
812 3829 1033 3885 litteras
1061 3846 1073 3885 :
1102 3852 1129 3880 «
1163 3831 1411 3901 Quibus,
1447 3854 1474 3881 ››
1506 3832 1859 3905 inquitidem

205 3918 463 3974 Dallaaus
492 3917 559 3985 ³⁸,
595 3940 621 3967 ‹‹
665 3917 810 3971 nihil
845 3922 934 3973 est
956 3920 1013 3973 in
1046 3922 1169 3974 tota
1200 3921 1547 3992 antiquitate
1580 3924 1860 3980 adversus

204 4008 381 4063 illam
413 4007 565 4061 Aerii
599 4007 933 4077 opinionem
968 4009 1266 4064 disertius.
1302 4031 1330 4059 »
1364 4012 1471 4066 Sed
1506 4022 1861 4078 contra,cero

200 4104 335 4153 tum
370 4102 460 4153 est
486 4096 879 4167 Epiphaniam
906 4096 1027 4152 haec
1055 4098 1360 4170 scripsisse
1392 4109 1519 4172 post
1544 4100 1859 4173 vulgatam,

199 4202 389 4257 quam
414 4185 512 4240 ille
555 4184 756 4256 procul
791 4185 967 4240 dubio
999 4185 1235 4257 legerat,
1272 4189 1502 4244 Eusebii
1526 4190 1858 4265 historiam,

199 4277 266 4331 in
302 4292 422 4347 qua
454 4281 572 4330 tam
610 4275 931 4331 honorifica
970 4275 1180 4330 harum
1216 4278 1426 4349 Ignatii
1478 4279 1859 4351 epistolarum

199 4365 431 4420 mentio
464 4364 734 4419 habetur.
762 4363 883 4419 Non
916 4370 1232 4436 potuerunt
1262 4383 1396 4440 ergo
1430 4366 1511 4421 illi
1543 4384 1672 4424 esse
1695 4368 1857 4426 inco-

197 4455 409 4527 gnitas.
446 4453 621 4509 Porro
652 4454 701 4510 si
756 4470 853 4509 eas
904 4456 1086 4520 novit,
1120 4463 1293 4526 atque
1326 4456 1396 4511 ab
1428 4458 1653 4529 lgnatio
1686 4458 1859 4514 sicuti

197 4544 521 4609 Eusebius,
554 4544 806 4614 scriptas
838 4544 1105 4610 credidit,
1144 4545 1344 4600 nullus
1378 4562 1519 4601 sane
1548 4547 1857 4603 dubitandi

1986 635 2264 706 quoniam
2296 650 2361 688 ex
2409 638 2645 691 Patrum
2680 633 3032 689 testimoniis
3084 638 3289 689 contra
3330 632 3632 688 haereticos

1987 740 2247 797 pugnare
2303 742 2467 780 mens
2514 724 2598 779 illi
2657 741 2770 779 non
2818 728 2963 779 erat.
3008 724 3074 778 Et
3108 741 3165 779 re
3204 724 3442 795 quidem
3479 724 3630 795 ipsa,

1986 815 2151 869 nulla
2199 819 2397 869 contra
2454 813 2686 868 Aerium
2730 814 2965 884 profert,
2998 813 3101 868 sed
3145 813 3374 868 duobus
3399 818 3628 866 tantum

1987 909 2145 965 Pauli
2171 906 2469 962 sententiis
2498 906 2569 961 ab
2600 905 2800 960 eodem
2818 904 2979 960 Aerio
2996 904 3241 973 objectis
3259 902 3632 975 respondisse

1990 997 2224 1070 legitur.

2063 1089 2245 1144 Instat
2283 1084 2535 1141 Dallaeus
2558 1085 2637 1138 2i’:
2672 1106 2700 1134 «
2733 1083 3007 1150 Quasdam
3040 1082 3157 1137 illic
3192 1082 3354 1153 ponit
3383 1081 3633 1153 Epipha-

1985 1179 2291 1242 nius,cum
2326 1174 2649 1245 Ignatianis
2681 1172 3048 1245 apertissime
3082 1169 3421 1242 pugnantia,
3456 1170 3626 1241 quale

1982 1267 2127 1322 illud
2161 1271 2247 1321 est
2276 1265 2430 1337 quod
2466 1262 2724 1319 decernit
2759 1278 2772 1315 :
2804 1266 2849 1315 A
2881 1262 3233 1332 presbyteris
3272 1266 3329 1315 et
3360 1260 3623 1315 diaconis

1980 1356 2370 1413 ecclesiastica
2428 1354 2659 1425 negotia
2728 1352 2981 1424 impleri,
3035 1351 3155 1406 sive
3228 1349 3622 1405 administrari

1981 1463 2172 1518 posse.
2200 1451 2336 1501 Item
2369 1445 2541 1500 fuisse
2561 1444 2846 1513 quasdam
2872 1441 2943 1496 ab
2967 1441 3246 1511 apostolis
3270 1441 3620 1494 constitutas

1982 1540 2288 1609 Ecclesiae,
2312 1556 2439 1609 quas
2459 1555 2492 1593 a
2512 1536 2653 1592 solis
2672 1535 3025 1607 presbyteris
3049 1533 3378 1589 etdiaconis
3401 1534 3622 1603 absque

1979 1630 2251 1700 episcopo
2276 1631 2633 1700 regerentur.
2668 1628 2804 1691 Quae
2835 1624 3074 1680 totidem
3110 1629 3370 1679 monstra
3395 1629 3531 1678 sunt
3568 1628 3625 1679 et

1978 1719 2183 1789 Ignatii
2209 1719 2445 1789 quidem
2469 1716 2650 1772 nostri
2676 1715 2961 1787 epistolici
2987 1714 3358 1769 hierarchicis
3390 1713 3620 1785 legibus

1977 1812 2199 1864 exserte
2230 1807 2563 1862 deﬁnientis
2604 1805 2729 1859 sine
2785 1803 3096 1876 episcopis,
3145 1803 3501 1875 presbyteris
3551 1817 3618 1857 ac

1977 1896 2233 1953 diaconis
2257 1914 2366 1951 non
2391 1896 2583 1950 vocari
2605 1893 2947 1961 Ecclesiam,
2980 1898 3035 1947 et
3061 1892 3455 1947 necessarium
3486 1908 3613 1947 esse

1974 1987 2120 2042 nihil
2156 1986 2282 2041 sine
2325 1983 2596 2056 episcopo
2630 1983 2877 2055 operari.
2914 2004 2940 2031 »
2989 1981 3199 2037 Verum
3229 1981 3276 2036 si
3318 1998 3407 2035 res
3442 1980 3519 2036 ita
3550 1997 3611 2036 se

1972 2077 2362 2140 habeat,certe
2381 2072 2740 2144 Epiphanius
2771 2070 3031 2126 omnium
3059 2069 3362 2125 hominum
3395 2071 3619 2141 impru-

1973 2165 2384 2230 dentissimus,
2418 2163 2515 2218 ubi
2540 2166 2742 2218 contra
2763 2160 3174 2232 episcoporum
3210 2177 3322 2231 prae
3348 2160 3478 2215 aliis
3504 2162 3611 2215 Ec-

1971 2257 2157 2312 clesiae
2193 2253 2478 2310 ministris
2500 2252 2901 2308 excellentiam
2934 2252 3218 2323 disputat,
3242 2253 3405 2307 Aerio
3430 2251 3615 2322 jugu-

1969 2346 2089 2402 lum
2123 2346 2247 2417 ipse
2307 2343 2573 2415 praebuit.
2619 2343 2779 2406 Quod
2830 2356 2970 2396 sane
3011 2356 3143 2396 cum
3180 2340 3294 2394 dici
3348 2348 3615 2411 nequeat,

1970 2451 2160 2506 neque
2182 2434 2354 2489 etiam
2380 2431 2491 2487 dici
2518 2436 2853 2503 potesteutr.
2876 2429 3179 2500 scripsisse
3199 2428 3440 2501 aliquid,
3456 2430 3611 2499 quod

1968 2542 2098 2582 cum
2124 2523 2332 2597 Ignatii
2356 2522 2540 2578 nostri
2564 2520 2828 2592 epistolis
2854 2520 3091 2575 omnino
3111 2536 3223 2573 non
3257 2524 3541 2590 congruat
3555 2522 3614 2573 et

1967 2615 2294 2672 concordet.
2354 2612 2419 2667 Et
2449 2627 2578 2666 vero
2611 2610 2669 2665 in
2705 2626 2770 2665 eo
2826 2610 2922 2679 qui
2958 2609 3125 2664 nobis
3152 2609 3429 2679 objicitur
3459 2606 3605 2679 loco,

1970 2703 2330 2777 Epiphanius
2361 2701 2605 2771 objectis
2638 2701 2710 2753 ab
2739 2699 2909 2754 Aerio
2944 2697 3100 2753 Pauli
3131 2696 3337 2765 verbis,
3372 2713 3609 2767 respon-

1967 2797 2063 2851 det
2093 2793 2168 2848 ibi
2200 2790 2544 2864 Apostolum
2579 2790 2650 2844 de
2680 2788 2752 2843 iis
2781 2803 3111 2843 sermonem
3136 2786 3603 2856 instituere,quaa

1965 2884 2131 2942 initio
2168 2880 2460 2937 nascentis
2510 2877 2774 2934 Ecclesiae
2826 2879 3166 2947 agebantur,
3217 2892 3330 2947 quo
3362 2875 3601 2947 quidem

1963 2981 2225 3044 tempore
2247 2986 2378 3026 cum
2400 2968 2660 3024 nondum
2691 2967 2907 3038 ubique
2920 2962 3091 3021 creati
3110 2970 3306 3021 essent
3323 2964 3602 3035 episcopi,

1961 3070 2084 3119 tum
2107 3081 2138 3118 a
2162 3058 2517 3132 presbyteris
2546 3056 2631 3111 vel
2664 3055 2925 3111 diaconis
2947 3053 3340 3110 ecclesiastica
3371 3054 3603 3126 negotia

1960 3152 2258 3225 implenda
2314 3152 2480 3205 erant
2525 3152 2580 3202 et
2610 3144 3097 3201 administranda.
3130 3146 3198 3199 At
3230 3144 3489 3215 lgnatius
3523 3144 3594 3199 ab

1963 3241 2272 3314 episcopis,
2289 3254 2537 3311 quorum
2555 3251 2831 3292 numerus
2852 3251 2959 3290 sua
2975 3240 3139 3289 astate
3164 3235 3378 3288 mirum
3398 3233 3455 3288 in
3478 3250 3593 3289 mo-

1964 3335 2104 3389 dum
2137 3337 2412 3396 creverat,
2446 3327 2649 3382 eadem
2701 3325 2933 3396 negotia
2964 3323 3146 3379 voluit
3178 3323 3602 3383 administrari.

1965 3422 2125 3489 Quod
2151 3420 2386 3492 quidem
2430 3415 2636 3471 nullibi
2668 3430 2927 3486 unquam
2962 3412 3192 3486 negavit
3216 3413 3600 3485 Epiphanius.

1965 3510 2138 3567 Nulla
2162 3510 2342 3581 igitur
2370 3507 2523 3561 inter
2551 3523 2648 3561 eos
2702 3504 2989 3560 discordia
3020 3520 3208 3576 neque
3251 3519 3463 3575 pugna,
3502 3502 3604 3559 sed

1968 3616 2200 3657 summa
2231 3597 2540 3668 utriusque
2569 3595 2898 3651 consensio.

2069 3691 2102 3758 θ
2127 3688 2193 3743 ΙΙ.
2227 3686 2368 3741 Num
2396 3684 2641 3759 epistolas
2665 3682 2874 3759 Ignatii
2917 3682 3248 3737 Tertulliano
3278 3679 3501 3753 fuerint

2622 3756 2944 3824 incognita}.

2036 3847 2212 3903 Plura
2233 3847 2304 3903 de
2334 3844 2694 3902 Tertulliano
2717 3842 2974 3913 congerit
3004 3841 3251 3897 Dallaans
3271 3840 3336 3908 3°,
3362 3842 3601 3913 atqueei

1966 3939 2196 4011 ignotas
2222 3937 2402 3991 fuisse
2424 3932 2633 4004 Ignatii
2655 3931 2932 4003 epistolas
2954 3939 3201 4002 quatuor
3222 3931 3494 3985 adductis
3520 3948 3604 3985 ra-

1969 4026 2225 4083 tionibus
2259 4024 2500 4094 probare
2532 4021 2760 4076 nititur.
2798 4023 2846 4076 1.
2872 4019 2929 4073 Si
2962 4018 3361 4074 Tertullianus
3392 4033 3489 4073 eas
3532 4019 3602 4073 ab

1967 4115 2195 4188 lgnatio
2227 4113 2555 4170 rescivisset
2576 4126 2702 4166 esse
2721 4108 2990 4180 scriptas,
3020 4114 3220 4163 contra
3250 4108 3436 4162 sancti
3457 4123 3605 4161 mar-

1964 4204 2107 4278 tyris
2140 4202 2487 4270 doctrinam,
2524 4221 2550 4252 α
2579 4200 2707 4254 sine
2738 4197 3027 4269 episcOpis
3077 4202 3133 4253 et
3175 4197 3437 4253 diaconis
3497 4199 3604 4251 Ec-

1967 4294 2207 4351 clesiam
2244 4310 2357 4348 non
2390 4290 2640 4360 vocari,»
2673 4288 2814 4343 illud
2867 4288 3068 4359 utique
3102 4303 3212 4343 non
3237 4286 3600 4357 scripsisset:

1966 4407 1993 4435 ‹‹
2028 4383 2136 4440 Ubi
2160 4389 2298 4451 tres,
2332 4381 2591 4437 Ecclesia
2621 4383 2730 4445 est,
2763 4377 2897 4433 licet
2927 4377 3057 4432 laici
3080 4376 3145 4430 3‘.
3180 4398 3207 4426 »
3241 4376 3293 4429 2.
3352 4375 3453 4431 Ubi
3504 4391 3602 4430 eos

1964 4490 1997 4528 a
2031 4472 2245 4545 quibus
2286 4471 2573 4526 refutatus
2629 4472 2718 4523 est
2763 4465 3128 4533 Valentinus,
3184 4468 3485 4519 enumerat
3531 4462 3602 4528 ³³,

1965 4578 2174 4633 nempe
2204 4560 2501 4616 Justinum
2530 4555 2944 4629 philosophum
2970 4561 3025 4609 et
3049 4559 3380 4626 martyrem,
3401 4552 3608 4609 Miltia-

194 4635 373 4690 locus
426 4638 514 4688 est
544 4633 824 4688 eximium
856 4632 1002 4687 tanti
1040 4635 1305 4705 martyris
1363 4652 1512 4708 opus
1545 4636 1617 4691 ab
1650 4654 1715 4693 eo
1739 4655 1851 4692 non
1884 4661 1932 4725 D
1969 4652 1991 4706 ά

1989 4632 2121 4720 lem,
2156 4650 2436 4706 Irenaeum
2468 4652 2526 4703 et
2550 4645 2882 4713 Proculum,
2907 4644 3125 4699 nullam
3150 4644 3219 4697 de
3250 4643 3491 4715 lgnatio,
3514 4642 3604 4696 his

198 4726 383 4781 modo
415 4740 532 4779 non
566 4729 853 4796 spretum,
881 4724 979 4778 sed
1012 4740 1078 4779 ea
1110 4725 1283 4779 etiam
1332 4742 1457 4797 quae
1482 4728 1854 4784 sanctissimo

195 4814 328 4868 viro
361 4813 703 4880 debebatur,
739 4813 1108 4867 veneratione
1143 4825 1497 4885 susceptum.

275 4907 375 4967 At,
411 4902 663 4973 inquies,
698 4900 920 4956 curille
946 4904 1223 4958 adversus
1254 4904 1488 4959 Aerium
1512 4922 1714 4960 earum
1748 4924 1851 4962 au-

197 4991 474 5048 ctoritate
505 5007 613 5046 non
646 4992 831 5045 utitur
859 4990 886 5045 ?
915 4991 1029 5046 Cur
1067 4993 1270 5060 etiam,
1302 4993 1603 5064 inquimus
1635 5000 1686 5050 et
1720 5013 1853 5065 nos,

197 5082 488 5136 adversus
512 5080 656 5135 alias
693 5081 939 5135 haereses
972 5084 1057 5135 tot
1085 5084 1322 5136 Patrum
1347 5081 1605 5154 scriptis,
1636 5085 1854 5156 quibus

196 5187 282 5226 eae
305 5170 569 5225 funditus
592 5169 1012 5236 evertebantur,
1034 5168 1466 5240 praetermissis,
1494 5177 1613 5228 tam
1651 5176 1854 5245 paucis

198 5262 455 5331 ipsemet
474 5277 617 5314 usus
639 5259 767 5314 est?
785 5260 1059 5331 Nunquid
1089 5278 1155 5315 ea
1181 5278 1308 5331 quas
1339 5263 1637 5331 omiserat,
1657 5266 1856 5338 ignota

194 5349 430 5415 habuit,
463 5354 565 5404 aut
587 5349 939 5419 contempsit
960 5349 1141 5405 veluti
1171 5349 1305 5404 ficta
1324 5355 1379 5405 et
1400 5354 1807 5409 commentitia
1828 5356 1856 5411 Ἰ

193 5439 438 5495 Minime
466 5438 754 5511 gentium.
800 5437 934 5493 Ideo
967 5438 1146 5510 igitur
1180 5455 1369 5511 neque
1402 5440 1615 5512 Ignatii
1645 5443 1860 5515 episto-

269 5622 317 5657 ετ
371 5620 579 5675 ηυδε,
656 5617 746 5671 75.
802 5616 845 5651 ιι
923 5632 1048 5689 cap.
1104 5618 1161 5685 7,
1238 5634 1293 5689 p.
1370 5620 1495 5676 216.
1547 5621 1593 5656 ιο
1648 5622 1793 5678 Ibid.

1881 5625 1926 5665 ⁸ο
1975 5642 2102 5698 cap.
2154 5627 2209 5695 8,
2270 5644 2324 5699 p.

1961 4740 2237 4796 omnibus
2272 4734 2994 4810 antiquiore,mentionem
3028 4733 3182 4788 facit.
3215 4734 3267 4786 3.
3304 4730 3601 4798 Quibusin

1963 4828 2108 4884 locis
2138 4827 2534 4883 vehementius
2582 4826 2842 4894 disputat
2897 4827 3099 4878 contra
3147 4821 3498 4876 Marcionem
3532 4817 3599 4887 ³³,

1962 4916 2130 4988 eique
2153 4933 2220 4971 ex
2275 4916 2499 4970 Joanne
2531 4912 2794 4985 apostolo
2825 4912 3079 4966 ostendit
3112 4932 3140 4960 ‹‹
3187 4924 3520 4981 praecoques
3548 4916 3603 4963 et

1964 5004 2256 5060 abortivos
2315 5002 2748 5075 quodammodo
2808 5001 3173 5054 Marcionitas
3236 4999 3436 5066 fuisse,
3501 4998 3601 5068 qui

1962 5095 2257 5151 Christum
2294 5094 2645 5165 phantasma
2667 5108 2799 5147 eum
2834 5091 2930 5145 illo
2961 5091 3340 5160 vindicarent,
3371 5111 3393 5141 η
3421 5090 3500 5144 ibi
3527 5088 3607 5143 al-

1961 5183 2250 5237 tissimum
2294 5184 2363 5236 de
2406 5180 2633 5252 lgnatio
2688 5179 3039 5246 silentium;
3092 5178 3198 5233 etsi
3250 5200 3279 5227 «
3338 5196 3506 5233 nemo
3540 5178 3601 5234 in

1961 5271 2265 5343 primoillo
2286 5269 2730 5325 Christianismo
2748 5284 2928 5338 neque
2941 5268 3176 5338 saepius,
3195 5284 3380 5338 neque
3404 5268 3599 5324 acrius

1961 5358 2506 5431 phantasticosillos
2529 5356 2859 5427 exagitavit.
2890 5379 2911 5405 υ
2940 5357 2990 5411 4.
3013 5355 3409 5411 Tertullianus
3439 5361 3599 5413 Mon-

1964 5448 2172 5505 tanista
2220 5449 2408 5505 factus
2468 5451 2667 5503 contra
2717 5445 2923 5517 Ignatii
2968 5443 3319 5501 sententiam
3354 5445 3519 5501 docet
3556 5448 3603 5483 ³⁴

2383 5628 2475 5696 77,
2556 5630 2613 5683 et
2665 5642 2789 5698 seq.
2850 5625 2893 5662 ³¹
2940 5630 3013 5683 De
3068 5628 3345 5686 exhortat.
3413 5634 3597 5693 cauit.

192 5713 325 5772 cap.
359 5661 650 5749 ῖῗεῖίἶδ.
668 5661 838 5745 ’ᾶὸηι
879 5661 1350 5764 νᾶῡῖἱιί.,’ἑιιρ¹ζ’5.
1371 5661 1564 5749 ἷέῖἰδ.
1594 5661 1899 5753 ιη’ῐῖιέινά
1916 5661 2209 5768 dies":
2239 5661 2367 5773 οξῇ).
2394 5661 2534 5755 δῖὐ
2556 5661 2789 5756 ἷῖδῗῖίέ
2806 5661 3047 5773 pudt-‘55:.
