3942 6302
327 408 443 466 511

1386 405 1451 467 8.
1497 404 1898 467 IGNA’I‘IUS.
1943 436 2022 450 -
2064 400 2681 467 PBOLEGOMENA.

3619 405 3740 466 512

339 561 365 593 «ι
398 558 601 597 omnes
626 546 755 613 post
785 542 1144 613 baptismum
1171 542 1383 612 lapsos,
1412 562 1435 591 ι
1472 542 1541 595 ad
1576 540 1972 611 paenitentiam
2009 542 2061 607 Α
2091 539 2290 595 eodem
2323 537 2585 611 apostolo
2616 540 2924 594 damnatos
2958 538 3139 595 fuisse
3168 538 3553 594 ostenderet?
3575 538 3732 595 Nun-

334 631 614 702 agendam
652 648 763 686 non
797 631 1211 685 admittendos.
1262 630 1569 686 Orthodoxi
1606 647 1835 701 quoque
1878 631 1977 701 qui

330 719 547 774 ibidem
569 721 878 793 .Seripturaa
917 737 1109 789 sacrae,
1138 727 1195 775 et
1238 720 1367 775 libri
1400 721 1620 777 Hermae
1655 720 1975 776 auctorita-

324 811 441 862 tem
468 808 577 880 ipsi
598 815 922 881 opponunt,
950 828 1019 865 ne
1040 828 1220 865 unum
1256 810 1492 881 quidem
1527 811 1597 864 de
1622 810 1979 881 Ignatiover-

326 896 467 950 bum
501 897 733 952 habent.
772 898 848 953 Ex
894 899 1110 969 quibus
1163 897 1337 953 infert
1382 898 1632 954 Dallaaus
1664 904 1721 952 et
1749 898 1971 953 Tertul-

324 984 477 1041 liano
497 986 760 1043 haeretica
780 992 834 1043 et
856 988 1172 1045 Catholicis
1194 988 1473 1045 omnibus
1490 987 1730 1044 latuisse
1765 988 1972 1059 Ignatii

324 1075 627 1147 epistolas.

394 1166 500 1221 Sed
525 1167 646 1221 haec
671 1168 925 1223 futilium
951 1169 1330 1240 inaniumque
1355 1169 1646 1224 rationum
1684 1170 1862 1223 series
1883 1174 1973 1223 est

326 1257 381 1307 et
425 1257 841 1311 concatenatio.
898 1257 1215 1313 Salmasius
1275 1259 1588 1325 enimvero,
1632 1258 1968 1315 Blondellus

324 1352 498 1414 atque
526 1345 881 1410 Albertinus,
915 1347 1175 1415 ejusdem
1210 1364 1343 1401 cum
1377 1347 1587 1403 Dallaeo
1619 1347 1966 1403 Calvinianas

322 1430 607 1488 haereseos
659 1440 995 1505 sectatores,
1032 1436 1137 1490 has
1202 1436 1420 1491 litteras
1462 1443 1592 1491 ante
1621 1438 1963 1494 Tertulliani

317 1526 543 1576 aetatem
580 1523 829 1595 scriptas
870 1541 999 1580 esse
1026 1526 1341 1580 affirmant.
1370 1525 1535 1581 Prius
1554 1543 1690 1598 ergo
1716 1528 1963 1584 Dallazus

317 1610 471 1666 hanc
493 1611 777 1668 sodalium
795 1631 1031 1670 suorum
1053 1616 1566 1671 debuiteonfutare
1587 1618 1958 1689 opinionem;

320 1703 539 1774 quippe
570 1720 683 1774 qua
718 1710 927 1772 stante,
966 1707 1069 1762 bas
1105 1707 1310 1778 lgnatii
1345 1708 1641 1780 epistolas,
1677 1726 1804 1781 quae
1826 1727 1959 1765 cum

320 1792 595 1849 omnibus
628 1796 1238 1863 communicabantur,
1282 1798 1339 1853 in
1375 1814 1583 1854 manus
1615 1798 1959 1856 Tertulliani

320 1884 615 1953 pervenire
645 1885 904 1954 potuisse
930 1886 1093 1942 facile
1120 1887 1421 1945 evincitur.

390 1972 474 2026 Ad
519 1973 716 2029 Dallmi
751 1980 941 2031 autem
992 1977 1243 2033 rationes
1276 1980 1520 2050 gradum
1558 1983 1621 2033 ut
1653 1978 1955 2049 faciamus,

315 2063 448 2133 quis
481 2065 729 2135 primam
756 2084 870 2121 non
897 2068 1089 2123 videat
1112 2067 1332 2123 nullam
1362 2086 1489 2124 esse
1521 2073 1577 2125 et
1608 2070 1911 2126 ridiculam
1941 2087 1953 2126 :

316 2155 792 2225 quandoquidem
828 2157 1224 2212 Tertullianus
1257 2158 1743 2215 Montanistarum
1773 2159 1956 2215 haere-

312 2241 419 2295 sim
447 2243 571 2311 jam
607 2252 725 2298 tum
752 2246 1116 2317 amplexatus
1144 2252 1289 2316 erat,
1322 2265 1455 2303 cum
1489 2249 1764 2320 scripsit:
1799 2252 1953 2305 «Sed

315 2330 411 2384 ubi
432 2332 833 2396 tres,Eeclesia
858 2334 1107 2403 est,licet
1138 2336 1326 2391 laici.»
1352 2338 1499 2404 Quid
1520 2338 1700 2409 igitur
1717 2340 1955 2409 mirum,

314 2418 363 2473 si
395 2419 567 2476 homo
600 2420 929 2491 haereticus,
964 2424 1061 2495 qui
1095 2426 1390 2496 Oppositos
1437 2442 1619 2483 sacrm
1649 2428 1955 2500 Scriptum

312 2526 537 2567 errores
570 2510 755 2578 docet,
808 2518 1009 2568 contra
1057 2514 1438 2572 orthodoxam
1491 2516 1699 2589 lgnatii
1739 2518 1958 2573 doctri-

316 2616 453 2654 nam
487 2600 703 2656 scribat
742 2605 798 2657 et
832 2602 1107 2673 loquatur
1134 2605 1162 2658 ?
1190 2604 1395 2661 Nonne
1426 2606 1789 2678 potiorijure
1820 2607 1952 2679 quis

310 2688 389 2744 ita
411 2693 961 2761 argumentaretur?
979 2693 1375 2751 Tertullianus
1399 2696 1721 2753 catholicus
1751 2699 1951 2754 eadem

313 2795 378 2834 ac
403 2780 666 2853 lgnatius
689 2782 758 2836 de
777 2782 1035 2839 Ecclesia
1053 2785 1303 2856 scripsit.
1332 2787 1478 2859 Ergo
1514 2787 1721 2859 lgnatii
1743 2786 1954 2859 episto-

307 2868 374 2923 lae
407 2869 768 2926 Tertulliano
802 2889 913 2928 non
950 2873 1184 2928 fuerunt
1216 2876 1540 2944 incognitae.

384 2959 465 3013 Ad
504 2963 819 3016 secundum
846 2963 1042 3018 Dallaei
1076 2964 1359 3020 rationem
1382 2968 1953 3038 respondemusTer-

312 3047 559 3104 tulliano
588 3051 778 3106 visum
804 3067 954 3117 esse,
975 3057 1038 3107 ut
1059 3052 1267 3109 horum
1299 3072 1448 3126 quos
1469 3057 1670 3113 citavit
1697 3059 1951 3131 Patrum,

311 3154 426 3193 non
463 3138 715 3209 plurium
751 3141 1090 3197 auctoritate
1130 3147 1331 3199 contra
1381 3146 1818 3207 Valentinianos
1848 3153 1951 3207 de-

307 3232 572 3285 certaret.
614 3229 727 3287 Nec
760 3248 901 3287 sane
932 3232 1143 3288 Dallaeo
1186 3235 1271 3289 vel
1307 3235 1407 3290 ulli
1434 3237 1534 3307 jus
1562 3242 1651 3294 est
1683 3256 1814 3296 cum
1845 3259 1951 3298 au-

2090 630 2231 699 quid
2262 629 2439 699 igitur
2487 629 2557 684 ad
2615 630 2672 683 id
2708 630 3071 700 probandum
3120 628 3365 683 Joannis
3410 630 3730 686 auctoritas

2087 717 2448 775 Tertulliano
2472 719 2615 775 satis
2634 736 2749 775 non
2779 733 2923 787 erat,
2950 716 3061 773 nisi
3083 723 3139 773 et
3167 718 3429 789 Ignatius
3453 720 3501 774 ei
3527 720 3739 791 adjun-

2084 814 2315 878 geretur
2345 810 2371 864 ‘I

2153 901 2223 954 At
2245 916 2399 969 vero,
2428 898 2625 970 inquit
2654 898 2925 969 Dallaaus,
2951 916 3055 955 nec
3086 898 3143 954 in
3168 898 3391 970 reliquo
3420 898 3518 954 illo
3552 916 3728 969 opere

2082 989 2482 1044 Tertullianus
2515 988 2692 1043 ullam
2724 988 2933 1059 lgnatii
2983 988 3118 1043 facit
3152 988 3527 1044 mentionem.
3577 988 3727 1053 Quid

2083 1077 2264 1133 inde?
2297 1077 2536 1133 Nullum
2568 1078 2740 1133 etiam
2777 1077 2956 1133 alium
2991 1077 3274 1144 nominat,
3308 1093 3495 1147 neque
3525 1082 3725 1132 tamen

2080 1167 2297 1223 idcirco
2320 1167 2742 1223 Tertullianum
2777 1182 2952 1238 opera
2973 1166 3245 1233 aliorum,
3267 1168 3366 1238 qui
3400 1167 3556 1222 hunc
3573 1184 3729 1222 erro-

2079 1275 2195 1314 rem
2230 1257 2707 1329 antiquissimum
2752 1258 3150 1321 confutarunt,
3182 1258 3509 1327 ignorasse,
3546 1263 3724 1328 atque

2076 1349 2217 1403 adeo
2251 1348 2413 1402 nulla
2445 1364 2705 1418 unquam
2732 1346 2913 1402 fuisse
2942 1346 3299 1401 credendum
3324 1352 3431 1400 est.

2147 1437 2364 1492 Ultima
2399 1437 2596 1492 Dallaai
2660 1436 2808 1492 ratio
2855 1452 2967 1491 non
3014 1436 3254 1506 majoris
3298 1440 3385 1491 est
3416 1436 3719 1507 ponderis.

2075 1526 2472 1583 Tertullianus
2507 1527 2686 1594 enim,
2710 1542 2842 1581 eum
2875 1542 2941 1581 ea
2963 1542 3089 1596 quae
3120 1525 3476 1595 objiciuntur
3507 1526 3725 1581 scribe-

2075 1622 2180 1680 ret,
2214 1616 2521 1671 haereticus
2553 1622 2694 1682 erat,
2747 1632 2813 1670 ae
2845 1614 3140 1686 proinde,
3202 1615 3282 1668 uti
3324 1615 3447 1684 jam
3484 1616 3721 1669 monui-

2072 1723 2226 1771 mus,
2262 1705 2611 1761 catholicam
2637 1704 2846 1777 Ignatii
2880 1704 3202 1761 doctrinam
3228 1704 3337 1758 sibi
3363 1705 3607 1759 omnino
3628 1706 3726 1759 ad-

2070 1812 2292 1851 versam
2318 1796 2376 1850 in
2410 1795 2668 1850 medium
2703 1794 3133 1863 producendam
3166 1810 3294 1849 esse
3324 1810 3436 1849 non
3472 1796 3725 1865 putavit.

2071 1886 2232 1949 Quod
2267 1890 2461 1940 autem
2496 1886 2565 1939 ad
2600 1884 2955 1940 orthodoxos
2985 1884 3213 1951 attinet,
3234 1889 3555 1954 potuerunt
3587 1884 3723 1954 qui-

2070 1976 2199 2030 dem
2232 1983 2433 2030 contra
2462 1974 2807 2030 Tertulliani
2842 1990 3067 2029 errores
3117 1974 3463 2029 auctoritate
3506 1974 3722 2045 lgnatii

2069 2080 2327 2135 pugnare
2362 2082 2374 2120 :
2410 2066 2507 2119 sed
2559 2080 2689 2119 cum
2750 2080 2949 2117 eorum
3019 2062 3232 2134 scripta
3292 2080 3403 2118 non
3465 2068 3724 2129 exstent,

2072 2153 2218 2208 nihil
2265 2154 2372 2209 hac
2405 2155 2475 2209 de
2504 2169 2564 2209 re
2609 2170 2642 2207 a
2675 2169 2968 2223 quoquam
3002 2152 3229 2207 definiri
3262 2156 3471 2223 potest.
3516 2152 3722 2223 Neque

2069 2244 2221 2299 enim
2255 2242 2409 2298 ullus
2439 2241 2862 2297 Tertullianum
2895 2242 3094 2297 omnia
3127 2242 3237 2297 sibi
3266 2242 3337 2296 ab
3370 2240 3722 2297 orthodoxis

2067 2332 2295 2402 objecta
2328 2331 2577 2387 ﬁdeliter
2622 2331 2914 2399 retulisse,
2947 2331 3137 2402 iisque
3163 2330 3439 2385 omnibus
3472 2346 3716 2402 respon-

2067 2422 2244 2489 disse,
2279 2426 2429 2477 certo
2453 2420 2849 2476 afﬁrmaverit.
2887 2421 2947 2475 Et
3001 2437 3061 2475 re
3101 2419 3338 2491 quidem
3365 2420 3491 2491 ipsa
3524 2435 3719 2490 pauca

2066 2511 2331 2580 quaedam
2372 2510 2551 2568 fuisse
2594 2511 2667 2566 ab
2698 2527 2763 2566 eo
2796 2510 3010 2566 seleeta
3041 2526 3174 2567 vero
3208 2526 3449 2582 prorsus
3479 2509 3716 2563 videtur

2067 2598 2460 2657 simillimum.

2140 2690 2308 2762 Urget
2329 2689 2597 2759 Dallieus,
2630 2706 2736 2746 cur
2764 2689 2861 2745 ille
2892 2690 3135 2758 Hermae,
3168 2705 3283 2744 non
3310 2705 3441 2744 vero
3477 2688 3720 2759 lgnatii,

2064 2777 2489 2835 citavitlibrum
2511 2780 2539 2834 ?
2560 2783 2857 2836 Instemus
2880 2785 2936 2835 et
2960 2796 3087 2843 nos,
3107 2795 3338 2833 curnon
3365 2778 3542 2833 etiam
3567 2778 3717 2833 alio-

2065 2868 2422 2925 rum‘IPorro
2451 2869 3011 2940 respondemusideo
3034 2872 3309 2924 Hermam
3331 2868 3400 2922 ab
3418 2866 3519 2922 illo
3542 2868 3713 2922 citari

2061 2959 2151 3016 vel
2175 2959 2456 3031 quialibri
2476 2962 2600 3030 ejus
2622 2960 2677 3015 in
2705 2977 2934 3016 sacrum
2961 2959 3395 3029 Scripturarum
3420 2973 3708 3012 canonem

2064 3067 2097 3105 a
2128 3050 2963 3121 quibusdanfascribcbantur,
2981 3049 3064 3105 vel
3088 3050 3160 3105 ob
3178 3065 3305 3104 eam
3328 3047 3710 3120 potissimum

2065 3156 2239 3210 quam
2285 3140 2478 3196 eodem
2528 3139 2585 3194 in
2638 3139 2785 3195 libro
2823 3139 3076 3194 reddidit
3122 3140 3407 3194 rationem
3456 3137 3522 3201 ³⁷,
3567 3136 3716 3207 quia

2065 3226 2365 3298 Scriptura
2407 3230 2494 3282 est
2526 3248 2554 3276 «
2588 3242 2718 3296 quae
2748 3226 2875 3281 sola
2925 3224 3181 3281 mmcbos
3236 3227 3411 3278 amat.
3458 3243 3485 3271 υ
3515 3222 3602 3276 Ab
3636 3237 3710 3276 eo

307 3322 461 3374 ctore
490 3319 686 3391 aliquo
730 3320 1118 3393 expostulare,
1151 3341 1255 3378 cur
1297 3342 1409 3380 non
1445 3325 1714 3397 pluribus
1746 3332 1947 3399 armis,

2143 3294 2274 3387 ippe
2295 3316 2365 3370 de
2394 3294 2633 3371 moechis
2655 3319 2852 3370 utrum
2874 3315 2942 3369 ad
2972 3312 3369 3385 pcenitentiam
3395 3312 3711 3367 admitten-

300 3406 391 3462 vel
432 3412 639 3478 majori
685 3409 989 3466 hominum
1025 3412 1397 3471 multitudine
1433 3432 1566 3471 cum
1598 3418 1948 3477 adversariis

306 3497 739 3568 congredietur,
768 3499 859 3553 cui
885 3498 1257 3572 hmc,quibus
1289 3504 1494 3571 utitur,
1520 3507 1592 3562 ad
1621 3524 1949 3582 expugnan-

305 3585 410 3642 dos
441 3585 638 3643 hostes
672 3604 809 3644 suos
840 3590 1160 3648 sufficiunt.
1205 3593 1604 3651 Tertullianus
1627 3603 1820 3654 autem
1848 3616 1945 3656 eos

304 3691 451 3746 quos
485 3676 675 3732 citavit
708 3677 904 3733 Patres
938 3680 1007 3735 ad
1042 3680 1414 3738 debellandos
1444 3684 1735 3742 Valentini
1769 3694 1947 3744 secta-

300 3769 453 3819 tores
471 3764 583 3820 sibi
602 3766 749 3822 satis
776 3784 1066 3841 superque
1098 3787 1246 3838 esse,
1272 3788 1373 3827 nec
1388 3773 1534 3830 alios
1558 3791 1621 3831 se
1651 3778 1824 3832 citare
1849 3795 1943 3834 vo-

302 3853 481 3910 luisse
508 3872 621 3911 non
643 3856 889 3913 obscure
919 3859 1234 3931 significat,
1269 3878 1395 3917 cum
1431 3864 1501 3919 de
1530 3864 1649 3921 illis
1672 3867 1756 3922 sic
1789 3867 1946 3925 fatur

301 3944 347 3978 ³⁸
381 3961 393 3999 :
431 3966 459 3995 «
490 3946 594 4011 Qui
628 3946 885 4017 ipsorum
923 3947 1441 4007 haeresiarcharum
1475 3958 1942 4028 contemporales

300 4034 777 4092 instructissimis
791 4037 1187 4093 voluminibus
1216 4045 1273 4095 et
1300 4042 1684 4112 prodiderunt
1705 4050 1761 4100 et
1792 4052 1941 4103 retu-

298 4124 527 4181 derunt.
559 4147 580 4177 ι
620 4124 753 4181 Illos
784 4126 939 4181 enim
957 4128 1269 4199 scriptores
1298 4131 1659 4190 ethaaretieis
1686 4141 1943 4193 contem-

298 4211 547 4282 porales,
568 4218 845 4268 eteorum
877 4230 1099 4270 errores
1133 4216 1605 4278 instructissimis
1634 4224 1942 4282 volumini-

298 4299 409 4355 bus
441 4300 731 4357 retndisse
757 4317 890 4357 cum
910 4302 1254 4369 dicat,duas
1286 4310 1487 4380 procul
1519 4313 1698 4369 dubio
1731 4332 1939 4389 sugge-

299 4389 375 4444 rit
405 4391 679 4458 rationes,
740 4391 954 4462 quibus
1006 4396 1339 4453 testimonia
1380 4416 1582 4457 eorum
1624 4404 1735 4458 sibi
1770 4406 1939 4461 suffi-

299 4494 450 4546 cere,
484 4495 587 4534 nec
619 4478 783 4552 plura
813 4481 1130 4539 desiderari
1189 4487 1395 4544 debere
1450 4494 1647 4562 aperte
1678 4509 1939 4563 pronun-

299 4566 423 4622 tial.

2059 3404 2118 3460 di
2148 3409 2364 3470 essent,
2397 3407 2639 3477 questio
2668 3404 3023 3460 movebatur.
3057 3402 3185 3458 Haec
3215 3418 3352 3473 ergo
3374 3400 3705 3472 Scriptura,

2060 3511 2186 3566 quae
2212 3511 2244 3549 a
2263 3494 2624 3550 Tertulliano
2656 3493 2781 3550 sola
2815 3492 3070 3549 moechos
3103 3507 3301 3547 amare
3330 3490 3561 3555 dicitur,
3583 3488 3710 3544 sola

2058 3583 2129 3639 ab
2162 3599 2228 3639 eo
2261 3583 2489 3639 laudari
2515 3584 2736 3640 debuit.

2053 3689 2367 3760 §Ill.Num
2400 3692 2533 3746 Caio
2572 3690 2743 3746 etiam
2790 3694 2842 3746 et
2884 3691 3150 3745 Clementi
3181 3687 3567 3745 Alexandrino
3614 3690 3712 3743 in-

2630 3765 2865 3833 cognitae
2882 3764 3110 3833 fuerint.

2122 3865 2258 3923 Caio
2286 3870 2759 3942 quoqueignotas
2786 3870 2961 3924 fuisse
2982 3869 3188 3941 lgnatii
3215 3868 3399 3924 nostri
3417 3867 3702 3941 epistolas

2053 3963 2116 4011 ut
2150 3958 2421 4028 probaret
2464 3958 2737 4027 Dallmus,
2772 3958 3015 4031 protulit
3044 3958 3090 3992 ³⁸
3128 3958 3392 4028 ejusdem
3424 3955 3543 4011 Caii
3581 3956 3705 4011 fra-

2052 4046 3335 4119 gmentum,abEusebiotranscriptum”,1:bi
3361 4063 3425 4101 ex
3442 4046 3709 4117 antiquis

2053 4136 2323 4193 Patr-ibus
2340 4143 2541 4193 contra
2574 4137 2841 4193 haeresim
2878 4136 3224 4202 Artemonis,
3255 4137 3551 4193 Christum
3581 4152 3709 4191 me-

2054 4242 2183 4281 rum
2219 4226 2516 4283 hominem
2534 4244 2662 4282 esse
2692 4226 3117 4296 delirantis,sic
3148 4226 3243 4280 ille
3269 4226 3559 4297 disputat:
3580 4229 3711 4280 «Ae

2055 4316 2300 4372 fortasse
2324 4315 2380 4371 id
2415 4318 2566 4389 quod
2602 4316 2808 4372 dicunt
2830 4314 3108 4371 credibile
3136 4314 3449 4381 videretur,
3474 4315 3589 4368 nisi
3615 4314 3708 4369 eis

2054 4405 2490 4479 refragarentur
2537 4406 2791 4477 primum
2845 4405 3082 4477 quidem
3116 4404 3322 4459 divinae
3361 4404 3706 4475 Scriptura,

2053 4495 2299 4550 fratrum
2333 4495 2719 4567 quorumdam
2783 4494 3024 4567 scripta,
3062 4494 3307 4549 Victoris
3343 4498 3506 4549 aetate
3546 4494 3708 4548 anti-

2052 4584 2271 4654 quiora,
2303 4599 2427 4656 quas
2451 4583 2534 4638 illi
2565 4584 2846 4639 adversus
2867 4593 3086 4653 gentes,
3118 4588 3177 4639 et
3205 4587 3408 4638 contra
3440 4583 3528 4638 sui
3555 4591 3703 4637 tem-

366 4656 570 4751 Tertia
588 4656 781 4751 Dallati
806 4660 951 4751 ratio
972 4663 1176 4732 positis
1193 4666 1476 4723 duntaxat
1507 4673 1640 4724 ante
1669 4670 1934 4728 omnium
1966 4686 2013 4751 D
2046 4674 2205 4743 poris
2227 4672 2528 4729 haereticos
2547 4690 2650 4744 pro
2663 4673 2925 4729 veritatis
2950 4672 3288 4727 defensione
3307 4672 3702 4743 scripserunt,

295 4745 495 4801 oculos
526 4746 871 4803 Tertulliani
894 4751 1085 4807 verbis
1104 4753 1258 4811 illico
1282 4756 1635 4827 exploditur.
1672 4761 1757 4815 Ita
1778 4763 1933 4817 enim

290 4835 416 4893 ille:
436 4859 463 4887 «
493 4838 754 4907 Desinat,
778 4840 969 4913 inquit
992 4844 1056 4909 ³⁸,
1082 4862 1237 4900 nunc
1271 4847 1645 4906 haereticus...
1680 4867 1711 4904 a
1730 4851 1934 4910 Judaeo

290 4926 547 4981 mutuari
567 4928 917 4999 phantasma
948 4932 1249 4990 vindicans
1277 4934 1607 5007 Christum;
1642 4940 1755 4996 nisi
1780 4942 1935 5013 quod

289 5019 346 5069 et
368 5014 480 5071 ista
497 5018 780 5074 sententia
809 5018 955 5076 alios
987 5022 1218 5077 habebit
1238 5028 1502 5081 auctores
1524 5044 1861 5101 praecoques
1878 5037 1934 5087 et

289 5104 583 5163 abortivos
600 5109 847 5177 quodam
862 5131 907 5168 ~.~.
920 5111 1030 5166 odo
1046 5112 1417 5169 Marcionitas
1431 5160 1443 5181 ,
1463 5132 1608 5187 quos
1631 5120 1932 5189 apostolus

285 5192 540 5251 Joannes
572 5198 957 5255 Antichristos
989 5202 1403 5271 pronuntiavit.
1444 5226 1471 5252 »ι
1495 5206 1635 5271 Quis
1667 5208 1821 5263 enim
1863 5226 1932 5264 ex

282 5281 375 5339 his
410 5284 575 5340 facile
600 5303 711 5343 non
735 5286 1024 5360 intelligat
1055 5288 1212 5345 aliud
1245 5292 1586 5348 Tertulliani
1613 5297 1925 5353 consilium

283 5388 396 5427 non
438 5374 639 5443 fuisse,
673 5392 849 5448 quam
885 5382 1008 5431 uta
1056 5376 1298 5434 Joannis
1329 5384 1585 5453 tempore
1627 5384 1926 5443 hereticos

279 5462 749 5521 Mareionitarum
772 5482 1159 5537 precursores
1176 5470 1490 5541 exstitisse,
1509 5480 1683 5546 atque
1706 5474 1835 5533 illos
1857 5477 1930 5533 ab

2044 4762 2347 4819 Justinum
2384 4763 2674 4836 intelligo,
2706 4767 2764 4818 et
2804 4762 3143 4830 Miltiadem,
3172 4768 3228 4818 et
3252 4762 3590 4832 Tatianum,
3622 4781 3695 4819 ae

2048 4852 2424 4921 Clementem,
2458 4852 2722 4925 aliosque
2750 4851 3240 4925 quamplurimos,
3265 4853 3324 4907 in
3357 4870 3609 4924 quorum
3631 4852 3706 4908 li-

2046 4941 2169 4998 bris
2200 4942 2416 4998 Christi
2468 4942 2746 4999 divinitas
2788 4943 3086 4997 asseritur.
3120 4942 3265 4996 Nam
3318 4942 3516 4998 lrenaai
3558 4944 3699 5015 qui-

2046 5031 2201 5097 dem,
2235 5037 2291 5087 et
2332 5030 2647 5100 Melitonis,
2681 5035 2737 5087 et
2776 5031 3137 5103 reliquorum
3177 5032 3413 5103 scripta,
3448 5032 3584 5104 quis
3612 5038 3706 5089 est

2047 5121 2146 5192 qui
2180 5121 2424 5191 ignoret,
2470 5121 2526 5176 in
2588 5120 2805 5193 quibus
2852 5120 3150 5176 Christum
3217 5122 3394 5175 Deum
3423 5121 3604 5177 simul
3632 5141 3704 5179 ac

2046 5209 2342 5265 hominem
2374 5209 2821 5281 praedicarunt?
2849 5231 2877 5259 »
2909 5209 3108 5280 Atqui,
3142 5209 3332 5280 inquit
3352 5210 3627 5279 Dallzeus,
3650 5213 3702 5269 si

2044 5298 2220 5355 Caius
2278 5298 2562 5372 epistolas
2617 5314 2767 5370 quas
2800 5298 3190 5369 defendimus,
3230 5299 3329 5353 ubi
3359 5301 3697 5359 Artemonis

2045 5387 2286 5444 haeresis
2316 5387 2619 5459 splendide
2651 5387 3006 5459 confutatur,
3039 5389 3110 5445 ab
3152 5389 3373 5461 Ignatio
3408 5391 3701 5462 profectas

2044 5493 2169 5533 esse
2218 5477 2572 5549 rescivisset,
2606 5478 2691 5533 eis
2730 5476 2931 5550 procul
2979 5477 3159 5533 dubio
3200 5478 3458 5549 primum
3492 5479 3552 5535 in
3590 5482 3699 5539 hoc

350 5684 397 5723 ³⁵
422 5689 535 5747 loc.
560 5692 658 5749 cit.
688 5695 732 5731 ³⁸
763 5693 911 5752 Ibid.
943 5693 992 5729 ³⁷
1012 5693 1112 5753 lib.
1138 5699 1211 5755 Dc
1236 5699 1496 5772 pudicit.,
1528 5717 1657 5775 cap.
1680 5703 1769 5761 lO.
1802 5702 1851 5740 ³⁸
1877 5720 2005 5779 cap.
2039 5704 2096 5778 9,
2130 5721 2260 5779 pag.
2294 5705 2420 5763 280.
2438 5705 2486 5743 3°
2514 5706 2749 5779 Euseb.,
2790 5708 2891 5765 lib.
2924 5726 2978 5782 v,
3011 5725 3138 5783 cap.
3171 5711 3260 5769 28.
