3942 6302
251 367 369 427 513

1221 366 1293 426 D.
1340 362 1678 426 NOURRII
1720 361 2266 425 DISSERTATIO.
2314 393 2390 410 -—
2433 362 2636 423 PARS
2680 361 2728 422 Ι.

3551 362 3670 423 514

253 503 587 574 fragmento
621 500 885 557 dedisset
936 500 1152 556 locum.
1187 500 1396 558 Verum
1450 503 1513 555 ut
1569 499 1913 556 omittamus
1941 499 1998 566 Α
2028 498 2116 554 vel
2146 515 2337 555 errore
2357 497 2443 553 vel
2471 495 2855 569 incogitantia
2891 495 2979 552 vel
3028 497 3321 554 memoria
3370 498 3542 571 lapsu
3592 501 3665 557 ab

249 592 456 650 Caium
492 596 805 663 postquam
833 590 921 645 hac
972 590 1183 661 Ignatii
1227 592 1509 660 epistolas,
1564 592 1729 658 juxta
1783 588 1907 643 Sal-

254 681 452 750 masii,
487 680 775 736 Blondelli
811 686 870 735 et
901 678 1211 747 Albertini,
1245 679 1522 747 diximus,
1574 678 1908 749 opinionem

251 773 312 827 in
344 771 560 842 vulgus
592 769 944 841 prodierant,
995 770 1166 824 tertio
1204 768 1474 824 ﬂoruisse
1533 770 1785 835 saeculo;
1820 783 1905 823 re-

251 860 616 933 spondemus
647 860 755 914 hac
781 858 1286 931 argumentatione
1319 858 1465 914 nihil
1499 875 1667 931 posse
1700 857 1906 913 confici

248 950 367 1007 nisi
400 951 561 1020 prius
591 950 793 1005 Caium
808 949 878 1003 ad
903 948 1312 1019 Ignatiinostri
1338 948 1602 1004 citandas
1627 949 1908 1018 epistolas

253 1040 607 1097 necessitate
657 1038 853 1110 aliqua
890 1038 1166 1093 adactum
1229 1038 1413 1093 fuisse
1451 1040 1905 1093 demonstretur.

261 1135 337 1186 At
371 1146 505 1184 cum
562 1128 681 1192 ille,
714 1127 918 1198 paucis
963 1127 1349 1199 scriptoribus
1409 1126 1906 1191 commemoratis,

250 1218 403 1275 alios
436 1216 906 1290 quamplurimos
929 1232 990 1271 se
1006 1217 1450 1288 praetermisisse
1466 1216 1906 1283 testetur,nulla

247 1307 494 1365 omnino
526 1308 596 1361 ad
612 1322 708 1361 eas
738 1305 1067 1361 laudandae
1084 1306 1432 1361 necessitate
1450 1322 1510 1361 se
1529 1304 1905 1377 compulsum

255 1398 444 1454 fuisse
474 1395 849 1466 apertissime
872 1394 1194 1466 signiﬁcat.

328 1490 517 1543 Instat
548 1484 878 1541 Dallasanus
948 1484 1260 1540 defensor:
1321 1484 1584 1555 Ignatius
1642 1484 1906 1540 omnium

259 1578 404 1649 quia
434 1594 467 1632 a
496 1576 628 1631 Caio
647 1579 1050 1631 memorantur
1078 1574 1373 1646 antiquior
1387 1576 1903 1631 etcelebriorerat:

255 1684 399 1737 ergo
428 1667 498 1721 ab
530 1682 596 1722 eo
619 1665 820 1721 debuit
850 1665 1155 1720 citari.Sed
1181 1665 1325 1720 falsa
1351 1669 1442 1720 est
1470 1681 1536 1721 ex
1582 1681 1719 1720 vero
1750 1670 1907 1721 ante-

257 1759 505 1813 cedente
538 1757 789 1812 deducta
820 1754 1258 1826 consequentia.
1285 1761 1481 1827 Neque
1520 1757 1673 1811 enim
1732 1756 1904 1812 Caius

2018 588 2226 659 lgnatii
2260 588 2534 659 opinione
2595 586 2883 641 recedere.
2948 589 3125 641 Porro
3178 594 3375 643 autem
3416 587 3514 644 ille
3545 589 3669 660 ipse

2017 694 2186 750 quem
2217 678 2461 732 Dallaeus
2510 677 2701 732 virum
2761 694 3007 733 summae
3057 677 3403 735 eruditionis
3450 679 3660 735 merito

2017 768 2303 833 nominat,
2337 767 2557 823 nescire
2592 785 2705 822 non
2740 773 2957 838 poterat
2986 766 3183 838 plures
3214 770 3283 823 ab
3310 768 3477 825 initio
3521 787 3659 825 nas-

2018 856 2203 913 centis
2235 857 2503 912 Ecclesiae
2531 863 2688 912 ortas
2712 856 2977 911 haereses.
3030 860 3393 929 Quapropter
3445 858 3506 913 in
3566 858 3666 915 illo

2017 953 2369 1019 opportuno,
2402 947 2573 1003 sicuti
2608 946 2861 1017 loquitur
2892 946 3160 1013 Dallaeus,
3192 945 3318 1002 loco
3343 963 3457 1002 non
3492 948 3658 1004 aliud

2017 1039 2214 1094 animo
2246 1038 2586 1094 intendebat
2610 1039 2899 1102 Clemens,
2929 1053 3098 1106 quam
3125 1041 3188 1091 ut
3216 1053 3315 1093 eos
3340 1039 3411 1094 de
3443 1039 3663 1110 quibus

2018 1128 2255 1184 disserit
2287 1127 2608 1190 haereticos,
2642 1143 2756 1181 non
2805 1130 3003 1192 tantae,
3056 1131 3341 1197 quantum
3397 1127 3436 1181 ii
3476 1129 3668 1199 ’jacti-

2016 1218 2242 1286 tabant,
2271 1216 2634 1285 antiquitatis
2658 1216 2842 1271 fuisse
2874 1216 3225 1271 ostenderet.
3264 1218 3349 1271 Ad
3378 1218 3432 1272 id
3468 1222 3663 1274 autem

2017 1308 2386 1379 probandum
2418 1306 2747 1362 necessaria
2781 1323 2891 1361 non
2919 1309 3041 1360 erat
3072 1304 3284 1376 Ignatii
3346 1307 3526 1363 nostri
3559 1324 3662 1363 au-

2017 1397 2276 1452 ctoritas.

2088 1488 2275 1557 Atque
2305 1485 2401 1541 hic
2437 1485 2792 1541 terminatur
2831 1485 3165 1556 negativum
3197 1484 3665 1543 adversariorum

2019 1578 2455 1646 argumentum,
2487 1591 2518 1630 e
2549 1574 2900 1645 scriptorum
2918 1575 2989 1629 de
3023 1573 3230 1646 Ignatii
3287 1573 3553 1645 epistolis
3585 1576 3665 1631 si-

2014 1663 2195 1719 lentio
2229 1665 2470 1735 petitum
2490 1663 2671 1734 ;quod
2700 1679 2908 1733 magno
2957 1664 3193 1734 quidem
3219 1663 3533 1719 verborum
3559 1681 3661 1736 ap-

2018 1752 2518 1825 paratu,miraque
2548 1752 2849 1807 inutilium
2879 1752 3245 1823 argutiarum
3278 1768 3491 1825 pompa
3519 1769 3665 1808 ven-

254 1845 407 1902 diait
434 1844 827 1917 sescriptores
844 1844 1107 1901 omnium
1158 1846 1522 1917 antiquiores
1544 1851 1602 1901 et
1628 1844 1907 1902 celebrio-
1942 1860 1987 1925 Β
2018 1842 2241 1911 ditant;
2269 1842 2370 1897 sed
2412 1840 2572 1896 nullo
2613 1840 2907 1895 rationum
2958 1840 3237 1911 pondere,
3294 1841 3459 1896 nulla
3490 1840 3663 1912 plane

250 1952 348 1991 res
380 1935 744 2007 appellasse;
780 1935 884 1990 sed
913 1956 941 1984 »
976 1936 1218 1989 fratrum
1246 1934 1631 2005 quorumdam
1666 1935 1906 2008 scripta,

252 2024 517 2080 Victoris
547 2027 713 2079 atate
742 2023 1135 2095 antiquiora.»
1166 2027 1239 2078 At
1260 2027 1413 2078 certe
1427 2024 1565 2079 data
1595 2040 1770 2096 opera
1814 2025 1912 2080 ad-

253 2113 413 2169 didit
435 2134 465 2165 «
502 2113 892 2183 quorumdam
918 2128 934 2179 ;
966 2133 993 2162 »
1020 2116 1084 2168 ut
1114 2112 1223 2168 hoc
1255 2112 1423 2169 verbo
1457 2112 1608 2168 inter
1634 2129 1734 2169 eos
1762 2130 1910 2186 quos

254 2202 484 2265 omisit,
520 2202 717 2274 plures
750 2201 932 2257 fuisse
964 2202 1209 2273 iis,quos
1240 2202 1521 2269 laudavit,
1547 2203 1908 2275 antiquiores

250 2300 313 2353 et
339 2295 708 2363 celebriores,
744 2311 915 2351 nemo
946 2295 1325 2352 inﬁciaretur.
1363 2296 1537 2353 Caius
1580 2296 1757 2368 igitur
1789 2315 1906 2353 non

254 2388 449 2457 magis
482 2385 759 2458 epistolas
790 2386 1005 2458 Ignatii
1036 2404 1214 2458 quam
1246 2386 1493 2444 aliorum
1525 2388 1904 2461 scripta,quas

247 2494 370 2533 non
406 2476 629 2546 citavit,
652 2475 954 2547 ignorasse
987 2475 1273 2531 dicendus
1301 2482 1411 2532 est.

330 2586 359 2619 α
395 2565 553 2622 Idem
580 2564 974 2634 judicandum
1008 2564 1079 2619 de
1108 2564 1400 2621 Clemente
1429 2564 1838 2638 Alexandrino,
1874 2590 1902 2619 »

245 2653 634 2727 prosequitur
656 2652 907 2709 Dallmus
957 2654 1023 2709 ‘°.
1055 2653 1115 2708 Si
1183 2655 1334 2711 idem
1397 2656 1788 2725 judicandum
1834 2658 1905 2714 de

248 2744 571 2809 Clemente,
596 2743 720 2813 jam
755 2742 1004 2813 ipsemet
1026 2742 1269 2799 Dallaeus
1299 2759 1479 2800 causa
1509 2762 1613 2801 sua
1666 2748 1900 2802 cecidit.

249 2834 457 2905 Ipsum
485 2839 676 2886 tamen
705 2832 1034 2889 audiamus.
1062 2833 1156 2887 Ait
1184 2832 1384 2904 itaque
1415 2832 1770 2891 Clementem
1812 2852 1903 2892 ve-

247 2921 643 2977 tustissimum
678 2938 808 2977 esse
838 2926 895 2976 et
929 2922 1339 2979 doctissimum
1401 2925 1646 2979 secundi
1703 2927 1900 2982 saeculi

247 3010 565 3082 praecipitis
599 3010 963 3082 scriptorem.
1003 3010 1065 3066 Id
1106 3016 1163 3067 et
1203 3029 1309 3068 nos
1368 3014 1743 3069 verissimum
1774 3033 1902 3072 esse

248 3102 532 3155 dicimus.
559 3101 653 3154 Ait
688 3117 892 3155 rursus
924 3116 1055 3155 eum
1093 3117 1195 3172 pro
1226 3101 1520 3158 immensa
1551 3120 1656 3158 sua
1709 3106 1904 3160 erudi-

244 3190 411 3244 tione
437 3189 721 3259 plurimos
753 3196 1038 3253 auctores,
1072 3207 1205 3245 cum
1237 3190 1505 3262 gentiles,
1549 3198 1673 3247 tum
1733 3195 1897 3249 Chri-

251 3279 483 3334 stianos
516 3279 733 3348 passim
756 3278 1052 3333 laudasse.
1078 3278 1157 3335 De
1181 3280 1498 3352 gentilibus
1531 3282 1764 3351 quidem
1788 3301 1901 3339 non

253 3364 709 3436 retragabimur,
750 3365 851 3419 sed
883 3365 1055 3435 longe
1089 3364 1284 3437 plures
1317 3366 1676 3423 Christianos
1736 3370 1805 3425 ab
1838 3388 1903 3425 eo

248 3454 886 3525 praetermissos,quam
921 3453 1133 3509 citatos
1164 3456 1902 3523 contenrlimus.Quomodo

246 3546 449 3596 tamen
482 3557 739 3613 cumque
771 3557 831 3595 se
864 3557 953 3597 res
984 3542 1506 3611 habeat,quidinde
1522 3551 1721 3600 contra
1745 3546 1905 3618 lgna-

251 3630 319 3683 tii
357 3629 541 3683 nostri
569 3628 846 3700 epistolas
870 3630 897 3684 ?
929 3652 955 3679 «
992 3628 1179 3697 Certe,
1238 3631 1429 3703 inquit
1481 3632 1749 3699 Dallaaus,
1804 3635 1903 3689 ubi

243 3720 432 3773 tradit
464 3719 865 3774 haereticorum
888 3724 1074 3775 sectas
1102 3721 1338 3776 Adriani
1372 3723 1619 3793 Augusti
1683 3729 1899 3795 tempo-

249 3809 418 3863 ribus
449 3808 775 3864 coalescere
824 3810 1089 3881 caspisse,
1145 3814 1511 3882 opportunus
1568 3818 1692 3867 erat
1740 3813 1902 3869 locus

242 3899 561 3971 Ignatiana
593 3899 1124 3967 commemorandi,
1158 3918 1181 3943 η
1217 3915 1471 3970 quorum
1500 3900 1578 3954 ibi
1601 3918 1670 3957 ne
1702 3904 1903 3957 memi-

244 3990 335 4042 nit
371 3986 792 4059 quidem.Quid
824 4004 959 4058 ergo
984 3987 1012 4041 ?
1045 3988 1284 4054 Quoties
1330 3989 1597 4060 scriptori
1629 3998 1905 4062 opportu-

244 4093 363 4131 nus
426 4076 537 4131 fuit
586 4075 748 4131 locus
801 4075 1102 4148 Ignatiana
1160 4080 1684 4145 commemorandi,
1732 4081 1901 4137 toties

247 4182 459 4222 eorum
491 4166 674 4221 sinon
707 4166 1106 4233 meminit,nec
1138 4165 1221 4220 illi
1250 4165 1614 4236 cognita,nec
1646 4169 1717 4223 ah
1740 4170 1902 4240 Igna-

247 4255 337 4309 tio
368 4253 589 4324 scripta
620 4268 745 4307 esse
777 4252 1306 4322 pronuntiabitur?
1340 4253 1486 4309 Mira
1533 4271 1674 4310 sane
1733 4272 1899 4327 argu-

244 4342 553 4399 mentandi
586 4340 874 4397 ratio.Seu
910 4341 1238 4396 mirabilius
1272 4343 1524 4411 profecto
1556 4360 1728 4414 quem
1761 4345 1899 4401 Dal-

242 4433 390 4488 lasus
419 4438 813 4503 opportunum
847 4429 1129 4485 Clementi
1174 4430 1479 4502 Ignatiana
1538 4450 1899 4490 commemo-

242 4521 414 4578 randi
448 4520 639 4575 locum
672 4519 1073 4592 assignaverit.
1109 4541 1136 4571 «
1166 4520 1499 4591 Ignatianas
1559 4522 1895 4594 epistolas,»

240 4612 421 4666 verba
454 4609 642 4665 Dallaei
673 4614 832 4676 sunt,
871 4632 892 4659 ι
929 4626 1046 4665 sum
1079 4611 1378 4665 traditioni
1413 4622 1805 4685 repugnantes
1847 4615 1897 4670 si
1928 4598 1977 4663 Ῐ)

242 4700 538 4763 scivisset,
559 4698 644 4754 vel
678 4714 774 4756 eas
807 4699 1135 4767 refutasset,
1166 4698 1251 4755 vel
1280 4716 1450 4756 suam
1484 4702 1608 4773 ipse
1643 4702 1895 4760 traditio—

242 4806 378 4845 nem
415 4788 484 4842 ad
516 4804 716 4843 earum
752 4804 1019 4843 normam
1043 4789 1447 4845 correxisset.»
1464 4790 1687 4846 Novum
1722 4792 1894 4863 plane

237 4882 299 4933 et
330 4876 659 4931 inauditum
694 4876 1023 4948 argumenti
1056 4876 1303 4949 negativi
1343 4893 1530 4950 genus
1562 4878 1575 4934 !
1612 4880 1890 4953 Nunquid

240 4973 308 5024 ut
334 4965 695 5022 sanctissimi
744 4966 997 5036 alicujus
1025 4966 1328 5037 scriptoris
1359 4969 1647 5024 sententia
1670 4970 1892 5027 refella-

239 5063 363 5125 tur,
400 5055 497 5110 ille
516 5055 751 5110 nomlne
775 5071 882 5110 suo
915 5056 1301 5127 appellandus
1330 5063 1419 5113 est
1449 5057 1476 5111 ‘I
1507 5057 1623 5114 lmo
1659 5067 1722 5115 ut
1751 5078 1892 5133 pru-

238 5146 478 5202 dentius
502 5145 882 5215 securiusque
915 5145 1177 5217 lgnatius
1209 5147 1893 5217 contutaretur,celeber-

236 5235 383 5290 rimo
407 5233 568 5289 illius
592 5233 813 5289 nomini
848 5235 1206 5305 parcendum
1240 5240 1385 5290 erat.

309 5322 526 5378 Saltem
558 5321 830 5379 Clemens
861 5323 931 5378 ad
968 5324 1167 5393 Ignatil
1200 5340 1492 5391 normam,
1538 5331 1707 5400 urget
1764 5330 1893 5385 Dal-

234 5412 801 5474 lasus.traditionem
870 5429 1038 5468 suam
1099 5414 1466 5470 correxisset.
1528 5414 1724 5486 Neque
1785 5418 1894 5473 hoc

234 5502 429 5575 magis
462 5500 885 5558 necessarium.
920 5500 1113 5559 Potuit
1151 5502 1306 5559 enim
1337 5502 1609 5561 Clemens
1654 5505 1892 5579 alicubi,

372 5669 424 5709 ⁴ο
448 5685 578 5743 cap.
614 5669 668 5734 9,
704 5686 763 5744 p.
788 5668 915 5730 280.

2020 1933 2211 1987 valida
2231 1937 2289 1987 et
2321 1931 2488 1986 firma
2512 1930 2850 2002 probatione
2891 1934 3129 1984 tuentur
3183 1945 3250 1985 ac
3307 1931 3658 1986 defendunt.

2021 2024 2138 2079 Nos
2159 2039 2190 2079 e
2217 2022 2511 2077 contrario
2530 2020 2893 2092 argumentis
2924 2019 3387 2085 atﬁrmativis,ab
3411 2021 3662 2093 scripto-

2020 2129 2148 2170 rum
2181 2111 2680 2167 nobilissimorum
2731 2110 3069 2166 auctoritate
3127 2110 3473 2181 desumptis,
3507 2112 3659 2168 hanc

2020 2204 2269 2276 primam
2293 2201 2674 2275 epistolarum
2715 2201 2964 2255 classem
2996 2199 3217 2269 Ignatio
3281 2204 3502 2269 nostro,
3535 2203 3645 2274 uti,

2019 2292 2394 2360 arbitramur,
2428 2289 2809 2346 invictissime
2832 2287 3282 2344 vindicavimus.

2666 2395 2896 2452 CAPUT
2918 2394 3009 2451 XI.

2018 2506 2319 2546 PROBATUR
2347 2505 2414 2543 EX
2448 2504 2591 2544 IPSlS
2621 2503 2902 2543 EPISTOLIS
2925 2502 3205 2542 IGNATIUM
3249 2503 3660 2545 ANTIOCHENUK

2391 2577 2589 2616 EARUM
2620 2576 2764 2614 VERE
2788 2576 2919 2614 ESSE
2957 2575 3278 2616 AUCTOREM.

2437 2673 2462 2736 §
2493 2671 2536 2724 Ι.
2557 2668 2811 2723 Primum
2846 2675 3241 2736 argumentum

2083 2783 2196 2834 Has
2228 2794 2397 2852 porro
2432 2775 2637 2849 lgnatii
2662 2773 2938 2847 epistolas
2962 2792 3074 2830 non
3100 2774 3223 2830 sola
3280 2776 3647 2845 praestantis-

2013 2870 2297 2927 simorum
2322 2874 2624 2923 auctorum
2654 2863 2991 2921 testimonia
3022 2864 3131 2935 ipsi
3173 2863 3503 2919 certissime
3535 2866 3654 2921 vin-

2013 2961 2248 3027 dicant;
2282 2958 2378 3013 sed
2415 2957 2679 3028 ipszemet
2706 2955 2882 3010 etiam
2935 2952 3193 3025 epistolae
3244 2970 3307 3008 se
3345 2954 3416 3009 ab
3448 2955 3650 3010 eodem

2012 3044 2384 3103 sanctissimo
2418 3046 2668 3112 martyre
2691 3040 2938 3111 scriptas
2990 3054 3117 3094 esse
3170 3038 3359 3109 palam
3421 3045 3652 3111 aperte-

2011 3151 2120 3206 que
2177 3129 2653 3189 testificanturJn
2686 3129 2758 3184 iis
2809 3129 2966 3184 enim
3009 3146 3182 3184 verus
3242 3129 3653 3200 genuinusque

1942 3225 2119 3297 Cviri
2151 3219 2694 3294 apostolici,divino
2743 3219 2876 3290 igne
2926 3217 3298 3282 inﬂammati,
3357 3222 3533 3289 atque
3559 3216 3650 3272 'ad

2013 3312 2354 3384 martyrium
2390 3307 2715 3363 incredibili
2775 3307 2982 3361 ardore
3054 3305 3415 3377 pr0perantis
3464 3305 3650 3379 stylus

2007 3405 2222 3475 ubique
2246 3400 2442 3467 micat,
2503 3402 2561 3453 et
2624 3396 2694 3451 ab
2735 3396 3009 3452 omnibus
3066 3396 3236 3450 facile
3286 3399 3644 3465 agnoscitur.

2010 3493 2215 3549 Modus
2232 3490 2408 3544 etiam
2443 3489 2566 3558 ipse
2583 3503 2697 3558 quo
2725 3485 2927 3541 litteras
2958 3488 3205 3541 exarata)
3239 3489 3651 3554 sunt,errores,

2010 3582 2376 3650 lmresesque
2398 3579 2454 3631 in
2489 3577 2572 3632 eis
2594 3576 3236 3647 impugnatas,doctrina
3258 3574 3376 3629 sive
3398 3591 3644 3640 morum,

2011 3670 2129 3726 sive
2162 3668 2295 3722 ﬁdei
2327 3665 2665 3721 Christianas
2716 3664 2794 3719 ibi
2842 3664 3077 3729 tradita,
3130 3667 3337 3718 caetera
3393 3664 3647 3736 denique

2009 3760 2205 3817 omnia
2228 3773 2345 3813 non
2379 3754 2559 3809 alium
2580 3769 2750 3824 quam
2794 3752 2984 3806 virum
3045 3753 3199 3806 inter
3247 3754 3648 3823 apostolorum

2009 3846 2326 3917 discipulos
2360 3841 2985 3908 sanctissimum,inter
3014 3840 3414 3894 sanctissimos
3438 3850 3651 3912 marty-

2006 3954 2098 3991 res
2148 3932 2618 3996 celeberrimum,
2698 3930 2847 3983 inter
2867 3928 3280 3983 celeberrimos
3315 3929 3651 3999 primosque

2007 4025 2270 4081 Ecclesia:
2306 4019 2579 4093 praesules
2614 4016 3193 4089 praestantissimum,
3220 4032 3334 4071 uno
3360 4017 3533 4071 verbo
3556 4018 3647 4087 ip-

2007 4114 2265 4168 summet
2281 4109 2502 4179 Ignatiu
2515 4124 2569 4162 m
2588 4105 3651 4177 designant,demonstrant,produnt-

2007 4219 2119 4274 que
2154 4197 2542 4256 auctorem.ld
2574 4196 2809 4267 quidem
2840 4193 3012 4261 longa
3034 4193 3368 4247 inductione
3402 4192 3649 4262 probare

2006 4309 2119 4348 non
2155 4286 2717 4360 suscepimus,quod
2751 4282 2892 4349 sola,
2927 4298 3104 4354 quam
3128 4283 3420 4348 dedimus,
3442 4282 3646 4336 harum

2004 4379 2385 4453 epistolarum
2444 4374 2667 4448 analysi
2738 4374 2979 4445 planum
3035 4372 3099 4426 tit
3154 4371 3456 4437 omnibus,
3512 4387 3645 4426 om-

2006 4470 2262 4541 ninoque
2292 4466 2690 4538 perspicuum.
2724 4462 3148 4518 Verumtamen
3175 4459 3422 4515 Dallaaus
3446 4460 3507 4515 in
3535 4461 3652 4516 illis

2006 4558 2357 4615 econtrario
2420 4558 2713 4611 auctorem
2772 4553 2993 4622 Ignatio
3048 4550 3221 4622 longe
3271 4550 3648 4621 posteriorem

2004 4665 2130 4704 sese
2161 4644 2617 4718 deprehendisse
2651 4646 2855 4714 putat;
2885 4642 3061 4712 idque
3084 4656 3198 4695 non
3244 4640 3441 4695 minus
3474 4654 3649 4708 quam

2003 4737 2302 4805 sexaginta
2340 4735 2667 4791 rationibus
2717 4733 2964 4803 probare
3052 4734 3317 4785 conatur.
3362 4728 3473 4783 Sed
3514 4744 3649 4783 cum

2005 4827 2267 4899 plurimas
2300 4828 2368 4880 ad
2393 4824 2824 4895 lgnatianarum
2858 4818 3235 4891 epistolarum
3258 4815 3652 4886 interpolatio-

2006 4933 2130 4986 nes,
2162 4915 2249 4970 vel
2292 4915 2361 4968 ad
2421 4910 2699 4984 epistolas
2721 4910 2946 4981 Ignatio
3005 4922 3307 4978 perperam
3360 4905 3647 4975 ascriptas

2006 5019 2451 5095 pertineant,his
2484 5014 2985 5088 pratermissis,ad
3020 5030 3118 5069 eas
3149 5016 3379 5068 tantum
3405 5027 3530 5082 qua
3570 5012 3645 5066 ad

2004 5112 2187 5168 solam
2224 5108 2606 5181 genuinarum
2659 5103 2814 5158 illius
2865 5103 3191 5158 litterarum
3244 5102 3484 5156 classem
3521 5115 3650 5171 spe-

2002 5204 2187 5271 ctant,
2213 5195 2687 5268 respondendum
2719 5208 2845 5248 esse
2869 5191 3256 5247 credidimus.

2358 5306 2385 5372 §
2417 5302 2488 5357 II.
2522 5298 2833 5356 Secundum
2884 5306 3290 5369 argumentum.

2073 5417 2288 5468 Verum
2325 5418 2456 5465 ante
2482 5407 2681 5464 omnia
2712 5421 2897 5477 operas
2930 5404 3180 5475 pretium
3201 5406 3292 5458 est
3338 5400 3649 5457 observare

2002 5519 2206 5560 omnes
2238 5500 2433 5557 Dallaei
2474 5498 2969 5567 defensorumque
2998 5494 3124 5566 ejus
3164 5489 3546 5562 objectiones,
3578 5506 3648 5547 ex
