3942 6302
331 398 444 457 515

323 533 396 588 iis
427 547 553 602 qua!
575 544 752 599 supra
771 542 828 581 re

322 597 458 679 esse
477 597 747 675 funditus
778 609 1388 678 eversas.Polycarpus
1417 597 1961 670 namque,Irenaaus

322 711 672 780 etOrigenes
706 703 849 761 nihil
884 704 940 756 in
977 701 1066 755 his
1135 695 1344 751 litteris
1401 688 1962 752 animadverterunt,

323 803 475 875 quod
499 778 708 871 lgnatii
741 787 1258 866 ingenio,moribus
1288 790 1343 839 et
1374 782 1523 837 aetati
1576 778 1815 875 omni-no
1849 791 1960 830 non

323 867 686 964 congrueret.
717 886 773 939 Si
808 899 941 939 vero
970 880 1224 952 pressius
1248 891 1381 930 cum
1455 867 1802 926 adversariis
1827 882 1962 937 aga-

321 960 624 1044 mus,illud
658 976 812 1031 idem
845 987 914 1026 ex
944 972 1015 1025 iis
1047 985 1175 1039 quae
1199 964 1308 1035 ipsi
1351 960 1657 1017 verissima
1683 973 1811 1012 esse
1835 971 1967 1010 con-

321 1071 553 1134 cedunt,
584 1061 965 1120 invictissime
1045 1051 1605 1111 demonstrabimus.
1691 1049 1965 1100 Fateatur

317 1161 474 1215 enim
504 1157 610 1212 has
641 1151 920 1226 epistolas
952 1139 1574 1210 Eusebio,Athanasio,
1595 1136 1963 1206 Hieronymo,

315 1241 956 1310 Theodoreto,aliisque
987 1232 1314 1291 innumeris
1337 1227 1719 1300 scriptoribus
1776 1228 1835 1278 et
1867 1239 1965 1278 no-

317 1337 583 1393 tissimas
616 1333 818 1399 fuisse,
851 1337 906 1384 et
938 1325 1156 1396 lgnatio
1181 1321 1516 1377 attributas.
1553 1320 1629 1370 At
1696 1313 1743 1371 si
1799 1313 1856 1368 in
1889 1312 1961 1367 iis

317 1432 439 1482 tam
471 1423 674 1497 paucis
706 1426 877 1492 atque
909 1417 1051 1472 adeo
1077 1412 1350 1468 brevibus
1399 1405 1660 1479 epistolis
1693 1409 1873 1467 tanta,
1904 1409 1965 1457 ut

320 1491 637 1571 adversarii
662 1491 1038 1572 contendunt,
1071 1519 1198 1558 esse
1231 1499 1516 1554 rationum
1568 1510 1699 1550 cum
1755 1491 1962 1564 Ignatii

319 1603 580 1677 ingenio,
612 1599 875 1656 moribus
897 1602 953 1651 et
979 1593 1190 1650 saeculo
1215 1589 1601 1664 pugnantium
1633 1581 1961 1650 multitudo,

319 1674 443 1749 fieri
472 1707 609 1748 sane
636 1707 752 1746 non
784 1685 975 1759 potuit
1007 1689 1070 1739 ut
1108 1699 1185 1738 ea:
1245 1695 1450 1734 omnes
1507 1681 1591 1731 tot
1634 1674 1786 1730 viros
1829 1688 1961 1727 eru-

318 1782 664 1848 ditissimos,
697 1776 1093 1840 acutissimos,
1142 1767 1737 1843 diligentissimosque
1792 1763 1958 1833 fuge-

316 1874 633 1943 rint,atque
663 1871 722 1925 in
759 1867 992 1925 illorum
1027 1861 1246 1918 animos
1273 1860 1342 1913 de
1373 1855 1712 1913 earumdem
1744 1851 1959 1924 episto-

311 1962 503 2018 larum
539 1957 942 2031 suppositione
970 1969 1043 2008 ne
1075 1950 1389 2006 minimum
1439 1945 1678 2018 quidem
1710 1957 1958 2010 scrupu—

318 2053 442 2108 lum
476 2029 729 2106 ullamve
761 2042 1066 2116 injecerint
1097 2039 1512 2111 suspicionem.
1574 2033 1636 2088 Et
1693 2029 1961 2104 quamvis

319 2156 523 2197 omnes
557 2137 811 2194 caecitate
843 2131 1095 2206 perculsi
1120 2129 1386 2192 fuissent,
1426 2124 1549 2180 fieri
1604 2121 1810 2178 saltem
1846 2136 1958 2175 non

316 2228 510 2301 potuit
537 2233 599 2282 ut
624 2218 1217 2292 Eusebiusablgnatii
1254 2222 1515 2286 tempore
1558 2228 1670 2266 non
1704 2211 1845 2266 adeo
1877 2223 1961 2263 re-

317 2321 533 2383 motus,
563 2313 876 2370 Historiam
909 2325 1073 2365 suam
1100 2324 1168 2362 ex
1199 2304 1454 2375 antiquis
1481 2306 1714 2356 Patrum
1748 2313 1957 2352 monu-

315 2405 530 2462 mentis
563 2401 990 2465 concinnando,
1017 2415 1085 2453 ea
1117 2412 1230 2452 non
1260 2391 1494 2461 viderit,
1527 2406 1650 2461 quas
1696 2387 1957 2442 moribus

314 2497 608 2566 rebusque
641 2490 915 2546 omnibus
946 2486 1148 2558 Ignatii
1182 2489 1442 2555 tempore
1483 2477 1735 2545 usitatis,
1769 2479 1957 2531 tanto-

315 2601 452 2659 pere
485 2583 966 2639 adversabantur.
1036 2575 1358 2632 Dicendum
1391 2572 1574 2643 igitur
1620 2568 1770 2639 quod
1823 2582 1955 2622 cum

311 2655 621 2738 Eusebius,
651 2669 870 2741 aliique
911 2681 1115 2722 omnes
1149 2665 1205 2718 in
1241 2663 1331 2717 his
1358 2658 1624 2733 epistolis
1657 2655 1802 2711 nihil
1840 2671 1955 2709 non

313 2762 681 2835 Ignatianum
707 2751 1366 2829 deprehenderint,nihil
1411 2765 1605 2805 revera
1637 2748 1694 2801 in
1727 2746 1799 2802 iis
1831 2760 1958 2801 esse

315 2854 466 2926 quod
499 2853 570 2908 ab
601 2852 822 2923 Ignatio
854 2847 1141 2918 scriptum
1175 2857 1287 2898 non
1327 2840 1518 2895 fuerit.

930 2961 1158 3019 CAPUT
1197 2959 1323 3015 XII.

308 3111 680 3154 OBJECTIONES
714 3108 928 3147 DALLEI
963 3107 1030 3145 EX
1064 3101 1367 3142 HERETICIS
1399 3101 1464 3138 ΕΤ
1495 3096 1851 3147 HERESIBUS,
1884 3095 1954 3132 ΑΒ

321 3185 324 3188 ’
452 3183 677 3223 IGNATIO
706 3177 1176 3227 COMMEMORATIS,
1211 3172 1423 3212 ΡΕΤΙΤΙΕ
1453 3168 1808 3209 BOLVUNTUR.

384 3283 410 3349 ἑ
441 3281 480 3336 Ι.
513 3279 754 3350 Objeclio
785 3294 853 3333 ex
884 3271 1162 3330 Saturm'li
1192 3271 1392 3326 haeresi
1429 3269 1602 3339 petita
1631 3264 1878 3322 solvitur.

379 3403 706 3468 Sequemur
734 3399 929 3448 tamen
962 3389 1265 3452 Dallzeum,
1299 3386 1541 3456 ejusque
1569 3383 1952 3446 defensorem,

305 3491 481 3558 atque
513 3502 612 3541 eos
644 3485 861 3552 ubique
911 3483 1248 3534 aberrantes
1279 3477 1337 3530 in
1397 3473 1659 3529 veritatis
1691 3472 1867 3537 viam,
1901 3470 1949 3524 si

307 3576 431 3632 ﬁeri
467 3573 679 3646 possit,
740 3571 1016 3627 reducere
1069 3571 1425 3637 satagamus.
1503 3564 1689 3617 Prima
1756 3560 1954 3631 itaque

306 3662 501 3717 Dallaai
555 3661 704 3716 ratio
740 3658 1074 3714 desumitur
1106 3673 1174 3710 ex
1206 3655 1297 3725 iis,
1333 3671 1457 3725 quae
1513 3652 1571 3706 in
1594 3649 1799 3722 lgnatii
1831 3649 1956 3719 epi-

311 3750 483 3808 stolis
515 3749 949 3815 notantur,sive
970 3745 1290 3801 haeresibus
1315 3743 1432 3798 sive
1463 3738 1772 3802 haereticis,
1807 3754 1952 3809 quos

313 3845 442 3914 post
471 3840 629 3896 illius
653 3845 896 3896 mortem
931 3841 1159 3893 exortos
1186 3834 1364 3890 fuisse
1413 3847 1545 3887 cum
1604 3834 1786 3901 putet,
1819 3827 1954 3883 inde

312 3930 420 3987 has
451 3930 730 4002 epistolas
761 3929 834 3984 ab
869 3925 1092 3998 lgnatio
1107 3924 1284 3980 scribi
1316 3922 1546 3976 minime
1569 3919 1829 3991 potuisse
1858 3917 1950 3971 in-

313 4021 494 4076 ducit.
528 4019 644 4076 Has
676 4023 870 4074 autem
907 4017 1055 4070 inter
1087 4013 1336 4068 haereses
1399 4009 1650 4066 Dallaeus
1701 4021 1953 4063 errorem

304 4109 715 4180 Saturnili,qui
747 4103 1304 4174 Christumputative
1332 4108 1547 4155 tantum
1575 4097 1756 4152 visum
1785 4095 1952 4167 fuisse

300 4199 613 4271 garriebat,
651 4195 991 4268 impugnari
1025 4197 1236 4247 acriter
1267 4188 1568 4246 contendit
1609 4185 1676 4241 ⁸1.
1736 4186 1949 4240 Verum

303 4295 422 4344 tam
456 4289 690 4344 inﬁrma
714 4291 803 4342 est
833 4286 953 4340 haec
979 4283 1167 4338 Dallaai
1204 4280 1630 4349 conjectura,ut
1683 4277 1953 4333 defensor

301 4377 463 4434 illius
488 4380 684 4448 aperte
705 4384 761 4431 et
791 4375 1045 4446 ingenue
1069 4373 1223 4426 dicat
1253 4370 1338 4426 4’:
1373 4370 1540 4434 «Quae
1575 4368 1632 4422 in
1679 4365 1950 4432 illo,»sci-

304 4465 441 4521 licet
480 4466 714 4531 Dallaso,
749 4463 1164 4519 «observantur
1218 4459 1304 4516 vel
1346 4456 1953 4514 Vindiciarumaucto-

306 4572 442 4621 rem,
476 4577 505 4605 υ
539 4569 750 4626 nempe
773 4551 1206 4618 Pearsonium,«
1243 4567 1355 4605 non
1389 4549 1660 4618 tangunt,
1691 4544 1777 4598 vel
1803 4543 1950 4598 tanti

305 4661 421 4700 non
447 4649 588 4699 sunt
617 4642 995 4707 momenti,ut
1027 4657 1132 4696 nos
1163 4639 1420 4694 detinere
1451 4633 1833 4691 debeant.»Et
1864 4648 1949 4686 re-

306 4733 540 4805 quidem
575 4734 705 4804 ipsa
736 4731 1036 4804 Ignatiano
1067 4729 1184 4786 telo
1217 4745 1327 4784 non
1359 4723 1828 4792 Saturnilus,aut
1851 4722 1950 4776 ali-

304 4823 440 4894 quis
475 4823 701 4895 Ignatio
734 4821 1019 4894 posterior
1057 4818 1376 4887 haereticus,
1409 4815 1509 4870 sed
1545 4811 1948 4868 Menandriani

302 4915 389 4970 vel
426 4915 726 4982 Ebionitze,
755 4913 840 4970 vel
873 4911 1236 4970 Cerinthiani
1267 4908 1662 4978 conﬁguntur.

375 5031 506 5100 §II.
583 5033 826 5104 Objectio
881 5047 950 5086 ex
999 5027 1507 5109 Valentinianorum
1577 5022 1701 5093 Sige
1783 5023 1950 5094 petita

954 5105 1297 5172 proponitur.

377 5221 699 5277 Maximum
731 5219 909 5291 igitur
924 5222 981 5272 et
997 5213 1343 5287 palmarium
1374 5210 1574 5267 Dalltei
1593 5227 1660 5266 ea
1685 5211 1756 5266 de
1780 5227 1840 5267 re
1855 5229 1950 5267 ar-

303 5314 656 5382 gumentum
689 5307 924 5364 ducitur
953 5323 1019 5361 ex
1035 5305 1143 5360 hac
1159 5302 1362 5373 Ignatii
1388 5301 1569 5356 nostri
1587 5301 1942 5356 sententia”:

302 5421 330 5450 α
365 5399 528 5456 Unus
543 5396 925 5467 estDeus,qui
955 5391 1338 5449 manifestavit
1359 5389 1944 5462 seipsumperJesum

307 5490 609 5546 Christum
646 5487 856 5544 Filium
899 5485 1107 5559 ipsius,
1169 5482 1269 5555 qui
1323 5489 1410 5538 est
1453 5482 1640 5555 ipsius
1686 5482 1945 5538 Verbum

373 5605 413 5640 "
443 5619 570 5674 cap-
606 5604 694 5671 11,
725 5619 783 5674 p-
853 5599 1063 5674 291.-.".
1103 5615 1249 5674 res;
1297 5599 1416 5674 157-
1449 5598 1496 5674 “3
1537 5597 1718 5674 Brist-
1755 5599 1829 5653 αα
1861 5605 1907 5655 Μ

2137 5600 2180 5634 η
2232 5599 2384 5674 pall:
2445 5615 2574 5672 cap-
2604 5603 2725 5674 -122

302 5675 424 5731 adv.
459 5669 690 5745 Valent,
724 5669 848 5746 cap.
880 5675 934 5729 5.
966 5671 1014 5707 ⁴⁷
1045 5669 1206 5729 Ινόῐιῖ
1221 5671 1447 5743 Prolog.
1479 5670 1538 5724 in
1571 5669 1668 5725 lib.
1751 5685 1802 5725 tv
1851 5669 1973 5729 adv.
2011 5673 2216 5729 Valent.
2249 5671 2295 5708 ⁴⁸
2328 5671 2430 5728 lib.
2462 5669 2669 5729 nfadv.
2711 5669 2951 5743 Valent”
3009 5689 3058 5729 ο.
3111 5669 3167 5740 8'.

297 5763 427 5822 cap.
462 5746 552 5802 11.

1409 379 1472 438 S.
1517 369 1916 436 IGNATIUS.
1963 403 2038 416 -—
2085 368 2696 431 PROLEGOMENA.

832 522 1097 584 tulimus,
1135 517 1371 572 Patrum
1451 506 1807 566 testimoniis
1846 506 1972 576 jam
2009 515 2058 581 Α
2090 509 2390 570 taeernum,
2429 520 2544 558 non
2577 503 2863 558 asilentio
2894 501 3289 574 progrediens.
3313 521 3339 551 η
3373 499 3576 556 Omnis
3598 517 3737 556 vero

3627 364 3742 426 516

2068 594 2388 648 difﬁcultas
2413 593 2468 646 in
2495 591 2584 648 his
2617 592 2806 647 verbis
2840 592 3029 662 posita
3060 599 3192 646 est:
3234 613 3262 640 ι(
3297 607 3407 646 non
3429 608 3463 644 a
3489 590 3731 646 silentio

2073 684 2481 756 progrediens:
2515 704 2545 732 »
2576 678 2675 734 οὐκ
2705 681 2808 734 ἀπὸ
2852 686 2976 754 σιγῆ
3015 677 3322 752 πρῡελθών.
3364 681 3489 734 llaec
3541 679 3726 751 enim,

2072 771 2158 828 uti
2188 773 2353 828 aiunt
2382 771 2448 840 “,
2474 772 2648 828 verba
2679 772 2893 826 feriunt
2925 771 3313 836 Valentinum,
3351 769 3573 842 Ignatio
3599 769 3724 842 lpo-

2073 862 2398 929 steriorem,
2434 861 2533 934 qui
2557 879 2622 917 ex
2657 862 2792 932 Sige
2823 866 3013 916 ortum
3044 861 3237 931 Logon
3271 860 3535 915 docebat.
3559 859 3727 924 Quod

2075 951 2334 1024 quidem,
2367 952 2804 1024 inquiunt,cum
2840 950 3038 1006 nullus
3068 955 3205 1005 ante
3235 966 3367 1004 eum
3395 950 3730 1006 somniasse

2077 1049 2454 1110 memoratur,
2478 1041 2624 1097 illud
2656 1043 2725 1096 ab
2767 1041 2983 1113 ignatio
3042 1040 3205 1113 argui
3261 1039 3418 1095 nullo
3465 1055 3726 1108 unquam

2077 1135 2246 1190 modo
2278 1132 2483 1204 potuit.
2515 1132 2674 1196 Quod
2713 1131 2760 1186 si
2789 1130 3146 1202 respondeas
3194 1129 3578 1186 Valentinum
3641 1145 3734 1183 er-

2075 1239 2234 1280 rores
2266 1240 2404 1280 suos
2430 1240 2462 1278 a
2488 1220 2777 1278 Gnosticis
2798 1220 3088 1286 hausisse,
3119 1219 3449 1276 concedunt
3479 1217 3723 1290 quidem

2077 1313 2347 1370 Dallmani
2380 1312 2426 1347 ⁴⁵
2451 1311 2703 1384 :«Ipsam
2739 1327 2934 1366 rerum
2959 1309 3166 1365 silvam
3182 1314 3356 1380 atque
3387 1309 3724 1374 materiam,

2074 1421 2140 1459 ex
2173 1419 2288 1475 qua
2320 1401 2667 1457 Valentinus
2689 1417 2796 1456 sua
2827 1399 3322 1471 composuit,jam
3355 1398 3510 1470 apud
3562 1403 3727 1454 vetu-

2074 1494 2281 1549 stiores
2312 1492 2520 1563 partim
2547 1490 2855 1545 Gnosticos
2884 1489 3206 1555 haereticos,
3267 1489 3480 1560 partim
3541 1489 3722 1544 etiam

2073 1584 2405 1651 poetas,aut
2435 1578 2810 1658 phi1030phos
2830 1579 3097 1634 ethnicos
3117 1577 3469 1633 fuisse.»Sed
3483 1581 3722 1632 conten-

2073 1674 2219 1728 dunt
2251 1687 2456 1726 novam
2517 1669 2775 1740 aliquam
2829 1669 2979 1723 inter
3035 1668 3341 1722 Gnosticos
3394 1674 3615 1722 sectam
3685 1684 3721 1723 a

2069 1761 2377 1816 Valentino
2409 1759 2774 1826 fabricatam,
2803 1758 2977 1828 cujus
3009 1756 3127 1811 haec
3152 1755 3483 1828 peculiaris,
3545 1773 3665 1826 qua
3687 1773 3720 1812 a

2075 1849 2299 1907 caeteris
2328 1847 2873 1912 discriminabatur,
2902 1845 3100 1917 opinio
3141 1849 3260 1900 erat
3304 1863 3318 1901 :
3352 1866 3381 1896 «
3418 1849 3613 1916 Logon
3686 1863 3722 1900 a

2074 1940 2202 2011 Sige
2228 1943 2415 1994 ortum
2449 1936 2538 1992 vel
2572 1935 2926 2004 immediate,
2951 1957 2979 1986 »
3004 1939 3124 1990 uta
3154 1942 3336 1990 malre
3369 1933 3556 1989 ﬁlium
3584 1954 3599 2002 ;
3629 1934 3724 1989 vel

2073 2028 2343 2096 mediate,
2378 2050 2405 2076 ‹‹
2441 2034 2502 2081 ut
2531 2026 2604 2080 ab
2635 2027 2763 2080 avia
2825 2032 3112 2096 nepotem.
3142 2046 3169 2074 »
3228 2025 3412 2090 Quam
3468 2038 3613 2078 sane
3646 2024 3718 2079 ob

2067 2134 2304 2174 causam
2338 2122 2610 2182 Irenasus,
2641 2113 2812 2170 sicuti
2845 2114 3180 2184 opinantur,
3214 2112 3456 2168 tradidit
3489 2111 3719 2181 “,«Va-

2069 2206 2354 2263 lentinum
2371 2210 2590 2261 veteres
2611 2205 2909 2260 doctrinas
2929 2203 2984 2258 in
3002 2202 3302 2275 proprium
3320 2203 3721 2257 characterem

2070 2295 2500 2360 transtulisse.»
2535 2293 2796 2366 Denique
2852 2295 3132 2348 audacter
3182 2293 3481 2347 afﬁrmant
3540 2291 3724 2347 haaca

2069 2387 2474 2443 Gnosticorum
2491 2384 2684 2456 aliquo
2717 2383 2763 2439 si
2797 2383 3015 2456 scripta
3035 2381 3344 2452 sinl,illum
3371 2383 3430 2438 in
3461 2381 3726 2437 Valenti-

2070 2477 2130 2532 ni
2161 2476 2359 2531 schola
2390 2474 2573 2530 fuisse
2601 2474 2892 2530 edoctum.

2069 2621 2096 2690 §
2128 2620 2220 2674 Ill.
2254 2619 2500 2674 Solvitur
2529 2616 2784 2686 superior
2805 2616 3055 2690 objectio,
3088 2632 3158 2670 ac
3179 2615 3363 2690 primo
3396 2613 3602 2690 ostenti
3628 2621 3727 2668 tur

2137 2693 2411 2746 incertum
2443 2706 2554 2744 esse
2588 2695 2775 2743 utrum
2812 2689 3132 2744 Valentinus
3177 2693 3295 2756 post
3342 2689 3550 2758 Ignatii
3579 2693 3730 2740 tem-

2071 2823 2091 2832 ,
2136 2779 2278 2834 pora
2305 2777 2515 2819 errores
2543 2777 2666 2815 suos
2689 2759 3052 2816 dr'sseminare
3079 2761 3321 2830 caeperit.

2137 2898 2325 2968 Atque
2346 2895 2454 2950 hoc
2484 2895 2844 2967 praecipuum
2899 2901 2988 2950 est
3035 2892 3499 2949 adversariorum
3544 2907 3723 2963 argu-

2067 2984 2514 3055 mentum,quod
2539 2981 3551 3038 miraostentationeinvictissimum
3569 2997 3703 3035 esse

2057 3076 2349 3147 jactitant.
2405 3074 2616 3129 Verum
2660 3074 2947 3143 Moynius,
2988 3073 3252 3143 ejusdem
3309 3088 3443 3126 cum
3491 3070 3709 3126 Dallteo

2060 3165 2410 3220 Calvinianze
2443 3168 2610 3218 sectae
2645 3163 2936 3229 minister,
2960 3163 3102 3217 illud
3159 3162 3302 3217 adeo
3350 3161 3474 3216 leve
3505 3177 3571 3216 ac
3605 3160 3718 3214 im-

1983 3242 2026 3310 C
2065 3253 2340 3310 becillum
2373 3269 2497 3308 esse
2523 3253 2828 3323 judicavit,
2863 3256 2925 3306 ut
2947 3251 3166 3306 nullam
3209 3251 3345 3306 inde
3394 3248 3715 3304 difﬁculta-

2061 3353 2176 3402 tem
2208 3345 2389 3402 crcari
2423 3361 2591 3417 posse
2623 3344 2777 3401 ultro
2812 3345 3076 3401 fateatur.
3142 3348 3209 3399 Et
3233 3348 3386 3399 certe
3433 3343 3543 3397 hoc
3579 3359 3722 3413 pro-

2065 3435 2216 3491 batio
2250 3451 2549 3506 perperam
2575 3434 2648 3489 ab
2682 3434 2767 3489 eis
2823 3434 3142 3503 venditata,
3193 3433 3367 3488 variis
3426 3430 3715 3487 refellitur

2063 3524 2413 3588 rationibus,
2449 3541 2696 3594 quarum
2737 3539 3102 3596 unaquaeque
3161 3526 3229 3580 ad
3289 3538 3417 3578 eam
3473 3521 3711 3593 penitus

2061 3615 2473 3670 destruendam
2502 3613 2625 3668 sola
2657 3613 2896 3668 sufﬁcit.
2949 3612 3468 3668 Verumenimvero
3519 3611 3713 3665 incer-

2060 3709 2182 3758 tum
2210 3703 2395 3773 primo
2411 3706 2498 3758 est
2528 3718 2670 3757 num
2702 3701 3047 3757 Valentinus
3078 3701 3565 3773 Ignatiitempore
3592 3715 3709 3754 non

2061 3791 2285 3859 vixerit,
2312 3799 2564 3862 tuncque
2595 3791 2835 3862 cveperit
2865 3806 3088 3846 errores
3114 3789 3501 3846 disseminare
3540 3804 3708 3842 suos.

2063 3885 2314 3938 lrenzeus
2346 3880 2658 3952 siquidem,
2683 3880 2783 3951 qui
2816 3878 3187 3936 Valentinum
3221 3879 3401 3952 probe
3442 3881 3706 3946 noverat,

2060 3974 2280 4050 quique
2304 3973 2426 4042 jam
2458 3971 2528 4026 ab
2561 3970 2872 4026 Eleutherii
2904 3987 3066 4041 papte
3089 3969 3333 4037 aetate,id
3395 3972 3504 4034 est,
3554 3967 3717 4023 intra
3770 4022 3779 4031 ,

2061 4077 2246 4116 annos
2282 4061 2381 4114 177
2411 4065 2467 4116 et
2499 4059 2894 4131 l92,ejusdem
2926 4058 3221 4114 Valentini
3243 4057 3513 4113 haeresim
3565 4072 3709 4112 con-

2061 4151 2373 4218 futarat,de
2403 4165 2469 4205 eo
2500 4151 2615 4205 haec
2633 4149 2924 4205 memoriae
2961 4149 3277 4220 prodidit“
3303 4146 3711 4204 :«Valentinus

2057 4240 2217 4296 venit
2247 4240 2490 4296 Romam
2514 4238 2620 4294 sub
2683 4238 2930 4310 Hygino,
2979 4237 3214 4294 incrivit
3257 4253 3389 4292 vero
3439 4235 3548 4291 sub
3583 4236 3708 4302 Pio,

2059 4334 2118 4385 et
2139 4330 2471 4401 prorogavit
2493 4333 2724 4398 tempus
2767 4343 2956 4399 usque
3011 4327 3081 4382 ad
3139 4325 3468 4381 Anicetum.
3505 4345 3532 4374 ››
3589 4326 3713 4396 Hy-

2058 4419 2232 4492 ginus
2260 4417 2306 4454 ⁴⁸
2329 4426 2519 4474 autem
2549 4419 2712 4488 juxta
2733 4417 3032 4490 vulgarem
3063 4416 3398 4489 Opinionem
3448 4415 3520 4470 ab
3550 4430 3715 4470 anno

2061 4508 2164 4562 152
2184 4507 2252 4561 ad
2281 4523 2501 4562 annum
2533 4506 2655 4574 156,
2687 4504 2773 4561 vel
2817 4506 2988 4576 juxta
3026 4504 3483 4560 emendatiorem
3550 4501 3716 4557 Hen-

1984 4615 2031 4678 υ
2057 4597 2277 4653 schenii
2312 4601 2368 4650 et
2399 4594 3117 4667 Papebrochiicatalegum
3142 4599 3539 4650 Romanorum
3560 4609 3711 4665 pon-

2058 4688 2282 4742 tificum
2316 4687 2387 4740 ab
2420 4702 2571 4741 anno
2597 4686 2694 4739 138
2755 4685 2823 4740 ad
2852 4701 3068 4740 annum
3124 4685 3246 4754 150,
3295 4683 3570 4738 Romanis
3604 4687 3711 4738 Ec-

2060 4777 2253 4833 clesiae
2273 4775 2463 4830 tenuit
2492 4774 2980 4846 gubernaculum.
3020 4774 3310 4829 Eusebius
3345 4787 3478 4827 vero
3519 4773 3621 4842 qui
3646 4773 3712 4827 in

2060 4865 2302 4922 historia
2325 4881 2431 4920 sua
2463 4866 2738 4919 Irenaeum
2775 4869 3010 4919 secutus
3042 4867 3153 4926 est,
3177 4863 3236 4917 in
3269 4860 3551 4917 Chronico
3585 4860 3711 4917 haec

2057 4955 2234 5011 habet
2263 4954 2338 5010 ad
2358 4969 2576 5009 annum
2604 4954 2702 5009 MZ
2723 4952 2963 5008 ‘°.«Sub
2987 4951 3214 5023 Hygino
3235 4952 3508 5006 Romana:
3539 4950 3710 5005 urbis

2059 5044 2329 5116 episcopo
2372 5043 2708 5098 Valentinus
2756 5041 3173 5099 haeresiarchas
3206 5048 3261 5096 et
3316 5040 3496 5096 Cerdo
3522 5039 3713 5112 magi—

2059 5138 2178 5188 ster
2206 5130 2518 5189 Marcionis
2550 5135 2784 5187 Romam
2821 5135 3126 5186 venerunt.
3162 5151 3190 5182 »
3255 5129 3320 5184 Et
3373 5128 3449 5185 ad
3483 5145 3710 5185 annum

2061 5222 2202 5276 M6:
2236 5219 2638 5276 «Valentinus
2680 5219 2988 5276 haereticus
3046 5220 3403 5290 agnoscitur,
3463 5222 3520 5273 et
3576 5234 3708 5289 per-

2060 5313 2260 5364 manet
2292 5325 2477 5379 usque
2507 5311 2574 5364 ad
2607 5310 2937 5366 Anicetum.
2971 5331 2999 5360 »
3033 5309 3210 5365 Porro
3244 5313 3441 5365 autem
3499 5307 3714 5364 Valen-

2056 5399 2258 5463 tinum,
2293 5403 2608 5470 antequam
2643 5403 2887 5454 Romam
2920 5399 3282 5467 adventaret,
3313 5413 3538 5454 errores
3570 5413 3711 5453 suos

2057 5502 2330 5558 spargere
2360 5485 2605 5556 ccepisse
2634 5501 2765 5540 vero
2798 5484 2967 5556 plane
3023 5485 3392 5542 simillimum
3449 5482 3706 5554 videtur.

2780 5618 2830 5670 p.
2887 5601 3017 5657 293.
3068 5601 3112 5636 “
3143 5617 3276 5672 pag.
3305 5599 3408 5672 30,3
3456 5597 3637 5672 fflib.
3667 5615 3712 5654 ιι

3193 5617 3276 5708 ξε·
3305 5617 3430 5740 ta
3467 5617 3715 5743 “iis:
