3942 6302
178 360 288 420 517

1116 365 1184 424 D.
1233 364 1570 427 NOUBRII
1613 363 2153 426 DlSSERTATIO.
2201 400 2276 412 —
2320 366 2522 427 PARS
2570 370 2617 427 Ι.

3454 374 3573 434 518

176 498 303 554 Nam
334 499 487 555 idem
518 500 858 556 Valentinus
882 501 955 556 ab
987 501 1078 568 iis,
1104 502 1202 573 qui
1238 504 1517 558 Irenaum
1552 518 1796 573 praeces-
1828 504 1881 568 Α
1912 500 2177 571 formam,
2213 504 2654 576 dispositionem
2676 509 2731 561 et
2753 506 3015 562 ordinem
3041 527 3055 576 ;
3083 508 3321 580 quibus,
3343 510 3553 583 inquit,

176 594 373 656 serant,
399 590 520 659 jam
555 591 739 646 fuerat
769 591 1127 658 confutatus,
1163 598 1227 647 ut
1256 593 1505 663 ipsemet
1553 597 1805 647 lrenaeus

176 677 368 733 ibidem
404 678 853 734 testiﬁcatur”:
907 702 934 729 ‹‹
986 680 1347 751 Quapropter
1410 682 1466 735 hi
1519 681 1617 753 qui
1672 690 1805 736 ante

176 783 277 821 non
310 767 565 834 fuerunt,
598 772 657 823 et
688 767 871 823 multo
904 768 1071 823 nobis
1114 769 1405 840 meliores,
1440 787 1554 826 non
1606 775 1804 825 tamen

177 858 303 912 satis
330 862 644 928 potuerunt
674 858 1072 914 contradicere
1103 859 1220 927 his,
1252 861 1350 931 qui
1385 865 1520 915 sunt
1553 878 1585 915 a
1610 861 1804 917 Valen-

174 947 320 1013 tino;
351 947 490 1018 quia
519 948 870 1019 ignorabant
891 949 1148 1018 regulam
1176 951 1464 1022 ipsorum,
1494 967 1671 1021 quam
1697 967 1803 1006 nos

175 1052 292 1091 cum
322 1038 477 1092 omni
511 1038 814 1109 diligentia
841 1039 898 1092 in
928 1039 1115 1110 primo
1136 1038 1286 1095 libro
1308 1039 1414 1094 tibi
1438 1040 1746 1095 tradimus.
1774 1061 1803 1088 »

175 1123 235 1177 Et
264 1124 329 1179 de
358 1125 667 1197 Polycarpo
699 1126 834 1181 alibi
868 1128 1073 1181 scribit
1100 1125 1144 1162 ⁸¹
1171 1144 1183 1183 :
1222 1150 1249 1177 ‹‹
1284 1128 1336 1183 ls
1366 1129 1522 1183 enim
1564 1132 1672 1195 est,
1701 1126 1804 1199 qui

176 1214 271 1267 sub
310 1214 543 1270 Aniceto
575 1231 708 1269 cum
742 1216 1073 1271 advenisset
1100 1217 1157 1270 iu
1192 1216 1419 1282 urbem,
1473 1215 1688 1272 multos
1734 1232 1805 1271 ex

176 1300 275 1367 his,
331 1320 474 1375 quos
525 1304 924 1375 praediximus,
990 1305 1312 1371 hereticos,
1349 1326 1378 1354 »
1426 1304 1801 1360 Valentinum

176 1408 364 1463 nempe
384 1399 442 1448 et
462 1393 840 1462 Marcionem,
860 1416 888 1445 «
911 1397 1194 1450 convertit
1210 1395 1267 1449 in
1288 1394 1606 1451 Ecclesiam
1630 1395 1753 1450 Dei.
1771 1416 1802 1445 »

183 1481 366 1537 Utrum
401 1488 594 1538 autem
631 1484 732 1538 diu
763 1490 893 1539 ante
925 1489 1186 1555 tempora
1216 1483 1425 1556 Hygini
1460 1484 1802 1540 Valentinus

176 1580 451 1652 inccsperit
483 1597 654 1636 suam
699 1582 993 1653 publicare
1042 1582 1327 1651 haeresim,
1380 1582 1526 1637 nihil
1572 1598 1605 1637 a
1656 1599 1803 1653 quo-

176 1686 333 1741 quam
365 1670 767 1726 indubitatum
800 1672 979 1726 statui
1017 1687 1273 1742 unquam
1308 1673 1516 1743 potuit.

239 1763 445 1830 Urgent
484 1764 682 1815 tamen
729 1776 798 1817 ex
847 1760 1020 1816 citato
1068 1761 1305 1817 Eusebii
1352 1761 1636 1817 Chronico
1686 1766 1799 1818 Va-

175 1846 436 1904 lentinum
469 1865 626 1904 anno
657 1854 886 1905 tantum
910 1850 1013 1905 146
1033 1850 1319 1948 agnitum.
1347 1850 1797 1948 Ergouinierunt,
1835 1882 1880 1948 Β

177 1942 327 1993 antea
346 1955 445 1994 nec
467 1939 705 2011 agnitus
730 1946 872 2010 erat,
891 1956 995 1995 nec
1019 1939 1261 2011 proinde
1284 1955 1422 1997 suos
1446 1939 1609 1995 ullibi
1645 1957 1805 2012 spar-

179 2034 318 2084 serat
345 2045 590 2086 errores.
625 2030 732 2085 Sed
765 2030 1035 2101 quamvis
1066 2029 1189 2085 haec
1219 2045 1287 2085 ex
1320 2046 1385 2085 eo
1434 2046 1642 2101 urgere
1691 2046 1805 2087 non

179 2117 432 2174 deberent
460 2119 768 2187 Chronico,
802 2119 858 2174 in
892 2136 1009 2191 quo
1041 2120 1252 2175 menda
1282 2135 1409 2175 esse
1448 2119 1805 2191 praedicant;

180 2206 409 2263 dicimus
441 2213 641 2264 tamen
675 2208 734 2263 in
787 2208 1199 2281 hujuscemodi
1250 2208 1487 2282 scriptis
1539 2210 1803 2277 verbum,

177 2298 489 2366 agnoscitur,
524 2314 643 2353 non
675 2298 757 2353 ita
787 2298 1192 2370 accipiendum
1235 2314 1383 2365 esse,
1416 2315 1482 2355 ac
1530 2298 1579 2353 si
1634 2316 1809 2354 mun-

178 2400 337 2456 quam
369 2391 538 2443 antea
568 2387 881 2443 haereticus
912 2386 1010 2443 ille
1042 2405 1074 2442 a
1094 2403 1387 2460 quoquam
1408 2387 1643 2460 agnitus
1672 2387 1811 2443 fuis-

182 2479 292 2528 set:
324 2477 422 2530 sed
456 2476 608 2531 nihil
641 2475 797 2531 aliud
860 2476 1212 2547 significare,
1265 2492 1443 2548 quam
1493 2475 1659 2531 illum
1709 2475 1807 2547 qui

183 2563 431 2632 privatim
473 2572 531 2623 et
582 2566 802 2622 sensim
856 2567 981 2621 sine
1030 2582 1204 2623 sensu
1252 2583 1513 2622 errorum
1568 2583 1808 2623 suorum

176 2667 374 2709 venena
431 2655 597 2727 prius
651 2655 1081 2728 propinaverat,
1135 2656 1259 2726 jam
1319 2654 1691 2727 apertissime
1742 2672 1810 2711 ea

180 2749 525 2813 spargentem
560 2745 635 2800 ab
667 2744 943 2800 omnibus
984 2744 1273 2816 agnitum.

247 2833 325 2899 At,
358 2834 657 2905 inquiunt,
692 2834 1059 2903 Valentinus,
1087 2838 1234 2890 teste
1263 2832 1645 2902 Tertulliano,
1698 2834 1809 2890 sub

177 2934 429 2990 supremo
462 2922 776 2978 Eleutherii
818 2923 1183 2995 pontiﬁcatu,
1215 2922 1274 2978 id
1304 2927 1413 2990 est,
1449 2931 1506 2978 ut
1531 2922 1806 2988 diximus,

177 3008 315 3065 circa
372 3028 594 3067 annum
657 3012 780 3080 180,
836 3012 1026 3067 Roma:
1074 3012 1267 3067 adhuc
1317 3013 1805 3068 commorabatur.

176 3098 322 3156 Unde
352 3103 715 3160 concludunt
743 3103 911 3159 illum
945 3104 1153 3176 Ignatii
1202 3110 1463 3174 tempore
1511 3112 1611 3159 aut
1657 3103 1812 3160 inter

176 3189 339 3257 vivos,
365 3198 462 3248 aut
491 3193 699 3249 saltem
731 3193 884 3249 inter
934 3210 1138 3264 pravos
1178 3193 1499 3250 hmreseum
1544 3194 1809 3250 doctores

182 3294 285 3334 non
316 3283 575 3349 potuisse
606 3283 998 3339 annumerari.
1038 3283 1148 3338 Sed
1184 3283 1242 3338 in
1277 3282 1617 3339 Tertulliani
1643 3283 1806 3338 libris
1850 3258 1891 3325 C

175 3367 560 3428 describendis
593 3377 852 3428 erratum
885 3372 1015 3437 fuit,
1047 3373 1135 3429 vel
1166 3373 1291 3441 ipse
1320 3389 1543 3428 errasse
1565 3389 1807 3428 censen-

176 3458 272 3513 dus
299 3468 405 3516 est.
438 3461 691 3517 Ireniens
742 3463 960 3534 quippe
1012 3461 1499 3534 diligentissimus
1546 3478 1806 3517 errorum

178 3548 445 3607 Valentini
491 3553 897 3623 investigator,
933 3553 992 3607 in
1033 3569 1161 3620 suo,
1215 3569 1388 3623 quem
1444 3554 1554 3607 sub
1604 3552 1805 3608 eodem

177 3636 483 3697 Eleutherio
516 3656 754 3697 summo
788 3641 1057 3714 pontiﬁce
1078 3643 1429 3712 composuit,
1455 3641 1625 3710 libro,
1650 3658 1811 3698 asse-

177 3734 321 3784 verat
348 3730 721 3786 Valentinum
756 3731 1166 3787 tantummodo
1198 3748 1383 3802 usque
1412 3732 1483 3786 ad
1506 3731 1808 3786 Anicetum

177 3821 393 3889 tempus
424 3820 626 3876 Romae
658 3836 1022 3892 prorogasse,
1052 3820 1111 3875 id
1143 3824 1231 3876 est
1262 3838 1375 3876 non
1427 3820 1658 3889 vixisse,
1710 3825 1812 3876 aut

177 3904 245 3959 ibi
274 3924 382 3963 non
414 3909 817 3982 comparuisse
847 3909 1121 3978 amplius.
1154 3909 1301 3964 Huic
1344 3909 1539 3965 Irenaai
1580 3920 1809 3964 senten-

177 3995 257 4048 tiis
297 3997 650 4069 subscripsit
691 3998 999 4064 Eusebius,
1053 3998 1305 4069 scriptor
1351 3998 1807 4055 oculatissimus.

179 4084 246 4136 Ex
274 4086 485 4156 quibus
517 4091 676 4142 recte
707 4085 1081 4143 concluditur
1105 4087 1419 4142 obscurum
1446 4104 1595 4153 esse,
1629 4088 1810 4141 omni-

179 4187 349 4245 noque
404 4176 695 4231 incertum
757 4192 897 4230 num
958 4174 1306 4231 Valentinus
1370 4176 1577 4247 Ignatii
1629 4176 1809 4230 nostri

176 4263 414 4333 tempore
444 4279 677 4320 errores
708 4264 938 4336 aliquos
969 4282 1083 4320 non
1114 4266 1399 4335 sparserit
1426 4263 1485 4319 in
1508 4264 1737 4337 vulgus.

300 4355 326 4423 §
354 4357 445 4410 IV.
483 4355 900 4411 Valentinianus
948 4354 1096 4410 hunc
1123 4354 1188 4411 de
1216 4354 1341 4425 Sige
1368 4369 1609 4411 errorem
1638 4372 1670 4409 a

694 4444 958 4500 Gnostici:
1008 4443 1275 4500 hausisse.

238 4532 336 4586 Fac
354 4536 548 4589 tamen
574 4534 950 4590 Valentinum
967 4533 1186 4603 Ignatio
1206 4533 1387 4588 fuisse
1406 4532 1810 4603 posteriorem,

1910 598 1967 647 et
1988 604 2139 647 secta
2162 595 2290 664 ejus
2314 612 2345 650 a
2371 595 2593 650 caeteris
2611 596 2887 650 omnibus
2911 602 3062 652 recte
3084 598 3357 655 distincta
3380 609 3488 669 est,
3513 609 3570 657 et

1912 681 2009 737 ille
2041 683 2112 737 ab
2146 683 2361 739 Irenaeo
2386 683 2516 753 jure
2550 686 2797 740 traditur
2842 685 2908 754 ⁵³,
2961 688 3233 760 antiquas
3282 690 3340 743 in
3388 707 3563 746 suum

1911 770 2302 827 characterem
2337 774 2730 830 transtulisse.
2773 777 2878 830 Sed
2914 792 3204 847 quasnam,
3235 779 3445 835 amabo
3486 785 3563 844 te.

1910 866 2001 916 est
2031 860 2130 916 illa
2159 861 2464 918 Valentina
2495 863 2689 919 forma
2709 864 2737 919 ‘?
2764 865 2888 920 Non
2913 881 2980 920 ea
3001 867 3236 935 quidem
3260 869 3374 923 sita
3396 869 3565 925 estin

1909 951 2121 1019 verbis,
2153 950 2297 1020 Nus,
2332 952 2534 1022 Logos,
2568 952 2655 1007 vel
2688 953 2858 1025 Sige;
2892 955 3368 1025 quandoquidem
3401 980 3431 1008 «ι
3464 958 3563 1013 Pa-

1913 1044 2061 1095 trem
2093 1040 2387 1107 innatum,
2420 1041 2610 1113 inquit
2640 1042 2885 1098 Dallasus
2909 1042 2980 1109 5‘,
3012 1050 3067 1099 et
3088 1046 3241 1114 Nun,
3275 1052 3333 1101 et
3365 1052 3557 1119 Logon

1913 1132 2059 1200 apud
2095 1131 2427 1200 Basiliden],
2460 1137 2515 1186 et
2560 1133 2725 1202 Sigen
2771 1134 2922 1204 apud
2975 1135 3365 1207 Antiphanem
3423 1153 3557 1209 poe-

1913 1227 2028 1274 tam
2090 1221 2341 1275 invenio.
2403 1242 2430 1270 »
2490 1222 2762 1285 Quaenam
2819 1228 2910 1278 est
2960 1239 3097 1294 ergo
3155 1223 3259 1279 illa
3312 1226 3561 1281 forma?

1910 1329 1937 1357 ‹‹
1961 1311 2151 1379 Logon
2194 1324 2223 1363 e
2261 1308 2393 1380 Sige
2417 1315 2635 1377 ortum,
2654 1311 3026 1382 prosequitur
3047 1312 3296 1368 Dallieus
3319 1314 3558 1386 “,apud

1912 1402 2188 1451 neutrum
2222 1398 2473 1453 invenio.
2507 1398 2586 1453 Ea
2617 1415 2810 1454 rerum
2845 1399 3153 1469 dispositio
3184 1404 3340 1473 apud
3376 1421 3561 1460 unum

1908 1484 2285 1540 Valentinum
2312 1488 2559 1558 ejusque
2588 1486 2911 1560 discipulos
2942 1494 3149 1545 exstat.
3179 1510 3205 1541 ι

1981 1574 2089 1628 Sed
2124 1574 2376 1630 Dallaaus
2405 1592 2473 1631 ea
2507 1577 2781 1647 profecto,
2811 1594 2937 1648 quas
2959 1579 3131 1650 paulo
3163 1591 3291 1651 post
3314 1582 3563 1654 ipsemet

1909 1661 2132 1730 retulit,
2165 1664 2364 1720 lrenani
2406 1665 2582 1720 verba
2614 1682 2725 1721 non
2759 1667 2902 1721 satis
2936 1673 3155 1724 attente
3176 1669 3559 1742 legerat.Ire-

1908 1768 2068 1807 naeus
2098 1754 2313 1808 etenim
2347 1754 2424 1808 ibi
2457 1756 2528 1809 de
2550 1754 2881 1825 Antiphane
2914 1762 3078 1828 poeta
3101 1758 3183 1814 sic
3230 1761 3465 1818 disserit
3485 1763 3562 1815 ⁵⁶ι

1918 1861 1941 1891 α
1983 1840 2140 1897 Unde
2171 1846 2226 1897 et
2256 1841 2390 1914 ipsi,
2424 1842 2842 1911 Valentiniani,
2865 1847 2978 1901 sibi
3003 1855 3373 1906 assumentes
3395 1851 3563 1908 fabu-
3651 1882 3653 1884 ·

1917 1928 2195 1987 lam.......
2229 1932 2599 1989 solummodo
2632 1934 3006 1990 demutantes
3052 1951 3253 1992 eorum
3305 1940 3562 2009 nomina,

1917 2018 2174 2090 idipsum
2207 2025 2403 2076 autem
2437 2022 2840 2079 universorum
2874 2027 3272 2095 generationis
3305 2029 3562 2097 initium,

1916 2112 1973 2163 et
2003 2109 2376 2166 emissionem
2419 2113 2809 2181 ostendentes,
2862 2131 2963 2185 pro
3015 2121 3180 2172 nocte
3223 2122 3282 2173 et
3330 2118 3561 2177 silentio

1916 2198 2129 2255 Bitbon
2158 2204 2216 2255 et
2244 2199 2416 2271 Sigen
2449 2202 3026 2260 nominantes.........
3057 2222 3122 2261 ac
3157 2223 3260 2277 pro
3284 2209 3486 2278 primis
3509 2214 3567 2265 et

1921 2287 2191 2345 maximis
2223 2289 2335 2344 diis
2366 2306 2559 2344 isonas
2590 2290 3008 2362 formaverunt,
3041 2302 3089 2347 et
3140 2311 3242 2366 pro
3289 2298 3566 2353 secundis

1918 2376 2031 2431 diis
2061 2393 2208 2444 eam,
2243 2395 2368 2449 quae
2395 2384 2552 2435 extra
2584 2379 2919 2451 pleromatis
2953 2381 3217 2453 ipsorum
3265 2390 3564 2453 enarrant,

1919 2466 2386 2539 dispositionem.
2422 2490 2451 2520 »
2485 2469 2632 2535 Quid
2663 2487 2799 2526 vero
2830 2474 2978 2539 quod
3025 2472 3412 2531 Valentiniani
3460 2475 3566 2532 has

1921 2556 2250 2628 primorum
2282 2558 2522 2613 deorum
2554 2575 2621 2614 ac
2652 2576 2877 2615 aanoum
2921 2562 3347 2632 generationes,
3395 2566 3572 2620 emis-

1921 2649 2115 2704 siones
2146 2653 2204 2703 et
2236 2657 2398 2705 ortus
2429 2666 2542 2704 non
2576 2666 2607 2703 a
2629 2651 2873 2722 paganis
2894 2657 3145 2719 tantum,
3171 2654 3269 2708 sed
3293 2654 3469 2710 etiam
3494 2657 3565 2711 ab

1920 2736 2231 2807 haereticis,
2264 2739 2467 2794 eodem
2497 2740 2712 2794 Irenaeo
2747 2745 2912 2806 teste,
2946 2739 3392 2797 delibaverant‘?
3441 2743 3568 2812 Ipse

1919 2828 2077 2884 enim
2109 2828 2280 2898 paulo
2311 2845 2488 2899 supra
2513 2828 2745 2901 scriptis
2774 2830 3130 2888 tradiderat:
3156 2853 3184 2881 κ
3221 2834 3346 2887 Haec
3367 2838 3565 2890 autem

1920 2935 2047 2989 quae
2080 2920 2235 2975 dicta
2266 2928 2405 2977 sunt
2425 2921 2494 2975 de
2515 2937 2691 2976 sensu
2716 2921 3077 2991 emissionis,
3098 2922 3371 2979 similiter
3389 2930 3447 2980 et
3464 2928 3567 2981 ad-

1920 3025 2122 3065 versus
2151 3025 2271 3076 eos,
2303 3009 2403 3080 qui
2435 3026 2469 3064 a
2499 3009 2750 3065 Basilide
2781 3018 2939 3075 sunt,
2983 3012 3262 3068 adversus
3312 3014 3567 3085 reliquos

1922 3098 2250 3165 Gnosticos,
2275 3116 2307 3153 a
2339 3099 2556 3169 quibus
2590 3098 2644 3153 bi
2678 3098 2844 3153 initia
2870 3099 3253 3156 emissionum
3277 3102 3569 3174 accipien-

1922 3194 2032 3254 tes,
2063 3209 2090 3237 »
2122 3192 2231 3243 etc.
2266 3188 2439 3258 Atqui
2464 3186 2592 3242 illas
2622 3187 2771 3244 inter
2794 3189 3034 3244 deorum
3059 3206 3123 3244 ac
3148 3207 3377 3246 monum
3400 3193 3578 3248 emis-

1923 3278 2138 3343 siones,
2170 3277 2289 3332 sive
2322 3279 2559 3349 primas,
2594 3277 2713 3334 sive
2756 3280 3069 3345 secundas,
3120 3280 3319 3336 debuit
3367 3282 3571 3354 procul

1922 3368 2101 3423 dubio
2131 3384 2258 3424 esse
2291 3368 2472 3440 Logos
2500 3385 2530 3423 e
2561 3368 2694 3439 Sige
2748 3374 2932 3426 ortus.
2989 3369 3375 3426 Valentiniani
3428 3388 3566 3444 ergo

1920 3458 2084 3512 illum
2119 3457 2299 3527 Logos
2331 3461 2521 3512 ortum
2558 3473 2672 3512 non
2704 3473 2875 3513 secus
2915 3474 2981 3514 ac
3034 3459 3287 3531 reliquas
3326 3461 3565 3517 deorum

1921 3563 2161 3601 suorum
2195 3545 2540 3603 emissiones
2561 3548 2632 3602 ab
2651 3546 2902 3603 ethnicis
2923 3553 3099 3619 atque
3120 3548 3410 3606 haereticis
3435 3567 3563 3607 mu-

1921 3634 2069 3689 tuati
2102 3638 2261 3690 sunt.

1994 3734 2190 3803 Neque
2221 3749 2353 3788 vero
2384 3732 2463 3788 ibi
2496 3732 2653 3789 sistit
2681 3736 2958 3799 Irenaaus,
2990 3737 3087 3791 sed
3120 3737 3246 3807 ipse
3272 3738 3471 3794 eodem
3507 3738 3565 3794 in

1919 3823 2047 3879 loco
2079 3822 2304 3878 addidit
2332 3839 2345 3878 :
2385 3843 2413 3873 κ
2444 3828 2520 3878 De
2540 3840 2608 3878 ea
2627 3834 2821 3878 autem
2843 3840 2973 3895 quas
2995 3831 3083 3880 est
3107 3842 3176 3881 ex
3201 3826 3289 3882 bis
3309 3829 3571 3884 secunda

1920 3912 2235 3969 emissione
2268 3911 2524 3967 hominis
2555 3916 2612 3966 et
2647 3912 2915 3967 Ecclesia:
2954 3913 3063 3982 ipsi
3114 3920 3308 3983 patres
3363 3932 3563 3971 eorum

1921 4001 2065 4056 falso
2124 4000 2519 4071 cognominati
2581 3997 2840 4054 Gnostici
2892 3998 3239 4070 impugnant
3285 4001 3565 4057 adversus

1919 4089 2186 4157 invicem,
2219 4105 2327 4143 sua
2352 4087 2586 4159 propria
2615 4086 2998 4153 vindicantes,
3019 4092 3076 4141 et
3108 4086 3292 4143 malos
3326 4088 3481 4144 fures
3504 4105 3569 4145 se

1919 4195 2048 4235 esse
2076 4177 2505 4234 convincentes.
2542 4198 2570 4225 ››
2603 4176 2750 4242 Quid
2782 4180 2977 4231 autem
3020 4175 3139 4231 haec
3187 4177 3361 4232 verba
3405 4177 3567 4233 aliud

1922 4267 2276 4339 signiﬁcanl,
2304 4282 2479 4337 quam
2534 4264 3069 4323 Valentinianorum
3126 4271 3322 4336 patres
3382 4267 3566 4322 fuisse

1922 4358 2226 4414 Gnosticos
2258 4374 2291 4413 a
2320 4356 2539 4429 quibus
2586 4356 2675 4411 illi
2724 4372 2839 4411 non
2891 4356 3143 4427 primam
3200 4356 3414 4424 solum,
3465 4357 3566 4413 sed

1918 4448 2093 4503 etiam
2115 4447 2269 4502 enim
2290 4446 2361 4501 ob
2386 4461 2623 4501 causam
2644 4444 2772 4517 puri
2795 4445 3057 4517 marique
3075 4445 3332 4501 Gnostici
3377 4445 3573 4503 Valen-

1919 4538 2109 4592 tinum
2140 4537 2387 4607 ejusque
2416 4540 2752 4603 sectatores,
2785 4551 2851 4590 eo
2886 4535 3037 4606 quod
3071 4536 3128 4590 in
3160 4540 3392 4606 patrum
3424 4553 3569 4591 suo-

177 4621 302 4688 quid
334 4623 468 4679 inde
518 4630 722 4680 contra
770 4623 1130 4680 sanctissimi
1181 4623 1457 4696 martyris
1506 4622 1807 4695 epistolas,
1840 4622 1887 4686 D
1919 4643 2047 4682 rum
2095 4624 2363 4681 doctrina
2416 4632 2469 4680 et
2527 4623 2758 4696 placitis
2815 4623 3068 4695 plurima
3123 4623 3565 4693 immntassent,

178 4710 219 4762 si
252 4712 591 4772 Valentinus
622 4716 773 4771 hanc
804 4716 876 4770 de
918 4714 1068 4787 Logo
1102 4732 1134 4770 a
1185 4715 1319 4786 Sige
1367 4720 1491 4770 orto
1541 4713 1807 4769 haeresim

176 4799 236 4851 ad
295 4802 575 4861 bereticis
632 4804 1049 4860 vetustioribus
1094 4803 1311 4869 hausit,
1364 4820 1540 4875 quam
1598 4804 1654 4857 in
1723 4802 1808 4858 eis

178 4887 400 4948 damnat
430 4894 694 4967 lgnatius
720 4895 748 4950 ?
777 4894 1052 4950 Consedit
1091 4902 1281 4949 autem
1332 4892 1587 4964 Dalleus,
1641 4894 1724 4949 uti
1777 4910 1811 4949 a

178 4979 331 5035 nobis
351 4999 529 5055 supra
545 4983 917 5039 observatum
941 4984 1113 5050 est”,
1133 5006 1153 5031 ι
1178 4984 1366 5055 ipsam
1392 4999 1582 5038 rerum
1604 4984 1808 5039 silvam

178 5072 335 5140 atque
365 5072 692 5141 materiam,
727 5090 796 5129 ex
817 5090 936 5144 qua
959 5072 1301 5129 Valentinus
1324 5089 1432 5128 sua
1452 5074 1809 5144 composuit,

173 5157 284 5224 jam
314 5162 463 5232 apud
493 5162 864 5227 vetustiores,
902 5161 1113 5234 partim
1153 5161 1462 5218 Gnosticos
1483 5161 1808 5227 haereticos,

179 5248 373 5315 partim
389 5252 565 5306 etiam
587 5256 917 5322 poetas,aut
940 5251 1319 5322 philosophos
1332 5251 1594 5306 ethnicos
1610 5251 1809 5306 fuisse.

178 5336 311 5399 QUid
359 5355 490 5405 ergo
549 5340 683 5397 novi
743 5338 983 5410 protulit
1038 5337 1425 5395 Valentinus?
1482 5339 1815 5410 Respondet

181 5421 410 5483 Dalleus
430 5428 601 5484 illum
634 5428 771 5485 huic
802 5428 960 5483 silva;
981 5444 1047 5485 ac
1075 5427 1327 5484 materia
1350 5444 1559 5485 novam
1582 5428 1813 5484 dedisse

1919 4737 1949 4767 «
1965 4715 2146 4772 malos
2167 4716 2312 4770 feres
2333 4730 2461 4770 esse
2482 4734 2511 4764 ››
2528 4714 2967 4770 convincebant.
2986 4714 3200 4769 Contra
3218 4730 3349 4769 vero
3366 4714 3543 4769 Valen
3557 4744 3572 4755 -

1917 4804 2122 4860 tiniani
2180 4804 2312 4859 illos
2366 4804 2457 4859 sui
2519 4805 2798 4873 temporis
2863 4802 3169 4857 Gnosticos
3227 4803 3566 4858 earumdem

1917 4894 2268 4950 incusabant
2299 4892 2799 4947 immutationum.
2832 4891 2952 4954 Quo
3001 4902 3151 4946 certe
3201 4907 3267 4945 ex
3321 4891 3569 4945 dissidio

1920 4988 2094 5054 atque
2135 4981 2412 5037 conﬂictu
2463 4984 2659 5049 aperte
2706 4977 2997 5050 colligitur
3040 4982 3321 5049 utrosque
3370 4984 3425 5032 et
3474 4995 3573 5033 va-

1920 5069 2296 5127 lentinianios
2325 5073 2382 5121 et
2411 5068 2760 5138 posteriores
2791 5068 3095 5123 Gnosticos
3152 5066 3223 5121 ab
3271 5065 3572 5137 antiquio-

1921 5160 2082 5215 ribus
2112 5156 2404 5213 Gnosticis
2437 5172 2551 5210 non
2585 5154 2793 5210 silvam
2825 5155 3107 5211 duntaxat
3136 5159 3193 5210 et
3234 5155 3568 5223 materiam,

1921 5250 2021 5304 sed
2054 5249 2294 5303 deorum
2346 5258 2688 5313 nonumque
2740 5250 2903 5299 ortus
2963 5244 3231 5301 hausisse
3285 5247 3340 5300 et
3386 5242 3565 5298 emis-

1921 5336 2137 5392 siones.

1994 5425 2327 5496 Respondet
2359 5421 2686 5479 Dalltsanus
2745 5421 3015 5477 defensor
3062 5438 3176 5478 non
3233 5420 3567 5493 Gnosticos,

242 5595 282 5630 ‘°
308 5601 535 5672 Prolog.
566 5599 628 5655 in
657 5598 754 5656 lib.
789 5616 847 5655 1v
877 5598 998 5655 adv.
1033 5596 1377 5672 ,Valent.___“
1412 5598 1639 5672 lib._in__
1668 5596 1797 5672 adv.
1853 5596 2224 5672 Valenthcap.
2256 5593 2311 5648 3.
2378 5591 2428 5627 ⁵⁸
2477 5606 2610 5664 pag.
2662 5590 2784 5646 303.
2844 5587 2893 5624 ⁵³
2939 5587 3041 5643 lib.
3072 5605 3093 5643 ι
3143 5590 3263 5647 adv.
3331 5590 3574 5659 Valent,

179 5681 294 5740 cap.
324 5670 378 5725 5.
451 5665 649 5745 “'pag.
683 5672 808 5727 303.
884 5672 931 5707 δε
959 5671 1107 5728 Ibid.
1181 5670 1229 5705 ⁵⁵
1260 5669 1362 5725 lib.
1396 5686 1438 5725 ιι
1467 5669 1569 5725 adv
1607 5669 1842 5739 Valent.,
1872 5684 2000 5739 cap.
2037 5665 2123 5721 19.
