3942 6302
336 366 454 425 519

1405 353 1469 412 S.
1517 350 1917 413 IGNATIUS.
1966 382 2042 395 —
2086 350 2698 411 PROLEGOMENA.

3634 350 3763 409 520

339 500 440 556 sed
472 493 765 552 Valentini
798 489 1120 563 discipulos
1150 489 1258 544 has
1283 486 1685 543 doctrinarum
1738 499 1979 539 suarum
2009 484 2065 552 Α
2095 482 2300 539 dictis:
2338 505 2367 534 ‹‹
2400 483 2649 539 Verbum
2681 499 2714 539 a
2743 481 2977 538 silentio
3009 481 3410 553 progrediens,
3447 503 3477 532 n
3524 498 3750 555 praepo-

342 588 454 645 sibi
487 586 732 641 invicem
777 582 1154 654 exprobrasse
1186 585 1244 635 ct
1274 577 1558 647 obiecisse
1609 574 1981 629 mutationes.

340 680 448 734 Sed
500 679 694 749 ipsum
749 690 974 739 eorum,
1021 688 1149 743 quae
1194 685 1325 725 cum
1368 666 1578 722 Dalleeo
1631 662 1802 737 paulo
1853 669 1985 718 ante

342 769 581 837 dixerat,
614 766 917 838 oportebat
957 778 1085 817 esse
1146 774 1482 814 memorem.
1529 755 1673 811 Nam
1724 752 1819 808 ille
1871 769 1983 807 non

339 875 508 914 secus
565 873 631 913 ac
681 854 927 910 Dallteus
977 850 1352 905 Valentinum
1413 848 1601 902 Romae
1666 842 1985 900 Eleutherii

338 949 502 1017 Papae
534 952 813 1016 tempore,
846 960 958 1013 quo
996 943 1247 997 Irenaeus
1277 940 1456 1007 hunc,
1490 954 1662 1009 quem
1709 937 1981 1003 citamus,

336 1037 554 1093 librum
583 1036 781 1101 edidit,
817 1036 1244 1090 commoratum
1294 1029 1473 1083 fuisse
1525 1026 1985 1098 pertinacissime

337 1130 651 1183 asseverat.
686 1123 862 1195 Atqui
893 1123 941 1177 si
976 1124 1225 1177 [renisus
1268 1135 1334 1174 eo
1382 1118 1441 1172 in
1494 1117 1643 1171 libro
1689 1115 1982 1171 memoriaa

334 1217 591 1291 prodidit
624 1214 1042 1283 discipulorum
1073 1208 1360 1264 Valentini
1396 1216 1587 1278 patres
1618 1204 1797 1261 fuisse
1838 1204 1984 1260 alios

334 1308 599 1380 ejusdem
649 1301 943 1358 Valentini
997 1298 1340 1367 discipulos,
1392 1296 1472 1350 ita
1526 1299 1591 1350 ut
1636 1292 1984 1349 Valentinus

333 1401 578 1469 nepotes
613 1399 749 1449 tunc
777 1391 1036 1459 haberet,
1070 1390 1140 1443 de
1169 1387 1344 1443 variis
1375 1386 1649 1441 doctrinas
1681 1401 1820 1451 suae,
1855 1400 1982 1456 quas

334 1488 406 1542 ab
458 1486 540 1540 eis
602 1484 761 1538 factae
821 1482 1071 1544 fuerant,
1132 1474 1643 1532 immutationibus
1702 1472 1983 1528 acerrime

329 1576 736 1646 disputantes;
769 1570 906 1625 hinc
938 1568 1179 1641 planum
1210 1565 1699 1638 perspicuumque
1731 1563 1827 1618 ﬁet
1877 1566 1981 1617 Va-

334 1665 645 1731 lentinum,
709 1666 773 1716 ut
828 1676 1007 1732 supra
1058 1657 1421 1723 dicebamus,
1477 1655 1603 1726 ipso
1663 1652 1979 1708 Eleutherii

334 1754 698 1827 pontiﬁcatu,
726 1766 855 1807 esse
885 1749 1054 1820 longe
1085 1746 1498 1818 antiquiorem.
1546 1744 1708 1810 Quod
1765 1758 1900 1798 cum
1948 1758 1983 1796 a

332 1842 638 1900 Dallzeanis
670 1841 971 1914 prmfracte
1004 1840 1265 1909 negetur,
1297 1835 1443 1890 illud
1477 1835 1547 1888 ab
1590 1833 1804 1889 Irenaeo
1836 1830 1977 1887 scri-
2010 1857 2057 1922 Β

331 1938 497 2006 ptum
536 1949 651 1987 non
686 1931 866 1986 fuisse
900 1928 1004 1999 ipsi
1039 1928 1329 1983 fateantur
1369 1939 1605 1981 necesse
1632 1931 1738 1979 est.

400 2024 484 2090 At,
518 2020 767 2093 inquies,
797 2035 1063 2091 quanam
1097 2018 1277 2090 igitur
1302 2021 1428 2071 erat
1449 2012 1870 2069 Valentinianis
1892 2028 1980 2067 se-

326 2116 433 2169 ctas
456 2112 644 2166 forma
667 2108 975 2182 peculiaris
997 2110 1054 2163 et
1078 2106 1313 2179 propria
1332 2104 1360 2159 7
1383 2103 1831 2175 Respondemus
1853 2116 1979 2156 eam

333 2216 483 2265 esse,
516 2216 644 2271 quae
677 2198 877 2254 Irentei
910 2196 1122 2263 verbis,
1158 2212 1190 2249 a
1222 2194 1388 2249 nobis
1421 2195 1547 2263 jam
1584 2191 1803 2255 relatis,
1837 2191 1985 2245 desi-

334 2294 585 2363 gnatur:
618 2310 645 2338 ‹‹
684 2289 1055 2342 Demutantes
1103 2284 1363 2353 nomine,
1408 2286 1465 2337 et
1517 2298 1619 2353 pro
1671 2280 1878 2353 primis
1927 2285 1985 2335 et

338 2377 611 2433 maximis
641 2376 752 2431 diis
785 2391 977 2431 zeonas
1009 2374 1428 2437 formaverunt,
1461 2375 1516 2426 et
1555 2387 1658 2441 pro
1711 2370 1983 2425 secundis

336 2469 450 2524 diis
480 2484 628 2537 eam,
661 2483 784 2538 quae
817 2470 979 2521 extra
1013 2461 1349 2536 pleromatis
1378 2463 1637 2533 ipsorum
1687 2464 1979 2526 enarrant,

335 2557 798 2630 dispositionem.
836 2578 857 2607 ι
894 2557 1080 2627 Atque
1120 2553 1194 2609 iis
1245 2551 1583 2608 nominibus
1635 2566 1812 2605 novos
1866 2551 1978 2606 for-

332 2649 486 2704 sitan
519 2649 887 2715 addiderunt,
914 2645 1000 2702 vel
1033 2644 1491 2700 immutaverunt
1521 2641 1901 2698 emissionum
1924 2644 1982 2697 et

332 2747 563 2794 ortuum
598 2738 853 2793 ordines.
894 2738 1174 2793 Cmterum
1209 2735 1277 2789 ad
1314 2748 1520 2789 novam
1554 2732 1702 2787 inter
1744 2731 1979 2785 haereti-

330 2845 447 2895 coe,
484 2827 735 2882 maxime
781 2843 914 2881 vero
957 2823 1414 2891 Valentinianos,
1468 2821 1834 2877 condendam
1885 2837 1980 2876 se-

329 2925 482 2974 ctam
516 2936 631 2973 non
661 2934 872 2988 magna
893 2917 1166 2972 doctrinae
1194 2913 1525 2969 immutatio
1553 2911 1974 2983 requirebatur,

329 3012 395 3064 ut
424 3025 492 3063 ex
522 3007 613 3073 iis,
644 3024 770 3078 quas
804 3007 874 3062 de
906 3005 1213 3061 Ptolomaeo
1255 3008 1451 3057 narrat
1498 3002 1861 3073 Augustinus
1908 3001 1974 3065 ⁸⁷,

330 3098 521 3170 quivis
550 3097 716 3153 facile
746 3096 1059 3167 intelligat:
1096 3116 1123 3144 «
1160 3093 1526 3159 Ptolomaeus,
1565 3092 1772 3162 inquit,
1806 3090 1976 3145 disci-

2096 582 2335 639 nuntur,
2360 589 2426 627 ea
2446 588 2577 627 cum
2601 570 3142 627 Valentinianorum
3165 569 3480 638 erroribus,
3506 570 3747 640 fabulis,

2094 665 2151 716 et
2190 660 2533 717 deliratione
2590 662 2829 717 omnino
2888 661 3175 716 cohaerere
3232 660 3602 727 ostenderet;
3655 659 3753 715 ille

2094 753 2293 806 tamen
2326 751 2396 805 de
2428 752 2716 822 praecipuo
2740 751 2890 823 quod
2927 750 3143 806 ibidem
3174 749 3246 805 ab
3280 750 3502 819 lgnatio
3535 754 3752 805 tracta-

2097 844 2212 906 tur,
2231 850 2597 912 argumento,
2622 840 2902 896 nimirum
2926 841 3100 896 vitam
3121 842 3367 895 nostram
3386 859 3413 891 ι
3429 840 3750 896 secundum

2094 929 2468 985 Judaismum
2505 952 2533 979 »
2570 946 2683 986 non
2742 946 2871 986 esse
2929 930 3374 996 instituendam,
3434 946 3505 985 ne
3563 930 3754 986 ullum

2097 1019 2335 1090 quidem
2367 1020 2604 1075 verbum
2640 1020 2791 1077 fecit.
2826 1020 2982 1076 Unde
3011 1036 3147 1090 ergo
3181 1024 3299 1074 tam
3336 1018 3520 1074 altum
3553 1020 3757 1077 Dalltsi

2096 1108 2590 1181 defensorumque
2622 1110 2748 1179 ejus
2796 1108 2902 1164 hac
2957 1109 3028 1164 de
3070 1125 3128 1164 re
3177 1107 3473 1164 silentium
3501 1107 3529 1163 ‘?
3574 1109 3750 1165 Nulla

2096 1203 2250 1253 certe
2280 1198 2397 1253 alia
2427 1198 2587 1254 illius
2618 1215 2797 1254 causa
2837 1197 2967 1267 fuit,
2996 1198 3111 1253 nisi
3162 1198 3303 1270 quia
3351 1196 3750 1254 Valentiniani

2099 1287 2205 1342 hoc
2237 1288 2307 1344 de
2338 1293 2682 1359 argumento
2712 1288 2912 1343 eadem
2975 1304 3041 1343 ac
3098 1287 3386 1360 Ignatius,
3442 1288 3750 1360 celerique

2097 1393 2300 1433 omnes
2348 1377 2653 1434 orthodoxi
2714 1378 3017 1433 sentirent.
3076 1377 3209 1434 Jam
3266 1393 3401 1433 vero
3459 1395 3596 1433 cum
3661 1395 3754 1435 res

2098 1466 2299 1537 procul
2330 1467 2507 1522 dubio
2533 1468 2613 1523 ita
2652 1483 2713 1523 se
2744 1467 2974 1531 habeat,
3008 1467 3079 1521 ab
3112 1466 3457 1523 adversariis
3492 1468 3756 1539 postula-

2098 1573 2252 1625 mus,
2288 1574 2428 1614 num
2463 1557 2633 1613 alicui
2667 1556 2963 1629 probabile
2995 1558 3092 1613 ﬁet
3121 1556 3409 1628 Ignatium
3443 1558 3515 1613 ad
3564 1558 3746 1614 refel—

2098 1646 2301 1703 lendos
2341 1647 2782 1704 Valentinianos
2831 1647 2911 1703 ibi
2956 1647 3221 1703 animum
3277 1645 3598 1719 appulisse,
3645 1649 3750 1705 ubi

2098 1753 2350 1793 errorem
2376 1738 2447 1793 ab
2469 1737 2675 1794 haeresi
2703 1736 3112 1793 Valentiniana
3133 1736 3370 1792 omnino
3392 1737 3677 1805 alienum,
3694 1742 3753 1794 et

2098 1826 2424 1882 rationibus
2457 1828 2526 1882 ad
2560 1843 2688 1882 eam
2721 1825 2881 1882 nullo
2910 1826 3082 1882 modo
3114 1826 3513 1897 spectantibus
3547 1826 3751 1897 impu-

2095 1916 2332 1987 gnabat.
2366 1920 2648 1972 Praeterea
2666 1932 2799 1972 vero
2823 1915 2964 1971 illud
2991 1916 3146 1987 quod
3168 1915 3455 1984 objiciunt
3483 1915 3555 1970 ab
3579 1916 3752 1987 lgna-

2094 2007 2172 2063 tio
2205 2007 2428 2062 dictum
2461 2029 2488 2056 α
2521 2005 2776 2062 Verbum
2809 2023 2842 2060 a
2874 2004 3102 2060 silentio
3133 2004 3514 2077 progrediens
3546 2023 3561 2071 ;
3591 2026 3623 2055 υ
3671 2005 3757 2061 ibi

2093 2096 2270 2152 unius
2329 2094 2607 2151 momenti
2660 2099 2717 2150 et
2775 2093 3326 2165 argumentationis,
3386 2110 3504 2164 qua
3560 2092 3751 2163 legem

2091 2185 2409 2241 Mosaicam
2441 2201 2554 2240 non
2595 2184 2852 2255 amplius
2900 2184 3248 2240 servandam
3302 2199 3429 2239 esse
3480 2184 3749 2255 lgnatius

2090 2274 2316 2345 probat,
2353 2278 2575 2345 partem
2606 2274 2989 2329 constituunt.
3021 2276 3166 2328 Cum
3200 2288 3337 2344 ergo
3367 2275 3489 2328 tota
3516 2272 3620 2328 illa
3650 2290 3745 2329 ar-

2090 2363 2448 2435 gumentatio
2479 2363 2549 2418 ad
2596 2362 3028 2418 Valentinianos
3080 2379 3192 2418 non
3243 2367 3501 2433 spectet;
3550 2380 3751 2434 neque

2091 2469 2269 2507 unam
2325 2453 2454 2524 ejus
2522 2457 2744 2523 partem
2804 2452 2875 2507 ad
2952 2469 3050 2509 eos
3119 2452 3442 2524 respexisse
3517 2459 3749 2510 certum

2090 2541 2338 2598 videtur.

2159 2650 2270 2704 Sed
2303 2664 2432 2721 age,
2464 2665 2585 2704 rem
2626 2650 2811 2719 ipsam
2845 2653 3115 2705 accurate
3148 2650 3553 2722 inspiciamus.
3588 2651 3748 2707 Dicit

2088 2739 2335 2795 Dallzeus
2353 2738 2794 2795 Valentinianos
2815 2738 3085 2795 docuisse
3108 2739 3165 2793 in
3197 2740 3327 2794 ﬁcta
3348 2756 3577 2796 aeonum
3604 2758 3749 2797 suo-

2086 2844 2214 2883 rum
2238 2827 2595 2899 genealogia,
2627 2849 2648 2879 ι
2683 2844 2747 2883 ex
2782 2828 2915 2899 Sige
2946 2829 3219 2883 eductum
3258 2830 3441 2900 Logon
3488 2829 3573 2885 vel
3628 2831 3749 2885 im-

2086 2917 2358 2984 mediate,
2394 2923 2459 2972 ut
2488 2934 2521 2972 ο,
2552 2920 2735 2972 matre
2766 2916 2952 2971 ﬁlium
2984 2916 3109 2984 ;vel
3141 2917 3394 2973 mediate
3421 2924 3485 2973 ut
3517 2920 3589 2974 ab
3612 2920 3750 2976 avia

2084 3014 2380 3078 nepotem.
2415 3025 2444 3057 η
2476 3007 2580 3061 Sed
2628 3005 2723 3061 ille
2754 3006 2863 3061 hac
2893 3006 3249 3076 disjunctiva
3298 3008 3742 3078 conjunctione,

2087 3117 2117 3147 ‹‹
2148 3096 2485 3151 immediate
2511 3097 2596 3150 vel
2623 3096 2918 3150 mediate.
2958 3112 3071 3150 non
3103 3096 3230 3151 sine
3255 3095 3389 3152 dolo
3421 3098 3635 3153 utitur:
3674 3104 3746 3153 ut

326 3187 501 3259 pulus
528 3187 821 3242 Valentini
854 3184 1117 3240 haresim
1160 3199 1365 3237 novam
1415 3183 1661 3236 condere
1711 3182 1973 3251 cupiens,
2008 3217 2051 3283 α
2083 3201 2151 3241 ea
2182 3184 2460 3240 nimirum
2495 3184 2697 3240 fraude
2728 3183 3171 3241 Valentinianos
3192 3174 3265 3241 ab
3283 3195 3515 3242 auctore
3535 3193 3743 3245 nostro

324 3288 568 3349 quatuor
598 3293 809 3343 teonas,
842 3280 898 3329 et
927 3274 1072 3328 alios
1105 3277 1356 3344 quatuor
1388 3286 1643 3325 asserere
1683 3269 1907 3324 maluit.
1947 3291 1975 3319 »

323 3367 379 3422 Si
420 3366 541 3421 haec
586 3365 710 3421 sola
767 3362 1009 3419 mutatio
1068 3377 1280 3416 novam
1341 3360 1491 3414 inter
1541 3358 1974 3415 Valentinianos

326 3460 545 3512 sectam
576 3455 809 3523 creavit,
847 3455 1061 3507 frustra
1091 3451 1148 3504 in
1184 3450 1531 3520 inquirenda
1563 3465 1709 3503 nova
1766 3446 1971 3502 Valen-

323 3545 560 3601 tinianae
593 3552 759 3598 sectas
792 3544 977 3596 forma
1008 3540 1255 3595 desudat
1290 3538 1560 3605 Dallzeus,
1598 3554 1722 3607 quia
1757 3539 1817 3593 iu
1871 3554 1971 3592 su-

324 3634 654 3706 perioribus
687 3631 878 3687 Irenzei
913 3630 1102 3685 verbis
1133 3628 1296 3683 facile
1329 3628 1686 3698 agnoscitur.

396 3723 593 3794 Neque
625 3728 747 3776 erat
774 3723 923 3791 quod
960 3720 1112 3773 ultra
1141 3719 1240 3773 illa
1280 3717 1555 3786 objiceret
1587 3717 1633 3751 ⁵⁸
1686 3716 1970 3787 scriptum

324 3829 358 3869 a
388 3810 745 3867 Tertulliano
768 3808 817 3844 5°
847 3813 979 3864 ante
1011 3808 1386 3875 Marcionem,
1411 3811 1468 3861 et
1488 3805 1768 3877 Apellem,
1793 3812 1846 3859 et
1868 3822 1969 3858 an-

322 3907 559 3973 tequam
594 3900 932 3955 Valentinus
963 3914 1154 3953 isonas
1183 3914 1323 3952 suos
1355 3897 1743 3968 praedicasset,
1786 3895 1969 3950 nemi-

320 4008 455 4049 nem
489 3990 760 4047 docuisse
786 3989 965 4045 alium
998 4003 1128 4043 esse
1162 3992 1333 4043 Deum
1367 3991 1709 4042 creatorem.
1742 3987 1820 4041 Ex
1855 4003 1970 4057 quo

317 4083 606 4139 inferebat
635 4083 789 4136 idem
824 4078 1073 4133 Dellteus
1104 4077 1476 4132 Valentinum
1512 4075 1657 4130 nihil
1700 4075 1771 4130 ab
1820 4076 1971 4130 anti-

325 4173 458 4244 quis
488 4186 620 4226 esse
651 4174 1007 4224 mutuatum.
1040 4167 1182 4222 Nam
1217 4170 1352 4220 ante
1383 4164 1674 4220 Valentini
1707 4170 1970 4235 tempora

321 4263 474 4318 hanc
505 4259 862 4329 impietatem
894 4274 926 4311 a
958 4255 1227 4323 Basilide,
1262 4255 1579 4323 Saturnilo,
1614 4260 1789 4327 atque
1821 4254 1970 4311 Gno-

324 4348 485 4403 sticis
513 4346 942 4415 antiquioribus
964 4343 1416 4398 disseminatum
1441 4343 1623 4397 fuisse
1646 4344 1723 4397 ita
1746 4347 1968 4398 certum

321 4442 430 4502 est,
467 4441 530 4489 ut
566 4433 758 4489 Dallzei
801 4434 1072 4488 defensor
1125 4430 1291 4486 illum
1352 4431 1458 4486 hac
1518 4432 1577 4486 in
1626 4447 1686 4486 re
1737 4432 1970 4501 penitus

320 4527 608 4589 deserere,
642 4537 1013 4591 erroremque
1044 4519 1224 4592 illius,
1263 4538 1437 4592 quem
1480 4520 1666 4576 celare
1714 4521 1970 4591 amplius

321 4633 434 4672 non
464 4618 708 4686 poterat,
747 4613 1059 4685 aliquando
1120 4614 1355 4668 tandem
1414 4610 1679 4666 conﬁteri
1737 4616 1970 4667 coactus

328 4707 407 4762 sit
434 4706 500 4759 5°.

460 4798 487 4865 §
516 4794 579 4848 V.
614 4794 901 4864 [qualium
928 4792 999 4847 ad
1050 4787 1647 4865 Valentinianosnullo
1673 4788 1828 4845 modo

698 4866 1026 4936 respexisse,
1058 4863 1151 4918 sed
1181 4861 1249 4916 ad
1276 4861 1581 4917 Ebiom’tas.

392 4979 567 5030 Porro
596 4986 961 5043 quacunque
992 4968 1091 5024 illa
1120 4967 1297 5022 fuerit
1326 4970 1494 5021 sectae
1540 4965 1967 5024 Valentiniano-

320 5079 451 5118 rum
487 5064 694 5127 forma,
727 5074 1006 5128 errorque
1040 5055 1352 5129 peculiaris
1382 5059 1439 5110 et
1455 5055 1748 5127 proprius,
1773 5058 1842 5112 ad
1870 5074 1968 5113 eos

318 5151 580 5223 Ignatius
598 5148 939 5205 nullomodo
957 5144 1309 5211 collineavit,
1323 5144 1615 5214 multoque
1635 5146 1828 5201 minus
1845 5163 1965 5213 eos,

318 5248 383 5297 ut
415 5241 495 5297 ait
527 5239 796 5307 Dallaeus,
832 5259 860 5287 «
895 5234 1267 5306 apertissime
1297 5233 1482 5289 caedit.
1520 5257 1550 5285 »
1582 5235 1727 5289 Illud
1770 5242 1963 5292 autem

320 5348 388 5387 ex
420 5347 484 5386 eo
516 5329 671 5384 clare
698 5328 1151 5393 demonstratur,
1201 5324 1355 5394 quod
1399 5324 1669 5394 quamvis
1720 5325 1968 5381 Dallteus

326 5419 471 5475 nulli
504 5416 828 5489 pepercerit
855 5412 1061 5482 labori,
1100 5416 1162 5468 ut
1206 5412 1405 5469 omnia
1449 5429 1575 5485 quae
1623 5412 1715 5469 his
1765 5413 1967 5485 Ignatii

2081 3274 2459 3347 impugnatos
2493 3274 2745 3330 incautis
2765 3278 2823 3329 et
2853 3273 3307 3346 simplicioribus
3334 3278 3743 3347 persuaderet.

2083 3363 2225 3418 Nam
2260 3363 2643 3419 Valentiniani
2679 3379 2973 3433 nunquam
3004 3380 3073 3419 ex
3114 3364 3245 3436 Sige
3295 3369 3489 3436 Logon
3535 3368 3744 3422 imme-

2080 3454 2228 3507 diate
2275 3455 2552 3508 eductum
2606 3454 2874 3508 docuisse
2921 3453 3323 3523 perhibentur.
3370 3455 3500 3510 Ilaec
3556 3455 3747 3527 igitur

2082 3542 2495 3611 disjunctionis
2515 3541 2818 3597 Dallteanaa
2841 3559 2972 3613 pars
2995 3542 3338 3610 immediate,
3363 3560 3394 3599 e
3416 3544 3603 3600 medio
3628 3547 3743 3602 toi-

2080 3631 2254 3687 lenda
2282 3639 2386 3687 est.
2422 3631 2673 3686 Irenmus
2695 3634 3011 3701 enimvero,
3031 3632 3451 3700 Tertullianus,
3474 3634 3743 3706 Epipha-

2082 3722 2237 3785 nius,
2273 3720 2660 3791 Augustinus,
2695 3725 2870 3791 atque
2900 3719 3019 3788 alii,
3064 3720 3166 3791 qui
3209 3723 3281 3777 de
3328 3720 3747 3781 Valentiniano.

2079 3809 2283 3865 haeresi
2316 3809 2661 3874 disseruere,
2695 3809 2931 3864 tradunt
2961 3810 3113 3865 inter
3164 3810 3331 3866 ﬁctos
3374 3811 3745 3870 Valentinia-

2080 3915 2289 3954 norum
2346 3899 2507 3963 deos,
2554 3906 2609 3953 et
2664 3900 2962 3968 utriusque
3012 3915 3184 3955 sexus
3236 3917 3449 3969 mones,
3504 3902 3739 3972 primos

2079 3995 2262 4050 fuisse
2290 3996 2497 4051 Bithon
2529 4000 2585 4050 et
2616 3995 2814 4067 Sigen,
2844 4012 2941 4050 seu
2977 3994 3300 4063 silentium,
3340 4003 3398 4052 et
3425 4012 3494 4052 ex
3524 4013 3737 4053 eorum

2078 4085 2351 4156 conjugio
2385 4084 2742 4156 processisse
2781 4088 2908 4140 Non
2962 4090 3020 4140 et
3068 4086 3410 4155 Veritatem,
3457 4090 3639 4157 atque
3670 4104 3741 4142 ex

2077 4174 2211 4230 istis
2239 4174 2455 4229 deinde
2481 4174 2835 4244 processisse
2863 4173 3116 4229 Verbum
3149 4190 3253 4229 seu
3288 4179 3502 4246 Logon,
3529 4183 3584 4230 et
3634 4177 3741 4230 Vi-

2083 4265 2225 4315 tam.
2249 4266 2330 4316 Ex
2361 4260 2578 4331 quibus
2608 4260 2736 4316 luce
2768 4261 3089 4316 meridiana
3119 4260 3333 4317 clarius
3355 4268 3444 4317 est
3463 4276 3559 4318 eos
3582 4263 3740 4319 nihil

2078 4348 2237 4402 aliud
2271 4348 2512 4411 dixisse,
2546 4364 2723 4420 quam
2748 4352 2943 4420 Logon
2976 4349 3337 4421 processisse
3367 4355 3597 4405 tantum
3624 4368 3740 4406 me-

2075 4437 2223 4492 diate
2242 4454 2306 4493 ex
2330 4438 2784 4510 Sige,tanquam
2809 4440 2883 4493 ab
2917 4438 3046 4493 avia
3090 4438 3300 4494 ﬁlium.
3348 4440 3487 4503 Quis
3537 4445 3743 4495 autem

2078 4525 2137 4579 in
2173 4526 2433 4581 animum
2467 4526 2578 4581 sibi
2622 4527 2882 4593 inducat,
2917 4527 3201 4598 Ignatium
3236 4529 3337 4584 ubi
3367 4527 3516 4584 alios
3553 4545 3740 4599 quam

2081 4615 2624 4671 Valentinianorum
2675 4632 2899 4672 errores
2954 4616 3186 4687 refellit,
3243 4618 3313 4672 ad
3361 4634 3461 4673 eos
3510 4623 3744 4689 tamen,

2080 4721 2292 4774 eosque
2345 4704 2501 4761 solos
2546 4706 2891 4777 respexisse,
2942 4722 3075 4761 cum
3109 4722 3121 4761 :
3152 4728 3181 4757 «
3230 4706 3483 4763 Verbum
3542 4724 3662 4764 non
3708 4726 3745 4765 a

2080 4794 2310 4849 silentio
2344 4796 2740 4866 progrediens,
2776 4816 2804 4845 »
2839 4811 2944 4850 nec
2976 4795 3143 4866 plura
3174 4796 3244 4851 ad
3278 4812 3376 4851 eos
3407 4800 3743 4867 spectantia

2078 4881 2293 4938 ibidem
2329 4884 2647 4940 scriberet?
2678 4884 2794 4940 Cur
2823 4902 2857 4939 a
2887 4885 3005 4941 ﬁlio
3036 4887 3106 4941 ad
3141 4887 3329 4940 aviam
3355 4885 3516 4942 nullo
3541 4890 3744 4944 medio

2078 4973 2394 5028 transivit?
2425 4973 2539 5028 Cur
2570 4990 2674 5029 nec
2705 4975 2777 5029 de
2809 4978 2993 5045 patre,
3028 4990 3136 5030 nec
3165 4974 3239 5029 de
3273 4979 3474 5043 matre,
3511 4992 3622 5032 nec
3672 4980 3745 5035 de

2079 5061 2230 5117 ﬁctis
2261 5061 2507 5117 aliorum
2531 5079 2758 5117 asonum
2783 5062 3092 5133 conjugiis,
3118 5064 3478 5135 parentibus,
3501 5064 3645 5121 ﬁliis
3668 5081 3745 5121 ne

2081 5167 2265 5205 unum
2299 5152 2536 5221 quidem
2562 5152 2767 5207 habuit
2788 5153 3027 5208 verbum
3050 5152 3078 5209 Ἰ
3100 5153 3268 5208 Ratio
3295 5169 3438 5208 sane
3461 5152 3521 5208 in
3546 5171 3748 5225 prom-

2080 5248 2180 5310 ptu
2211 5244 2320 5302 est,
2353 5245 2410 5295 et
2455 5239 2644 5295 cuivis
2693 5257 2855 5311 sequo
2906 5256 3102 5295 rerum
3155 5241 3493 5297 aestimaturi
3546 5243 3747 5311 obvia,

2078 5328 2371 5397 Ignatium
2405 5345 2615 5400 nempe
2645 5345 2780 5384 cum
2817 5344 2987 5384 suam
3018 5329 3177 5387 dedit
3213 5330 3547 5401 epistolam,
3593 5332 3749 5387 nihil

2079 5417 2149 5471 de
2183 5415 2607 5474 Valentinianis
2635 5418 2943 5491 cogitasse.

390 5660 435 5695 ⁸⁷
458 5658 562 5717 lib.
592 5675 611 5717 ι
647 5660 720 5716 De
748 5658 944 5717 haras.
1022 5655 1068 5690 ⁵⁸
1099 5669 1225 5728 cap.
1259 5653 1349 5725 l2,
1381 5670 1436 5726 p.
1467 5652 1599 5726 298}
1675 5651 1719 5687 ⁸⁸
1749 5651 1823 5708 De
1847 5664 1972 5724 pre.

2159 5693 2186 5724 .,
2218 5668 2346 5725 cap.
2385 5654 2474 5711 34.
2550 5654 2598 5691 ⁸ο
2625 5668 2757 5727 pag.
2790 5654 2913 5711 214.
