3942 6302
378 345 494 403 523

1437 339 1501 399 S.
1546 336 1933 400 IGNATIUS.
1981 371 2058 382 —-
2098 335 2698 400 PROLEGOMENA.

3672 331 3784 394 524

379 477 682 535 Ebionmos
714 474 916 531 cadere
948 490 1063 530 non
1096 473 1310 546 potest.
1346 493 1377 523 ››
1431 471 1639 528 Futilis
1685 472 1944 542 profecto
1973 475 2030 528 et
2061 473 2113 540 Α
2146 487 2262 527 non
2295 470 2494 527 minus
2524 485 2702 543 quam
2717 467 2990 526 undecim
3021 466 3078 524 in
3113 483 3230 524 uno
3248 466 3573 540 eodemque
3603 468 3784 540 capite

379 583 531 623 vana
559 571 650 621 est
680 565 801 620 haec
831 563 1027 619 Dallai
1059 563 1560 632 defensio.Neque
1580 563 1739 617 enim
1772 561 2034 630 [gnatius

381 657 487 712 bos
516 670 743 710 errores
772 669 840 708 ea
871 654 928 707 in
952 651 1544 723 epistolaconfutasse
1572 649 2036 721 legitur.Deinde

383 744 582 800 nullus
613 742 906 814 negaverit
955 742 1152 812 plures
1183 741 1242 796 in
1274 742 1476 796 eadem
1528 740 1782 810 epistola
1809 756 2034 796 errores

384 835 639 906 potuisse
677 833 748 887 ab
781 829 1003 902 Ignatio
1038 829 1242 885 refelli.
1279 828 1566 885 Dallaano
1611 829 1792 901 igitur
1837 829 2035 884 defen-

384 923 500 979 sori
532 922 898 992 probandum
917 919 1425 975 eratbaereticosin
1442 917 1563 983 illo,
1588 933 1763 988 quem
1786 917 2036 972 Dallaeus

384 1013 617 1083 objecit,
649 1011 775 1065 loco
799 1011 872 1064 ab
901 1008 1132 1080 Ignatio
1166 1012 1366 1063 nostro
1397 1007 1748 1073 confutatos,
1778 1022 1877 1061 eos
1905 1021 2036 1062 esse

383 1103 508 1173 qui,
541 1117 689 1172 quos
739 1100 864 1171 ipse
916 1097 1226 1163 recensuit,
1280 1111 1513 1151 errores
1563 1095 2033 1167 propugnabant.

385 1191 548 1256 Quod
596 1194 750 1246 certe
795 1204 900 1243 nec
942 1186 1042 1241 ille
1074 1185 1225 1240 alius
1266 1185 1583 1256 quisquam
1631 1185 2037 1242 demonstrare

386 1294 646 1349 unquam
681 1277 910 1347 poterit.

455 1370 742 1423 Caeterum
759 1366 809 1420 si
841 1365 976 1435 quis
1005 1363 1152 1419 alios
1183 1365 1254 1420 ab
1288 1363 1576 1419 Ebionltis
1608 1363 1908 1418 haereticos
1939 1362 2038 1418 ob-

381 1457 554 1528 jectis
585 1454 800 1526 Ignatii
825 1454 1016 1510 verbis
1047 1452 1228 1508 refelli
1265 1453 1478 1508 invicto
1509 1451 1867 1522 probaverit,
1900 1450 2037 1506 huic

387 1545 620 1615 penitus
654 1560 769 1599 non
799 1541 1460 1613 repugnabimus,modo
1487 1541 1560 1596 iis
1591 1540 2034 1597 sanctissimum

385 1635 553 1689 illum
591 1639 902 1705 martyrem
935 1634 1005 1687 ad
1043 1631 1478 1688 Valentinianos
1501 1633 1628 1703 ipso
1661 1630 2030 1702 posteriores,

385 1739 501 1778 non
535 1722 858 1793 respexisse
889 1724 1157 1778 fateatur.

417 1815 444 1881 §
476 1812 561 1868 Vl.
597 1813 724 1868 Alia
754 1813 1050 1883 explicatio
1075 1813 1370 1867 uerborum
1400 1812 1612 1880 Ignatii
1638 1811 1993 1882 proponitur.
2062 1838 2110 1904 Β

457 1903 556 1959 llis
587 1902 865 1958 omnibus
897 1901 970 1957 ad
988 1902 1180 1957 varias
1211 1901 1675 1957 adversariorum
1695 1904 2032 1957 nostrorum

383 1993 921 2064 argumentationes
952 1999 1006 2045 et
1034 1989 1394 2060 sophismata
1426 1989 1744 2061 responsis,
1771 1989 1914 2045 illud
1947 1990 2039 2044 in-

385 2098 563 2154 super
592 2097 911 2153 possumus
941 2080 1372 2150 adjicere,hanc
1403 2080 1612 2152 Ignatii
1642 2080 1990 2136 sententiam
2017 2098 2031 2136 :

387 2194 414 2222 α
446 2171 700 2226 Verbum
734 2175 1016 2226 aeternum
1071 2187 1184 2224 non
1223 2187 1256 2224 a
1305 2169 1534 2225 silentio
1567 2170 1966 2240 progrediens,
2001 2193 2030 2219 ››

383 2263 599 2316 idcirco
631 2261 702 2313 ab
745 2275 810 2313 eo
844 2259 951 2313 bac
983 2261 1041 2312 in
1077 2257 1324 2330 epistola
1353 2259 1626 2329 scriptam
1661 2259 1862 2327 videri,
1897 2259 2036 2330 quia

387 2350 464 2403 ibi
499 2350 613 2402 duo
645 2347 858 2402 Christi
877 2347 1345 2418 mysteriafuisse
1379 2346 1758 2413 docebat,alia
1790 2349 2026 2418 quidem

386 2436 723 2504 obscura,in
757 2436 1012 2490 tenebris
1044 2452 1108 2490 ac
1143 2435 1376 2489 silentio
1409 2436 1562 2491 abeo
1595 2441 1856 2507 patrata;
1884 2439 2036 2494 unde

387 2531 510 2598 ipse
537 2543 549 2581 ε
576 2548 604 2576 (ι
633 2526 698 2580 Et
729 2525 899 2579 latuit
933 2525 1249 2594 principem
1284 2524 1477 2579 saeculi
1500 2525 2036 2596 bujus,inquiebat,

385 2615 691 2686 virginitas
723 2615 938 2683 Mariae,
961 2621 1018 2668 et
1052 2619 1252 2684 partus
1283 2615 1554 2686 ipsius,et
1589 2631 1748 2670 mors
1779 2615 2032 2686 Domini,

385 2705 495 2760 tria
529 2703 803 2776 mysteria
833 2703 1128 2768 clamoris,
1151 2720 1278 2773 quae
1311 2704 1368 2757 in
1401 2703 1630 2759 silentio
1661 2711 1898 2774 operata
1927 2721 2027 2760 seu

385 2801 614 2868 patrata
643 2799 802 2850 sunt.
836 2815 864 2843 η
896 2792 1023 2848 Alia
1054 2810 1184 2848 vero
1218 2794 1534 2859 luminosa,
1571 2793 1698 2850 luce
1730 2811 1796 2851 ac
1827 2795 2028 2866 splen-

385 2885 522 2942 dore
553 2901 660 2939 suo
693 2883 979 2955 fulgentia
1006 2889 1064 2938 et
1094 2884 2027 2956 micantia.’l‘aleeratmysterium

383 2975 772 3044 generationis
821 2975 950 3042 ejus
979 2978 1223 3041 aeternw,
1256 2975 1328 3028 ab
1371 2974 1633 3044 antiquis
1664 2974 1936 3030 Patribus
1970 2981 2028 3031 et

383 3062 954 3134 prophetisagnitum
989 3071 1164 3132 atque
1188 3065 1704 3131 annuntiatum,de
1735 3080 1846 3133 quo
1877 3065 2030 3119 Psal-

383 3150 560 3206 mista
593 3149 805 3206 cecinit
841 3151 938 3204 ειη
994 3149 1374 3220 splendoribus
1423 3155 1738 3205 sanctorum
1775 3167 1845 3206 ex
1873 3157 2027 3207 utero

2144 562 2364 633 profert
2392 560 2788 632 exempla.Sed
2813 575 2882 614 ex
2913 559 3004 614 bis
3037 557 3308 614 undecim
3341 556 3624 628 exemplis
3657 575 3784 631 qua-

2141 661 2267 707 tuor
2296 655 2527 707 tantum
2575 653 2645 705 ad
2683 667 2804 716 eas,
2837 651 2908 704 de
2951 649 3171 720 quibus
3218 648 3463 719 agimus,
3495 648 3785 720 pertinent

2139 739 2420 811 epistolas
2456 758 2470 796 :
2515 744 2720 796 caetera
2771 740 2945 794 falsas
2987 736 3443 809 suppositasque
3497 742 3782 809 spectant,

2140 830 2230 886 vel
2259 830 2651 901 genuinarum
2678 827 3256 900 interpolationes.Ex
3292 827 3384 883 his
3417 831 3611 884 autem
3639 844 3785 900 qua-

2141 925 2276 975 tuor
2304 919 2588 992 cxemplis
2613 936 2740 990 quae
2761 918 2835 974 ad
2851 917 3140 990 genuinas
3164 917 3442 989 epistolas
3474 918 3784 989 pertinent,

2139 1008 2391 1064 Dallaus
2424 1010 2482 1063 in
2514 1008 2703 1064 tribue
2735 1024 2888 1064 asuo
2909 1006 3209 1063 defensore
3233 1008 3465 1078 penitus
3482 1007 3784 1076 deseritur,

2140 1099 2241 1168 qui
2275 1114 2390 1154 uno
2422 1103 2652 1153 tantum
2684 1097 2744 1152 in
2771 1094 3202 1152 articuloillum
3225 1097 3372 1150 tueri
3405 1102 3655 1151 conatus
3681 1100 3784 1152 est.

2139 1185 2426 1242 Dallaeum
2473 1190 2670 1241 tamen
2700 1187 2773 1240 de
2803 1185 2894 1240 bis
2926 1192 3194 1255 quatuor,
3229 1201 3300 1241 ne
3329 1184 3472 1256 quid
3501 1183 3786 1240 intactum

2138 1274 2448 1345 reliquisse
2477 1291 2843 1341 accusemur,
2877 1275 3278 1344 disputantem
3303 1273 3639 1329 audiamus.

2211 1364 2473 1420 Primum
2505 1365 2703 1436 itaque
2733 1363 3364 1435 Dallaaiargumentum
3393 1380 3463 1419 ex
3483 1363 3578 1418 his
3599 1363 3787 1420 verbis

2140 1455 2354 1526 petitur
2386 1470 2400 1508 :
2439 1476 2460 1504 ι
2498 1455 2566 1509 Et
2595 1452 3056 1526 supercmlestia,
3091 1458 3150 1508 et
3192 1452 3376 1524 gloria
3421 1452 3786 1524 angelorum,

2138 1546 2195 1598 et
2234 1542 2528 1614 principes
2558 1540 2815 1598 visibiles
2865 1539 2932 1609 ⁸⁸,
2981 1565 3008 1593 ››
3060 1544 3196 1607 etc.,
3231 1541 3385 1596 unde
3416 1540 3500 1596 sic
3546 1542 3786 1614 arguit:

2137 1653 2167 1682 ‹‹
2201 1632 2361 1696 Quod
2393 1631 2488 1687 hic
2517 1631 2591 1686 de
2620 1630 2986 1702 principibus
3017 1629 3350 1686 visibilibus
3380 1629 3637 1700 scriptor
3665 1630 3787 1686 ideo

2137 1720 2384 1776 fortasse
2413 1720 2658 1789 dixerat,
2689 1719 2849 1790 quod
2879 1719 3002 1789 ejus
3032 1735 3149 1776 sevo
3179 1718 3378 1791 aliqua
3411 1720 3537 1790 jam
3568 1726 3696 1776 erat
3724 1721 3788 1775 de

2138 1811 2483 1877 Constantii,
2513 1811 2603 1866 vel
2651 1809 3020 1866 Constantini
3049 1810 3178 1880 ejus
3225 1809 3354 1876 ﬁlii,
3385 1809 3475 1864 vel
3506 1809 3788 1866 Christia-

2141 1899 2333 1955 nismo
2363 1898 2450 1954 vel
2482 1898 2555 1955 ad
2606 1897 3124 1954 Christianismum
3157 1898 3545 1970 propensione
3588 1916 3786 1972 sparsa

2136 1988 2314 2044 fama.
2342 2006 2367 2038 ι
2402 1987 2481 2042 De
2523 1987 2634 2043 hoc
2664 1986 2862 2042 Dallmi
2909 1993 3258 2059 argumento
3303 1988 3386 2044 sic
3447 1989 3788 2060 pronuntiat

2139 2078 2268 2147 ejus
2318 2077 2586 2132 defensor
2607 2075 2653 2111 ⁸⁸
2683 2093 2751 2132 :«
2783 2076 2896 2132 Sed
2953 2076 3112 2133 hunc
3153 2077 3346 2133 locum
3377 2079 3568 2134 obiter
3609 2079 3791 2149 tangit

2140 2164 2393 2222 Dallaeus
2418 2184 2434 2234 ;
2456 2165 2622 2220 illum
2648 2167 2905 2237 proferre
2935 2170 3270 2234 contentus,
3293 2182 3669 2237 nequaquam
3703 2184 3796 2223 ur-

2141 2260 2256 2327 get.
2291 2276 2320 2304 »
2349 2262 2420 2310 At
2441 2271 2583 2310 sane
2613 2254 2779 2309 illum
2815 2271 2928 2310 non
2960 2255 3151 2310 solum
3177 2271 3288 2310 non
3327 2257 3667 2326 urgere,sed
3692 2272 3790 2312 nec

2139 2344 2393 2415 proferre
2406 2360 2666 2415 unquam
2681 2343 3127 2400 debuisset.Non
3151 2348 3306 2400 enim
3326 2349 3566 2400 verbum
3589 2346 3790 2420 ἄρχον-

2135 2451 2244 2500 τες,
2274 2436 2424 2505 quod
2461 2435 2844 2505 magistratus
2875 2434 3166 2506 quoslibet
3197 2453 3262 2491 ac
3289 2437 3583 2507 principes
3607 2440 3787 2510 signi-

2137 2525 2292 2592 ticet,
2348 2524 2428 2578 ibi
2475 2526 2880 2579 Constantium
2933 2526 3021 2580 vel
3071 2527 3524 2581 Constantinum
3569 2533 3786 2599 potius,

2137 2628 2312 2683 quam
2345 2613 2582 2682 quosvis
2613 2613 2757 2668 alios
2791 2614 3083 2685 principes
3109 2614 3414 2686 designare
3453 2617 3663 2686 potuit.

2227 2700 2256 2772 ξ
2290 2701 2362 2755 ll.
2395 2703 2666 2758 Secunda?
2689 2706 2742 2756 el
2774 2705 2959 2759 tertia
3000 2704 3292 2773 Objection!"
3314 2706 3696 2775 respondetur.

2209 2790 2542 2846 Secundum
2573 2791 2771 2846 Dallaei
2798 2799 3211 2862 argumentum
3243 2811 3311 2848 ex
3337 2793 3429 2849 bis
3461 2795 3790 2851 desumitur

2136 2881 2327 2937 verbis
2378 2896 2393 2938 :
2428 2902 2454 2930 ‹‹
2489 2881 2734 2936 Vinctus
2773 2883 2974 2938 decem
3019 2883 3315 2952 leopardis
3334 2883 3380 2918 το
3422 2905 3436 2954 ;
3474 2907 3503 2936 ››
3536 2902 3648 2956 quo
3677 2887 3794 2942 leo-

2137 2971 2456 3040 pardorum
2479 2970 2716 3026 nomine
2755 2971 3068 3042 quemdam
3101 2972 3492 3029 Romanorum
3531 2975 3789 3031 militum

2137 3059 2426 3127 ordinem,
2460 3058 2562 3131 qui
2592 3060 2849 3115 auctoris
2906 3061 3090 3116 nostri
3126 3066 3386 3132 tempore
3432 3065 3490 3118 in
3523 3081 3631 3119 usu
3667 3082 3793 3122 esse

2137 3150 2407 3216 desierat,
2453 3149 2713 3206 denotari
2762 3151 3078 3225 arbitratus
3125 3157 3258 3208 est:
3313 3154 3479 3210 «Sed
3525 3156 3792 3226 quando,

381 3246 512 3297 ante
542 3240 836 3310 luci/erum
864 3206 1039 3305 genui
1064 3247 1112 3294 te
1141 3237 1208 3293 ⁷⁵.
1245 3239 1442 3294 Potuit
1497 3240 1692 3310 itaque
1743 3239 2022 3309 lgnatius,
2067 3206 2109 3273 Ο
2139 3239 2334 3310 inquit
2365 3206 2494 3310 eius
2525 3217 2976 3306 defensor'7‘,his
2993 3206 3793 3301 solisverbisniti—tu;Callani

381 3345 516 3384 cum
547 3345 716 3384 suam
750 3329 914 3382 daret
932 3327 1338 3396 epistolam,ad
1371 3328 1492 3383 haec
1517 3328 1831 3383 Psalmistae
1856 3331 2027 3386 verba

377 3417 962 3481 attendens,scribere
993 3433 1006 3469 :
1033 3438 1060 3466 «
1087 3416 1340 3471 Verbum
1370 3423 1650 3472 aeternum
1669 3434 1778 3472 non
1801 3435 1834 3474 a
1855 3417 2026 3474 silen-

380 3507 458 3561 tio
486 3506 884 3577 progrediens.
916 3523 943 3555 ιι
980 3504 1037 3559 id
1071 3511 1160 3560 est
1182 3504 1438 3561 Verbum
1463 3515 1740 3562 aeternum
1774 3523 1804 3562 e
1828 3507 2024 3562 divino

377 3595 578 3650 aeterni
637 3595 825 3648 Patris
857 3593 989 3649 sinu
1044 3594 1101 3648 in
1135 3593 1392 3663 silentio,
1451 3595 1538 3650 vel
1595 3595 1712 3650 ulla
1757 3597 2021 3652 tenebra-

376 3701 508 3740 rum
567 3685 918 3739 obscuritate
966 3690 1022 3740 ct
1073 3685 1320 3754 caligine
1376 3685 1777 3756 progrediens,
1829 3688 1929 3742 sed
1964 3689 2023 3743 in

375 3778 788 3850 splendoribus
821 3781 1159 3833 sanctorum
1177 3794 1248 3834 ex
1263 3777 1392 3847 ejus
1417 3782 1576 3834 utero
1605 3778 2022 3849 genitum.Quo

387 3868 621 3938 quidem
657 3865 929 3938 loquendi
956 3867 1125 3922 modo
1156 3867 1282 3937 ipse
1311 3883 1378 3922 eo
1409 3865 1709 3922 lubentius
1741 3883 1886 3924 usus
1915 3873 2021 3936 est,

384 3957 536 4029 quod
583 3956 719 4012 inde
748 3972 862 4012 non
906 3954 1096 4011 solum
1128 3955 1392 4011 divinum
1423 3956 1592 4012 Verbi
1626 3956 2020 4026 splendorem,

380 4047 482 4102 sed
515 4045 674 4102 illius
706 4045 882 4101 etiam
932 4045 1340 4112 aeternitatem,
1369 4061 1545 4116 quam
1605 4044 1750 4101 nihil
1781 4047 2020 4102 omnino

379 4134 793 4207 praecessisset,
826 4133 1150 4190 evidentius
1194 4133 1653 4189 demonstrabat.
1697 4133 1851 4191 Nihil
1882 4151 2018 4206 ergo

377 4227 434 4280 in
465 4225 573 4280 hac
601 4225 894 4280 locutione
925 4223 1198 4294 occurrit,
1230 4224 1384 4294 quod
1417 4240 1531 4280 non
1583 4224 1662 4281 sit
1689 4240 1822 4281 vere
1853 4226 2020 4297 lgna-

378 4314 624 4383 tianum,
657 4317 714 4369 et
743 4330 777 4368 a
807 4318 969 4368 tanto
1001 4317 1254 4385 martyre
1284 4313 1342 4368 in
1370 4313 1636 4385 epistola,
1670 4330 1842 4385 quam
1874 4314 2023 4387 ipse-

378 4406 497 4458 met
525 4402 782 4473 scripsit,
815 4406 966 4458 recte
1015 4406 1259 4475 apteque
1287 4408 1588 4460 exaratum
1623 4408 1680 4459 et
1709 4406 2015 4461 traditum.

979 4509 1207 4565 CAPUT
1261 4511 1407 4567 XIII.

2135 3320 2865 3406 argumentum,nullisque
2887 3334 3098 3390 veteris
3121 3335 3423 3407 scriptoris
3452 3337 3666 3392 fultum
3701 3345 3796 3394 est

2135 3423 2494 3490 testimonio,
2530 3440 2642 3480 non
2687 3440 3105 3496 usquequaque
3135 3426 3386 3481 solidum
3449 3426 3596 3482 mihi
3625 3429 3795 3484 vide-

2134 3519 2247 3568 tur.
2271 3537 2290 3561 ι
2311 3512 2638 3568 Bocbartus
2669 3517 2865 3569 autem
2893 3514 3025 3569 inde
3048 3520 3457 3586 argumentum
3492 3515 3794 3573 Dallaeano

2132 3599 2179 3634 ⁷⁸
2210 3601 2378 3672 plane
2401 3601 2733 3672 oppositum
2766 3602 2927 3657 elicit
2954 3617 2966 3656 :
2998 3624 3026 3652 «
3051 3602 3332 3673 Leopardi
3363 3605 3791 3677 vox.inquit"3,

2134 3689 2321 3744 serius
2371 3689 2642 3760 usurpari
2689 3690 2864 3761 coepit
2921 3689 3281 3746 Constantini
3330 3708 3470 3747 aevo.
3531 3693 3793 3750 Proinde

2137 3777 2347 3848 Ignatii
2377 3778 2682 3850 epistolam
2706 3781 2774 3834 ad
2803 3779 3116 3842 Romanos.
3137 3797 3312 3851 quam
3334 3781 3790 3856 circumferunt,

2133 3881 2199 3920 eo
2231 3867 2466 3922 demum
2501 3868 2711 3923 saeculo
2735 3868 2917 3923 fuisse
2948 3867 3226 3940 scriptam
3260 3871 3346 3927 vel
3375 3888 3444 3928 ex
3480 3873 3590 3929 boc
3613 3892 3796 3947 argu-

2134 3962 2331 4011 mento
2363 3955 2618 4027 colligas.
2655 3979 2681 4006 »
2715 3956 2824 4013 Sed
2877 3958 3000 4014 haec
3045 3959 3310 4016 Bocbarti
3349 3967 3795 4034 argumentatio

2133 4045 2424 4102 Dallaeana
2453 4046 2694 4102 validior
2728 4065 2842 4104 non
2892 4055 3000 4106 est.
3048 4052 3336 4108 Eusebius
3387 4055 3688 4126 siquidem
3723 4077 3800 4119 ex

2133 4135 2242 4192 hac
2273 4137 2474 4192 eadem
2505 4137 2952 4208 epistola,quam
2989 4141 3215 4212 Ignatio
3250 4141 3661 4204 indubitanter
3687 4152 3796 4207 tri-

2132 4226 2280 4293 buit,
2323 4225 2468 4280 illud
2504 4225 2758 4299 leopardi
2811 4229 3006 4283 retulit
3041 4246 3274 4297 nomen,
3327 4235 3485 4304 quod
3541 4239 3798 4308 proinde

2129 4315 2494 4372 Constantini
2529 4333 2645 4372 aevo
2670 4317 2955 4388 judicavit
2986 4335 3116 4376 esse
3143 4322 3540 4394 antiquius.Et
3573 4345 3636 4384 re
3667 4334 3799 4403 qui-

2129 4408 2260 4463 dem
2294 4407 2421 4476 ipsa
2451 4423 2561 4462 vox
2595 4408 2690 4462 illa
2723 4407 2782 4463 in
2817 4409 2981 4466 Actis
3027 4416 3361 4468 sanctarum
3399 4414 3707 4489 Perpetua
3742 4429 3802 4480 et

2131 4494 2465 4564 Felicitatis,
2513 4512 2619 4553 nec
2650 4513 2766 4553 non
2797 4501 2950 4569 apud
3008 4500 3382 4572 Spartianum
3434 4510 3492 4562 et
3521 4510 3799 4580 Festum,

379 4615 562 4656 NULLA
589 4616 719 4656 8833
751 4617 806 4654 IN
839 4615 930 4655 HIS
951 4616 1230 4656 EPISTOLIS
1261 4617 1498 4656 PRETER
1512 4616 1822 4657 TEMPORUM
1843 4617 2020 4660 FIDEH

2178 4603 2196 4641 δ
2228 4586 2473 4641 tandem
2505 4587 2658 4659 apud
2683 4570 3144 4645 Athanasiumin
3175 4590 3308 4648 Vita
3325 4596 3511 4652 sancti
3546 4570 3803 4658 Antonii

935 4688 1238 4728 PERPERAM
1280 4689 1459 4730 FlCTA.

376 4761 406 4834 §
435 4762 480 4819 t.
513 4765 692 4832 Quam
723 4761 1119 4818 inconsiderate
1131 4762 1374 4819 Dallaeus
1393 4762 2018 4833 objectionessuasmul-

657 4835 986 4906 tiplicaverit
1020 4850 1033 4890 :
1065 4838 1116 4890 et
1137 4835 1336 4906 prima
1357 4834 1730 4905 respondetur.

443 4941 524 4998 De
556 4941 876 4998 baeresibus
908 4945 1082 5013 atque
1113 4939 1650 5012 haereticis,quosin
1680 4944 1998 5018 Ignatiiepi

373 5031 540 5089 stolis
563 5033 746 5089 nostri
782 5036 1007 5088 notatos
1042 5046 1172 5087 esse
1203 5034 1390 5102 putat,
1421 5031 1543 5086 haec
1582 5032 1834 5090 Dallaeus
1883 5051 2017 5092 cum

373 5119 715 5190 dixisset,ad
748 5120 859 5177 alia
883 5118 1694 5194 progreditur,contenditque
1723 5123 1782 5179 in
1809 5124 2014 5181 iisdem

369 5209 576 5268 litteris
608 5211 796 5268 multa
823 5209 1078 5267 esscalia
1108 5213 1313 5281 preter
1333 5213 1658 5284 temporum
1690 5213 1862 5270 fidem
1883 5228 2015 5286 per-

371 5314 570 5370 peram
600 5300 737 5356 licta
767 5297 1060 5358 6‘.Horum
1083 5302 1276 5354 autem
1300 5299 1384 5355 sic
1414 5314 1717 5372 perperam
1750 5303 2016 5359 fictorum

2130 4673 2365 4747 legitur.

2199 4763 2457 4821 Tertium
2499 4763 2691 4822 Dallei
2743 4771 3155 4838 argumentum
3207 4769 3254 4804 ⁷⁴
3285 4771 3419 4830 inde
3451 4777 3804 4854 conﬁcitur,

2129 4855 2284 4926 quod
2318 4855 2580 4928 Ignatius
2618 4877 2637 4906 α
2675 4855 2900 4927 publice
2931 4859 3277 4929 pcenilentes
3307 4862 3672 4936 absolvat,et
3707 4887 3802 4926 re-

2128 4944 2395 5001 conciliet
2426 4945 2772 5002 Ecclesiae.»
2807 4950 3026 5003 Verum
3057 4951 3184 5022 ejus
3217 4952 3505 5021 defensor,
3539 4979 3570 5007 ‹‹
3605 4959 3804 5019 falsus

2128 5037 2234 5104 est,
2270 5033 2372 5105 ait,
2433 5051 2544 5090 sua
2599 5033 2872 5104 opinione
2925 5040 3448 5109 praestantissimus
3507 5045 3806 5123 Dalleeus,

2127 5139 2371 5196 eamque
2422 5129 2730 5197 propterea
2777 5127 3199 5186 emendaturus
3245 5139 3416 5199 esset,
3446 5133 3492 5188 si
3524 5137 3804 5207 vixisset,

2128 5218 2191 5270 ut
2217 5216 2403 5272 amico
2437 5217 2756 5290 rescripsit,
2797 5219 2965 5291 eique
2995 5219 3117 5278 loca
3152 5240 3256 5296 pro
3289 5226 3631 5299 receptione
3675 5247 3806 5303 poe-

2127 5303 2432 5362 nitentium
2480 5306 2635 5378 apud
2666 5308 3101 5368 vetustissimos
3152 5312 3418 5371 Ecclesia:
3463 5317 3807 5390 scriptores

441 5555 491 5650 εξ
520 5557 974 5650 8:51:93}.
993 5555 1535 5650 i1,999:-_13e_120e
1569 5557 1794 5650 3.99:?"
1819 5559 2005 5650 Ερίεξ
2033 5559 2103 5650 ei
2152 5560 2396 5650 Sasiae.
2424 5559 2471 5596 "
2527 5577 2661 5636 ρας·
2721 5564 2848 5620 2⁷2·
2882 5563 2928 5601 ⁷ο
2976 5566 3157 5639 Epist
3208 5568 3280 5624 ad
3339 5571 3490 5627 Rom-
3553 5572 3602 5610 ἰ
3661 5591 3807 5650 pag.

369 5627 496 5685 3l3.
533 5627 581 5664 7’
612 5644 742 5700 pag.
770 5630 894 5686 272.
929 5629 974 5663 ⁷⁸
1000 5628 1280 5686 Hierolox.
1317 5627 1460 5701 part.
1485 5627 1535 5698 ἶ,
1569 5629 1665 5686 lib.
1694 5647 1778 5697 ιιι,
1812 5627 1938 5702 cap.
1970 5633 2025 5687 8.
2057 5629 2103 5666 ⁷⁸
2133 5627 2268 5706 βδεῖ
2293 5633 2419 5688 273.
