3942 6302
189 328 304 393 525

192 464 568 528 indicaverat.
633 496 663 525 »
696 476 927 537 Utinam
959 482 1212 545 Dallaeus
1261 496 1320 548 et
1375 495 1505 565 ejus
1565 499 1836 559 defensor

193 572 398 615 omnes
427 560 575 618 alios
607 580 830 625 errores
863 588 1004 630 suos
1031 579 1448 639 emendassent
1474 583 1486 639 l
1517 586 1612 643 Hic
1644 594 1839 647 tamen

192 644 377 702 obiter
407 649 649 707 observa
689 665 938 727 quantos
969 661 1030 719 in
1063 681 1288 724 errores
1333 679 1840 745 praeposteraliti-

190 739 381 810 gandi,
415 750 469 798 et
510 760 621 801 sua
653 751 930 809 adversus
988 760 1274 828 genuinas
1307 739 1512 834 lgoatii
1561 770 1838 841 epistolas

192 837 536 901 argumenta
558 836 988 911 multiplicandi
1018 849 1254 922 prurigo
1276 851 1557 913 Dallaaum
1577 836 1839 935 principi-

191 921 303 975 tem
334 924 533 994 egerit.

428 1028 458 1102 §
490 1030 587 1087 IlI.
622 1037 861 1095 Ouarlz
888 1041 1185 1111 abjectz'oni
1211 1049 1588 1117 respondetur.

254 1136 537 1201 Quartum
597 1143 847 1215 denique
906 1146 1101 1205 Dallaai
1163 1162 1573 1223 argumentum
1608 1162 1653 1197 ⁷⁵
1695 1164 1831 1223 inde

189 1227 422 1295 petitur,
454 1230 609 1303 quod
655 1232 713 1287 in
746 1232 839 1291 his
869 1238 1134 1308 epistolis
1168 1245 1383 1301 mentio
1415 1246 1515 1303 fiat
1544 1254 1826 1325 Onesimi,

188 1314 568 1384 Ephesiorum
594 1321 871 1395 episcopi,
902 1343 1073 1398 quem
1108 1347 1261 1387 anno
1303 1335 1405 1389 107
1434 1337 1519 1393 vel
1551 1338 1675 1407 408,
1710 1314 1826 1417 quo

187 1404 267 1459 haa
297 1408 556 1478 epistola:
589 1411 739 1468 data:
766 1420 929 1483 sunt,
957 1419 1077 1475 vita
1109 1421 1374 1480 functum
1410 1427 1591 1485 fuisse
1617 1404 1684 1488 ei:
1718 1404 1825 1491 Pli-

184 1494 412 1566 cephori
444 1498 652 1570 probat
686 1502 957 1562 Historia.
990 1510 1170 1566 Addit
1214 1528 1345 1570 vero
1377 1533 1564 1590 neque
1604 1539 1637 1577 a
1666 1523 1821 1580 Gras-

179 1594 371 1639 corum
404 1588 663 1656 Menaeis,
689 1590 776 1646 vel
808 1609 842 1647 a
870 1595 1139 1653 Simeone
1163 1588 1556 1677 Metaphraste
1584 1614 1820 1679 agnosci

182 1669 328 1728 hunc
362 1673 722 1746 Ephesinum
745 1680 1000 1741 Onesimi
1022 1669 1455 1763 episcopatum;
1483 1698 1555 1753 ab
1587 1669 1821 1761 auctore

183 1768 364 1818 autem
394 1767 860 1827 Constitutionum
891 1777 1313 1845 apostolicarum
1362 1787 1633 1845 eumdem
1664 1790 1818 1849 One-

185 1848 391 1908 simum
417 1854 658 1912 Berrmae
680 1859 1018 1934 episcopum
1046 1868 1347 1939 appellari.
1372 1872 1631 1948 Denique
1649 1848 1821 1938 Doro-
1850 1880 1896 1948 Β

186 1939 345 1998 theus
375 1943 432 1999 in
489 1945 760 2019 Synopsi,
812 1956 870 2007 et
916 1953 1260 2030 Hippolytus
1309 1962 1369 2018 in
1403 1939 1597 2023 libello
1646 1971 1720 2027 De
1746 1973 1816 2027 70

180 2029 457 2104 discipuli:
488 2034 730 2109 inedito,
764 2057 878 2096 non
911 2042 1087 2116 hunc,
1133 2029 1241 2104 sed
1276 2050 1481 2110 Gaium
1507 2056 1814 2118 Timotheo

178 2119 229 2175 in
258 2121 546 2192 Ephesino
585 2127 926 2201 episcopatu
958 2139 1315 2196 successisse
1345 2143 1663 2204 affirmant.
1701 2150 1811 2208 Sed

176 2208 261 2266 his
281 2213 556 2271 omnibus
582 2216 746 2274 facile
775 2216 1148 2294 respondeas,
1174 2230 1222 2284 si
1256 2232 1590 2292 memineris
1614 2238 1811 2310 plures

175 2298 341 2357 fuisse
359 2304 686 2372 Onesimos,
721 2308 790 2363 de
818 2310 1036 2382 quibus
1065 2315 1298 2375 diversa
1327 2338 1359 2377 a
1389 2322 1634 2383 diversis
1665 2330 1809 2386 scri-

174 2390 425 2459 ptoribus
474 2397 771 2452 memoria:
812 2401 1041 2471 prodita
1096 2411 1257 2464 sunt.
1312 2412 1589 2477 Quocirca
1640 2419 1808 2477 Nice-

173 2477 377 2547 phorus
422 2482 633 2539 scribit
663 2487 892 2557 quidem
923 2490 1262 2552 Onesimum
1324 2505 1636 2571 quemdam
1697 2511 1804 2566 sub

173 2565 467 2627 Domitiani
508 2573 758 2644 imperio
791 2584 1036 2637 mortem
1070 2585 1309 2655 obiisse,
1343 2594 1443 2647 sed
1478 2593 1644 2652 illum
1680 2602 1802 2672 epi-

171 2674 392 2730 scopum
448 2662 804 2735 Ephesinum
865 2669 1049 2727 fuisse
1101 2676 1308 2733 nullibi
1369 2691 1674 2745 memorat.
1714 2662 1798 2749 lth

171 2744 500 2808 Mensorum
563 2769 695 2809 vero
754 2772 853 2812 seu
914 2762 1321 2835 Metaphrastis
1370 2771 1600 2830 silentio
1648 2744 1791 2836 nihil

172 2851 413 2909 unquam
446 2842 658 2897 conﬁci
710 2848 938 2915 poterit.
973 2851 1031 2907 Si
1066 2856 1220 2912 enim
1254 2857 1325 2914 de
1380 2860 1638 2923 Onesimi
1668 2870 1792 2941 cpi-

172 2932 393 2999 scopatu
425 2930 463 2985 ii
510 2934 826 3003 tacuerint,
860 2938 1027 2995 multi
1061 2943 1157 2997 alii
1191 2945 1356 3016 plura
1390 2951 1462 3007 de
1510 2970 1576 3010 eo
1608 2930 1793 3014 tradi-

168 3014 379 3074 derunt.
454 3020 634 3077 Porro
699 3024 747 3079 si
801 3025 998 3098 plures
1058 3014 1273 3091 fuerint
1328 3039 1606 3113 Onesimi,
1643 3047 1789 3105 nihil
1898 3082 1933 3138 δ

168 3104 336 3138 nimios
412 3110 724 3138 -..-....:...._
757 3131 908 3138 --____
969 3119 1008 3138 τη
1055 3120 1069 3138 ς
1110 3137 1117 3138 ,
1167 3123 1178 3135 ο
1272 3126 1308 3138 ..
1431 3130 1466 3138 _

167 3104 358 3176 obstat,
409 3110 726 3181 quominus
757 3131 911 3171 unus
969 3119 1202 3191 Ephesi,
1237 3126 1382 3183 alter
1430 3104 1689 3206 Berrdeae,
1725 3104 1788 3195 ut

166 3200 349 3252 auctor
396 3200 866 3261 Camtilutionum
908 3212 1333 3279 apostolicarum
1364 3227 1579 3293 narrat,
1615 3226 1787 3284 fuerit
1824 3247 1867 3315 α

166 3284 448 3315 unicam“...
476 3307 488 3315 .
524 3289 673 3315 -I:.--
704 3308 829 3315 --__‘
886 3304 942 3315 __.
985 3299 1045 3315 n,
1136 3302 1173 3315 ..
1375 3312 1385 3315 _
1447 3310 1509 3315 ,μ
1636 3313 1646 3315 Α

166 3284 489 3356 episcopus;
522 3289 674 3346 alius
704 3308 856 3362 vero,
886 3304 948 3351 ut
983 3299 1302 3360 Dorotheus
1336 3312 1393 3362 et
1447 3284 1789 3384 Hippolytus

168 3384 417 3432 asserunt
448 3378 593 3434 Gaio
624 3387 994 3441 successerit.

228 3462 441 3520 Instant
487 3466 740 3526 Dalleus
799 3474 1046 3547 ejusque
1097 3479 1363 3540 defensor
1411 3491 1467 3542 et
1498 3492 1661 3547 Pauli
1719 3496 1791 3551 ad

162 3550 541 3613 Philemonem
603 3558 883 3630 Epistola,
964 3582 1115 3623 anno
1175 3571 1390 3631 Christi
1433 3578 1791 3653 569xarata,

162 3645 362 3699 certum
390 3646 573 3701 videri
604 3648 944 3710 Onesimum
978 3658 1244 3727 ejusdem
1279 3664 1441 3721 Pauli
1476 3669 1658 3727 fuisse
1703 3674 1793 3729 di-

166 3729 464 3803 scipulum;
514 3753 582 3793 ex
638 3739 792 3795 Beda
846 3748 1039 3801 autem
1089 3753 1261 3820 atque
1320 3753 1568 3815 Notkero
1621 3760 1790 3821 illum

170 3823 414 3879 eumdem
455 3841 606 3895 esse,
640 3832 809 3898 cujus
856 3833 1118 3903 Ignatius
1152 3845 1349 3897 noster
1377 3845 1507 3901 fecit
1537 3852 1790 3909 mentio-

168 4098 308 4143 mum
338 4090 423 4145 vel
457 4098 616 4148 certe
672 4100 1260 4175 nonagesimumjam
1292 4109 1627 4183 implevisse
1656 4135 1792 4176 cen-

168 4178 362 4234 sendus
392 4186 496 4239 est.
522 4183 703 4247 Quam
742 4190 1010 4260 martyris
1036 4195 1178 4251 adeo
1202 4178 1530 4267 provectam
1564 4210 1788 4265 aetatem

170 4276 287 4320 cum
343 4270 540 4328 nullus
590 4276 841 4347 scriptor
869 4281 1282 4355 observaverit,
1318 4304 1449 4347 eum
1488 4294 1787 4364 juniorem

169 4365 405 4425 passum,
437 4359 708 4434 hancque
737 4365 1037 4437 epistolam
1071 4373 1460 4436 adulterinam
1490 4359 1619 4439 esse
1658 4388 1788 4443 Dal-

168 4439 293 4499 leus
320 4448 634 4507 concludit.
676 4454 1114 4526 Respondemus
1153 4463 1473 4537 Epistolam
1520 4439 1687 4532 Pauli
1708 4439 1787 4532 ad

168 4530 544 4597 Philemonem
570 4558 686 4598 non
708 4544 924 4602 Christi
952 4565 1105 4607 anno
1124 4530 1218 4624 56,
1242 4559 1305 4610 ut
1325 4556 1423 4614 ille
1449 4530 1785 4637 arbitratur,

167 4621 442 4695 scriptam,
475 4631 575 4687 sed
607 4637 741 4702 post
768 4651 986 4693 annum
1020 4621 1467 4717 sexagesimum,
1500 4668 1609 4723 quo
1636 4621 1784 4726 ΑροΣ

168 4708 335 4767 stolas
385 4717 492 4773 sub
544 4720 715 4777 Festo
745 4722 961 4782 Judaaas
1022 4708 1288 4799 praefacto
1317 4708 1466 4791 cum,
1501 4708 1783 4801 Caesarem

169 4800 512 4877 appellasset,
575 4810 819 4869 Romam
880 4816 979 4871 ubi
1039 4817 1188 4876 banc
1232 4823 1393 4880 dedit
1445 4828 1783 4905 Epistolam,

171 4896 345 4990 postea
374 4895 584 4955 ductus
610 4904 719 4957 est.
752 4902 906 4960 Nihil
934 4912 1125 4964 autem
1169 4912 1436 4980 prohibet
1466 4895 1785 4990 quominus

168 4971 477 5071 Dnesimus,
530 4991 629 5061 qui
680 4999 1054 5067 eolempore,
1088 4971 1205 5071 quo
1262 5004 1330 5057 ad
1390 4971 1782 5070 Philem—onem

84 5112 93 5121 .
167 5063 361 5126 Paulus
382 5076 637 5149 scripsit,
662 5081 866 5152 junior
884 5063 1026 5154 erat,
1060 5090 1131 5144 ad
1158 5106 1291 5148 eum
1328 5110 1514 5169 usque
1537 5115 1782 5175 annum,

164 5165 264 5253 quo
294 5156 535 5228 lgnatius
556 5184 696 5226 suas
725 5176 1054 5246 composuit
1075 5178 1373 5251 epistolas,
1397 5156 1575 5245 vitam
1610 5156 1784 5266 atque

165 5240 535 5320 ePiscopatum
572 5240 925 5329 produxerit.

226 5335 428 5397 Deinde
457 5346 598 5417 quid
620 5348 689 5405 de
718 5350 1089 5429 Onesimo,in
1128 5359 1338 5432 lgnatii
1363 5369 1545 5425 nostri
1574 5369 1781 5432 litteris

221 5564 262 5603 ῚΙ

159 5583 262 5669 ,η”
314 5590 437 5706 Ριῗ.
495 5583 620 5641 316.
673 5588 721 5623 ⁷⁸
785 5589 886 5649 lib.
918 5594 1143 5653 milia.
1176 5612 1304 5671 cap.
1363 5602 1452 5659 36.

233 5656 348 5706 cap.
412 5653 466 5706 7.
500 5672 553 5706 ι)-
587 5658 709 5706 338-
744 5660 905 5706 Eninf
958 5666 1029 5706 ηδ
1058 5668 1256 5706 Rm"...
1310 5672 1359 5706 ao
1392 5691 1452 5706 η..

233 5656 348 5717 cap.
384 5653 466 5724 l7,
498 5672 553 5727 p.
587 5658 712 5733 338,
744 5660 925 5735 Epist.
958 5666 1029 5722 ad
1057 5653 1519 5749 Smyrnivw'pvag.

1137 354 1213 417 D.
1258 357 1591 424 NOURRII
1634 364 2169 439 DlSSERTATlO.
2216 414 2293 427 —
2335 383 2539 450 PARS
2585 388 2635 451 Ῑ.

1513 5603 1715 5691 ",299-
1752 5611 1839 5683 14,
1874 5614 1942 5671 15
1972 5618 2028 5673 et
2094 5618 2179 5673 16.
2212 5621 2397 5691 Epist.
2431 5626 2503 5683 ad
2561 5631 2842 5690 Trallem.

1955 598 2135 658 ullum
2170 606 2229 661 in
2259 610 2404 679 ejus,
2438 630 2625 686 neque
2645 620 2817 675 etiam
2843 598 3080 680 Notkeri
3110 629 3344 702 scriptis
3374 598 3592 710 locum,

1951 690 2051 745 ubi
2082 691 2202 750 haec
2259 702 2537 771 reperias,
2595 704 2872 765 indicavit
2918 690 3303 777 Dalleus.l1‘.a
3349 690 3592 795 quidem,

1945 782 2100 848 apud
2140 784 2466 847 Usuardum
2498 792 2749 866 legimus
2778 815 2793 853 :
2825 805 2884 855 at
2913 805 3204 863 nonillius
3235 782 3408 869 verba
3429 782 3588 886 sunt,

1946 871 2047 924 sed
2081 874 2322 947 Adonis,
2346 895 2521 949 quem
2555 892 2824 958 corrupta
2852 896 2910 946 et
2931 892 3244 964 depravata
3275 871 3597 975 martyrum

1945 962 2086 1014 Acta
2118 962 2177 1017 in
2230 981 2484 1024 errorem
2528 972 2905 1036 induxerunt.
2959 962 3243 1043 Caeterum
3298 962 3587 1065 quidquid

1943 1051 2209 1105 auctores
2258 1053 2343 1108 illi
2374 1056 2445 1112 de
2501 1062 2771 1119 Onesimo
2831 1072 3124 1127 memoriis
3176 1051 3580 1156 prodiderint,

1943 1149 2112 1192 nemo
2167 1156 2322 1196 sanae
2372 1150 2585 1204 mentis
2618 1150 2790 1208 homo
2837 1162 3131 1228 negaverit
3180 1163 3252 1220 iis
3307 1170 3583 1229 omnibus

1938 1229 2414 1297 anteponendum
2444 1251 2573 1292 esse
2620 1242 3011 1303 certissimum
3046 1250 3277 1309 Eusebii
3308 1260 3585 1317 testimo-

1936 1311 2119 1384 nium,
2152 1318 2254 1388 qui
2284 1321 2501 1381 diserte
2531 1326 3046 1406 indubitanterque
3092 1344 3302 1399 asserit
3331 1311 3579 1421 7lii—gua-

1936 1400 2082 1458 tium
2116 1412 2382 1465 nostrum
2409 1414 2718 1484 epistolam
2755 1423 3064 1494 scripsisse
3093 1451 3121 1479 «
3155 1432 3226 1486 ad
3256 1400 3577 1500 Ecclesiam

1931 1491 2338 1571 Ephesiorum,
2396 1502 2455 1558 in
2513 1523 2632 1577 qua
2682 1509 2944 1570 Onesimi
3020 1518 3279 1591 ipsorum
3330 1531 3581 1597 pastoris

1931 1585 2288 1645 mentionem
2320 1591 2476 1649 facit.
2508 1617 2539 1645 ››

2544 1713 2776 1772 CAPUT
2812 1719 2954 1778 XIV.

1928 1825 2084 1866 NIHIL
2122 1826 2177 1869 IN
2214 1830 2305 1871 HIS
2346 1833 2629 1877 EPISTOLIS
2669 1840 3028 1901 OCCURRERE,
3068 1852 3140 1891 AB
3191 1855 3399 1902 IGNATII
3437 1866 3572 1909 PER-

2141 1902 2302 1956 SONA,
2347 1906 2623 1967 MORIBUS,
2665 1913 2777 1953 AUT
2815 1918 3044 1960 PIETATE
3082 1926 3353 1973 ALlENUM.

2138 1993 2167 2066 ἒ
2197 1994 2242 2051 l.
2274 1997 2466 2055 Prima
2494 2009 2547 2057 et
2583 2006 2819 2063 secunda
2847 2011 3073 2084 objeclio
3102 2021 3356 2081 solvitur.

1996 2097 2337 2162 Quindecim
2390 2106 2634 2181 insuper
2676 2125 3022 2186 argumenta
3078 2125 3329 2189 Dallaeus
3357 2135 3568 2209 depro-

1922 2185 2286 2261 mit,quibus
2315 2196 2558 2266 probare
2590 2185 2799 2262 nititur
2820 2222 2944 2265 esse
2974 2211 3032 2267 in
3046 2185 3563 2301 Ignatii'episthli‘s,

1923 2297 1947 2301 __
1992 2275 2096 2301 ιιι-
2356 2300 2359 2301 ν
2799 2295 2811 2301 -
2892 2298 2935 2301 _-

1919 2297 1947 2325 «
1983 2275 2105 2333 Alia
2136 2281 2323 2339 multa
2346 2300 2381 2339 a
2413 2301 2693 2358 personae,
2721 2295 2814 2350 cui
2844 2275 3232 2376 effinguntur,
3265 2275 3352 2367 vel
3386 2275 3564 2373 mori:

1918 2362 2046 2435 bus,
2081 2368 2170 2425 vel
2201 2369 2502 2445 dignitate,
2534 2378 2623 2435 vel
2654 2380 2909 2456 ingenio,
2935 2362 3022 2447 vel
3049 2362 3262 2465 pietate
3277 2362 3560 2463 alien-ai.»

1916 2455 2026 2511 Sed
2059 2473 2127 2513 ex
2156 2462 2318 2517 tanto
2349 2474 2825 2536 argumentorum
2857 2455 3103 2540 numero
3134 2488 3247 2545 duo

1913 2544 1984 2600 ad
2013 2563 2131 2618 eas,
2163 2566 2306 2620 quas
2344 2552 2736 2632 defendimus,
2770 2566 3046 2637 epistolas
3098 2544 3563 2645 pertinentia;

1911 2651 2040 2691 rum
2063 2638 2227 2709 prius
2249 2642 2490 2701 ductum
2514 2652 2687 2705 estex
2707 2652 2795 2709 his
2812 2660 3032 2717 verbis:
3053 2685 3082 2713 «
3106 2666 3243 2723 Sine
3260 2673 3554 2749 episcopo,

1911 2727 2256 2749 __--L_-A-_!A
2293 2736 2332 2749 ,ι
2388 2733 2426 2749 τι
2585 2738 2596 2749 ο
2664 2741 2702 2749 -.
2778 2742 2789 2749 .
2863 2746 2874 2749 _

1909 2727 2260 2798 presbyteris
2284 2736 2341 2788 et
2371 2733 2631 2795 diaconis
2661 2741 2977 2803 Ecclesiam
3008 2767 3123 2809 non
3154 2727 3345 2815 vocari
3376 2727 3553 2826 77.):At,

1907 2813 2024 2870 haec
2055 2819 2253 2876 omnia
2282 2822 2520 2882 omnino
2556 2828 2859 2900 Ignatiana
2878 2852 3007 2896 esse
3030 2842 3151 2913 jam
3184 2846 3552 2915 demonstra-

1898 2903 2114 2963 vimus.

1971 2994 2283 3055 Posteriori
2337 3001 2531 3060 Dallasi
2589 3020 2934 3082 argumento
2998 3027 3365 3090 occasionem
3399 3053 3546 3106 prce-

1971 3099 2070 3106 μ,
2129 3085 2197 3106 Α,
2306 3089 2342 3106 ι.
2421 3092 2432 3103 .
2638 3098 2649 3106 .
2700 3105 2703 3106 ν
2753 3101 2767 3106 -

1940 3099 2076 3141 uere
2125 3085 2238 3144 alia
2269 3089 2513 3151 alterius
2560 3098 2822 3169 epistolae
2852 3109 3057 3168 verba:
3093 3136 3121 3166 «
3170 3085 3545 3185 Filiuvaei

1899 3175 2223 3233 secundum
2243 3178 2599 3241 voluntatem
2619 3193 2677 3243 et
2697 3196 3014 3262 potentiam
3035 3204 3133 3260 Dei
3146 3175 3407 3278 genitum
3430 3175 3542 3287 ἑᾷ

1898 3278 2027 3333 quae
2076 3265 2313 3337 quidem
2347 3287 2463 3328 non
2494 3276 2640 3351 satis
2671 3296 2835 3352 sana,
2869 3288 2971 3343 sed
3020 3265 3191 3365 dura,
3226 3299 3433 3371 vixque
3463 3265 3549 3363 fe-

1906 3353 2087 3408 renda
2115 3354 2327 3415 Dallaeo
2358 3361 2647 3423 Videntur.
2682 3368 3011 3434 Mirandum
3041 3353 3197 3441 certe
3230 3353 3552 3453 delicatcet

1906 3440 2177 3514 religioso
2208 3447 2404 3505 Dallaei
2450 3452 2713 3543 inrebus
2747 3460 2877 3518 ﬁdei
2912 3467 3106 3536 palato
3138 3440 3550 3543 illud—durum

1905 3546 2010 3586 nec
2040 3533 2181 3590 satis
2202 3552 2412 3595 sanum
2442 3542 2641 3612 videri,
2669 3552 2823 3619 quod
2852 3554 3273 3635 Theodoretus,
3300 3570 3387 3625 vir
3408 3590 3549 3631 sane

1904 3637 2021 3677 non
2054 3622 2249 3681 minus
2281 3643 2458 3698 quam
2499 3631 2597 3687 ille
2627 3634 2979 3701 Christianae
3020 3649 3152 3708 fidei
3201 3622 3545 3729 dcgmatu-m

1903 3709 2146 3779 peritus,
2181 3714 2251 3768 ad
2284 3718 2673 3779 confutandos
2703 3725 3106 3794 haereticorum
3139 3709 3364 3804 enni-Des
3410 3768 3544 3822 pro.

1904 3800 2046 3822 ιη---
2103 3819 2125 3822 _
2148 3819 2205 3822 ,μ
2275 3805 2296 3822 j
2348 3806 2361 3822 1
2391 3806 2422 3822 ο.
2506 3809 2538 3822 ι.
2624 3818 2653 3822 _
2708 3816 2719 3822 -
2786 3819 2799 3822 _

1902 3800 2050 3855 ferre
2101 3819 2215 3857 non
2263 3805 2565 3867 dubitavit.
2619 3816 2839 3874 Deinde
2891 3822 3156 3893 Ignatius
3189 3800 3544 3897 ibi‘nonr‘de

1901 3897 2136 3958 aeterna,
2170 3895 2269 3949 sed
2316 3895 2386 3950 de
2424 3900 2733 3971 temporali
2779 3909 2990 3968 Christi
3048 3925 3423 3987 generatione
3452 3895 3542 3986 lo;

1901 3980 2133 4051 quitur:
2161 4004 2184 4035 α
2208 3983 2502 4055 Genitum,
2528 3990 2737 4065 inquit,
2754 4014 2885 4055 vere
2906 4018 2973 4057 ex
2997 4007 3249 4079 Virgine.
3277 4035 3305 4063 ››
3328 4015 3541 4079 Quam.

1902 4071 1988 4125 vis
2022 4078 2216 4127 autem
2250 4075 2320 4129 de
2351 4075 2510 4134 illius
2536 4080 2832 4143 divinitate
2876 4071 3231 4167 loqueretur,
3267 4071 3541 4163 illudis;-

1900 4250 2164 4307 invenias
2218 4253 2274 4309 in
2322 4258 2695 4330 antiquorum
2746 4266 2982 4329 Patrum
3041 4279 3275 4351 scriptis
3322 4284 3542 4344 similes

1898 4338 2176 4411 loquendi
2227 4346 2455 4413 modos,
2488 4367 2636 4421 quos
2680 4355 2858 4414 duros
2888 4367 2945 4416 et
2990 4364 3083 4421 vix
3117 4338 3384 4431 ferendos
3412 4392 3542 4437 esse

1900 4444 1973 4484 ne
1998 4429 2244 4487 Dallaaus
2275 4434 2511 4505 quidem
2545 4440 2736 4499 dicere
2765 4449 2996 4508 audeat.

2173 4559 2199 4626 §
2231 4558 2301 4613 II.
2341 4561 2544 4618 Tertia
2572 4564 2868 4637 obiectiom’
2896 4580 3269 4649 respondetur.

1896 4756 2114 4821 mento,
2149 4755 2219 4810 ad
2276 4756 2433 4813 aliud
2477 4763 2628 4833 quod
2688 4769 2927 4838 gravius
2983 4776 3355 4856 validiusque
3409 4755 3540 4849 esse

1893 4841 2333 4914 opinatur,totis
2361 4848 2588 4908 viribus
2610 4864 3095 4929 propugnandum
3116 4841 3535 4943 aggreditur}:

1894 4931 2041 4989 Illud
2089 4936 2283 4991 autem
2316 4937 2374 4992 in
2434 4954 2501 4996 eo
2532 4942 2711 5000 situm
2745 4953 2856 5019 est,
2899 4955 3054 5024 quod
3115 4931 3442 5030 lg‘nlatiusa—
3465 4931 3536 5028 ext

1892 5022 2236 5094 apocryphis
2268 5027 2532 5119 quaedam
2568 5032 2810 5109 furatur,
2838 5022 3021 5114 eaque
3051 5022 3326 5119 pro'veris
3355 5058 3410 5111 et
3439 5022 3536 5115 in:

1891 5110 2176 5167 dubitatis
2229 5114 2413 5205 ponit.
2446 5138 2477 5167 »
2531 5119 2637 5177 Ubi
2669 5126 2825 5183 enim
2872 5110 2944 5188 de
2970 5110 3199 5194 Christo
3258 5110 3527 5205 disserit:

1891 5221 1920 5250 ‹‹
1953 5200 2021 5255 Et
2053 5202 2308 5273 quando,
2342 5202 2554 5277 inquit,
2588 5212 2659 5266 ad
2692 5229 2809 5285 eos,
2845 5222 2943 5291 qui
2994 5224 3143 5283 circa
3173 5200 3535 5295 Petrumve;

1890 5288 1996 5360 nit,
2029 5290 2111 5347 ait
2144 5290 2323 5363 ipsis:
2353 5296 2805 5369 Apprehendite,
2841 5288 3067 5384 palpate
3120 5334 3230 5390 me,
3263 5288 3327 5379 et
3349 5288 3537 5387 videte

1889 5381 2169 5452 quoniam
2194 5401 2310 5441 non
2336 5402 2462 5444 sum
2481 5389 2831 5453 demonium
2850 5401 3255 5477 incorporeum
3274 5411 3340 5470 ⁸³.
3364 5416 3537 5483 «Qum

2902 5634 2949 5671 "
2973 5637 3157 5710 Epist.
3190 5644 3262 5698 ad
3308 5644 3533 5720 Smyrn.
