3942 6302
406 405 523 464 527

1467 399 1536 460 3.
1580 395 1975 460 lGNATIUS.
2023 429 2097 444 --
2145 396 2760 461 PROLEGOMENA.

3707 398 3831 460 528

405 553 545 594 sane
573 537 760 594 Verba
791 537 862 594 ab
907 537 1143 593 auctore
1174 537 1374 591 nostro
1406 550 1522 590 non
1583 533 1842 599 aliunde,
1877 549 2051 604 quam
2086 536 2135 604 Α
2167 533 2396 604 dignas,
2425 550 2602 607 quam
2627 549 2713 602 ea,
2747 549 2871 605 quas
2901 533 3032 589 vite
3065 549 3183 590 suae
3207 533 3826 607 pertmsa,lucemque,

405 645 475 684 ex
506 627 834 700 apocrypbo
891 627 1290 682 Nazareorum
1339 623 1644 696 Evangelio
1703 623 2052 696 transcripta
2165 629 2321 698 quod
2357 632 2521 697 poeta
2551 625 3026 699 canit,perosa,in
3049 631 3294 681 mortem
3320 641 3575 698 praeceps
3608 626 3724 680 ruit
3751 628 3764 681 !
3794 647 3823 676 υ

404 718 585 773 fuisse
619 718 769 772 haud
794 716 1129 771 dubitanter
1150 716 1425 771 afﬁrmat.
1451 717 1542 780 At,
1567 713 1780 784 inquit,
1806 713 1856 769 is
1888 716 2052 785 Igna-

402 811 522 864 tius
579 812 797 880 martyr
824 823 949 862 esse
1006 821 1118 860 non
1154 811 1366 877 potest,
1423 804 1523 875 qui
1555 805 1822 860 veritatis
1863 807 2048 860 fontes

401 898 727 963 fastidiens,
787 897 979 969 potius
1010 894 1159 951 falsa
1213 893 1428 950 Christi
1469 894 1646 950 verba
1695 911 1766 949 ex
1796 894 2046 965 impuris

398 990 859 1062 apocryphorum
889 986 1138 1053 lacunis,
1171 1003 1347 1057 quam
1381 1001 1511 1041 vera
1539 1002 1606 1040 ex
1637 985 1808 1041 certis
1834 983 2043 1040 divinas

398 1079 709 1150 Scriptura;
743 1077 907 1133 libris
949 1092 1216 1148 promere
1251 1074 1542 1130 maluerit.
1578 1075 1776 1146 Neque
1828 1075 2044 1131 dixeris

396 1170 726 1241 apocrypha
757 1185 869 1222 non
904 1169 1083 1222 semet
1121 1166 1191 1220 ab
1243 1165 1498 1235 antiquis
1531 1165 1803 1220 Patribus
1834 1164 1997 1220 citari
2025 1184 2038 1234 ;

394 1257 551 1312 illico
608 1257 764 1311 enim
825 1255 1154 1310 Dallaanus
1213 1254 1484 1308 defensor
1528 1252 1704 1308 altius
1761 1253 2036 1325 insurgit,

391 1350 676 1418 urgetque
717 1351 1010 1400 auctorem
1075 1349 1335 1399 nostrum
1366 1359 1477 1397 non
1512 1343 1640 1398 ideo
1671 1342 1836 1413 argui
1886 1344 2039 1413 quod

391 1435 721 1508 apocrypha
753 1435 1073 1491 laudaverit
1101 1435 1234 1501 ;sed
1265 1434 1415 1502 quod
1451 1432 1756 1488 historiam
1779 1431 1937 1488 illam
1969 1451 2038 1489 ex

391 1525 554 1582 falsis
587 1543 702 1582 non
733 1542 802 1582 ex
831 1525 1005 1595 veris,
1039 1523 1136 1579 ubi
1168 1527 1358 1580 exstat
1389 1523 1624 1595 gravius
1655 1530 1829 1594 atque
1859 1523 2034 1578 lucu-

388 1615 606 1672 lentius
634 1613 1365 1687 exposita,Evangeliorum
1398 1611 1585 1678 libris,
1619 1613 1696 1668 sit
1713 1616 2030 1669 mutuatus.

457 1705 569 1760 Sed
601 1721 633 1759 a
679 1702 968 1760 Dallaeano
999 1702 1304 1758 defensore
1335 1701 1655 1773 quaerimus
1687 1702 1838 1758 unde
1870 1705 2030 1773 lgna-

386 1793 534 1850 tium
566 1794 740 1848 verba
772 1791 894 1861 illa,
927 1808 1054 1864 quae
1086 1790 1304 1861 objicit,
1361 1791 1432 1846 ab
1465 1790 1795 1864 apocrypho
1844 1792 2030 1849 Naza-

383 1900 629 1941 rteorum
669 1881 978 1955 Evangelio
1011 1880 1280 1937 hausisse
1310 1880 1624 1937 didicerit?
1655 1881 1779 1938 Non
1812 1897 1880 1937 ex
1909 1882 2026 1938 Eu-

382 1975 543 2032 sebio
576 1975 836 2046 quidem,
870 1972 971 2045 qui
1029 1987 1089 2028 se
1122 1972 1176 2028 id
1209 1972 1510 2044 ignorasse
1563 1971 1754 2045 palam
1795 1975 2028 2046 proﬁte-

379 2069 477 2120 tur
506 2064 588 2118 “:
621 2085 648 2114 ι(
682 2065 838 2132 Quae,
863 2061 1072 2134 inquit,
1109 2061 1264 2117 unde
1287 2062 1595 2134 acceperit,
1626 2063 1851 2135 ignoro.
1879 2065 2026 2122 »So|i

379 2153 578 2224 itaque
613 2154 982 2223 Hieronymo,
1016 2154 1078 2206 ut
1106 2150 1232 2222 ipse
1267 2153 1496 2218 fatetur,
1532 2151 1675 2206 illud
1718 2158 2024 2226 acceptum

374 2243 577 2297 referri
609 2243 796 2296 debet.
833 2241 889 2295 ls
920 2239 1134 2311 quippe
1165 2245 1495 2294 constanter
1524 2248 1820 2297 asseverat
1848 2247 2022 2315 lgna-

2155 715 2268 772 Bed
2313 717 2546 789 dignior
2603 721 2694 773 est
2749 715 2980 771 ethnico
3035 721 3242 788 poeta,
3293 731 3469 786 quam
3531 716 3821 788 scriptore

2157 804 2484 862 Christiano
2543 806 2663 862 hac
2717 804 3072 863 exclamatio.
3153 805 3348 877 Longe
3379 803 3548 860 aliter
3597 805 3821 860 sentie-

2157 895 2296 951 bant
2329 895 2614 951 Eusebius
2657 901 2716 952 et
2748 895 3158 968 Hieronymus,
3191 897 3290 968 qui
3325 896 3566 967 praefata
3597 895 3813 968 lgnatii

2153 986 2349 1052 verba,
2381 1003 2610 1042 summa
2641 985 2854 1058 pietate
2883 986 3012 1056 ejus
3042 990 3099 1040 et
3140 986 3394 1040 mirabili
3428 1002 3676 1057 prorsus
3705 1004 3814 1058 pro

2153 1075 2379 1132 Christo
2411 1076 2698 1132 moriendi
2731 1075 2923 1133 studio
2963 1081 3084 1132 tam
3117 1075 3296 1146 digna
3327 1081 3706 1147 putaverunt,
3747 1082 3815 1132 ut

2150 1181 2221 1222 ex
2249 1165 2466 1222 caeteris
2494 1165 2770 1222 omnibus
2815 1164 3172 1220 sanctissimi
3204 1165 3476 1233 martyris
3507 1165 3708 1233 dictis,
3741 1183 3814 1222 ea

2151 1255 2523 1327 potissimum
2570 1258 2691 1310 suis
2722 1257 2780 1310 in
2812 1254 2977 1311 libris
2998 1253 3464 1323 transcribenda,
3501 1255 3811 1310 omnium-

2149 1360 2257 1414 que
2286 1344 2755 1402 Christianorum
2787 1344 3054 1416 religioni
3087 1349 3144 1400 et
3182 1344 3554 1400 admirationi
3590 1361 3811 1416 prapo-

2147 1435 2338 1492 nenda
2367 1434 2697 1509 selegerint.
2732 1435 2882 1499 Quid
2912 1435 3065 1508 quod
3098 1451 3210 1490 non
3245 1435 3435 1490 solum
3469 1437 3806 1505 Patres,sed

2145 1526 2204 1578 et
2235 1523 2500 1581 Vedelius
2531 1525 2655 1597 ipse
2691 1524 3063 1592 Calviniansa,
3104 1525 3278 1582 sicuti
3322 1524 3594 1592 Dallaius,
3632 1532 3805 1582 sectae

2144 1612 2658 1682 addictus,eadem
2687 1615 3086 1688 Ignatiiverba
3107 1614 3182 1671 ad
3211 1614 3434 1688 sopitos
3449 1615 3803 1688 tepidiorum

2141 1701 2601 1759 Christianorum
2651 1703 2816 1776 ignes
2872 1703 3245 1760 suscitandos
3292 1703 3440 1760 ultro
3481 1706 3798 1777 proponit:

2142 1812 2171 1840 «
2213 1790 2393 1856 Quem
2419 1793 2625 1850 mortis
2655 1802 2710 1849 et
2739 1791 3166 1866 suppliciorum
3201 1796 3420 1850 terrore
3451 1797 3799 1852 consterna-

2140 1887 2266 1940 tum
2285 1889 2526 1943 sanctus
2547 1890 2768 1958 martyr
2780 1903 2895 1943 non
2911 1885 3317 1958 restituat,qui
3341 1888 3412 1942 ad
3431 1885 3652 1943 bestias
3671 1891 3800 1945 ten-

2138 1975 2302 2042 dens,
2327 1976 2532 2033 dentes
2561 1991 2759 2034 earum
2783 1975 3341 2048 dilacerationesque
3360 1975 3795 2034 subiturus.....

2137 2063 2412 2121 Gratulor
2441 2065 2587 2121 mihi
2619 2066 2690 2122 de
2713 2066 2938 2133 bestiis,
2963 2082 3089 2138 quae
3116 2065 3426 2121 adversum
3452 2081 3541 2122 me
3566 2065 3795 2138 ",netc.

2208 2156 2386 2227 Urget
2408 2161 2604 2213 tamen
2637 2155 2888 2212 Dallatus
2917 2156 2993 2210 ’τε
3029 2177 3058 2206 ‹‹
3084 2154 3298 2210 Christi
3336 2160 3617 2228 martyres
3646 2173 3797 2212 moro

2134 2248 2250 2302 tem
2278 2250 2634 2320 exspectant,
2669 2263 2784 2301 non
2818 2254 3128 2302 accersunt
3156 2263 3170 2312 ;
3204 2246 3274 2300 ad
3307 2249 3519 2300 metam
3554 2262 3796 2318 compo-

376 2329 524 2384 tium
567 2329 688 2383 hmo
721 2329 1033 2384 deﬂorasse
1064 2345 1132 2383 ex
1157 2328 1486 2400 Evangelio,
1524 2349 1551 2381 α
1584 2332 1737 2402 Quod
1773 2349 1959 2402 nuper
1989 2351 2022 2389 a
2130 2337 2268 2402 sito,
2302 2354 2412 2393 non
2465 2338 2744 2408 praecipiti
2775 2338 2960 2408 gradu
3008 2337 3304 2392 feruntur.
3340 2359 3362 2388 ι
3401 2338 3549 2404 Quid
3603 2339 3796 2410 ergo?

374 2435 488 2484 me,
515 2440 542 2469 »
577 2421 659 2473 uti
694 2423 772 2472 ait.
799 2419 862 2484 ⁸³,
905 2418 1304 2472 «translatum
1329 2425 1436 2473 est.
1469 2442 1497 2468 ››
1522 2420 1627 2474 Sed
1660 2421 1710 2474 si
1747 2421 2018 2480 Uallaeani
2129 2426 2237 2482 Tot
2271 2434 2573 2494 martyres,
2605 2426 2707 2499 qui
2737 2426 3075 2484 occasiones
3108 2443 3210 2496 pro
3258 2426 3488 2483 Christo
3525 2427 3788 2496 patiendi

369 2511 510 2565 illud
572 2513 642 2566 ab
702 2512 1050 2583 Heronysno
1103 2511 1448 2579 didicerunt,
1482 2528 1587 2566 cur
1643 2518 1760 2568 tam
1823 2532 2018 2571 severe
2128 2518 2284 2568 tanto
2309 2518 2515 2570 ardore
2540 2515 3026 2588 qu.esierunt,qui
3051 2515 3119 2570 ad
3152 2523 3403 2570 mortem
3436 2521 3646 2584 sponte
3671 2533 3783 2571 sua

370 2603 656 2676 Ignatium
713 2606 784 2660 ob
818 2604 873 2658 id
936 2604 1348 2672 condemnant,
1404 2606 1556 2676 quod
1613 2607 1862 2663 eximius
1920 2609 2016 2664 illc
2125 2612 2531 2670 cucurrerunt,
2564 2607 2663 2678 qui
2696 2605 2753 2660 in
2780 2605 2941 2676 ignes
2969 2611 3026 2658 et
3056 2603 3344 2670 ﬂammas,
3376 2606 3472 2674 qui
3508 2606 3564 2659 in
3591 2622 3778 2676 aquas

367 2694 568 2750 doctor
598 2699 760 2750 tanto
796 2697 1047 2765 martyre
1079 2693 1252 2766 plane
1285 2697 1530 2766 dignum
1564 2697 1830 2752 credidit.

438 2783 652 2839 Deinde
679 2782 969 2838 incertum
1000 2789 1088 2839 est
1116 2801 1252 2839 num
1301 2788 1564 2857 tempore
1597 2787 1802 2854 Ignatii
1835 2804 2009 2844 evan-

2122 2701 2178 2750 et
2211 2694 2458 2752 ﬂumina
2487 2695 2813 2768 praecipites
2841 2711 2904 2750 se
2940 2695 3250 2762 dederunt,
3281 2695 3320 2750 ii
3351 2694 3677 2765 impietatis
3709 2712 3777 2751 ac

2122 2783 2507 2842 immodestia:
2546 2784 2858 2841 accusandi
2889 2784 3072 2840 sunt?
3119 2786 3234 2839 Cur
3263 2800 3400 2856 ergo
3453 2783 3651 2840 Patres
3681 2787 3773 2840 tot

362 2873 581 2941 gclium
631 2874 1031 2931 Nazarasorum
1066 2874 1218 2929 inter
1267 2875 1599 2948 apocrypha
1629 2879 2006 2936 amendatum
2120 2873 2394 2930 laudibus
2421 2891 2518 2931 eos
2547 2874 2984 2930 cclebraverunt
3005 2873 3093 2928 "‘I
3149 2873 3266 2930 Cur
3295 2873 3552 2930 Ecclesia
3583 2876 3770 2930 tantis

361 2963 587 3020 fuisset.
623 2966 763 3020 Cum
820 2963 1000 3035 enim,
1033 2967 1177 3020 teste
1209 2969 1403 3021 lsaaco
1447 2967 1812 3038 Casaubono,
1861 2979 2002 3025 tem-

2117 2962 2439 3022 honoribus
2461 2979 2561 3020 eos
2593 2963 2968 3036 prosequitur
2985 2964 3012 3019 ?
3033 2965 3311 3021 Praeterea
3337 2965 3594 3033 Ignatius
3614 2981 3773 3020 mar-

360 3070 496 3126 porc
527 3070 674 3125 opus
710 3054 903 3120 fuerit,
941 3058 1008 3110 ut
1056 3054 1372 3128 apocr-ypbi
1404 3054 1812 3124 hujuscemodi
1871 3059 2004 3117 libri
2114 3056 2245 3126 tyrii
2277 3056 2368 3110 sui
2399 3059 2663 3126 tempora
2689 3071 2805 3112 non
2836 3055 3182 3122 antevertit;
3207 3054 3311 3110 sed
3343 3053 3662 3110 damnatus
3695 3056 3769 3111 ad

357 3143 699 3197 auctoritate
758 3141 1023 3198 Ecclesiae
1081 3144 1602 3215 proscriberentur,
1646 3163 1748 3217 per
1807 3148 2002 3219 priora
2113 3143 2352 3214 bestias,
2412 3145 2601 3217 iisque
2643 3145 2890 3216 jamjam
2965 3143 3353 3216 objiciendus,
3415 3144 3592 3200 citius
3649 3144 3770 3200 frui

353 3231 564 3289 secula
596 3232 833 3288 fuerunt
871 3232 1055 3299 dubii,
1089 3236 1143 3286 et
1191 3232 1557 3288 auctoritatis
1588 3235 1796 3290 saltem
1837 3240 1996 3294 anci-

2111 3238 2292 3306 Optat.
2321 3235 2612 3291 Romanos
2628 3234 2772 3292 neid
2805 3234 3127 3306 impediant
3151 3235 3439 3304 obsecrat,
3460 3237 3518 3288 et
3547 3235 3774 3292 bestias

353 3322 511 3395 pitis.
568 3325 692 3377 Huc
723 3321 949 3377 accedit
1002 3322 1156 3392 quod
1218 3321 1472 3393 plurimi,
1507 3327 1570 3378 ut
1609 3324 1995 3400 Hieronymus
2026 3301 2070 3364 θ
2110 3301 2165 3379 si
2191 3323 2302 3378 sibi
2337 3322 2722 3395 pepercerint,
2754 3331 2814 3378 ut
2848 3301 2920 3379 ab
2954 3322 3100 3395 ipsis
3141 3321 3408 3378 celeriter
3424 3301 3773 3391 devoretur,

351 3410 476 3482 ipse
506 3410 703 3476 tradit,
739 3409 1119 3482 Evangelium
1154 3408 1296 3465 illud
1331 3429 1365 3466 a
1396 3411 1663 3470 Mattme
1713 3417 1999 3490 scriptum
2109 3415 2312 3484 aperta
2339 3411 2390 3467 vi
2425 3429 2488 3469 se
2519 3413 2861 3468 adacturum
2891 3415 3160 3468 testatur.
3193 3411 3302 3468 Sed
3333 3411 3424 3468 his
3455 3428 3524 3468 ex
3555 3412 3775 3468 arden-

350 3515 480 3556 esse
510 3499 947 3555 existimabant.

2107 3496 2457 3553 dentissimo
2507 3514 2609 3570 pro
2657 3497 2885 3555 Christo
2917 3497 3206 3553 moriendi
3255 3513 3453 3554 amore
3488 3500 3770 3570 profectis

423 3589 680 3660 Denique
720 3589 876 3644 idem
909 3591 1288 3648 Casaubonus
1323 3608 1436 3649 non
1469 3592 1722 3651 absurde
1772 3597 2000 3654 addidit
2103 3586 2363 3654 vocibus,
2385 3586 2519 3642 illas
2551 3587 2848 3644 modestiae
2877 3603 2997 3643 suae
3029 3590 3210 3642 testes
3235 3586 3602 3642 continenter
3621 3589 3767 3645 sub-

346 3676 637 3750 Ignatium
672 3694 786 3733 non
821 3677 1072 3750 alicujus
1104 3681 1398 3754 Evangelii
1440 3683 1634 3754 verba,
1669 3685 1767 3741 sed
1817 3687 1996 3742 tradi-

347 3767 561 3824 tionem
594 3765 877 3839 allegassc
911 3785 1025 3824 non
1059 3769 1496 3844 scriptam,quaa
1529 3778 1732 3845 postea
1763 3775 1820 3830 in
1846 3775 1996 3832 litte-

2093 3675 2334 3748 jungit:
2371 3699 2398 3727 κ
2435 3675 2726 3749 Ignoscite
2774 3675 2940 3732 mihi.
2973 3675 3120 3742 Quid
3156 3675 3300 3730 mihi
3332 3675 3477 3732 utile
3503 3676 3604 3744 sit,
3659 3694 3764 3750 ego

2102 3767 2254 3822 novi.
2297 3786 2327 3816 »
2359 3765 2525 3834 Quod
2553 3780 2694 3824 sane
2730 3769 2788 3822 et
2815 3764 3175 3821 sanctissimi
3209 3765 3482 3839 martyris
3513 3767 3760 3841 pietate,

343 3873 439 3913 ras
498 3856 673 3913 fuerit
727 3860 930 3926 relata,
986 3862 1043 3914 et
1099 3859 1378 3916 Hebraico
1439 3861 1774 3934 Evangelia,
1837 3865 1994 3938 quod
2098 3857 2155 3912 et
2185 3854 2488 3923 modestia,
2520 3859 2576 3911 et
2607 3854 2838 3928 piorum
2869 3853 3134 3911 omnium
3168 3853 3442 3912 laudibus
3473 3861 3530 3912 et
3565 3858 3756 3914 admi-

341 3947 611 4004 Matthaao
667 3948 1021 4015 tribuebant,
1078 3949 1320 4008 inserta.
1381 3951 1497 4009 Nec
1533 3952 1680 4010 male
1729 3955 1988 4026 quidem.

341 4037 489 4097 Nam
523 4038 783 4112 Ignatius
837 4038 937 4111 qui
968 4038 1194 4096 litteras
1225 4058 1363 4097 suas
1409 4042 1660 4114 vinctus,
1693 4049 1750 4101 et
1780 4045 1838 4101 in
1894 4046 1988 4102 iti-

340 4144 498 4196 nere,
557 4146 622 4186 ac
652 4140 872 4185 secreto
929 4130 1208 4198 exaravit,
1267 4131 1444 4188 verba
1501 4132 1602 4189 illa
1631 4151 1761 4206 quae
1817 4135 1988 4194 nobis

299 4215 714 4290 ‘objiciuntur,
747 4233 816 4273 ex
875 4218 1173 4283 memoria,
1230 4237 1294 4276 ac
1337 4226 1508 4292 prout
1564 4225 1746 4281 menti
1798 4225 1986 4298 ipsius

331 4311 732 4377 occurrerunt,
792 4323 898 4362 nec
944 4307 1165 4380 aliquid
1224 4308 1294 4365 de
1327 4312 1567 4386 scriptis
1617 4315 1983 4389 Evangelicis

2097 3947 2324 4004 ratione
2349 3946 2758 4019 dignissimum
2779 3963 2907 4004 esse
2931 3963 3102 4004 nemo
3123 3946 3385 4004 sincerus
3399 3947 3753 4006 Christianre

2096 4035 2392 4109 religionis
2425 4037 2618 4096 cultor
2647 4054 2908 4110 unquam
2942 4037 3310 4094 ditﬁtebitur.

2723 4162 2956 4220 CAPUT
2995 4163 3110 4221 XV.

2137 4289 2293 4328 NIHIL
2329 4289 2500 4329 FALSO
2538 4289 2605 4328 ΕΤ
2641 4289 2865 4328 TEMERE
2905 4290 2964 4328 IN
3003 4290 3096 4330 HIS
3136 4290 3419 4330 EPISTOLIS
3453 4292 3700 4335 DICTUM.

329 4394 417 4450 vel
469 4394 736 4468 legendo,
784 4395 872 4452 vel
931 4378 1078 4452 forte
1125 4397 1300 4454 etiam
1358 4378 1661 4474 cogitando
1718 4378 1981 4476 epistola
2737 4380 3750 4476 “_‘,e'_§f‘fd,_f1f,ﬁﬂi‘!f’_lffaﬂfﬂ’!

327 4482 579 4541 inseruit
607 4502 754 4542 sure.

665 4593 693 4659 §
725 4591 820 4648 IIl.
855 4592 1066 4660 Quarta
1096 4595 1322 4668 objectio
1352 4597 1648 4672 refutatur.

2156 4451 2413 4524 Ephesios
2443 4451 2733 4524 scribitur,
2773 4455 2821 4506 et
2855 4451 2995 4524 quod
3023 4452 3272 4524 Ignatius
3299 4455 3482 4524 fertur
3530 4454 3748 4512 dixisse

2153 4539 2211 4579 se
2243 4522 2444 4580 vidisse
2473 4523 2772 4580 Christum.

2153 4629 2366 4703 Objicit
2399 4634 2595 4702 postea
2634 4629 2886 4688 Dallaaus
2939 4630 3087 4688 illud
3119 4631 3334 4690 falsum
3394 4648 3548 4701 esse,
3581 4637 3742 4708 quod

395 4700 476 4756 Ex
514 4701 1006 4795 omnib‘usporro
1066 4703 1262 4761 Dallzei
1307 4705 1672 4795 argumentis
1736 4710 1965 4771 nullum
2002 4700 2050 4737 υ
2080 4700 2283 4778 auctor
2331 4700 2529 4778 noster
2557 4721 2792 4794 scripsit
2821 4723 2891 4777 ad
2952 4721 3274 4795 Ephesios:
3333 4746 3353 4773 α
3390 4700 3735 4782 Paulus“...

315 4805 458 4846 8800
484 4788 610 4884 _i"_0
657 4791 995 4884 mirabilius
1047 4798 1160 4884 esti
1215 4794 1370 4884 quod
1395 4794 1500 4884 ille
1543 4795 1710 4884 ducit
1739 4815 1808 4856 ex
1865 4801 1960 4860 his
2074 4810 2173 4881 qui
2204 4810 2264 4865 in
2295 4810 2453 4866 omni
2486 4788 2741 4884 Epistula
2763 4788 3108 4868 memori-am
3135 4812 3270 4869 facit
3299 4813 3476 4869 vestri
3504 4813 3566 4871 in
3586 4814 3734 4872 Jesu

313 4879 671 4974 sanctissimi
696 4883 1165 4974 martyrisnostri
1181 4883 1370 4974 verbis
1390 4882 1468 4974 33‘:
1497 4883 1777 4946 «Utinam
1801 4890 1963 4949 fruar
2069 4879 2300 4956 Christo
2329 4897 2396 4956 3°.
2434 4919 2460 4952 ι
2494 4879 2606 4958 Sed
2647 4901 2769 4956 haec
2818 4917 2932 4957 non
2967 4905 3135 4974 urget
3184 4902 3313 4973 ejus
3345 4903 3644 4972 defensor,
3676 4910 3733 4961 ct

313 4967 540 5064 bestiis,
571 4986 721 5064 quas
747 4974 804 5064 et
836 4970 1139 5064 blanditiis
1171 4969 1533 5064 demulcebo,
1554 4978 1627 5064 put
1656 4977 1832 5036 citius
1864 4997 1958 5039 me
2068 4993 2221 5045 recte
2249 4988 2510 5064 quidem.
2543 4989 2684 5058 Quis
2716 4989 2872 5047 enim
2911 4967 3132 5047 nesciat
3168 4967 3410 5048 Paulum
3444 4967 3728 5051 unam'nd

310 5056 620 5155 άῗῖοτθοξξ
679 5060 781 5155 εξίί
839 5064 896 5114 οι
946 5061 1086 5155 ipsa
1139 5059 1425 5155 γοίθηῖθω
1471 5062 1680 5155 Ροὶίῐιῖ,
1735 5083 1840 5140 ego
1899 5073 1952 5127 vi
2065 5056 2345 5148 Ephesios
2367 5056 2682 5151 Epistolam
2717 5080 2968 5150 dedisse,
2989 5097 3053 5136 ac
3084 5080 3143 5136 in
3171 5081 3330 5137 omni
3363 5097 3430 5137 ea
3463 5082 3729 5155 Epistola

307 5147 538 5237 adigam
572 5144 838 5237 “MHIBO
866 5149 1024 5204 enim
1046 5147 1243 5215 verba:
1267 5165 1395 5221 quae
1428 5151 1657 5223 piorum
1688 5158 1949 5216 omnium
2061 5144 2442 5237 Ephesiorum
2484 5168 2689 5225 fecisse
2749 5169 3108 5226 memoriam.
3145 5171 3272 5226 lltec
3333 5144 3531 5227 autem
3593 5173 3728 5230 ideo

303 5234 507 5292 laudes
551 5236 1115 5310 admirationemque
1148 5253 1430 5308 meruere,
1465 5241 1675 5300 Dalleeo
1710 5261 1743 5302 α
1792 5264 1947 5304 mar-

299 5323 444 5395 tyris
475 5324 691 5397 pietate
719 5341 788 5382 ac
838 5325 1121 5382 modestia
1153 5324 1342 5383 aliena
1371 5332 1612 5387 omnino
1654 5332 1941 5393 videntur.

300 5412 462 5471 Uade
514 5413 574 5471 in
605 5414 756 5471 hanc
811 5413 910 5472 ille
939 5415 1269 5487 prorumpit
1315 5418 1794 5480 exclamationem
1849 5425 1938 5485 εδε

2058 5255 2327 5315 observat
2354 5259 2636 5331 Ignatius,
2662 5261 2942 5334 quoniam
2966 5259 3024 5317 in
3048 5279 3116 5317 ea
3137 5261 3356 5318 Paulus
3387 5261 3718 5335 gloriosam

2056 5341 2289 5402 illorum
2325 5347 2543 5420 ubique
2573 5347 2716 5404 facit
2749 5349 3124 5420 mentionem,
3158 5359 3329 5424 atque
3361 5367 3457 5407 eos
3486 5353 3559 5408 ad
3593 5354 3722 5425 pie-

2052 5436 2226 5490 tatem
2245 5435 2923 5511 informando,ipsorum
2947 5439 3192 5497 virtutes
3215 5457 3446 5513 semper
3465 5441 3721 5510 extollit,

298 5521 327 5553 α
367 5502 411 5558 Ο
442 5503 599 5560 diras
656 5508 714 5561 et
741 5501 1108 5561 truculentae
1155 5520 1341 5576 voces,
1397 5525 1511 5566 non
1570 5509 1685 5568 alia
1741 5515 1939 5574 animo.
2047 5526 2103 5578 et
2137 5525 2448 5596 praedicat:
2483 5501 2697 5584 nullibi
2725 5528 3082 5601 vero,sicuti
3113 5530 3169 5587 iu
3201 5501 3717 5603 aliisquibusdam

363 5625 408 5668 ⁸ι
476 5629 689 5687 Euseb.
723 5629 826 5687 lib.
857 5646 920 5688 ιιι
970 5631 1128 5697 Hist,
1161 5647 1286 5703 cap.
1317 5633 1407 5690 56.
1475 5633 1524 5672 ⁸³
1579 5642 1663 5694 De
1711 5643 1876 5709 scrip.
1909 5661 1965 5702 ec

292 5697 480 5734 ωηατ.
533 5703 637 5734 QLA
717 5700 955 5734 sanum
1013 5702 1178 5734 Λευ-πη
1234 5707 1289 5734 ς..
1350 5706 1510 5734 rm“;
1571 5709 1712 5734 ρης...
1801 5713 1904 5734 ,τῇ

2163 5649 2211 5686 ³³
2227 5650 2429 5734 Epist.
2473 5652 2542 5710 ad
2570 5656 2729 5734 Item.
2797 5655 3124 5734 “Pali?”
3155 5674 3279 5730 0³9·
3303 5656 3433 5734 -18:
3464 5673 3521 5730 P'
3584 5659 3714 5734 34.2'

368 5703 656 5802 ρεεςλ
701 5700 977 5802 mags.
1013 5700 1303 5802 9351s,},
1307 5706 1548 5802 “igitr,
1562 5700 1848 5802 math-3
1877 5700 2166 5792 ρει-ἐρέω.
2227 5700 2806 5784 ιῖτΑει·δτῑ,ς.“ῑξί;;ἰιι
2841 5700 3124 5802 mea:
3145 5700 3279 5802 δεῖξε
3303 5700 3560 5797 τῖιςοςξη
3584 5700 3716 5789 ’ἑέἶὲ

292 5777 352 5828 et
377 5771 532 5842 Aug.
567 5771 666 5830 lib.
701 5790 720 5830 ι
748 5774 823 5833 De
840 5771 978 5847 'ct'v.,
1013 5792 1140 5849 cap.
1170 5776 1241 5833 22
1269 5777 1340 5834 89
1367 5771 1493 5850 c'ap.
1530 5771 1622 5851 19;
1644 5798 1701 5852 p.
1733 5783 1858 5844 351.
