  <div class='ocr_page' id='page_1' title='image "/cluster/home/n/w/nwhite01/storage/ocr_20150623/5/pst.000005711819/272.png"; bbox 0 0 3942 6302; ppageno 0'>
   <div class='ocr_carea' id='block_1_1' title="bbox 188 423 3604 488">
    <p class='ocr_par' dir='ltr' id='par_1_1' title="bbox 188 423 3604 488">
     <span class='ocr_line' id='line_1_1' title="bbox 188 423 3604 488; baseline 0 -3"><span class='ocrx_word' id='word_1_1' title='bbox 188 426 304 486; x_wconf 73' lang='lat'><strong>629</strong></span> <span class='ocrx_word' id='word_1_2' title='bbox 1132 426 1207 484; x_wconf 89' lang='lat' dir='ltr'><strong>D.</strong></span> <span class='ocrx_word' id='word_1_3' title='bbox 1256 423 1591 487; x_wconf 79' lang='lat' dir='ltr'><strong>NOURRII</strong></span> <span class='ocrx_word' id='word_1_4' title='bbox 1638 424 2180 487; x_wconf 83' lang='lat' dir='ltr'><strong>DISSERTATIO.</strong></span> <span class='ocrx_word' id='word_1_5' title='bbox 2228 458 2305 471; x_wconf 91' lang='lat'><strong>--</strong></span> <span class='ocrx_word' id='word_1_6' title='bbox 2345 426 2548 488; x_wconf 83' lang='lat' dir='ltr'><strong>PARS</strong></span> <span class='ocrx_word' id='word_1_7' title='bbox 2591 428 2642 487; x_wconf 94' lang='grc' dir='ltr'><strong>Ι.</strong></span> <span class='ocrx_word' id='word_1_8' title='bbox 3485 427 3604 488; x_wconf 80' lang='lat'><strong>530</strong></span> 
     </span>
    </p>
   </div>
   <div class='ocr_carea' id='block_1_2' title="bbox 190 558 3595 633">
    <p class='ocr_par' dir='ltr' id='par_1_2' title="bbox 190 558 3595 633">
     <span class='ocr_line' id='line_1_2' title="bbox 190 558 3595 633; baseline 0 -17"><span class='ocrx_word' id='word_1_9' title='bbox 190 559 480 632; x_wconf 87' lang='lat' dir='ltr'><strong>Epistolis,</strong></span> <span class='ocrx_word' id='word_1_10' title='bbox 512 560 585 617; x_wconf 87' lang='lat' dir='ltr'><strong>ad</strong></span> <span class='ocrx_word' id='word_1_11' title='bbox 620 559 766 617; x_wconf 87' lang='lat' dir='ltr'><strong>alios</strong></span> <span class='ocrx_word' id='word_1_12' title='bbox 793 558 1066 629; x_wconf 81' lang='lat' dir='ltr'><strong>exaratis,</strong></span> <span class='ocrx_word' id='word_1_13' title='bbox 1098 558 1231 617; x_wconf 89' lang='lat' dir='ltr'><strong>illos</strong></span> <span class='ocrx_word' id='word_1_14' title='bbox 1254 558 1521 633; x_wconf 78' lang='lat' dir='ltr'><strong>arguisse</strong></span> <span class='ocrx_word' id='word_1_15' title='bbox 1552 563 1653 618; x_wconf 88' lang='lat' dir='ltr'><strong>aut</strong></span> <span class='ocrx_word' id='word_1_16' title='bbox 1675 560 1824 617; x_wconf 89' lang='lat' dir='ltr'><strong>vitu-</strong></span> <span class='ocrx_word' id='word_1_17' title='bbox 1858 561 1910 631; x_wconf 73' lang='grc' dir='ltr'><strong>Α</strong></span> <span class='ocrx_word' id='word_1_18' title='bbox 1944 561 2073 618; x_wconf 82' lang='lat' dir='ltr'><strong>vidi.</strong></span> <span class='ocrx_word' id='word_1_19' title='bbox 2106 560 2218 617; x_wconf 90' lang='lat' dir='ltr'><strong>Sed</strong></span> <span class='ocrx_word' id='word_1_20' title='bbox 2248 564 2414 618; x_wconf 89' lang='lat' dir='ltr'><strong>vetus</strong></span> <span class='ocrx_word' id='word_1_21' title='bbox 2444 561 2543 618; x_wconf 87' lang='lat' dir='ltr'><strong>ille</strong></span> <span class='ocrx_word' id='word_1_22' title='bbox 2571 560 2880 633; x_wconf 82' lang='lat' dir='ltr'><strong>interpres,</strong></span> <span class='ocrx_word' id='word_1_23' title='bbox 2914 562 2979 616; x_wconf 91' lang='lat' dir='ltr'><strong>ut</strong></span> <span class='ocrx_word' id='word_1_24' title='bbox 3025 575 3094 617; x_wconf 82' lang='lat' dir='ltr'><strong>ex</strong></span> <span class='ocrx_word' id='word_1_25' title='bbox 3148 558 3279 631; x_wconf 72' lang='lat' dir='ltr'><strong>eius</strong></span> <span class='ocrx_word' id='word_1_26' title='bbox 3329 559 3595 617; x_wconf 90' lang='lat' dir='ltr'><strong>versione</strong></span> 
     </span>
    </p>
   </div>
   <div class='ocr_carea' id='block_1_3' title="bbox 189 648 3599 723">
    <p class='ocr_par' dir='ltr' id='par_1_3' title="bbox 189 648 3599 723">
     <span class='ocr_line' id='line_1_3' title="bbox 189 648 3599 723; baseline 0.001 -18"><span class='ocrx_word' id='word_1_27' title='bbox 189 666 421 723; x_wconf 85' lang='lat' dir='ltr'><strong>parasse</strong></span> <span class='ocrx_word' id='word_1_28' title='bbox 448 648 692 722; x_wconf 87' lang='lat' dir='ltr'><strong>legitur.</strong></span> <span class='ocrx_word' id='word_1_29' title='bbox 1945 650 2111 707; x_wconf 86' lang='lat' dir='ltr'><strong>facile</strong></span> <span class='ocrx_word' id='word_1_30' title='bbox 2133 650 2505 723; x_wconf 88' lang='lat' dir='ltr'><strong>intelligitur,</strong></span> <span class='ocrx_word' id='word_1_31' title='bbox 2550 667 2667 708; x_wconf 91' lang='lat' dir='ltr'><strong>non</strong></span> <span class='ocrx_word' id='word_1_32' title='bbox 2714 650 2795 706; x_wconf 89' lang='lat' dir='ltr'><strong>ita</strong></span> <span class='ocrx_word' id='word_1_33' title='bbox 2842 651 3034 707; x_wconf 87' lang='lat' dir='ltr'><strong>Grece</strong></span> <span class='ocrx_word' id='word_1_34' title='bbox 3084 650 3291 707; x_wconf 78' lang='lat' dir='ltr'><strong>doctus</strong></span> <span class='ocrx_word' id='word_1_35' title='bbox 3337 653 3484 720; x_wconf 87' lang='lat' dir='ltr'><strong>erat,</strong></span> <span class='ocrx_word' id='word_1_36' title='bbox 3534 653 3599 707; x_wconf 87' lang='lat' dir='ltr'><strong>ut</strong></span> 
     </span>
    </p>
   </div>
   <div class='ocr_carea' id='block_1_4' title="bbox 256 739 3600 814">
    <p class='ocr_par' dir='ltr' id='par_1_4' title="bbox 256 739 3600 814">
     <span class='ocr_line' id='line_1_4' title="bbox 256 739 3600 814; baseline 0 -19"><span class='ocrx_word' id='word_1_37' title='bbox 256 742 380 797; x_wconf 84' lang='lat' dir='ltr'><strong>Hec</strong></span> <span class='ocrx_word' id='word_1_38' title='bbox 409 757 543 797; x_wconf 92' lang='lat' dir='ltr'><strong>cum</strong></span> <span class='ocrx_word' id='word_1_39' title='bbox 566 740 749 798; x_wconf 85' lang='lat' dir='ltr'><strong>levius</strong></span> <span class='ocrx_word' id='word_1_40' title='bbox 780 740 1069 814; x_wconf 91' lang='lat' dir='ltr'><strong>attigisset</strong></span> <span class='ocrx_word' id='word_1_41' title='bbox 1097 739 1377 813; x_wconf 82' lang='lat' dir='ltr'><strong>Dalleus,</strong></span> <span class='ocrx_word' id='word_1_42' title='bbox 1410 740 1598 798; x_wconf 89' lang='lat' dir='ltr'><strong>multo</strong></span> <span class='ocrx_word' id='word_1_43' title='bbox 1632 740 1830 798; x_wconf 89' lang='lat' dir='ltr'><strong>acrius</strong></span> <span class='ocrx_word' id='word_1_44' title='bbox 1939 743 2182 799; x_wconf 85' lang='lat' dir='ltr'><strong>verbum</strong></span> <span class='ocrx_word' id='word_1_45' title='bbox 2215 741 2342 796; x_wconf 78' lang='grc' dir='ltr'><strong>οἷόα</strong></span> <span class='ocrx_word' id='word_1_46' title='bbox 2369 757 2469 813; x_wconf 89' lang='lat' dir='ltr'><strong>per</strong></span> <span class='ocrx_word' id='word_1_47' title='bbox 2497 742 2765 799; x_wconf 87' lang='lat' dir='ltr'><strong>Latinum</strong></span> <span class='ocrx_word' id='word_1_48' title='bbox 2795 742 2939 812; x_wconf 85' lang='lat' dir='ltr'><strong>vidi,</strong></span> <span class='ocrx_word' id='word_1_49' title='bbox 2971 744 3230 799; x_wconf 77' lang='lat' dir='ltr'><strong>cumscio</strong></span> <span class='ocrx_word' id='word_1_50' title='bbox 3252 741 3339 798; x_wconf 88' lang='lat' dir='ltr'><strong>vel</strong></span> <span class='ocrx_word' id='word_1_51' title='bbox 3362 742 3492 799; x_wconf 84' lang='lat' dir='ltr'><strong>novi</strong></span> <span class='ocrx_word' id='word_1_52' title='bbox 3514 740 3600 797; x_wconf 85' lang='lat' dir='ltr'><strong>di-</strong></span> 
     </span>
    </p>
   </div>
   <div class='ocr_carea' id='block_1_5' title="bbox 186 829 3593 904">
    <p class='ocr_par' dir='ltr' id='par_1_5' title="bbox 186 829 3593 904">
     <span class='ocr_line' id='line_1_5' title="bbox 186 829 3593 904; baseline 0 -19"><span class='ocrx_word' id='word_1_53' title='bbox 186 830 251 885; x_wconf 90' lang='lat' dir='ltr'><strong>de</strong></span> <span class='ocrx_word' id='word_1_54' title='bbox 278 846 345 887; x_wconf 90' lang='lat' dir='ltr'><strong>eo</strong></span> <span class='ocrx_word' id='word_1_55' title='bbox 378 830 660 903; x_wconf 89' lang='lat' dir='ltr'><strong>disputat,</strong></span> <span class='ocrx_word' id='word_1_56' title='bbox 694 833 851 904; x_wconf 92' lang='lat' dir='ltr'><strong>quod</strong></span> <span class='ocrx_word' id='word_1_57' title='bbox 883 831 1147 904; x_wconf 88' lang='lat' dir='ltr'><strong>Ignatius</strong></span> <span class='ocrx_word' id='word_1_58' title='bbox 1168 831 1466 888; x_wconf 81' lang='lat' dir='ltr'><strong>Christum</strong></span> <span class='ocrx_word' id='word_1_59' title='bbox 1500 848 1563 889; x_wconf 91' lang='lat' dir='ltr'><strong>se</strong></span> <span class='ocrx_word' id='word_1_60' title='bbox 1614 831 1830 890; x_wconf 86' lang='lat' dir='ltr'><strong>vidisse</strong></span> <span class='ocrx_word' id='word_1_61' title='bbox 1939 846 2068 888; x_wconf 91' lang='lat' dir='ltr'><strong>cere</strong></span> <span class='ocrx_word' id='word_1_62' title='bbox 2100 832 2423 898; x_wconf 84' lang='lat' dir='ltr'><strong>debuisset,</strong></span> <span class='ocrx_word' id='word_1_63' title='bbox 2457 835 2611 888; x_wconf 89' lang='lat' dir='ltr'><strong>recte</strong></span> <span class='ocrx_word' id='word_1_64' title='bbox 2642 830 2972 888; x_wconf 87' lang='lat' dir='ltr'><strong>reddidisse</strong></span> <span class='ocrx_word' id='word_1_65' title='bbox 3006 831 3256 887; x_wconf 85' lang='lat' dir='ltr'><strong>dicatur.</strong></span> <span class='ocrx_word' id='word_1_66' title='bbox 3307 829 3593 902; x_wconf 81' lang='lat' dir='ltr'><strong>Hierony-</strong></span> 
     </span>
    </p>
   </div>
   <div class='ocr_carea' id='block_1_6' title="bbox 185 920 3596 994">
    <p class='ocr_par' dir='ltr' id='par_1_6' title="bbox 185 920 3596 994">
     <span class='ocr_line' id='line_1_6' title="bbox 185 920 3596 994; baseline 0 -18"><span class='ocrx_word' id='word_1_67' title='bbox 185 920 388 977; x_wconf 88' lang='lat' dir='ltr'><strong>asserit</strong></span> <span class='ocrx_word' id='word_1_68' title='bbox 421 939 435 978; x_wconf 89' lang='lat'><strong>:</strong></span> <span class='ocrx_word' id='word_1_69' title='bbox 471 943 497 972; x_wconf 86' lang='lat'><strong>«</strong></span> <span class='ocrx_word' id='word_1_70' title='bbox 534 923 650 994; x_wconf 89' lang='lat' dir='ltr'><strong>Ego</strong></span> <span class='ocrx_word' id='word_1_71' title='bbox 682 920 836 977; x_wconf 91' lang='lat' dir='ltr'><strong>enim</strong></span> <span class='ocrx_word' id='word_1_72' title='bbox 873 926 930 977; x_wconf 90' lang='lat' dir='ltr'><strong>et</strong></span> <span class='ocrx_word' id='word_1_73' title='bbox 959 925 1093 994; x_wconf 88' lang='lat' dir='ltr'><strong>post</strong></span> <span class='ocrx_word' id='word_1_74' title='bbox 1121 920 1608 979; x_wconf 86' lang='lat' dir='ltr'><strong>resurrectionem</strong></span> <span class='ocrx_word' id='word_1_75' title='bbox 1631 922 1828 993; x_wconf 88' lang='lat' dir='ltr'><strong>ipsum</strong></span> <span class='ocrx_word' id='word_1_76' title='bbox 1939 936 2071 977; x_wconf 89' lang='lat' dir='ltr'><strong>mus</strong></span> <span class='ocrx_word' id='word_1_77' title='bbox 2095 937 2252 989; x_wconf 91' lang='lat' dir='ltr'><strong>vero,</strong></span> <span class='ocrx_word' id='word_1_78' title='bbox 2282 920 2383 993; x_wconf 91' lang='lat' dir='ltr'><strong>qui</strong></span> <span class='ocrx_word' id='word_1_79' title='bbox 2403 921 2700 977; x_wconf 88' lang='lat' dir='ltr'><strong>versiones</strong></span> <span class='ocrx_word' id='word_1_80' title='bbox 2722 936 2860 977; x_wconf 87' lang='lat' dir='ltr'><strong>suas</strong></span> <span class='ocrx_word' id='word_1_81' title='bbox 2884 920 3171 978; x_wconf 90' lang='lat' dir='ltr'><strong>citissime</strong></span> <span class='ocrx_word' id='word_1_82' title='bbox 3214 921 3385 977; x_wconf 89' lang='lat' dir='ltr'><strong>edere</strong></span> <span class='ocrx_word' id='word_1_83' title='bbox 3434 923 3596 977; x_wconf 89' lang='lat' dir='ltr'><strong>sole-</strong></span> 
     </span>
    </p>
   </div>
   <div class='ocr_carea' id='block_1_7' title="bbox 180 1009 1824 1084">
    <p class='ocr_par' dir='ltr' id='par_1_7' title="bbox 180 1009 1824 1084">
     <span class='ocr_line' id='line_1_7' title="bbox 180 1009 1824 1084; baseline 0.004 -21"><span class='ocrx_word' id='word_1_84' title='bbox 180 1009 308 1079; x_wconf 88' lang='lat' dir='ltr'><strong>vidi,</strong></span> <span class='ocrx_word' id='word_1_85' title='bbox 339 1017 395 1066; x_wconf 87' lang='lat' dir='ltr'><strong>et</strong></span> <span class='ocrx_word' id='word_1_86' title='bbox 420 1011 590 1067; x_wconf 89' lang='lat' dir='ltr'><strong>credo</strong></span> <span class='ocrx_word' id='word_1_87' title='bbox 621 1010 967 1068; x_wconf 81' lang='lat' dir='ltr'><strong>existentem</strong></span> <span class='ocrx_word' id='word_1_88' title='bbox 995 1012 1060 1067; x_wconf 66' lang='lat'><strong>9°.</strong></span> <span class='ocrx_word' id='word_1_89' title='bbox 1094 1032 1126 1063; x_wconf 81' lang='grc'><strong>››</strong></span> <span class='ocrx_word' id='word_1_90' title='bbox 1145 1013 1239 1082; x_wconf 89' lang='lat' dir='ltr'><strong>At,</strong></span> <span class='ocrx_word' id='word_1_91' title='bbox 1292 1012 1490 1084; x_wconf 89' lang='lat' dir='ltr'><strong>inquit</strong></span> <span class='ocrx_word' id='word_1_92' title='bbox 1545 1012 1824 1080; x_wconf 87' lang='lat' dir='ltr'><strong>Dalleus,</strong></span> 
     </span>
    </p>
   </div>
   <div class='ocr_carea' id='block_1_8' title="bbox 182 1100 1824 1174">
    <p class='ocr_par' dir='ltr' id='par_1_8' title="bbox 182 1100 1824 1174">
     <span class='ocr_line' id='line_1_8' title="bbox 182 1100 1824 1174; baseline 0.002 -20"><span class='ocrx_word' id='word_1_93' title='bbox 182 1100 622 1172; x_wconf 75' lang='lat' dir='ltr'><strong>Chrysostomus</strong></span> <span class='ocrx_word' id='word_1_94' title='bbox 670 1101 934 1158; x_wconf 88' lang='lat' dir='ltr'><strong>oratione</strong></span> <span class='ocrx_word' id='word_1_95' title='bbox 1006 1102 1359 1174; x_wconf 80' lang='lat' dir='ltr'><strong>panegyrica</strong></span> <span class='ocrx_word' id='word_1_96' title='bbox 1402 1100 1463 1158; x_wconf 89' lang='lat' dir='ltr'><strong>in</strong></span> <span class='ocrx_word' id='word_1_97' title='bbox 1508 1101 1824 1173; x_wconf 89' lang='lat' dir='ltr'><strong>lgnatium,</strong></span> 
     </span>
    </p>
   </div>
   <div class='ocr_carea' id='block_1_9' title="bbox 181 1189 1821 1264">
    <p class='ocr_par' dir='ltr' id='par_1_9' title="bbox 181 1189 1821 1264">
     <span class='ocr_line' id='line_1_9' title="bbox 181 1189 1821 1264; baseline 0.004 -22"><span class='ocrx_word' id='word_1_98' title='bbox 181 1205 467 1262; x_wconf 90' lang='lat' dir='ltr'><strong>nusquam</strong></span> <span class='ocrx_word' id='word_1_99' title='bbox 489 1189 659 1246; x_wconf 90' lang='lat' dir='ltr'><strong>illum</strong></span> <span class='ocrx_word' id='word_1_100' title='bbox 684 1213 712 1242; x_wconf 90' lang='grc'><strong>‹‹</strong></span> <span class='ocrx_word' id='word_1_101' title='bbox 737 1189 951 1247; x_wconf 87' lang='lat' dir='ltr'><strong>Christi</strong></span> <span class='ocrx_word' id='word_1_102' title='bbox 975 1196 1218 1264; x_wconf 89' lang='lat' dir='ltr'><strong>aspectu</strong></span> <span class='ocrx_word' id='word_1_103' title='bbox 1239 1195 1299 1248; x_wconf 87' lang='lat' dir='ltr'><strong>et</strong></span> <span class='ocrx_word' id='word_1_104' title='bbox 1319 1189 1770 1257; x_wconf 86' lang='lat' dir='ltr'><strong>consuetudine,</strong></span> <span class='ocrx_word' id='word_1_105' title='bbox 1793 1212 1821 1242; x_wconf 88' lang='lat'>»</span> 
     </span>
    </p>
   </div>
   <div class='ocr_carea' id='block_1_10' title="bbox 182 1280 1828 1354">
    <p class='ocr_par' dir='ltr' id='par_1_10' title="bbox 182 1280 1828 1354">
     <span class='ocr_line' id='line_1_10' title="bbox 182 1280 1828 1354; baseline 0.001 -20"><span class='ocrx_word' id='word_1_106' title='bbox 182 1280 325 1350; x_wconf 89' lang='lat' dir='ltr'><strong>quod</strong></span> <span class='ocrx_word' id='word_1_107' title='bbox 354 1280 413 1335; x_wconf 95' lang='lat' dir='ltr'><strong>in</strong></span> <span class='ocrx_word' id='word_1_108' title='bbox 440 1297 507 1338; x_wconf 89' lang='lat' dir='ltr'><strong>eo</strong></span> <span class='ocrx_word' id='word_1_109' title='bbox 531 1296 799 1337; x_wconf 85' lang='lat' dir='ltr'><strong>sermone</strong></span> <span class='ocrx_word' id='word_1_110' title='bbox 827 1297 943 1337; x_wconf 90' lang='lat' dir='ltr'><strong>non</strong></span> <span class='ocrx_word' id='word_1_111' title='bbox 972 1288 1095 1337; x_wconf 89' lang='lat' dir='ltr'><strong>erat</strong></span> <span class='ocrx_word' id='word_1_112' title='bbox 1117 1281 1645 1354; x_wconf 80' lang='lat' dir='ltr'><strong>pretsrmissurus,</strong></span> <span class='ocrx_word' id='word_1_113' title='bbox 1680 1302 1708 1332; x_wconf 85' lang='lat'>«</span> <span class='ocrx_word' id='word_1_114' title='bbox 1731 1297 1828 1353; x_wconf 88' lang='lat' dir='ltr'><strong>ga-</strong></span> 
     </span>
    </p>
   </div>
   <div class='ocr_carea' id='block_1_11' title="bbox 178 1368 1823 1443">
    <p class='ocr_par' dir='ltr' id='par_1_11' title="bbox 178 1368 1823 1443">
     <span class='ocr_line' id='line_1_11' title="bbox 178 1368 1823 1443; baseline 0.002 -21"><span class='ocrx_word' id='word_1_115' title='bbox 178 1368 357 1425; x_wconf 80' lang='lat' dir='ltr'><strong>visam</strong></span> <span class='ocrx_word' id='word_1_116' title='bbox 382 1386 511 1426; x_wconf 89' lang='lat' dir='ltr'><strong>esse</strong></span> <span class='ocrx_word' id='word_1_117' title='bbox 535 1375 838 1427; x_wconf 87' lang='lat' dir='ltr'><strong>memorat.</strong></span> <span class='ocrx_word' id='word_1_118' title='bbox 865 1392 893 1421; x_wconf 83' lang='lat'><strong><em>»</em></strong></span> <span class='ocrx_word' id='word_1_119' title='bbox 914 1371 1085 1443; x_wconf 89' lang='lat' dir='ltr'><strong>Ergo,</strong></span> <span class='ocrx_word' id='word_1_120' title='bbox 1112 1370 1291 1426; x_wconf 82' lang='lat' dir='ltr'><strong>infert</strong></span> <span class='ocrx_word' id='word_1_121' title='bbox 1329 1369 1484 1426; x_wconf 91' lang='lat' dir='ltr'><strong>idem</strong></span> <span class='ocrx_word' id='word_1_122' title='bbox 1531 1370 1782 1426; x_wconf 89' lang='lat' dir='ltr'><strong>Dalleus</strong></span> <span class='ocrx_word' id='word_1_123' title='bbox 1803 1388 1823 1426; x_wconf 91' lang='lat'><strong><em>:</em></strong></span> 
     </span>
    </p>
   </div>
   <div class='ocr_carea' id='block_1_12' title="bbox 179 1455 1822 1529">
    <p class='ocr_par' dir='ltr' id='par_1_12' title="bbox 179 1455 1822 1529">
     <span class='ocr_line' id='line_1_12' title="bbox 179 1455 1822 1529; baseline -0.001 -13"><span class='ocrx_word' id='word_1_124' title='bbox 179 1455 217 1490; x_wconf 70' lang='grc' dir='ltr'><strong>’ί</strong></span> <span class='ocrx_word' id='word_1_125' title='bbox 276 1459 619 1516; x_wconf 83' lang='lat' dir='ltr'><strong>«Manifesti</strong></span> <span class='ocrx_word' id='word_1_126' title='bbox 666 1459 955 1515; x_wconf 82' lang='lat' dir='ltr'><strong>mendacii</strong></span> <span class='ocrx_word' id='word_1_127' title='bbox 1012 1457 1376 1516; x_wconf 85' lang='lat' dir='ltr'><strong>convincitur</strong></span> <span class='ocrx_word' id='word_1_128' title='bbox 1445 1458 1822 1529; x_wconf 88' lang='lat' dir='ltr'><strong>epistolarum</strong></span> 
     </span>
    </p>
   </div>
   <div class='ocr_carea' id='block_1_13' title="bbox 180 1546 1821 1622">
    <p class='ocr_par' dir='ltr' id='par_1_13' title="bbox 180 1546 1821 1622">
     <span class='ocr_line' id='line_1_13' title="bbox 180 1546 1821 1622; baseline 0.002 -21"><span class='ocrx_word' id='word_1_129' title='bbox 180 1546 409 1619; x_wconf 89' lang='lat' dir='ltr'><strong>sciptor.</strong></span> <span class='ocrx_word' id='word_1_130' title='bbox 449 1570 471 1599; x_wconf 72' lang='grc' dir='ltr'><strong><em>ι</em></strong></span> <span class='ocrx_word' id='word_1_131' title='bbox 513 1550 611 1604; x_wconf 91' lang='lat' dir='ltr'><strong>[lis</strong></span> <span class='ocrx_word' id='word_1_132' title='bbox 644 1549 1070 1622; x_wconf 89' lang='lat' dir='ltr'><strong>respondemus</strong></span> <span class='ocrx_word' id='word_1_133' title='bbox 1099 1548 1159 1604; x_wconf 90' lang='lat' dir='ltr'><strong>in</strong></span> <span class='ocrx_word' id='word_1_134' title='bbox 1193 1548 1388 1604; x_wconf 84' lang='lat' dir='ltr'><strong>Greco</strong></span> <span class='ocrx_word' id='word_1_135' title='bbox 1438 1546 1821 1620; x_wconf 90' lang='lat' dir='ltr'><strong>epistolarum</strong></span> 
     </span>
    </p>
   </div>
   <div class='ocr_carea' id='block_1_14' title="bbox 176 1634 1821 1709">
    <p class='ocr_par' dir='ltr' id='par_1_14' title="bbox 176 1634 1821 1709">
     <span class='ocr_line' id='line_1_14' title="bbox 176 1634 1821 1709; baseline 0.001 -20"><span class='ocrx_word' id='word_1_136' title='bbox 176 1634 378 1707; x_wconf 84' lang='lat' dir='ltr'><strong>Ignatii</strong></span> <span class='ocrx_word' id='word_1_137' title='bbox 401 1635 630 1693; x_wconf 88' lang='lat' dir='ltr'><strong>sincero</strong></span> <span class='ocrx_word' id='word_1_138' title='bbox 661 1641 718 1693; x_wconf 90' lang='lat' dir='ltr'><strong>et</strong></span> <span class='ocrx_word' id='word_1_139' title='bbox 749 1636 975 1709; x_wconf 87' lang='lat' dir='ltr'><strong>integro</strong></span> <span class='ocrx_word' id='word_1_140' title='bbox 1008 1637 1226 1704; x_wconf 90' lang='lat' dir='ltr'><strong>codice,</strong></span> <span class='ocrx_word' id='word_1_141' title='bbox 1269 1652 1373 1692; x_wconf 88' lang='lat' dir='ltr'><strong>nec</strong></span> <span class='ocrx_word' id='word_1_142' title='bbox 1418 1652 1535 1692; x_wconf 89' lang='lat' dir='ltr'><strong>non</strong></span> <span class='ocrx_word' id='word_1_143' title='bbox 1582 1634 1821 1691; x_wconf 88' lang='lat' dir='ltr'><strong>Eusebii</strong></span> 
     </span>
    </p>
   </div>
   <div class='ocr_carea' id='block_1_15' title="bbox 176 1721 1816 1799">
    <p class='ocr_par' dir='ltr' id='par_1_15' title="bbox 176 1721 1816 1799">
     <span class='ocr_line' id='line_1_15' title="bbox 176 1721 1816 1799; baseline -0.002 -20"><span class='ocrx_word' id='word_1_144' title='bbox 176 1730 225 1779; x_wconf 87' lang='lat' dir='ltr'><strong>et</strong></span> <span class='ocrx_word' id='word_1_145' title='bbox 246 1725 590 1782; x_wconf 86' lang='lat' dir='ltr'><strong>Theodoreti</strong></span> <span class='ocrx_word' id='word_1_146' title='bbox 640 1727 880 1799; x_wconf 88' lang='lat' dir='ltr'><strong>scriptis</strong></span> <span class='ocrx_word' id='word_1_147' title='bbox 933 1743 1047 1782; x_wconf 92' lang='lat' dir='ltr'><strong>non</strong></span> <span class='ocrx_word' id='word_1_148' title='bbox 1089 1723 1204 1798; x_wconf 83' lang='lat' dir='ltr'><strong>legi</strong></span> <span class='ocrx_word' id='word_1_149' title='bbox 1265 1721 1410 1778; x_wconf 80' lang='grc' dir='ltr'>εἶδον</span> <span class='ocrx_word' id='word_1_150' title='bbox 1445 1724 1585 1793; x_wconf 79' lang='lat' dir='ltr'><strong>vidi,</strong></span> <span class='ocrx_word' id='word_1_151' title='bbox 1632 1725 1732 1781; x_wconf 88' lang='lat' dir='ltr'><strong>sed</strong></span> <span class='ocrx_word' id='word_1_152' title='bbox 1765 1721 1816 1777; x_wconf 83' lang='grc' dir='ltr'><strong>ἐν</strong></span> 
     </span>
    </p>
   </div>
   <div class='ocr_carea' id='block_1_16' title="bbox 177 1809 1815 1886">
    <p class='ocr_par' dir='ltr' id='par_1_16' title="bbox 177 1809 1815 1886">
     <span class='ocr_line' id='line_1_16' title="bbox 177 1809 1815 1886; baseline 0.003 -19"><span class='ocrx_word' id='word_1_153' title='bbox 177 1813 319 1886; x_wconf 74' lang='grc' dir='ltr'>σαρκὶ</span> <span class='ocrx_word' id='word_1_154' title='bbox 352 1816 517 1870; x_wconf 79' lang='grc' dir='ltr'>αὐτὸν</span> <span class='ocrx_word' id='word_1_155' title='bbox 553 1811 691 1886; x_wconf 77' lang='grc' dir='ltr'><strong>οἶδα,</strong></span> <span class='ocrx_word' id='word_1_156' title='bbox 723 1816 814 1871; x_wconf 76' lang='grc' dir='ltr'>καὶ</span> <span class='ocrx_word' id='word_1_157' title='bbox 867 1815 1108 1871; x_wconf 75' lang='grc' dir='ltr'><strong>πιστεύω</strong></span> <span class='ocrx_word' id='word_1_158' title='bbox 1151 1809 1300 1874; x_wconf 72' lang='grc' dir='ltr'><strong>ὄντα.</strong></span> <span class='ocrx_word' id='word_1_159' title='bbox 1350 1821 1529 1872; x_wconf 90' lang='lat' dir='ltr'><strong>Porro</strong></span> <span class='ocrx_word' id='word_1_160' title='bbox 1574 1815 1815 1872; x_wconf 84' lang='lat' dir='ltr'><strong>verbum</strong></span> 
     </span>
    </p>
   </div>
   <div class='ocr_carea' id='block_1_17' title="bbox 175 1900 1815 1980">
    <p class='ocr_par' dir='ltr' id='par_1_17' title="bbox 175 1900 1815 1980">
     <span class='ocr_line' id='line_1_17' title="bbox 175 1900 1815 1980; baseline 0.002 -24"><span class='ocrx_word' id='word_1_161' title='bbox 175 1900 309 1975; x_wconf 77' lang='grc' dir='ltr'><strong>οἶδα,</strong></span> <span class='ocrx_word' id='word_1_162' title='bbox 343 1908 564 1963; x_wconf 87' lang='lat' dir='ltr'><strong>fatente</strong></span> <span class='ocrx_word' id='word_1_163' title='bbox 587 1906 822 1977; x_wconf 82' lang='lat' dir='ltr'><strong>Dalleo,</strong></span> <span class='ocrx_word' id='word_1_164' title='bbox 858 1906 1172 1980; x_wconf 88' lang='lat' dir='ltr'><strong>signiﬁcat,</strong></span> <span class='ocrx_word' id='word_1_165' title='bbox 1203 1908 1339 1975; x_wconf 77' lang='lat' dir='ltr'><strong>scio,</strong></span> <span class='ocrx_word' id='word_1_166' title='bbox 1372 1908 1815 1977; x_wconf 84' lang='lat' dir='ltr'><strong>novi,cognosco.</strong></span> 
     </span>
    </p>
   </div>
   <div class='ocr_carea' id='block_1_18' title="bbox 176 1991 1810 2052">
    <p class='ocr_par' dir='ltr' id='par_1_18' title="bbox 176 1991 1810 2052">
     <span class='ocr_line' id='line_1_18' title="bbox 176 1991 1810 2052; baseline 0.002 -4"><span class='ocrx_word' id='word_1_167' title='bbox 176 1991 325 2051; x_wconf 89' lang='lat' dir='ltr'><strong>Unde</strong></span> <span class='ocrx_word' id='word_1_168' title='bbox 355 1996 533 2051; x_wconf 89' lang='lat' dir='ltr'><strong>etiam</strong></span> <span class='ocrx_word' id='word_1_169' title='bbox 568 1996 814 2052; x_wconf 88' lang='lat' dir='ltr'><strong>Ruﬁnus</strong></span> <span class='ocrx_word' id='word_1_170' title='bbox 845 1996 903 2052; x_wconf 88' lang='lat' dir='ltr'><strong>in</strong></span> <span class='ocrx_word' id='word_1_171' title='bbox 927 2014 1035 2052; x_wconf 82' lang='lat' dir='ltr'><strong>sua</strong></span> <span class='ocrx_word' id='word_1_172' title='bbox 1052 1996 1389 2052; x_wconf 83' lang='lat' dir='ltr'><strong>Eusebiane</strong></span> <span class='ocrx_word' id='word_1_173' title='bbox 1410 1994 1669 2051; x_wconf 85' lang='lat' dir='ltr'><strong>Historie</strong></span> <span class='ocrx_word' id='word_1_174' title='bbox 1689 2011 1810 2051; x_wconf 87' lang='lat' dir='ltr'><strong>ver-</strong></span> 
     </span>
    </p>
   </div>
   <div class='ocr_carea' id='block_1_19' title="bbox 171 2082 1665 2155">
    <p class='ocr_par' dir='ltr' id='par_1_19' title="bbox 171 2082 1665 2155">
     <span class='ocr_line' id='line_1_19' title="bbox 171 2082 1665 2155; baseline 0 -16"><span class='ocrx_word' id='word_1_175' title='bbox 171 2082 339 2150; x_wconf 89' lang='lat' dir='ltr'><strong>sione,</strong></span> <span class='ocrx_word' id='word_1_176' title='bbox 365 2085 510 2141; x_wconf 91' lang='lat' dir='ltr'><strong>illud</strong></span> <span class='ocrx_word' id='word_1_177' title='bbox 547 2092 737 2155; x_wconf 78' lang='lat' dir='ltr'><strong>priore</strong></span> <span class='ocrx_word' id='word_1_178' title='bbox 768 2087 968 2154; x_wconf 91' lang='lat' dir='ltr'><strong>verbo,</strong></span> <span class='ocrx_word' id='word_1_179' title='bbox 992 2086 1127 2151; x_wconf 76' lang='lat' dir='ltr'><strong>scio,</strong></span> <span class='ocrx_word' id='word_1_180' title='bbox 1149 2085 1351 2142; x_wconf 90' lang='lat' dir='ltr'><strong>Latine</strong></span> <span class='ocrx_word' id='word_1_181' title='bbox 1391 2084 1665 2141; x_wconf 87' lang='lat' dir='ltr'><strong>reddidit.</strong></span> 
     </span>
    </p>
   </div>
   <div class='ocr_carea' id='block_1_20' title="bbox 242 2171 1810 2246">
    <p class='ocr_par' dir='ltr' id='par_1_20' title="bbox 242 2171 1810 2246">
     <span class='ocr_line' id='line_1_20' title="bbox 242 2171 1810 2246; baseline 0.001 -19"><span class='ocrx_word' id='word_1_182' title='bbox 242 2173 421 2230; x_wconf 84' lang='lat' dir='ltr'><strong>Instat</strong></span> <span class='ocrx_word' id='word_1_183' title='bbox 450 2174 709 2232; x_wconf 87' lang='lat' dir='ltr'><strong>Dalleus</strong></span> <span class='ocrx_word' id='word_1_184' title='bbox 739 2174 1161 2246; x_wconf 87' lang='lat' dir='ltr'><strong>manuscriptis</strong></span> <span class='ocrx_word' id='word_1_185' title='bbox 1192 2173 1429 2243; x_wconf 88' lang='lat' dir='ltr'><strong>Grecis,</strong></span> <span class='ocrx_word' id='word_1_186' title='bbox 1473 2173 1574 2246; x_wconf 89' lang='lat' dir='ltr'><strong>qui</strong></span> <span class='ocrx_word' id='word_1_187' title='bbox 1614 2171 1810 2230; x_wconf 75' lang='lat' dir='ltr'><strong>totiu-</strong></span> 
     </span>
    </p>
   </div>
   <div class='ocr_carea' id='block_1_21' title="bbox 177 2262 1808 2335">
    <p class='ocr_par' dir='ltr' id='par_1_21' title="bbox 177 2262 1808 2335">
     <span class='ocr_line' id='line_1_21' title="bbox 177 2262 1808 2335; baseline 0.002 -19"><span class='ocrx_word' id='word_1_188' title='bbox 177 2265 657 2335; x_wconf 89' lang='lat' dir='ltr'><strong>terpolationibus</strong></span> <span class='ocrx_word' id='word_1_189' title='bbox 690 2266 836 2322; x_wconf 75' lang='lat' dir='ltr'><strong>fede</strong></span> <span class='ocrx_word' id='word_1_190' title='bbox 858 2264 1111 2335; x_wconf 82' lang='lat' dir='ltr'><strong>corrupti</strong></span> <span class='ocrx_word' id='word_1_191' title='bbox 1147 2268 1306 2333; x_wconf 89' lang='lat' dir='ltr'><strong>sunt,</strong></span> <span class='ocrx_word' id='word_1_192' title='bbox 1341 2263 1563 2320; x_wconf 89' lang='lat' dir='ltr'><strong>nullam</strong></span> <span class='ocrx_word' id='word_1_193' title='bbox 1608 2262 1808 2319; x_wconf 89' lang='lat' dir='ltr'><strong>haberi</strong></span> 
     </span>
    </p>
   </div>
   <div class='ocr_carea' id='block_1_22' title="bbox 175 2352 1807 2425">
    <p class='ocr_par' dir='ltr' id='par_1_22' title="bbox 175 2352 1807 2425">
     <span class='ocr_line' id='line_1_22' title="bbox 175 2352 1807 2425; baseline 0.001 -18"><span class='ocrx_word' id='word_1_194' title='bbox 175 2368 331 2422; x_wconf 88' lang='lat' dir='ltr'><strong>posse</strong></span> <span class='ocrx_word' id='word_1_195' title='bbox 355 2354 579 2411; x_wconf 87' lang='lat' dir='ltr'><strong>ﬁdem:</strong></span> <span class='ocrx_word' id='word_1_196' title='bbox 622 2356 760 2411; x_wconf 87' lang='lat' dir='ltr'><strong>item</strong></span> <span class='ocrx_word' id='word_1_197' title='bbox 814 2355 1117 2422; x_wconf 79' lang='lat' dir='ltr'><strong>Rufinum,</strong></span> <span class='ocrx_word' id='word_1_198' title='bbox 1159 2354 1421 2425; x_wconf 87' lang='lat' dir='ltr'><strong>aliosque</strong></span> <span class='ocrx_word' id='word_1_199' title='bbox 1468 2352 1807 2410; x_wconf 86' lang='lat' dir='ltr'><strong>Eusebiane</strong></span> 
     </span>
    </p>
   </div>
   <div class='ocr_carea' id='block_1_23' title="bbox 168 2439 1804 2515">
    <p class='ocr_par' dir='ltr' id='par_1_23' title="bbox 168 2439 1804 2515">
     <span class='ocr_line' id='line_1_23' title="bbox 168 2439 1804 2515; baseline 0.001 -20"><span class='ocrx_word' id='word_1_200' title='bbox 168 2442 413 2498; x_wconf 87' lang='lat' dir='ltr'><strong>Historie</strong></span> <span class='ocrx_word' id='word_1_201' title='bbox 429 2444 733 2501; x_wconf 86' lang='lat' dir='ltr'><strong>liberarios</strong></span> <span class='ocrx_word' id='word_1_202' title='bbox 759 2460 1149 2501; x_wconf 86' lang='lat' dir='ltr'><strong>amanuenses</strong></span> <span class='ocrx_word' id='word_1_203' title='bbox 1163 2460 1265 2515; x_wconf 89' lang='lat' dir='ltr'><strong>pro</strong></span> <span class='ocrx_word' id='word_1_204' title='bbox 1279 2443 1450 2499; x_wconf 91' lang='lat' dir='ltr'><strong>verbo</strong></span> <span class='ocrx_word' id='word_1_205' title='bbox 1466 2439 1631 2511; x_wconf 82' lang='grc' dir='ltr'><strong>εἶδον,</strong></span> <span class='ocrx_word' id='word_1_206' title='bbox 1650 2442 1804 2515; x_wconf 89' lang='lat' dir='ltr'><strong>quod</strong></span> 
     </span>
    </p>
   </div>
   <div class='ocr_carea' id='block_1_24' title="bbox 172 2529 1802 2607">
    <p class='ocr_par' dir='ltr' id='par_1_24' title="bbox 172 2529 1802 2607">
     <span class='ocr_line' id='line_1_24' title="bbox 172 2529 1802 2607; baseline 0.002 -23"><span class='ocrx_word' id='word_1_207' title='bbox 172 2529 233 2586; x_wconf 89' lang='lat' dir='ltr'><strong>de</strong></span> <span class='ocrx_word' id='word_1_208' title='bbox 260 2531 477 2604; x_wconf 88' lang='lat' dir='ltr'><strong>lgnatio</strong></span> <span class='ocrx_word' id='word_1_209' title='bbox 502 2550 875 2607; x_wconf 80' lang='lat' dir='ltr'><strong>nequaquam</strong></span> <span class='ocrx_word' id='word_1_210' title='bbox 914 2535 1028 2590; x_wconf 91' lang='lat' dir='ltr'><strong>dici</strong></span> <span class='ocrx_word' id='word_1_211' title='bbox 1077 2548 1246 2605; x_wconf 86' lang='lat' dir='ltr'><strong>posse</strong></span> <span class='ocrx_word' id='word_1_212' title='bbox 1299 2537 1597 2602; x_wconf 83' lang='lat' dir='ltr'><strong>noverant,</strong></span> <span class='ocrx_word' id='word_1_213' title='bbox 1648 2533 1802 2588; x_wconf 83' lang='lat' dir='ltr'><strong>scri-</strong></span> 
     </span>
    </p>
   </div>
   <div class='ocr_carea' id='block_1_25' title="bbox 166 2621 1800 2696">
    <p class='ocr_par' dir='ltr' id='par_1_25' title="bbox 166 2621 1800 2696">
     <span class='ocr_line' id='line_1_25' title="bbox 166 2621 1800 2696; baseline 0.001 -21"><span class='ocrx_word' id='word_1_214' title='bbox 166 2621 336 2691; x_wconf 84' lang='lat' dir='ltr'><strong>psisse</strong></span> <span class='ocrx_word' id='word_1_215' title='bbox 366 2621 493 2678; x_wconf 71' lang='grc' dir='ltr'>οἴδα</span> <span class='ocrx_word' id='word_1_216' title='bbox 526 2640 541 2680; x_wconf 89' lang='lat'><strong>:</strong></span> <span class='ocrx_word' id='word_1_217' title='bbox 576 2625 831 2695; x_wconf 90' lang='lat' dir='ltr'><strong>denique</strong></span> <span class='ocrx_word' id='word_1_218' title='bbox 852 2625 1225 2696; x_wconf 77' lang='lat' dir='ltr'><strong>Hieronymo,</strong></span> <span class='ocrx_word' id='word_1_219' title='bbox 1251 2628 1308 2679; x_wconf 88' lang='lat' dir='ltr'><strong>et</strong></span> <span class='ocrx_word' id='word_1_220' title='bbox 1328 2623 1568 2695; x_wconf 85' lang='lat' dir='ltr'><strong>antiquo</strong></span> <span class='ocrx_word' id='word_1_221' title='bbox 1590 2621 1800 2678; x_wconf 88' lang='lat' dir='ltr'><strong>harum</strong></span> 
     </span>
    </p>
   </div>
   <div class='ocr_carea' id='block_1_26' title="bbox 165 2706 1802 2785">
    <p class='ocr_par' dir='ltr' id='par_1_26' title="bbox 165 2706 1802 2785">
     <span class='ocr_line' id='line_1_26' title="bbox 165 2706 1802 2785; baseline 0.003 -24"><span class='ocrx_word' id='word_1_222' title='bbox 165 2710 536 2778; x_wconf 82' lang='lat' dir='ltr'><strong>epistolarum</strong></span> <span class='ocrx_word' id='word_1_223' title='bbox 567 2711 893 2785; x_wconf 86' lang='lat' dir='ltr'><strong>interpreti,</strong></span> <span class='ocrx_word' id='word_1_224' title='bbox 926 2712 1023 2784; x_wconf 87' lang='lat' dir='ltr'><strong>qui</strong></span> <span class='ocrx_word' id='word_1_225' title='bbox 1054 2711 1297 2768; x_wconf 89' lang='lat' dir='ltr'><strong>verbum</strong></span> <span class='ocrx_word' id='word_1_226' title='bbox 1317 2706 1461 2764; x_wconf 75' lang='grc' dir='ltr'><strong>εἶδον</strong></span> <span class='ocrx_word' id='word_1_227' title='bbox 1485 2725 1802 2782; x_wconf 81' lang='lat' dir='ltr'><strong>represen-</strong></span> 
     </span>
    </p>
   </div>
   <div class='ocr_carea' id='block_1_27' title="bbox 164 2799 1134 2866">
    <p class='ocr_par' dir='ltr' id='par_1_27' title="bbox 164 2799 1134 2866">
     <span class='ocr_line' id='line_1_27' title="bbox 164 2799 1134 2866; baseline 0.006 -15"><span class='ocrx_word' id='word_1_228' title='bbox 164 2799 295 2866; x_wconf 80' lang='lat' dir='ltr'><strong>tant,</strong></span> <span class='ocrx_word' id='word_1_229' title='bbox 326 2802 570 2857; x_wconf 87' lang='lat' dir='ltr'><strong>omnino</strong></span> <span class='ocrx_word' id='word_1_230' title='bbox 593 2818 723 2857; x_wconf 89' lang='lat' dir='ltr'><strong>esse</strong></span> <span class='ocrx_word' id='word_1_231' title='bbox 750 2803 1134 2857; x_wconf 88' lang='lat' dir='ltr'><strong>credendum.</strong></span> 
     </span>
    </p>
   </div>
   <div class='ocr_carea' id='block_1_28' title="bbox 224 2888 1798 2947">
    <p class='ocr_par' dir='ltr' id='par_1_28' title="bbox 224 2888 1798 2947">
     <span class='ocr_line' id='line_1_28' title="bbox 224 2888 1798 2947; baseline 0.004 -7"><span class='ocrx_word' id='word_1_232' title='bbox 224 2888 424 2946; x_wconf 90' lang='lat' dir='ltr'><strong>Verum</strong></span> <span class='ocrx_word' id='word_1_233' title='bbox 462 2892 581 2946; x_wconf 85' lang='lat' dir='ltr'><strong>hec</strong></span> <span class='ocrx_word' id='word_1_234' title='bbox 613 2890 811 2947; x_wconf 83' lang='lat' dir='ltr'><strong>Dallei</strong></span> <span class='ocrx_word' id='word_1_235' title='bbox 844 2891 959 2947; x_wconf 86' lang='lat' dir='ltr'><strong>tela</strong></span> <span class='ocrx_word' id='word_1_236' title='bbox 990 2891 1154 2947; x_wconf 85' lang='lat' dir='ltr'><strong>facile</strong></span> <span class='ocrx_word' id='word_1_237' title='bbox 1211 2892 1630 2947; x_wconf 89' lang='lat' dir='ltr'><strong>retunduntur.</strong></span> <span class='ocrx_word' id='word_1_238' title='bbox 1679 2895 1798 2946; x_wconf 89' lang='lat' dir='ltr'><strong>Nos</strong></span> 
     </span>
    </p>
   </div>
   <div class='ocr_carea' id='block_1_29' title="bbox 164 2977 1796 3053">
    <p class='ocr_par' dir='ltr' id='par_1_29' title="bbox 164 2977 1796 3053">
     <span class='ocr_line' id='line_1_29' title="bbox 164 2977 1796 3053; baseline 0.003 -23"><span class='ocrx_word' id='word_1_239' title='bbox 164 2977 299 3032; x_wconf 88' lang='lat' dir='ltr'><strong>enim</strong></span> <span class='ocrx_word' id='word_1_240' title='bbox 327 2997 437 3036; x_wconf 90' lang='lat' dir='ltr'><strong>non</strong></span> <span class='ocrx_word' id='word_1_241' title='bbox 462 2983 536 3036; x_wconf 89' lang='lat' dir='ltr'><strong>de</strong></span> <span class='ocrx_word' id='word_1_242' title='bbox 560 2980 978 3053; x_wconf 83' lang='lat' dir='ltr'><strong>manuscriptis</strong></span> <span class='ocrx_word' id='word_1_243' title='bbox 1013 2980 1396 3053; x_wconf 88' lang='lat' dir='ltr'><strong>epistolarum</strong></span> <span class='ocrx_word' id='word_1_244' title='bbox 1459 2981 1672 3053; x_wconf 86' lang='lat' dir='ltr'><strong>lgnatii</strong></span> <span class='ocrx_word' id='word_1_245' title='bbox 1704 2982 1796 3037; x_wconf 90' lang='lat' dir='ltr'><strong>in-</strong></span> 
     </span>
    </p>
   </div>
   <div class='ocr_carea' id='block_1_30' title="bbox 160 3068 1796 3139">
    <p class='ocr_par' dir='ltr' id='par_1_30' title="bbox 160 3068 1796 3139">
     <span class='ocr_line' id='line_1_30' title="bbox 160 3068 1796 3139; baseline 0.006 -22"><span class='ocrx_word' id='word_1_246' title='bbox 160 3068 438 3136; x_wconf 85' lang='lat' dir='ltr'><strong>terpolatis</strong></span> <span class='ocrx_word' id='word_1_247' title='bbox 478 3071 807 3137; x_wconf 85' lang='lat' dir='ltr'><strong>codicibus,</strong></span> <span class='ocrx_word' id='word_1_248' title='bbox 867 3071 965 3126; x_wconf 86' lang='lat' dir='ltr'><strong>sed</strong></span> <span class='ocrx_word' id='word_1_249' title='bbox 1018 3070 1244 3126; x_wconf 89' lang='lat' dir='ltr'><strong>sincero</strong></span> <span class='ocrx_word' id='word_1_250' title='bbox 1307 3075 1364 3126; x_wconf 90' lang='lat' dir='ltr'><strong>et</strong></span> <span class='ocrx_word' id='word_1_251' title='bbox 1422 3070 1643 3139; x_wconf 74' lang='lat' dir='ltr'><strong>integro</strong></span> <span class='ocrx_word' id='word_1_252' title='bbox 1697 3086 1796 3126; x_wconf 91' lang='lat' dir='ltr'><strong>co-</strong></span> 
     </span>
    </p>
   </div>
   <div class='ocr_carea' id='block_1_31' title="bbox 162 3154 1791 3231">
    <p class='ocr_par' dir='ltr' id='par_1_31' title="bbox 162 3154 1791 3231">
     <span class='ocr_line' id='line_1_31' title="bbox 162 3154 1791 3231; baseline 0.004 -23"><span class='ocrx_word' id='word_1_253' title='bbox 162 3154 292 3222; x_wconf 91' lang='lat' dir='ltr'><strong>dice,</strong></span> <span class='ocrx_word' id='word_1_254' title='bbox 316 3176 486 3230; x_wconf 90' lang='lat' dir='ltr'><strong>quem</strong></span> <span class='ocrx_word' id='word_1_255' title='bbox 512 3159 760 3216; x_wconf 87' lang='lat' dir='ltr'><strong>Vossius</strong></span> <span class='ocrx_word' id='word_1_256' title='bbox 793 3161 1047 3230; x_wconf 89' lang='lat' dir='ltr'><strong>nemine,</strong></span> <span class='ocrx_word' id='word_1_257' title='bbox 1074 3160 1159 3215; x_wconf 91' lang='lat' dir='ltr'><strong>uti</strong></span> <span class='ocrx_word' id='word_1_258' title='bbox 1178 3159 1461 3227; x_wconf 81' lang='lat' dir='ltr'><strong>diximus,</strong></span> <span class='ocrx_word' id='word_1_259' title='bbox 1492 3160 1791 3231; x_wconf 86' lang='lat' dir='ltr'><strong>refragan-</strong></span> 
     </span>
    </p>
   </div>
   <div class='ocr_carea' id='block_1_32' title="bbox 161 3246 1785 3321">
    <p class='ocr_par' dir='ltr' id='par_1_32' title="bbox 161 3246 1785 3321">
     <span class='ocr_line' id='line_1_32' title="bbox 161 3246 1785 3321; baseline 0.004 -24"><span class='ocrx_word' id='word_1_260' title='bbox 161 3247 226 3309; x_wconf 88' lang='lat' dir='ltr'><strong>te,</strong></span> <span class='ocrx_word' id='word_1_261' title='bbox 258 3246 362 3304; x_wconf 86' lang='lat' dir='ltr'><strong>ﬁde</strong></span> <span class='ocrx_word' id='word_1_262' title='bbox 393 3249 621 3319; x_wconf 86' lang='lat' dir='ltr'><strong>optima</strong></span> <span class='ocrx_word' id='word_1_263' title='bbox 650 3250 848 3318; x_wconf 82' lang='lat' dir='ltr'><strong>edidit,</strong></span> <span class='ocrx_word' id='word_1_264' title='bbox 874 3251 1270 3321; x_wconf 90' lang='lat' dir='ltr'><strong>disputamus.</strong></span> <span class='ocrx_word' id='word_1_265' title='bbox 1295 3248 1459 3313; x_wconf 89' lang='lat' dir='ltr'><strong>Quod</strong></span> <span class='ocrx_word' id='word_1_266' title='bbox 1494 3254 1685 3304; x_wconf 86' lang='lat' dir='ltr'><strong>autem</strong></span> <span class='ocrx_word' id='word_1_267' title='bbox 1716 3249 1785 3303; x_wconf 90' lang='lat' dir='ltr'><strong>ad</strong></span> 
     </span>
    </p>
   </div>
   <div class='ocr_carea' id='block_1_33' title="bbox 1937 1008 3583 1082">
    <p class='ocr_par' dir='ltr' id='par_1_33' title="bbox 1937 1008 3583 1082">
     <span class='ocr_line' id='line_1_33' title="bbox 1937 1008 3583 1082; baseline -0.001 -17"><span class='ocrx_word' id='word_1_268' title='bbox 1937 1009 2059 1074; x_wconf 86' lang='lat' dir='ltr'><strong>bat.</strong></span> <span class='ocrx_word' id='word_1_269' title='bbox 2092 1008 2335 1067; x_wconf 86' lang='lat' dir='ltr'><strong>humani</strong></span> <span class='ocrx_word' id='word_1_270' title='bbox 2361 1011 2535 1066; x_wconf 89' lang='lat' dir='ltr'><strong>etiam</strong></span> <span class='ocrx_word' id='word_1_271' title='bbox 2559 1009 2775 1082; x_wconf 86' lang='lat' dir='ltr'><strong>aliquid</strong></span> <span class='ocrx_word' id='word_1_272' title='bbox 2808 1010 3052 1067; x_wconf 81' lang='lat' dir='ltr'><strong>forsitan</strong></span> <span class='ocrx_word' id='word_1_273' title='bbox 3076 1027 3287 1081; x_wconf 89' lang='lat' dir='ltr'><strong>passus</strong></span> <span class='ocrx_word' id='word_1_274' title='bbox 3306 1013 3395 1067; x_wconf 89' lang='lat' dir='ltr'><strong>est</strong></span> <span class='ocrx_word' id='word_1_275' title='bbox 3419 1028 3434 1080; x_wconf 89' lang='lat'><strong>;</strong></span> <span class='ocrx_word' id='word_1_276' title='bbox 3467 1008 3583 1065; x_wconf 87' lang='lat' dir='ltr'><strong>nisi</strong></span> 
     </span>
    </p>
   </div>
   <div class='ocr_carea' id='block_1_34' title="bbox 1935 1099 3586 1173">
    <p class='ocr_par' dir='ltr' id='par_1_34' title="bbox 1935 1099 3586 1173">
     <span class='ocr_line' id='line_1_34' title="bbox 1935 1099 3586 1173; baseline 0.001 -18"><span class='ocrx_word' id='word_1_277' title='bbox 1935 1100 2007 1155; x_wconf 87' lang='lat' dir='ltr'><strong>ab</strong></span> <span class='ocrx_word' id='word_1_278' title='bbox 2025 1099 2223 1171; x_wconf 88' lang='lat' dir='ltr'><strong>aliquo</strong></span> <span class='ocrx_word' id='word_1_279' title='bbox 2242 1099 2515 1173; x_wconf 84' lang='lat' dir='ltr'><strong>imperito</strong></span> <span class='ocrx_word' id='word_1_280' title='bbox 2538 1100 2853 1172; x_wconf 88' lang='lat' dir='ltr'><strong>interprete</strong></span> <span class='ocrx_word' id='word_1_281' title='bbox 2878 1100 3074 1157; x_wconf 87' lang='lat' dir='ltr'><strong>Latino</strong></span> <span class='ocrx_word' id='word_1_282' title='bbox 3092 1099 3267 1157; x_wconf 87' lang='lat' dir='ltr'><strong>fuerit</strong></span> <span class='ocrx_word' id='word_1_283' title='bbox 3283 1100 3586 1171; x_wconf 89' lang='lat' dir='ltr'><strong>deceptus.</strong></span> 
     </span>
    </p>
   </div>
   <div class='ocr_carea' id='block_1_35' title="bbox 1936 1188 3587 1262">
    <p class='ocr_par' dir='ltr' id='par_1_35' title="bbox 1936 1188 3587 1262">
     <span class='ocr_line' id='line_1_35' title="bbox 1936 1188 3587 1262; baseline 0.001 -18"><span class='ocrx_word' id='word_1_284' title='bbox 1936 1189 2152 1245; x_wconf 87' lang='lat' dir='ltr'><strong>Verum</strong></span> <span class='ocrx_word' id='word_1_285' title='bbox 2177 1191 2590 1262; x_wconf 89' lang='lat' dir='ltr'><strong>quoquomodo</strong></span> <span class='ocrx_word' id='word_1_286' title='bbox 2620 1206 2713 1247; x_wconf 90' lang='lat' dir='ltr'><strong>res</strong></span> <span class='ocrx_word' id='word_1_287' title='bbox 2757 1207 2820 1246; x_wconf 89' lang='lat' dir='ltr'><strong>se</strong></span> <span class='ocrx_word' id='word_1_288' title='bbox 2869 1189 3104 1259; x_wconf 84' lang='lat' dir='ltr'><strong>habeat,</strong></span> <span class='ocrx_word' id='word_1_289' title='bbox 3164 1192 3318 1246; x_wconf 88' lang='lat' dir='ltr'><strong>certe</strong></span> <span class='ocrx_word' id='word_1_290' title='bbox 3371 1188 3587 1246; x_wconf 87' lang='lat' dir='ltr'><strong>Grecis</strong></span> 
     </span>
    </p>
   </div>
   <div class='ocr_carea' id='block_1_36' title="bbox 1934 1278 3589 1353">
    <p class='ocr_par' dir='ltr' id='par_1_36' title="bbox 1934 1278 3589 1353">
     <span class='ocr_line' id='line_1_36' title="bbox 1934 1278 3589 1353; baseline 0.001 -19"><span class='ocrx_word' id='word_1_291' title='bbox 1934 1294 2070 1334; x_wconf 92' lang='lat' dir='ltr'><strong>cum</strong></span> <span class='ocrx_word' id='word_1_292' title='bbox 2101 1278 2480 1349; x_wconf 89' lang='lat' dir='ltr'><strong>epistolarum</strong></span> <span class='ocrx_word' id='word_1_293' title='bbox 2506 1280 2744 1353; x_wconf 85' lang='lat' dir='ltr'><strong>Ignatii,</strong></span> <span class='ocrx_word' id='word_1_294' title='bbox 2766 1284 2893 1337; x_wconf 90' lang='lat' dir='ltr'><strong>tum</strong></span> <span class='ocrx_word' id='word_1_295' title='bbox 2916 1280 3152 1337; x_wconf 88' lang='lat' dir='ltr'><strong>Eusebii</strong></span> <span class='ocrx_word' id='word_1_296' title='bbox 3178 1279 3443 1336; x_wconf 85' lang='lat' dir='ltr'><strong>Historias</strong></span> <span class='ocrx_word' id='word_1_297' title='bbox 3465 1294 3589 1336; x_wconf 87' lang='lat' dir='ltr'><strong>ma-</strong></span> 
     </span>
    </p>
   </div>
   <div class='ocr_carea' id='block_1_37' title="bbox 1937 1367 3585 1441">
    <p class='ocr_par' dir='ltr' id='par_1_37' title="bbox 1937 1367 3585 1441">
     <span class='ocr_line' id='line_1_37' title="bbox 1937 1367 3585 1441; baseline 0.001 -19"><span class='ocrx_word' id='word_1_298' title='bbox 1937 1367 2256 1441; x_wconf 88' lang='lat' dir='ltr'><strong>nuscriptis</strong></span> <span class='ocrx_word' id='word_1_299' title='bbox 2287 1369 2587 1426; x_wconf 89' lang='lat' dir='ltr'><strong>codicibus</strong></span> <span class='ocrx_word' id='word_1_300' title='bbox 2619 1370 2808 1441; x_wconf 84' lang='lat' dir='ltr'><strong>major</strong></span> <span class='ocrx_word' id='word_1_301' title='bbox 2858 1370 3031 1426; x_wconf 90' lang='lat' dir='ltr'><strong>debet</strong></span> <span class='ocrx_word' id='word_1_302' title='bbox 3073 1384 3199 1426; x_wconf 89' lang='lat' dir='ltr'><strong>esse</strong></span> <span class='ocrx_word' id='word_1_303' title='bbox 3243 1368 3585 1438; x_wconf 88' lang='lat' dir='ltr'><strong>auctoritas,</strong></span> 
     </span>
    </p>
   </div>
   <div class='ocr_carea' id='block_1_38' title="bbox 1935 1456 3581 1531">
    <p class='ocr_par' dir='ltr' id='par_1_38' title="bbox 1935 1456 3581 1531">
     <span class='ocr_line' id='line_1_38' title="bbox 1935 1456 3581 1531; baseline 0 -19"><span class='ocrx_word' id='word_1_304' title='bbox 1935 1456 2273 1529; x_wconf 87' lang='lat' dir='ltr'><strong>ceterisque</strong></span> <span class='ocrx_word' id='word_1_305' title='bbox 2300 1458 2576 1515; x_wconf 89' lang='lat' dir='ltr'><strong>omnibus</strong></span> <span class='ocrx_word' id='word_1_306' title='bbox 2599 1459 3005 1531; x_wconf 86' lang='lat' dir='ltr'><strong>anteponenda</strong></span> <span class='ocrx_word' id='word_1_307' title='bbox 3025 1463 3131 1515; x_wconf 88' lang='lat' dir='ltr'><strong>est.</strong></span> <span class='ocrx_word' id='word_1_308' title='bbox 3155 1459 3223 1513; x_wconf 89' lang='lat' dir='ltr'><strong>Et</strong></span> <span class='ocrx_word' id='word_1_309' title='bbox 3252 1458 3309 1512; x_wconf 92' lang='lat' dir='ltr'><strong>id</strong></span> <span class='ocrx_word' id='word_1_310' title='bbox 3343 1457 3581 1531; x_wconf 89' lang='lat' dir='ltr'><strong>quidem</strong></span> 
     </span>
    </p>
   </div>
   <div class='ocr_carea' id='block_1_39' title="bbox 1932 1547 3585 1621">
    <p class='ocr_par' dir='ltr' id='par_1_39' title="bbox 1932 1547 3585 1621">
     <span class='ocr_line' id='line_1_39' title="bbox 1932 1547 3585 1621; baseline -0.001 -17"><span class='ocrx_word' id='word_1_311' title='bbox 1932 1564 2000 1604; x_wconf 84' lang='lat' dir='ltr'><strong>ex</strong></span> <span class='ocrx_word' id='word_1_312' title='bbox 2029 1564 2095 1604; x_wconf 92' lang='lat' dir='ltr'><strong>eo</strong></span> <span class='ocrx_word' id='word_1_313' title='bbox 2126 1548 2461 1604; x_wconf 83' lang='lat' dir='ltr'><strong>conﬁrmari</strong></span> <span class='ocrx_word' id='word_1_314' title='bbox 2484 1552 2692 1621; x_wconf 87' lang='lat' dir='ltr'><strong>potest,</strong></span> <span class='ocrx_word' id='word_1_315' title='bbox 2717 1549 2872 1619; x_wconf 90' lang='lat' dir='ltr'><strong>quod</strong></span> <span class='ocrx_word' id='word_1_316' title='bbox 2904 1549 3026 1619; x_wconf 90' lang='lat' dir='ltr'><strong>ipse</strong></span> <span class='ocrx_word' id='word_1_317' title='bbox 3046 1547 3333 1620; x_wconf 85' lang='lat' dir='ltr'><strong>Ignatiani</strong></span> <span class='ocrx_word' id='word_1_318' title='bbox 3360 1564 3585 1602; x_wconf 85' lang='lat' dir='ltr'><strong>sermo-</strong></span> 
     </span>
    </p>
   </div>
   <div class='ocr_carea' id='block_1_40' title="bbox 1933 1632 3583 1710">
    <p class='ocr_par' dir='ltr' id='par_1_40' title="bbox 1933 1632 3583 1710">
     <span class='ocr_line' id='line_1_40' title="bbox 1933 1632 3583 1710; baseline -0.001 -18"><span class='ocrx_word' id='word_1_319' title='bbox 1933 1636 2024 1693; x_wconf 88' lang='lat' dir='ltr'><strong>nis</strong></span> <span class='ocrx_word' id='word_1_320' title='bbox 2047 1654 2279 1708; x_wconf 87' lang='lat' dir='ltr'><strong>sensus,</strong></span> <span class='ocrx_word' id='word_1_321' title='bbox 2313 1638 2561 1710; x_wconf 87' lang='lat' dir='ltr'><strong>ejusque</strong></span> <span class='ocrx_word' id='word_1_322' title='bbox 2593 1642 2959 1710; x_wconf 86' lang='lat' dir='ltr'><strong>argumenta,</strong></span> <span class='ocrx_word' id='word_1_323' title='bbox 2990 1637 3232 1694; x_wconf 86' lang='lat' dir='ltr'><strong>verbum</strong></span> <span class='ocrx_word' id='word_1_324' title='bbox 3289 1632 3412 1689; x_wconf 78' lang='grc' dir='ltr'><strong>οἶδα</strong></span> <span class='ocrx_word' id='word_1_325' title='bbox 3470 1636 3583 1691; x_wconf 91' lang='lat' dir='ltr'><strong>ihi-</strong></span> 
     </span>
    </p>
   </div>
   <div class='ocr_carea' id='block_1_41' title="bbox 1931 1725 3578 1800">
    <p class='ocr_par' dir='ltr' id='par_1_41' title="bbox 1931 1725 3578 1800">
     <span class='ocr_line' id='line_1_41' title="bbox 1931 1725 3578 1800; baseline -0.002 -17"><span class='ocrx_word' id='word_1_326' title='bbox 1931 1728 2063 1783; x_wconf 89' lang='lat' dir='ltr'><strong>dem</strong></span> <span class='ocrx_word' id='word_1_327' title='bbox 2097 1727 2332 1784; x_wconf 89' lang='lat' dir='ltr'><strong>omnino</strong></span> <span class='ocrx_word' id='word_1_328' title='bbox 2366 1727 2686 1800; x_wconf 81' lang='lat' dir='ltr'><strong>postulent.</strong></span> <span class='ocrx_word' id='word_1_329' title='bbox 2720 1728 2982 1800; x_wconf 86' lang='lat' dir='ltr'><strong>Ignatius</strong></span> <span class='ocrx_word' id='word_1_330' title='bbox 3013 1726 3304 1799; x_wconf 90' lang='lat' dir='ltr'><strong>siquidem</strong></span> <span class='ocrx_word' id='word_1_331' title='bbox 3349 1725 3578 1781; x_wconf 88' lang='lat' dir='ltr'><strong>duabus</strong></span> 
     </span>
    </p>
   </div>
   <div class='ocr_carea' id='block_1_42' title="bbox 1929 1814 3573 1889">
    <p class='ocr_par' dir='ltr' id='par_1_42' title="bbox 1929 1814 3573 1889">
     <span class='ocr_line' id='line_1_42' title="bbox 1929 1814 3573 1889; baseline -0.001 -18"><span class='ocrx_word' id='word_1_332' title='bbox 1929 1821 2131 1872; x_wconf 89' lang='lat' dir='ltr'><strong>contra</strong></span> <span class='ocrx_word' id='word_1_333' title='bbox 2161 1815 2463 1873; x_wconf 87' lang='lat' dir='ltr'><strong>hereticos</strong></span> <span class='ocrx_word' id='word_1_334' title='bbox 2512 1817 2707 1889; x_wconf 84' lang='lat' dir='ltr'><strong>petitis</strong></span> <span class='ocrx_word' id='word_1_335' title='bbox 2756 1834 2825 1873; x_wconf 82' lang='lat' dir='ltr'><strong>ex</strong></span> <span class='ocrx_word' id='word_1_336' title='bbox 2879 1816 3189 1888; x_wconf 82' lang='lat' dir='ltr'><strong>Evangelio</strong></span> <span class='ocrx_word' id='word_1_337' title='bbox 3243 1814 3573 1871; x_wconf 85' lang='lat' dir='ltr'><strong>rationibus</strong></span> 
     </span>
    </p>
   </div>
   <div class='ocr_carea' id='block_1_43' title="bbox 1928 1905 3572 1977">
    <p class='ocr_par' dir='ltr' id='par_1_43' title="bbox 1928 1905 3572 1977">
     <span class='ocr_line' id='line_1_43' title="bbox 1928 1905 3572 1977; baseline 0.001 -18"><span class='ocrx_word' id='word_1_338' title='bbox 1928 1905 2221 1962; x_wconf 84' lang='lat' dir='ltr'><strong>Christum</strong></span> <span class='ocrx_word' id='word_1_339' title='bbox 2259 1922 2374 1961; x_wconf 92' lang='lat' dir='ltr'><strong>non</strong></span> <span class='ocrx_word' id='word_1_340' title='bbox 2410 1906 2608 1962; x_wconf 88' lang='lat' dir='ltr'><strong>ﬁctum</strong></span> <span class='ocrx_word' id='word_1_341' title='bbox 2642 1912 2742 1961; x_wconf 89' lang='lat' dir='ltr'><strong>aut</strong></span> <span class='ocrx_word' id='word_1_342' title='bbox 2786 1905 3157 1977; x_wconf 89' lang='lat' dir='ltr'><strong>simulatum,</strong></span> <span class='ocrx_word' id='word_1_343' title='bbox 3212 1907 3310 1961; x_wconf 89' lang='lat' dir='ltr'><strong>sed</strong></span> <span class='ocrx_word' id='word_1_344' title='bbox 3368 1920 3572 1960; x_wconf 86' lang='lat' dir='ltr'><strong>verum</strong></span> 
     </span>
    </p>
   </div>
   <div class='ocr_carea' id='block_1_44' title="bbox 1924 1992 3576 2053">
    <p class='ocr_par' dir='ltr' id='par_1_44' title="bbox 1924 1992 3576 2053">
     <span class='ocr_line' id='line_1_44' title="bbox 1924 1992 3576 2053; baseline -0.003 0"><span class='ocrx_word' id='word_1_345' title='bbox 1924 1994 2220 2053; x_wconf 88' lang='lat' dir='ltr'><strong>hominem</strong></span> <span class='ocrx_word' id='word_1_346' title='bbox 2251 1997 2431 2053; x_wconf 85' lang='lat' dir='ltr'><strong>fuisse</strong></span> <span class='ocrx_word' id='word_1_347' title='bbox 2464 1997 2845 2053; x_wconf 79' lang='lat' dir='ltr'><strong>demonstrat.</strong></span> <span class='ocrx_word' id='word_1_348' title='bbox 2881 1997 2952 2051; x_wconf 85' lang='lat' dir='ltr'><strong>At</strong></span> <span class='ocrx_word' id='word_1_349' title='bbox 2980 1995 3032 2052; x_wconf 89' lang='lat' dir='ltr'><strong>si</strong></span> <span class='ocrx_word' id='word_1_350' title='bbox 3060 1992 3362 2053; x_wconf 86' lang='lat' dir='ltr'><strong>Christum</strong></span> <span class='ocrx_word' id='word_1_351' title='bbox 3423 1994 3576 2049; x_wconf 88' lang='lat' dir='ltr'><strong>suis-</strong></span> 
     </span>
    </p>
   </div>
   <div class='ocr_carea' id='block_1_45' title="bbox 1919 2082 3558 2158">
    <p class='ocr_par' dir='ltr' id='par_1_45' title="bbox 1919 2082 3558 2158">
     <span class='ocr_line' id='line_1_45' title="bbox 1919 2082 3558 2158; baseline -0.001 -17"><span class='ocrx_word' id='word_1_352' title='bbox 1919 2090 2037 2142; x_wconf 89' lang='lat' dir='ltr'><strong>met</strong></span> <span class='ocrx_word' id='word_1_353' title='bbox 2067 2085 2250 2143; x_wconf 91' lang='lat' dir='ltr'><strong>oculis</strong></span> <span class='ocrx_word' id='word_1_354' title='bbox 2285 2086 2344 2142; x_wconf 92' lang='lat' dir='ltr'><strong>in</strong></span> <span class='ocrx_word' id='word_1_355' title='bbox 2377 2101 2548 2142; x_wconf 88' lang='lat' dir='ltr'><strong>carne</strong></span> <span class='ocrx_word' id='word_1_356' title='bbox 2580 2084 2705 2158; x_wconf 87' lang='lat' dir='ltr'><strong>ipse</strong></span> <span class='ocrx_word' id='word_1_357' title='bbox 2740 2085 3007 2152; x_wconf 89' lang='lat' dir='ltr'><strong>vidisset,</strong></span> <span class='ocrx_word' id='word_1_358' title='bbox 3057 2084 3203 2141; x_wconf 89' lang='lat' dir='ltr'><strong>nihil</strong></span> <span class='ocrx_word' id='word_1_359' title='bbox 3261 2082 3558 2140; x_wconf 88' lang='lat' dir='ltr'><strong>efﬁcacius</strong></span> 
     </span>
    </p>
   </div>
   <div class='ocr_carea' id='block_1_46' title="bbox 1914 2173 3555 2249">
    <p class='ocr_par' dir='ltr' id='par_1_46' title="bbox 1914 2173 3555 2249">
     <span class='ocr_line' id='line_1_46' title="bbox 1914 2173 3555 2249; baseline -0.001 -17"><span class='ocrx_word' id='word_1_360' title='bbox 1914 2179 2117 2232; x_wconf 89' lang='lat' dir='ltr'><strong>contra</strong></span> <span class='ocrx_word' id='word_1_361' title='bbox 2146 2193 2244 2232; x_wconf 88' lang='lat' dir='ltr'><strong>eos</strong></span> <span class='ocrx_word' id='word_1_362' title='bbox 2271 2175 2525 2248; x_wconf 81' lang='lat' dir='ltr'><strong>proferre</strong></span> <span class='ocrx_word' id='word_1_363' title='bbox 2549 2181 2792 2249; x_wconf 88' lang='lat' dir='ltr'><strong>poterat,</strong></span> <span class='ocrx_word' id='word_1_364' title='bbox 2846 2191 3021 2248; x_wconf 91' lang='lat' dir='ltr'><strong>quam</strong></span> <span class='ocrx_word' id='word_1_365' title='bbox 3079 2191 3141 2231; x_wconf 91' lang='lat' dir='ltr'><strong>se</strong></span> <span class='ocrx_word' id='word_1_366' title='bbox 3181 2174 3303 2231; x_wconf 87' lang='lat' dir='ltr'><strong>suis</strong></span> <span class='ocrx_word' id='word_1_367' title='bbox 3348 2173 3555 2240; x_wconf 89' lang='lat' dir='ltr'><strong>oculis,</strong></span> 
     </span>
    </p>
   </div>
   <div class='ocr_carea' id='block_1_47' title="bbox 1896 2263 3559 2347">
    <p class='ocr_par' dir='ltr' id='par_1_47' title="bbox 1896 2263 3559 2347">
     <span class='ocr_line' id='line_1_47' title="bbox 1896 2263 3559 2347; baseline -0.001 -26"><span class='ocrx_word' id='word_1_368' title='bbox 1896 2266 2009 2347; x_wconf 39' lang='lat' dir='ltr'><strong>&#39;his</strong></span> <span class='ocrx_word' id='word_1_369' title='bbox 2035 2272 2091 2323; x_wconf 89' lang='lat' dir='ltr'><strong>et</strong></span> <span class='ocrx_word' id='word_1_370' title='bbox 2121 2266 2213 2323; x_wconf 90' lang='lat' dir='ltr'><strong>his</strong></span> <span class='ocrx_word' id='word_1_371' title='bbox 2244 2267 2301 2322; x_wconf 92' lang='lat' dir='ltr'><strong>in</strong></span> <span class='ocrx_word' id='word_1_372' title='bbox 2335 2267 2499 2337; x_wconf 88' lang='lat' dir='ltr'><strong>locis,</strong></span> <span class='ocrx_word' id='word_1_373' title='bbox 2531 2284 2665 2323; x_wconf 90' lang='lat' dir='ltr'><strong>cum</strong></span> <span class='ocrx_word' id='word_1_374' title='bbox 2698 2266 2791 2323; x_wconf 88' lang='lat' dir='ltr'><strong>his</strong></span> <span class='ocrx_word' id='word_1_375' title='bbox 2813 2271 2871 2322; x_wconf 90' lang='lat' dir='ltr'><strong>et</strong></span> <span class='ocrx_word' id='word_1_376' title='bbox 2896 2265 3013 2321; x_wconf 88' lang='lat' dir='ltr'><strong>illis</strong></span> <span class='ocrx_word' id='word_1_377' title='bbox 3045 2263 3219 2321; x_wconf 89' lang='lat' dir='ltr'><strong>sociis</strong></span> <span class='ocrx_word' id='word_1_378' title='bbox 3238 2268 3294 2321; x_wconf 90' lang='lat' dir='ltr'><strong>et</strong></span> <span class='ocrx_word' id='word_1_379' title='bbox 3315 2265 3559 2320; x_wconf 86' lang='lat' dir='ltr'><strong>testibus</strong></span> 
     </span>
    </p>
   </div>
   <div class='ocr_carea' id='block_1_48' title="bbox 1912 2352 3561 2429">
    <p class='ocr_par' dir='ltr' id='par_1_48' title="bbox 1912 2352 3561 2429">
     <span class='ocr_line' id='line_1_48' title="bbox 1912 2352 3561 2429; baseline -0.003 -17"><span class='ocrx_word' id='word_1_380' title='bbox 1912 2359 2071 2412; x_wconf 88' lang='lat' dir='ltr'><strong>omni</strong></span> <span class='ocrx_word' id='word_1_381' title='bbox 2103 2356 2437 2429; x_wconf 85' lang='lat' dir='ltr'><strong>exceptione</strong></span> <span class='ocrx_word' id='word_1_382' title='bbox 2466 2358 2803 2426; x_wconf 85' lang='lat' dir='ltr'><strong>majoribus,</strong></span> <span class='ocrx_word' id='word_1_383' title='bbox 2840 2353 3121 2427; x_wconf 88' lang='lat' dir='ltr'><strong>apostolis</strong></span> <span class='ocrx_word' id='word_1_384' title='bbox 3152 2352 3441 2422; x_wconf 88' lang='lat' dir='ltr'><strong>videlicet,</strong></span> <span class='ocrx_word' id='word_1_385' title='bbox 3461 2355 3561 2408; x_wconf 88' lang='lat' dir='ltr'><strong>aut</strong></span> 
     </span>
    </p>
   </div>
   <div class='ocr_carea' id='block_1_49' title="bbox 1910 2444 3559 2519">
    <p class='ocr_par' dir='ltr' id='par_1_49' title="bbox 1910 2444 3559 2519">
     <span class='ocr_line' id='line_1_49' title="bbox 1910 2444 3559 2519; baseline -0.001 -18"><span class='ocrx_word' id='word_1_386' title='bbox 1910 2445 2123 2503; x_wconf 87' lang='lat' dir='ltr'><strong>Christi</strong></span> <span class='ocrx_word' id='word_1_387' title='bbox 2159 2445 2489 2519; x_wconf 89' lang='lat' dir='ltr'><strong>discipulis,</strong></span> <span class='ocrx_word' id='word_1_388' title='bbox 2516 2446 2828 2501; x_wconf 89' lang='lat' dir='ltr'><strong>Dominum</strong></span> <span class='ocrx_word' id='word_1_389' title='bbox 2854 2445 3051 2517; x_wconf 83' lang='lat' dir='ltr'><strong>ipsum</strong></span> <span class='ocrx_word' id='word_1_390' title='bbox 3076 2444 3313 2510; x_wconf 83' lang='lat' dir='ltr'><strong>vidisse,</strong></span> <span class='ocrx_word' id='word_1_391' title='bbox 3339 2459 3403 2500; x_wconf 87' lang='lat' dir='ltr'><strong>ac</strong></span> <span class='ocrx_word' id='word_1_392' title='bbox 3425 2459 3559 2500; x_wconf 87' lang='lat' dir='ltr'><strong>cum</strong></span> 
     </span>
    </p>
   </div>
   <div class='ocr_carea' id='block_1_50' title="bbox 1912 2535 2703 2592">
    <p class='ocr_par' dir='ltr' id='par_1_50' title="bbox 1912 2535 2703 2592">
     <span class='ocr_line' id='line_1_50' title="bbox 1912 2535 2703 2592; baseline 0.003 -2"><span class='ocrx_word' id='word_1_393' title='bbox 1912 2535 2011 2592; x_wconf 91' lang='lat' dir='ltr'><strong>illo</strong></span> <span class='ocrx_word' id='word_1_394' title='bbox 2044 2536 2226 2592; x_wconf 89' lang='lat' dir='ltr'><strong>fuisse</strong></span> <span class='ocrx_word' id='word_1_395' title='bbox 2268 2540 2703 2592; x_wconf 85' lang='lat' dir='ltr'><strong>conversatum.</strong></span> 
     </span>
    </p>
   </div>
   <div class='ocr_carea' id='block_1_51' title="bbox 1905 2641 3556 2713">
    <p class='ocr_par' dir='ltr' id='par_1_51' title="bbox 1905 2641 3556 2713">
     <span class='ocr_line' id='line_1_51' title="bbox 1905 2641 3556 2713; baseline 0 -16"><span class='ocrx_word' id='word_1_396' title='bbox 1905 2642 2028 2711; x_wconf 88' lang='lat' dir='ltr'><strong>§Il.</strong></span> <span class='ocrx_word' id='word_1_397' title='bbox 2054 2642 2215 2699; x_wconf 78' lang='lat' dir='ltr'><strong>Nihil</strong></span> <span class='ocrx_word' id='word_1_398' title='bbox 2250 2647 2457 2699; x_wconf 80' lang='lat' dir='ltr'><strong>temere</strong></span> <span class='ocrx_word' id='word_1_399' title='bbox 2496 2643 2701 2699; x_wconf 83' lang='lat' dir='ltr'><strong>dictum</strong></span> <span class='ocrx_word' id='word_1_400' title='bbox 2741 2643 2906 2698; x_wconf 81' lang='lat' dir='ltr'><strong>estde</strong></span> <span class='ocrx_word' id='word_1_401' title='bbox 2953 2643 3295 2713; x_wconf 58' lang='lat' dir='ltr'><strong>usumque,</strong></span> <span class='ocrx_word' id='word_1_402' title='bbox 3340 2641 3556 2697; x_wconf 75' lang='lat' dir='ltr'><strong>Christo</strong></span> 
     </span>
    </p>
   </div>
   <div class='ocr_carea' id='block_1_52' title="bbox 1976 2713 3553 2786">
    <p class='ocr_par' dir='ltr' id='par_1_52' title="bbox 1976 2713 3553 2786">
     <span class='ocr_line' id='line_1_52' title="bbox 1976 2713 3553 2786; baseline -0.001 -18"><span class='ocrx_word' id='word_1_403' title='bbox 1976 2719 2257 2777; x_wconf 72' lang='lat' dir='ltr'><strong>nascente.</strong></span> <span class='ocrx_word' id='word_1_404' title='bbox 2287 2717 2580 2786; x_wconf 81' lang='lat' dir='ltr'><strong>apparuit,</strong></span> <span class='ocrx_word' id='word_1_405' title='bbox 2604 2715 2688 2770; x_wconf 87' lang='lat' dir='ltr'><strong>vel</strong></span> <span class='ocrx_word' id='word_1_406' title='bbox 2716 2713 2784 2769; x_wconf 84' lang='lat' dir='ltr'><strong>de</strong></span> <span class='ocrx_word' id='word_1_407' title='bbox 2824 2729 2884 2769; x_wconf 87' lang='lat' dir='ltr'><strong>eo</strong></span> <span class='ocrx_word' id='word_1_408' title='bbox 2914 2714 3055 2786; x_wconf 85' lang='lat' dir='ltr'><strong>quod</strong></span> <span class='ocrx_word' id='word_1_409' title='bbox 3121 2713 3372 2769; x_wconf 80' lang='lat' dir='ltr'><strong>Christus</strong></span> <span class='ocrx_word' id='word_1_410' title='bbox 3428 2717 3553 2784; x_wconf 70' lang='lat' dir='ltr'><strong>post</strong></span> 
     </span>
    </p>
   </div>
   <div class='ocr_carea' id='block_1_53' title="bbox 1977 2785 2803 2857">
    <p class='ocr_par' dir='ltr' id='par_1_53' title="bbox 1977 2785 2803 2857">
     <span class='ocr_line' id='line_1_53' title="bbox 1977 2785 2803 2857; baseline -0.002 -16"><span class='ocrx_word' id='word_1_411' title='bbox 1977 2796 2209 2842; x_wconf 77' lang='lat' dir='ltr'><strong>mortem</strong></span> <span class='ocrx_word' id='word_1_412' title='bbox 2238 2786 2437 2842; x_wconf 77' lang='lat' dir='ltr'><strong>bibisse</strong></span> <span class='ocrx_word' id='word_1_413' title='bbox 2467 2785 2803 2857; x_wconf 79' lang='lat' dir='ltr'><strong>perhibetur.</strong></span> 
     </span>
    </p>
   </div>
   <div class='ocr_carea' id='block_1_54' title="bbox 1974 2891 3551 2949">
    <p class='ocr_par' dir='ltr' id='par_1_54' title="bbox 1974 2891 3551 2949">
     <span class='ocr_line' id='line_1_54' title="bbox 1974 2891 3551 2949; baseline -0.002 0"><span class='ocrx_word' id='word_1_414' title='bbox 1974 2892 2227 2949; x_wconf 86' lang='lat' dir='ltr'><strong>Dalleus</strong></span> <span class='ocrx_word' id='word_1_415' title='bbox 2258 2896 2323 2949; x_wconf 89' lang='lat' dir='ltr'><strong>ut</strong></span> <span class='ocrx_word' id='word_1_416' title='bbox 2371 2898 2669 2949; x_wconf 87' lang='lat' dir='ltr'><strong>auctorem</strong></span> <span class='ocrx_word' id='word_1_417' title='bbox 2720 2896 2987 2947; x_wconf 89' lang='lat' dir='ltr'><strong>nostrum</strong></span> <span class='ocrx_word' id='word_1_418' title='bbox 3034 2891 3298 2948; x_wconf 87' lang='lat' dir='ltr'><strong>omnium</strong></span> <span class='ocrx_word' id='word_1_419' title='bbox 3358 2891 3551 2948; x_wconf 88' lang='lat' dir='ltr'><strong>crimi-</strong></span> 
     </span>
    </p>
   </div>
   <div class='ocr_carea' id='block_1_55' title="bbox 1904 2982 3552 3047">
    <p class='ocr_par' dir='ltr' id='par_1_55' title="bbox 1904 2982 3552 3047">
     <span class='ocr_line' id='line_1_55' title="bbox 1904 2982 3552 3047; baseline -0.001 -8"><span class='ocrx_word' id='word_1_420' title='bbox 1904 3000 2041 3039; x_wconf 89' lang='lat' dir='ltr'><strong>num</strong></span> <span class='ocrx_word' id='word_1_421' title='bbox 2076 3001 2239 3039; x_wconf 90' lang='lat' dir='ltr'><strong>reum</strong></span> <span class='ocrx_word' id='word_1_422' title='bbox 2273 2984 2466 3047; x_wconf 85' lang='lat' dir='ltr'><strong>faciat,</strong></span> <span class='ocrx_word' id='word_1_423' title='bbox 2500 2983 3035 3039; x_wconf 88' lang='lat' dir='ltr'><strong>illumtemeritatis</strong></span> <span class='ocrx_word' id='word_1_424' title='bbox 3058 2983 3204 3038; x_wconf 86' lang='lat' dir='ltr'><strong>inoo</strong></span> <span class='ocrx_word' id='word_1_425' title='bbox 3234 2982 3443 3038; x_wconf 89' lang='lat' dir='ltr'><strong>deinde</strong></span> <span class='ocrx_word' id='word_1_426' title='bbox 3467 2998 3552 3037; x_wconf 89' lang='lat' dir='ltr'><strong>ar-</strong></span> 
     </span>
    </p>
   </div>
   <div class='ocr_carea' id='block_1_56' title="bbox 1900 3070 3551 3145">
    <p class='ocr_par' dir='ltr' id='par_1_56' title="bbox 1900 3070 3551 3145">
     <span class='ocr_line' id='line_1_56' title="bbox 1900 3070 3551 3145; baseline 0 -19"><span class='ocrx_word' id='word_1_427' title='bbox 1900 3071 2046 3145; x_wconf 90' lang='lat' dir='ltr'><strong>guit,</strong></span> <span class='ocrx_word' id='word_1_428' title='bbox 2072 3074 2225 3143; x_wconf 86' lang='lat' dir='ltr'><strong>quod</strong></span> <span class='ocrx_word' id='word_1_429' title='bbox 2257 3072 2328 3127; x_wconf 87' lang='lat' dir='ltr'><strong>de</strong></span> <span class='ocrx_word' id='word_1_430' title='bbox 2353 3070 2539 3139; x_wconf 88' lang='lat' dir='ltr'><strong>stella,</strong></span> <span class='ocrx_word' id='word_1_431' title='bbox 2571 3089 2719 3143; x_wconf 87' lang='lat' dir='ltr'><strong>que,</strong></span> <span class='ocrx_word' id='word_1_432' title='bbox 2748 3071 2972 3126; x_wconf 85' lang='lat' dir='ltr'><strong>Christo</strong></span> <span class='ocrx_word' id='word_1_433' title='bbox 3019 3076 3315 3138; x_wconf 85' lang='lat' dir='ltr'><strong>nascente,</strong></span> <span class='ocrx_word' id='word_1_434' title='bbox 3377 3085 3551 3142; x_wconf 87' lang='lat' dir='ltr'><strong>appa-</strong></span> 
     </span>
    </p>
   </div>
   <div class='ocr_carea' id='block_1_57' title="bbox 1900 3158 3550 3233">
    <p class='ocr_par' dir='ltr' id='par_1_57' title="bbox 1900 3158 3550 3233">
     <span class='ocr_line' id='line_1_57' title="bbox 1900 3158 3550 3233; baseline -0.001 -17"><span class='ocrx_word' id='word_1_435' title='bbox 1900 3164 2118 3231; x_wconf 84' lang='lat' dir='ltr'><strong>ruerat,</strong></span> <span class='ocrx_word' id='word_1_436' title='bbox 2151 3160 2453 3233; x_wconf 88' lang='lat' dir='ltr'><strong>scripserit</strong></span> <span class='ocrx_word' id='word_1_437' title='bbox 2481 3159 2530 3195; x_wconf 72' lang='grc'><strong>9³</strong></span> <span class='ocrx_word' id='word_1_438' title='bbox 2564 3182 2592 3211; x_wconf 74' lang='grc' dir='ltr'><strong><em>α</em></strong></span> <span class='ocrx_word' id='word_1_439' title='bbox 2622 3160 2799 3216; x_wconf 80' lang='lat' dir='ltr'><strong>Stella</strong></span> <span class='ocrx_word' id='word_1_440' title='bbox 2830 3160 2889 3216; x_wconf 91' lang='lat' dir='ltr'><strong>in</strong></span> <span class='ocrx_word' id='word_1_441' title='bbox 2924 3158 3065 3215; x_wconf 81' lang='lat' dir='ltr'><strong>caelo</strong></span> <span class='ocrx_word' id='word_1_442' title='bbox 3109 3158 3291 3227; x_wconf 82' lang='lat' dir='ltr'><strong>fulsit,</strong></span> <span class='ocrx_word' id='word_1_443' title='bbox 3353 3159 3550 3230; x_wconf 90' lang='lat' dir='ltr'><strong>splen-</strong></span> 
     </span>
    </p>
   </div>
   <div class='ocr_carea' id='block_1_58' title="bbox 1903 3246 3548 3323">
    <p class='ocr_par' dir='ltr' id='par_1_58' title="bbox 1903 3246 3548 3323">
     <span class='ocr_line' id='line_1_58' title="bbox 1903 3246 3548 3323; baseline -0.001 -18"><span class='ocrx_word' id='word_1_444' title='bbox 1903 3251 2041 3306; x_wconf 89' lang='lat' dir='ltr'><strong>dore</strong></span> <span class='ocrx_word' id='word_1_445' title='bbox 2070 3267 2432 3323; x_wconf 81' lang='lat' dir='ltr'><strong>exsuperans</strong></span> <span class='ocrx_word' id='word_1_446' title='bbox 2464 3267 2668 3306; x_wconf 88' lang='lat' dir='ltr'><strong>omnes</strong></span> <span class='ocrx_word' id='word_1_447' title='bbox 2700 3249 2921 3320; x_wconf 85' lang='lat' dir='ltr'><strong>stellas,</strong></span> <span class='ocrx_word' id='word_1_448' title='bbox 2953 3255 3012 3303; x_wconf 90' lang='lat' dir='ltr'><strong>et</strong></span> <span class='ocrx_word' id='word_1_449' title='bbox 3037 3248 3135 3303; x_wconf 86' lang='lat' dir='ltr'><strong>lux</strong></span> <span class='ocrx_word' id='word_1_450' title='bbox 3163 3248 3317 3303; x_wconf 90' lang='lat' dir='ltr'><strong>illius</strong></span> <span class='ocrx_word' id='word_1_451' title='bbox 3348 3246 3548 3304; x_wconf 63' lang='lat' dir='ltr'><strong>inetia-</strong></span> 
     </span>
    </p>
   </div>
   <div class='ocr_carea' id='block_1_59' title="bbox 162 3314 3547 3411">
    <p class='ocr_par' dir='ltr' id='par_1_59' title="bbox 162 3314 3547 3411">
     <span class='ocr_line' id='line_1_59' title="bbox 162 3314 3547 3411; baseline 0.001 -24"><span class='ocrx_word' id='word_1_452' title='bbox 162 3336 373 3392; x_wconf 84' lang='lat' dir='ltr'><strong>Eusebii</strong></span> <span class='ocrx_word' id='word_1_453' title='bbox 406 3314 721 3395; x_wconf 74' lang='lat' dir='ltr'><strong>Historiam</strong></span> <span class='ocrx_word' id='word_1_454' title='bbox 753 3314 987 3409; x_wconf 67' lang='lat' dir='ltr'><strong>attinet,</strong></span> <span class='ocrx_word' id='word_1_455' title='bbox 1020 3338 1221 3395; x_wconf 90' lang='lat' dir='ltr'><strong>nullus</strong></span> <span class='ocrx_word' id='word_1_456' title='bbox 1254 3355 1466 3411; x_wconf 89' lang='lat' dir='ltr'><strong>magna</strong></span> <span class='ocrx_word' id='word_1_457' title='bbox 1521 3338 1644 3394; x_wconf 89' lang='lat' dir='ltr'><strong>sine</strong></span> <span class='ocrx_word' id='word_1_458' title='bbox 1689 3342 1785 3394; x_wconf 90' lang='lat' dir='ltr'><strong>te-</strong></span> <span class='ocrx_word' id='word_1_459' title='bbox 1819 3314 1862 3382; x_wconf 65' lang='grc' dir='ltr'>α</span> <span class='ocrx_word' id='word_1_460' title='bbox 1902 3338 2038 3396; x_wconf 90' lang='lat' dir='ltr'><strong>bilis</strong></span> <span class='ocrx_word' id='word_1_461' title='bbox 2068 3314 2276 3408; x_wconf 49' lang='lat' dir='ltr'><strong>erat,-»</strong></span> <span class='ocrx_word' id='word_1_462' title='bbox 2307 3346 2418 3397; x_wconf 89' lang='lat' dir='ltr'><strong>etc.</strong></span> <span class='ocrx_word' id='word_1_463' title='bbox 2455 3364 2483 3392; x_wconf 74' lang='grc' dir='ltr'><strong><em>α</em></strong></span> <span class='ocrx_word' id='word_1_464' title='bbox 2508 3340 2739 3409; x_wconf 88' lang='lat' dir='ltr'><strong>Omnia,</strong></span> <span class='ocrx_word' id='word_1_465' title='bbox 2766 3314 2957 3411; x_wconf 82' lang='lat' dir='ltr'><strong>inquit</strong></span> <span class='ocrx_word' id='word_1_466' title='bbox 2976 3338 3245 3405; x_wconf 88' lang='lat' dir='ltr'><strong>Dalleus,</strong></span> <span class='ocrx_word' id='word_1_467' title='bbox 3266 3335 3312 3373; x_wconf 78' lang='grc'><strong>⁸⁸</strong></span> <span class='ocrx_word' id='word_1_468' title='bbox 3341 3354 3409 3393; x_wconf 86' lang='lat' dir='ltr'><strong>ex</strong></span> <span class='ocrx_word' id='word_1_469' title='bbox 3432 3355 3547 3393; x_wconf 87' lang='lat' dir='ltr'><strong>uno</strong></span> 
     </span>
    </p>
   </div>
   <div class='ocr_carea' id='block_1_60' title="bbox 166 3426 1787 3501">
    <p class='ocr_par' dir='ltr' id='par_1_60' title="bbox 166 3426 1787 3501">
     <span class='ocr_line' id='line_1_60' title="bbox 166 3426 1787 3501; baseline 0.004 -23"><span class='ocrx_word' id='word_1_470' title='bbox 166 3426 408 3483; x_wconf 80' lang='lat' dir='ltr'><strong>maritate</strong></span> <span class='ocrx_word' id='word_1_471' title='bbox 439 3446 569 3485; x_wconf 92' lang='lat' dir='ltr'><strong>eam</strong></span> <span class='ocrx_word' id='word_1_472' title='bbox 604 3429 685 3484; x_wconf 91' lang='lat' dir='ltr'><strong>ibi</strong></span> <span class='ocrx_word' id='word_1_473' title='bbox 716 3438 1050 3501; x_wconf 78' lang='lat' dir='ltr'><strong>corruptam</strong></span> <span class='ocrx_word' id='word_1_474' title='bbox 1079 3445 1207 3485; x_wconf 89' lang='lat' dir='ltr'><strong>esse</strong></span> <span class='ocrx_word' id='word_1_475' title='bbox 1238 3427 1466 3485; x_wconf 83' lang='lat' dir='ltr'><strong>dixerit.</strong></span> <span class='ocrx_word' id='word_1_476' title='bbox 1492 3427 1595 3484; x_wconf 88' lang='lat' dir='ltr'><strong>Illa</strong></span> <span class='ocrx_word' id='word_1_477' title='bbox 1616 3427 1787 3501; x_wconf 84' lang='lat' dir='ltr'><strong>quip-</strong></span> 
     </span>
    </p>
   </div>
   <div class='ocr_carea' id='block_1_61' title="bbox 165 3517 1789 3584">
    <p class='ocr_par' dir='ltr' id='par_1_61' title="bbox 165 3517 1789 3584">
     <span class='ocr_line' id='line_1_61' title="bbox 165 3517 1789 3584; baseline 0.003 -17"><span class='ocrx_word' id='word_1_478' title='bbox 165 3528 226 3584; x_wconf 90' lang='lat' dir='ltr'><strong>pe</strong></span> <span class='ocrx_word' id='word_1_479' title='bbox 254 3521 480 3574; x_wconf 79' lang='lat' dir='ltr'><strong>rentum</strong></span> <span class='ocrx_word' id='word_1_480' title='bbox 517 3520 636 3575; x_wconf 89' lang='lat' dir='ltr'><strong>fere</strong></span> <span class='ocrx_word' id='word_1_481' title='bbox 668 3519 839 3575; x_wconf 90' lang='lat' dir='ltr'><strong>annis</strong></span> <span class='ocrx_word' id='word_1_482' title='bbox 872 3523 1006 3574; x_wconf 88' lang='lat' dir='ltr'><strong>ante</strong></span> <span class='ocrx_word' id='word_1_483' title='bbox 1039 3518 1297 3575; x_wconf 88' lang='lat' dir='ltr'><strong>Latinam</strong></span> <span class='ocrx_word' id='word_1_484' title='bbox 1328 3517 1521 3574; x_wconf 89' lang='lat' dir='ltr'><strong>Ruﬁni</strong></span> <span class='ocrx_word' id='word_1_485' title='bbox 1571 3518 1789 3573; x_wconf 88' lang='lat' dir='ltr'><strong>versio-</strong></span> 
     </span>
    </p>
   </div>
   <div class='ocr_carea' id='block_1_62' title="bbox 166 3605 1787 3677">
    <p class='ocr_par' dir='ltr' id='par_1_62' title="bbox 166 3605 1787 3677">
     <span class='ocr_line' id='line_1_62' title="bbox 166 3605 1787 3677; baseline 0.003 -21"><span class='ocrx_word' id='word_1_486' title='bbox 166 3617 281 3659; x_wconf 86' lang='lat' dir='ltr'><strong>nem</strong></span> <span class='ocrx_word' id='word_1_487' title='bbox 311 3607 624 3677; x_wconf 88' lang='lat' dir='ltr'><strong>publicata,</strong></span> <span class='ocrx_word' id='word_1_488' title='bbox 657 3607 716 3663; x_wconf 91' lang='lat' dir='ltr'><strong>in</strong></span> <span class='ocrx_word' id='word_1_489' title='bbox 750 3608 1012 3663; x_wconf 87' lang='lat' dir='ltr'><strong>omnium</strong></span> <span class='ocrx_word' id='word_1_490' title='bbox 1045 3613 1282 3664; x_wconf 87' lang='lat' dir='ltr'><strong>venerat</strong></span> <span class='ocrx_word' id='word_1_491' title='bbox 1339 3624 1573 3676; x_wconf 90' lang='lat' dir='ltr'><strong>manus,</strong></span> <span class='ocrx_word' id='word_1_492' title='bbox 1625 3611 1681 3662; x_wconf 90' lang='lat' dir='ltr'><strong>et</strong></span> <span class='ocrx_word' id='word_1_493' title='bbox 1727 3605 1787 3662; x_wconf 90' lang='lat' dir='ltr'><strong>in</strong></span> 
     </span>
    </p>
   </div>
   <div class='ocr_carea' id='block_1_63' title="bbox 164 3694 1786 3771">
    <p class='ocr_par' dir='ltr' id='par_1_63' title="bbox 164 3694 1786 3771">
     <span class='ocr_line' id='line_1_63' title="bbox 164 3694 1786 3771; baseline 0.003 -23"><span class='ocrx_word' id='word_1_494' title='bbox 164 3708 319 3762; x_wconf 85' lang='lat' dir='ltr'><strong>quam</strong></span> <span class='ocrx_word' id='word_1_495' title='bbox 330 3696 597 3769; x_wconf 85' lang='lat' dir='ltr'><strong>plurimis</strong></span> <span class='ocrx_word' id='word_1_496' title='bbox 614 3698 673 3753; x_wconf 91' lang='lat' dir='ltr'><strong>Bi</strong></span> <span class='ocrx_word' id='word_1_497' title='bbox 685 3697 989 3754; x_wconf 89' lang='lat' dir='ltr'><strong>bliothecis</strong></span> <span class='ocrx_word' id='word_1_498' title='bbox 1008 3704 1131 3754; x_wconf 83' lang='lat' dir='ltr'><strong>erat</strong></span> <span class='ocrx_word' id='word_1_499' title='bbox 1145 3701 1455 3754; x_wconf 86' lang='lat' dir='ltr'><strong>asservata.</strong></span> <span class='ocrx_word' id='word_1_500' title='bbox 1479 3694 1636 3756; x_wconf 84' lang='lat' dir='ltr'><strong>Nihil</strong></span> <span class='ocrx_word' id='word_1_501' title='bbox 1650 3713 1786 3771; x_wconf 86' lang='lat' dir='ltr'><strong>ergo</strong></span> 
     </span>
    </p>
   </div>
   <div class='ocr_carea' id='block_1_64' title="bbox 162 3787 1787 3860">
    <p class='ocr_par' dir='ltr' id='par_1_64' title="bbox 162 3787 1787 3860">
     <span class='ocr_line' id='line_1_64' title="bbox 162 3787 1787 3860; baseline 0.003 -23"><span class='ocrx_word' id='word_1_502' title='bbox 162 3789 343 3851; x_wconf 87' lang='lat' dir='ltr'><strong>postea</strong></span> <span class='ocrx_word' id='word_1_503' title='bbox 364 3788 447 3843; x_wconf 90' lang='lat' dir='ltr'><strong>vel</strong></span> <span class='ocrx_word' id='word_1_504' title='bbox 472 3789 534 3844; x_wconf 91' lang='lat' dir='ltr'><strong>in</strong></span> <span class='ocrx_word' id='word_1_505' title='bbox 555 3788 751 3844; x_wconf 86' lang='lat' dir='ltr'><strong>Greco</strong></span> <span class='ocrx_word' id='word_1_506' title='bbox 771 3790 898 3859; x_wconf 88' lang='lat' dir='ltr'><strong>ejus</strong></span> <span class='ocrx_word' id='word_1_507' title='bbox 921 3793 1081 3844; x_wconf 84' lang='lat' dir='ltr'><strong>textu</strong></span> <span class='ocrx_word' id='word_1_508' title='bbox 1111 3787 1427 3859; x_wconf 89' lang='lat' dir='ltr'><strong>scriptores</strong></span> <span class='ocrx_word' id='word_1_509' title='bbox 1452 3787 1787 3860; x_wconf 84' lang='lat' dir='ltr'><strong>antiquarii,</strong></span> 
     </span>
    </p>
   </div>
   <div class='ocr_carea' id='block_1_65' title="bbox 162 3871 1783 3949">
    <p class='ocr_par' dir='ltr' id='par_1_65' title="bbox 162 3871 1783 3949">
     <span class='ocr_line' id='line_1_65' title="bbox 162 3871 1783 3949; baseline 0.004 -24"><span class='ocrx_word' id='word_1_510' title='bbox 162 3871 235 3927; x_wconf 87' lang='lat' dir='ltr'><strong>vel</strong></span> <span class='ocrx_word' id='word_1_511' title='bbox 266 3874 318 3929; x_wconf 91' lang='lat' dir='ltr'><strong>in</strong></span> <span class='ocrx_word' id='word_1_512' title='bbox 340 3878 608 3934; x_wconf 87' lang='lat' dir='ltr'><strong>versione</strong></span> <span class='ocrx_word' id='word_1_513' title='bbox 639 3894 749 3933; x_wconf 91' lang='lat' dir='ltr'><strong>sua</strong></span> <span class='ocrx_word' id='word_1_514' title='bbox 780 3877 1024 3933; x_wconf 84' lang='lat' dir='ltr'><strong>Ruﬁnus</strong></span> <span class='ocrx_word' id='word_1_515' title='bbox 1056 3876 1372 3933; x_wconf 87' lang='lat' dir='ltr'><strong>immutare</strong></span> <span class='ocrx_word' id='word_1_516' title='bbox 1423 3881 1736 3949; x_wconf 89' lang='lat' dir='ltr'><strong>potuerunt</strong></span> <span class='ocrx_word' id='word_1_517' title='bbox 1768 3896 1783 3946; x_wconf 86' lang='lat'><strong>;</strong></span> 
     </span>
    </p>
   </div>
   <div class='ocr_carea' id='block_1_66' title="bbox 168 3962 1789 4037">
    <p class='ocr_par' dir='ltr' id='par_1_66' title="bbox 168 3962 1789 4037">
     <span class='ocr_line' id='line_1_66' title="bbox 168 3962 1789 4037; baseline 0.005 -22"><span class='ocrx_word' id='word_1_518' title='bbox 168 3962 290 4030; x_wconf 89' lang='lat' dir='ltr'><strong>quin</strong></span> <span class='ocrx_word' id='word_1_519' title='bbox 313 3981 377 4020; x_wconf 81' lang='lat' dir='ltr'><strong>ex</strong></span> <span class='ocrx_word' id='word_1_520' title='bbox 399 3967 728 4023; x_wconf 90' lang='lat' dir='ltr'><strong>innumeris</strong></span> <span class='ocrx_word' id='word_1_521' title='bbox 749 3966 1013 4037; x_wconf 88' lang='lat' dir='ltr'><strong>ejusdem</strong></span> <span class='ocrx_word' id='word_1_522' title='bbox 1054 3966 1322 4021; x_wconf 88' lang='lat' dir='ltr'><strong>Historie</strong></span> <span class='ocrx_word' id='word_1_523' title='bbox 1375 3968 1668 4023; x_wconf 84' lang='lat' dir='ltr'><strong>codicibus</strong></span> <span class='ocrx_word' id='word_1_524' title='bbox 1696 3967 1789 4023; x_wconf 93' lang='lat' dir='ltr'><strong>hic</strong></span> 
     </span>
    </p>
   </div>
   <div class='ocr_carea' id='block_1_67' title="bbox 167 4052 1790 4122">
    <p class='ocr_par' dir='ltr' id='par_1_67' title="bbox 167 4052 1790 4122">
     <span class='ocr_line' id='line_1_67' title="bbox 167 4052 1790 4122; baseline 0.006 -19"><span class='ocrx_word' id='word_1_525' title='bbox 167 4052 228 4104; x_wconf 87' lang='lat' dir='ltr'><strong>ab</strong></span> <span class='ocrx_word' id='word_1_526' title='bbox 250 4052 589 4111; x_wconf 86' lang='lat' dir='ltr'><strong>adversariis</strong></span> <span class='ocrx_word' id='word_1_527' title='bbox 620 4055 767 4122; x_wconf 89' lang='lat' dir='ltr'><strong>suis,</strong></span> <span class='ocrx_word' id='word_1_528' title='bbox 801 4055 886 4111; x_wconf 93' lang='lat' dir='ltr'><strong>illi</strong></span> <span class='ocrx_word' id='word_1_529' title='bbox 910 4058 983 4111; x_wconf 92' lang='lat' dir='ltr'><strong>ab</strong></span> <span class='ocrx_word' id='word_1_530' title='bbox 1002 4055 1238 4111; x_wconf 89' lang='lat' dir='ltr'><strong>Eusebii</strong></span> <span class='ocrx_word' id='word_1_531' title='bbox 1271 4056 1595 4112; x_wconf 90' lang='lat' dir='ltr'><strong>fautoribus</strong></span> <span class='ocrx_word' id='word_1_532' title='bbox 1618 4056 1790 4113; x_wconf 89' lang='lat' dir='ltr'><strong>adul-</strong></span> 
     </span>
    </p>
   </div>
   <div class='ocr_carea' id='block_1_68' title="bbox 162 4140 1785 4217">
    <p class='ocr_par' dir='ltr' id='par_1_68' title="bbox 162 4140 1785 4217">
     <span class='ocr_line' id='line_1_68' title="bbox 162 4140 1785 4217; baseline 0.005 -24"><span class='ocrx_word' id='word_1_533' title='bbox 162 4140 435 4200; x_wconf 85' lang='lat' dir='ltr'><strong>terationis</strong></span> <span class='ocrx_word' id='word_1_534' title='bbox 486 4151 544 4201; x_wconf 88' lang='lat' dir='ltr'><strong>et</strong></span> <span class='ocrx_word' id='word_1_535' title='bbox 605 4144 997 4217; x_wconf 86' lang='lat' dir='ltr'><strong>corruptionis</strong></span> <span class='ocrx_word' id='word_1_536' title='bbox 1057 4146 1255 4201; x_wconf 86' lang='lat' dir='ltr'><strong>statim</strong></span> <span class='ocrx_word' id='word_1_537' title='bbox 1283 4146 1785 4202; x_wconf 86' lang='lat' dir='ltr'><strong>convincerentur.</strong></span> 
     </span>
    </p>
   </div>
   <div class='ocr_carea' id='block_1_69' title="bbox 168 4224 1790 4304">
    <p class='ocr_par' dir='ltr' id='par_1_69' title="bbox 168 4224 1790 4304">
     <span class='ocr_line' id='line_1_69' title="bbox 168 4224 1790 4304; baseline 0.009 -27"><span class='ocrx_word' id='word_1_538' title='bbox 168 4224 355 4285; x_wconf 91' lang='lat' dir='ltr'><strong>Deinde</strong></span> <span class='ocrx_word' id='word_1_539' title='bbox 377 4232 509 4303; x_wconf 87' lang='lat' dir='ltr'><strong>quis</strong></span> <span class='ocrx_word' id='word_1_540' title='bbox 541 4232 656 4288; x_wconf 89' lang='lat' dir='ltr'><strong>sibi</strong></span> <span class='ocrx_word' id='word_1_541' title='bbox 693 4234 1042 4304; x_wconf 89' lang='lat' dir='ltr'><strong>persuadeat</strong></span> <span class='ocrx_word' id='word_1_542' title='bbox 1071 4232 1373 4303; x_wconf 88' lang='lat' dir='ltr'><strong>Ruﬁnum,</strong></span> <span class='ocrx_word' id='word_1_543' title='bbox 1397 4239 1790 4291; x_wconf 87' lang='lat' dir='ltr'><strong>etamanuen-</strong></span> 
     </span>
    </p>
   </div>
   <div class='ocr_carea' id='block_1_70' title="bbox 165 4322 1790 4397">
    <p class='ocr_par' dir='ltr' id='par_1_70' title="bbox 165 4322 1790 4397">
     <span class='ocr_line' id='line_1_70' title="bbox 165 4322 1790 4397; baseline 0.008 -30"><span class='ocrx_word' id='word_1_544' title='bbox 165 4328 244 4370; x_wconf 84' lang='lat' dir='ltr'><strong>ses</strong></span> <span class='ocrx_word' id='word_1_545' title='bbox 268 4322 596 4377; x_wconf 84' lang='lat' dir='ltr'><strong>Eusebiane</strong></span> <span class='ocrx_word' id='word_1_546' title='bbox 630 4322 897 4378; x_wconf 87' lang='lat' dir='ltr'><strong>Historie</strong></span> <span class='ocrx_word' id='word_1_547' title='bbox 931 4323 1247 4395; x_wconf 90' lang='lat' dir='ltr'><strong>scriptores</strong></span> <span class='ocrx_word' id='word_1_548' title='bbox 1280 4324 1349 4379; x_wconf 89' lang='lat' dir='ltr'><strong>ad</strong></span> <span class='ocrx_word' id='word_1_549' title='bbox 1407 4341 1790 4397; x_wconf 89' lang='lat' dir='ltr'><strong>corrumpen-</strong></span> 
     </span>
    </p>
   </div>
   <div class='ocr_carea' id='block_1_71' title="bbox 166 4405 1788 4471">
    <p class='ocr_par' dir='ltr' id='par_1_71' title="bbox 166 4405 1788 4471">
     <span class='ocr_line' id='line_1_71' title="bbox 166 4405 1788 4471; baseline 0.009 -15"><span class='ocrx_word' id='word_1_550' title='bbox 166 4405 254 4460; x_wconf 89' lang='lat' dir='ltr'><strong>dos</strong></span> <span class='ocrx_word' id='word_1_551' title='bbox 283 4424 477 4466; x_wconf 89' lang='lat' dir='ltr'><strong>omnes</strong></span> <span class='ocrx_word' id='word_1_552' title='bbox 516 4411 785 4467; x_wconf 82' lang='lat' dir='ltr'><strong>Historie</strong></span> <span class='ocrx_word' id='word_1_553' title='bbox 831 4410 989 4467; x_wconf 88' lang='lat' dir='ltr'><strong>illius</strong></span> <span class='ocrx_word' id='word_1_554' title='bbox 1040 4412 1266 4469; x_wconf 89' lang='lat' dir='ltr'><strong>codices</strong></span> <span class='ocrx_word' id='word_1_555' title='bbox 1314 4412 1489 4469; x_wconf 86' lang='lat' dir='ltr'><strong>simul</strong></span> <span class='ocrx_word' id='word_1_556' title='bbox 1530 4415 1610 4469; x_wconf 88' lang='lat' dir='ltr'><strong>ita</strong></span> <span class='ocrx_word' id='word_1_557' title='bbox 1650 4431 1788 4471; x_wconf 88' lang='lat' dir='ltr'><strong>con-</strong></span> 
     </span>
    </p>
   </div>
   <div class='ocr_carea' id='block_1_72' title="bbox 165 4493 1786 4577">
    <p class='ocr_par' dir='ltr' id='par_1_72' title="bbox 165 4493 1786 4577">
     <span class='ocr_line' id='line_1_72' title="bbox 165 4493 1786 4577; baseline 0.01 -33"><span class='ocrx_word' id='word_1_558' title='bbox 165 4493 423 4567; x_wconf 87' lang='lat' dir='ltr'><strong>spirasse,</strong></span> <span class='ocrx_word' id='word_1_559' title='bbox 456 4506 519 4555; x_wconf 92' lang='lat' dir='ltr'><strong>ut</strong></span> <span class='ocrx_word' id='word_1_560' title='bbox 549 4517 672 4570; x_wconf 88' lang='lat' dir='ltr'><strong>eos,</strong></span> <span class='ocrx_word' id='word_1_561' title='bbox 708 4501 869 4556; x_wconf 90' lang='lat' dir='ltr'><strong>nullo</strong></span> <span class='ocrx_word' id='word_1_562' title='bbox 902 4501 1137 4558; x_wconf 86' lang='lat' dir='ltr'><strong>homine</strong></span> <span class='ocrx_word' id='word_1_563' title='bbox 1167 4503 1541 4571; x_wconf 86' lang='lat' dir='ltr'><strong>reclamante,</strong></span> <span class='ocrx_word' id='word_1_564' title='bbox 1577 4505 1786 4577; x_wconf 84' lang='lat' dir='ltr'><strong>depra-</strong></span> 
     </span>
    </p>
   </div>
   <div class='ocr_carea' id='block_1_73' title="bbox 163 4590 1789 4667">
    <p class='ocr_par' dir='ltr' id='par_1_73' title="bbox 163 4590 1789 4667">
     <span class='ocr_line' id='line_1_73' title="bbox 163 4590 1789 4667; baseline 0.008 -29"><span class='ocrx_word' id='word_1_565' title='bbox 163 4590 399 4645; x_wconf 85' lang='lat' dir='ltr'><strong>vaverint</strong></span> <span class='ocrx_word' id='word_1_566' title='bbox 448 4598 626 4663; x_wconf 88' lang='lat' dir='ltr'><strong>atque</strong></span> <span class='ocrx_word' id='word_1_567' title='bbox 680 4592 1129 4650; x_wconf 84' lang='lat' dir='ltr'><strong>adulterarint?</strong></span> <span class='ocrx_word' id='word_1_568' title='bbox 1175 4593 1437 4667; x_wconf 84' lang='lat' dir='ltr'><strong>Denique</strong></span> <span class='ocrx_word' id='word_1_569' title='bbox 1496 4597 1789 4667; x_wconf 88' lang='lat' dir='ltr'><strong>quomodo</strong></span> 
     </span>
    </p>
   </div>
   <div class='ocr_carea' id='block_1_74' title="bbox 1898 3427 3545 3503">
    <p class='ocr_par' dir='ltr' id='par_1_74' title="bbox 1898 3427 3545 3503">
     <span class='ocr_line' id='line_1_74' title="bbox 1898 3427 3545 3503; baseline -0.001 -20"><span class='ocrx_word' id='word_1_570' title='bbox 1898 3427 2071 3486; x_wconf 89' lang='lat' dir='ltr'><strong>istius</strong></span> <span class='ocrx_word' id='word_1_571' title='bbox 2102 3430 2338 3486; x_wconf 88' lang='lat' dir='ltr'><strong>cerebro</strong></span> <span class='ocrx_word' id='word_1_572' title='bbox 2370 3432 2656 3503; x_wconf 89' lang='lat' dir='ltr'><strong>prodiere,</strong></span> <span class='ocrx_word' id='word_1_573' title='bbox 2688 3446 2722 3485; x_wconf 89' lang='lat' dir='ltr'><strong>a</strong></span> <span class='ocrx_word' id='word_1_574' title='bbox 2753 3428 3053 3501; x_wconf 86' lang='lat' dir='ltr'><strong>Scriptura</strong></span> <span class='ocrx_word' id='word_1_575' title='bbox 3083 3428 3292 3497; x_wconf 87' lang='lat' dir='ltr'><strong>aliena,</strong></span> <span class='ocrx_word' id='word_1_576' title='bbox 3320 3428 3390 3483; x_wconf 90' lang='lat' dir='ltr'><strong>ab</strong></span> <span class='ocrx_word' id='word_1_577' title='bbox 3422 3428 3545 3500; x_wconf 88' lang='lat' dir='ltr'><strong>ipso</strong></span> 
     </span>
    </p>
   </div>
   <div class='ocr_carea' id='block_1_75' title="bbox 1898 3516 3548 3591">
    <p class='ocr_par' dir='ltr' id='par_1_75' title="bbox 1898 3516 3548 3591">
     <span class='ocr_line' id='line_1_75' title="bbox 1898 3516 3548 3591; baseline -0.002 -16"><span class='ocrx_word' id='word_1_578' title='bbox 1898 3518 2075 3591; x_wconf 90' lang='lat' dir='ltr'><strong>hujus</strong></span> <span class='ocrx_word' id='word_1_579' title='bbox 2104 3518 2283 3576; x_wconf 86' lang='lat' dir='ltr'><strong>stelle</strong></span> <span class='ocrx_word' id='word_1_580' title='bbox 2319 3537 2427 3575; x_wconf 90' lang='lat' dir='ltr'><strong>usu</strong></span> <span class='ocrx_word' id='word_1_581' title='bbox 2463 3520 2858 3587; x_wconf 85' lang='lat' dir='ltr'><strong>abhorrentia,</strong></span> <span class='ocrx_word' id='word_1_582' title='bbox 2892 3520 2961 3574; x_wconf 90' lang='lat' dir='ltr'><strong>ad</strong></span> <span class='ocrx_word' id='word_1_583' title='bbox 3023 3520 3259 3575; x_wconf 89' lang='lat' dir='ltr'><strong>domum</strong></span> <span class='ocrx_word' id='word_1_584' title='bbox 3322 3516 3548 3573; x_wconf 90' lang='lat' dir='ltr'><strong>scilicet</strong></span> 
     </span>
    </p>
   </div>
   <div class='ocr_carea' id='block_1_76' title="bbox 1899 3609 3546 3683">
    <p class='ocr_par' dir='ltr' id='par_1_76' title="bbox 1899 3609 3546 3683">
     <span class='ocr_line' id='line_1_76' title="bbox 1899 3609 3546 3683; baseline -0.001 -16"><span class='ocrx_word' id='word_1_585' title='bbox 1899 3610 2260 3667; x_wconf 89' lang='lat' dir='ltr'><strong>Bethlehemi</strong></span> <span class='ocrx_word' id='word_1_586' title='bbox 2294 3612 2691 3669; x_wconf 89' lang='lat' dir='ltr'><strong>indicandam.</strong></span> <span class='ocrx_word' id='word_1_587' title='bbox 2726 3633 2755 3663; x_wconf 84' lang='lat'><strong><em>»</em></strong></span> <span class='ocrx_word' id='word_1_588' title='bbox 2785 3611 2946 3675; x_wconf 90' lang='lat' dir='ltr'><strong>Quod</strong></span> <span class='ocrx_word' id='word_1_589' title='bbox 2979 3612 3215 3682; x_wconf 88' lang='lat' dir='ltr'><strong>quidem</strong></span> <span class='ocrx_word' id='word_1_590' title='bbox 3276 3609 3382 3666; x_wconf 88' lang='lat' dir='ltr'><strong>hac</strong></span> <span class='ocrx_word' id='word_1_591' title='bbox 3413 3626 3546 3683; x_wconf 91' lang='lat' dir='ltr'><strong>pro-</strong></span> 
     </span>
    </p>
   </div>
   <div class='ocr_carea' id='block_1_77' title="bbox 1899 3696 3547 3770">
    <p class='ocr_par' dir='ltr' id='par_1_77' title="bbox 1899 3696 3547 3770">
     <span class='ocr_line' id='line_1_77' title="bbox 1899 3696 3547 3770; baseline 0 -17"><span class='ocrx_word' id='word_1_592' title='bbox 1899 3696 1998 3754; x_wconf 87' lang='lat' dir='ltr'><strong>bat</strong></span> <span class='ocrx_word' id='word_1_593' title='bbox 2046 3700 2321 3756; x_wconf 84' lang='lat' dir='ltr'><strong>ratione:</strong></span> <span class='ocrx_word' id='word_1_594' title='bbox 2365 3721 2394 3749; x_wconf 84' lang='lat'><strong><em>«</em></strong></span> <span class='ocrx_word' id='word_1_595' title='bbox 2453 3698 2803 3754; x_wconf 86' lang='lat' dir='ltr'><strong>Absurditas</strong></span> <span class='ocrx_word' id='word_1_596' title='bbox 2854 3699 2988 3754; x_wconf 91' lang='lat' dir='ltr'><strong>inde</strong></span> <span class='ocrx_word' id='word_1_597' title='bbox 3046 3702 3227 3770; x_wconf 89' lang='lat' dir='ltr'><strong>patet,</strong></span> <span class='ocrx_word' id='word_1_598' title='bbox 3278 3697 3436 3769; x_wconf 90' lang='lat' dir='ltr'><strong>quod</strong></span> <span class='ocrx_word' id='word_1_599' title='bbox 3479 3714 3547 3753; x_wconf 88' lang='lat' dir='ltr'><strong>ea</strong></span> 
     </span>
    </p>
   </div>
   <div class='ocr_carea' id='block_1_78' title="bbox 1897 3787 3544 3861">
    <p class='ocr_par' dir='ltr' id='par_1_78' title="bbox 1897 3787 3544 3861">
     <span class='ocr_line' id='line_1_78' title="bbox 1897 3787 3544 3861; baseline 0 -18"><span class='ocrx_word' id='word_1_600' title='bbox 1897 3787 2777 3861; x_wconf 87' lang='lat' dir='ltr'><strong>Christianoruminterpretum</strong></span> <span class='ocrx_word' id='word_1_601' title='bbox 2834 3804 3028 3853; x_wconf 90' lang='lat' dir='ltr'><strong>nemo,</strong></span> <span class='ocrx_word' id='word_1_602' title='bbox 3089 3789 3243 3860; x_wconf 91' lang='lat' dir='ltr'><strong>quod</strong></span> <span class='ocrx_word' id='word_1_603' title='bbox 3305 3789 3544 3859; x_wconf 90' lang='lat' dir='ltr'><strong>quidem</strong></span> 
     </span>
    </p>
   </div>
   <div class='ocr_carea' id='block_1_79' title="bbox 1898 3877 3545 3951">
    <p class='ocr_par' dir='ltr' id='par_1_79' title="bbox 1898 3877 3545 3951">
     <span class='ocr_line' id='line_1_79' title="bbox 1898 3877 3545 3951; baseline -0.001 -18"><span class='ocrx_word' id='word_1_604' title='bbox 1898 3878 2105 3947; x_wconf 89' lang='lat' dir='ltr'><strong>sciam,</strong></span> <span class='ocrx_word' id='word_1_605' title='bbox 2139 3884 2400 3947; x_wconf 89' lang='lat' dir='ltr'><strong>secutus,</strong></span> <span class='ocrx_word' id='word_1_606' title='bbox 2436 3879 2540 3951; x_wconf 91' lang='lat' dir='ltr'><strong>qui</strong></span> <span class='ocrx_word' id='word_1_607' title='bbox 2577 3883 2694 3933; x_wconf 90' lang='lat' dir='ltr'><strong>tam</strong></span> <span class='ocrx_word' id='word_1_608' title='bbox 2751 3877 2918 3932; x_wconf 90' lang='lat' dir='ltr'><strong>multi</strong></span> <span class='ocrx_word' id='word_1_609' title='bbox 2981 3877 3052 3933; x_wconf 89' lang='lat' dir='ltr'><strong>de</strong></span> <span class='ocrx_word' id='word_1_610' title='bbox 3099 3877 3268 3933; x_wconf 86' lang='lat' dir='ltr'><strong>stella</strong></span> <span class='ocrx_word' id='word_1_611' title='bbox 3325 3877 3545 3948; x_wconf 91' lang='lat' dir='ltr'><strong>aliquid</strong></span> 
     </span>
    </p>
   </div>
   <div class='ocr_carea' id='block_1_80' title="bbox 1897 3966 3545 4031">
    <p class='ocr_par' dir='ltr' id='par_1_80' title="bbox 1897 3966 3545 4031">
     <span class='ocr_line' id='line_1_80' title="bbox 1897 3966 3545 4031; baseline -0.001 -9"><span class='ocrx_word' id='word_1_612' title='bbox 1897 3968 2275 4023; x_wconf 88' lang='lat' dir='ltr'><strong>commentati</strong></span> <span class='ocrx_word' id='word_1_613' title='bbox 2300 3972 2455 4023; x_wconf 82' lang='lat' dir='ltr'><strong>sunt.</strong></span> <span class='ocrx_word' id='word_1_614' title='bbox 2492 3989 2520 4017; x_wconf 88' lang='grc'><strong>››</strong></span> <span class='ocrx_word' id='word_1_615' title='bbox 2554 3967 2661 4031; x_wconf 91' lang='lat' dir='ltr'><strong>Qui</strong></span> <span class='ocrx_word' id='word_1_616' title='bbox 2694 3982 2809 4021; x_wconf 89' lang='lat' dir='ltr'><strong>non</strong></span> <span class='ocrx_word' id='word_1_617' title='bbox 2845 3966 3091 4021; x_wconf 88' lang='lat' dir='ltr'><strong>miretur</strong></span> <span class='ocrx_word' id='word_1_618' title='bbox 3112 3966 3391 4021; x_wconf 83' lang='lat' dir='ltr'><strong>Dalleum</strong></span> <span class='ocrx_word' id='word_1_619' title='bbox 3424 3982 3545 4021; x_wconf 86' lang='lat' dir='ltr'><strong>om-</strong></span> 
     </span>
    </p>
   </div>
   <div class='ocr_carea' id='block_1_81' title="bbox 1898 4055 3542 4129">
    <p class='ocr_par' dir='ltr' id='par_1_81' title="bbox 1898 4055 3542 4129">
     <span class='ocr_line' id='line_1_81' title="bbox 1898 4055 3542 4129; baseline -0.001 -18"><span class='ocrx_word' id='word_1_620' title='bbox 1898 4056 2120 4128; x_wconf 84' lang='lat' dir='ltr'><strong>nigene</strong></span> <span class='ocrx_word' id='word_1_621' title='bbox 2154 4055 2443 4126; x_wconf 90' lang='lat' dir='ltr'><strong>lectionis,</strong></span> <span class='ocrx_word' id='word_1_622' title='bbox 2464 4067 2529 4112; x_wconf 84' lang='lat' dir='ltr'><strong>ut</strong></span> <span class='ocrx_word' id='word_1_623' title='bbox 2550 4058 2659 4113; x_wconf 86' lang='lat' dir='ltr'><strong>sibi</strong></span> <span class='ocrx_word' id='word_1_624' title='bbox 2685 4056 2921 4129; x_wconf 88' lang='lat' dir='ltr'><strong>quidem</strong></span> <span class='ocrx_word' id='word_1_625' title='bbox 2945 4056 3195 4123; x_wconf 88' lang='lat' dir='ltr'><strong>videtur,</strong></span> <span class='ocrx_word' id='word_1_626' title='bbox 3222 4055 3542 4119; x_wconf 84' lang='lat' dir='ltr'><strong>hominem,</strong></span> 
     </span>
    </p>
   </div>
   <div class='ocr_carea' id='block_1_82' title="bbox 1900 4145 3544 4219">
    <p class='ocr_par' dir='ltr' id='par_1_82' title="bbox 1900 4145 3544 4219">
     <span class='ocr_line' id='line_1_82' title="bbox 1900 4145 3544 4219; baseline -0.003 -16"><span class='ocrx_word' id='word_1_627' title='bbox 1900 4148 2122 4203; x_wconf 90' lang='lat' dir='ltr'><strong>necisse</strong></span> <span class='ocrx_word' id='word_1_628' title='bbox 2152 4147 2306 4219; x_wconf 87' lang='lat' dir='ltr'><strong>apud</strong></span> <span class='ocrx_word' id='word_1_629' title='bbox 2337 4146 2690 4203; x_wconf 88' lang='lat' dir='ltr'><strong>Clementem</strong></span> <span class='ocrx_word' id='word_1_630' title='bbox 2726 4145 3179 4202; x_wconf 82' lang='lat' dir='ltr'><strong>Alexandrinum</strong></span> <span class='ocrx_word' id='word_1_631' title='bbox 3212 4160 3312 4199; x_wconf 91' lang='lat' dir='ltr'><strong>seu</strong></span> <span class='ocrx_word' id='word_1_632' title='bbox 3347 4148 3544 4199; x_wconf 89' lang='lat' dir='ltr'><strong>aucto-</strong></span> 
     </span>
    </p>
   </div>
   <div class='ocr_carea' id='block_1_83' title="bbox 1896 4234 3545 4309">
    <p class='ocr_par' dir='ltr' id='par_1_83' title="bbox 1896 4234 3545 4309">
     <span class='ocr_line' id='line_1_83' title="bbox 1896 4234 3545 4309; baseline -0.002 -17"><span class='ocrx_word' id='word_1_633' title='bbox 1896 4253 2018 4292; x_wconf 90' lang='lat' dir='ltr'><strong>rem</strong></span> <span class='ocrx_word' id='word_1_634' title='bbox 2050 4239 2331 4309; x_wconf 76' lang='lat' dir='ltr'><strong>Excerpi.,</strong></span> <span class='ocrx_word' id='word_1_635' title='bbox 2366 4241 2613 4292; x_wconf 91' lang='lat' dir='ltr'><strong>Leonem</strong></span> <span class='ocrx_word' id='word_1_636' title='bbox 2646 4235 2920 4308; x_wconf 85' lang='lat' dir='ltr'><strong>Magnum</strong></span> <span class='ocrx_word' id='word_1_637' title='bbox 2952 4251 3127 4291; x_wconf 88' lang='lat' dir='ltr'><strong>serm.</strong></span> <span class='ocrx_word' id='word_1_638' title='bbox 3174 4234 3310 4290; x_wconf 78' lang='lat' dir='ltr'><strong>iDe</strong></span> <span class='ocrx_word' id='word_1_639' title='bbox 3345 4234 3545 4301; x_wconf 84' lang='lat' dir='ltr'><strong>nativ.,</strong></span> 
     </span>
    </p>
   </div>
   <div class='ocr_carea' id='block_1_84' title="bbox 1899 4326 3543 4402">
    <p class='ocr_par' dir='ltr' id='par_1_84' title="bbox 1899 4326 3543 4402">
     <span class='ocr_line' id='line_1_84' title="bbox 1899 4326 3543 4402; baseline -0.002 -15"><span class='ocrx_word' id='word_1_640' title='bbox 1899 4330 2212 4387; x_wconf 79' lang='lat' dir='ltr'><strong>Maximum</strong></span> <span class='ocrx_word' id='word_1_641' title='bbox 2241 4346 2418 4386; x_wconf 90' lang='lat' dir='ltr'><strong>serm.</strong></span> <span class='ocrx_word' id='word_1_642' title='bbox 2452 4331 2506 4398; x_wconf 91' lang='lat'><strong>3,</strong></span> <span class='ocrx_word' id='word_1_643' title='bbox 2540 4347 2645 4386; x_wconf 87' lang='lat' dir='ltr'><strong>nec</strong></span> <span class='ocrx_word' id='word_1_644' title='bbox 2677 4346 2792 4385; x_wconf 91' lang='lat' dir='ltr'><strong>non</strong></span> <span class='ocrx_word' id='word_1_645' title='bbox 2827 4329 3307 4402; x_wconf 81' lang='lat' dir='ltr'><strong>Chrysostomum</strong></span> <span class='ocrx_word' id='word_1_646' title='bbox 3339 4326 3543 4383; x_wconf 90' lang='lat' dir='ltr'><strong>homil.</strong></span> 
     </span>
    </p>
   </div>
   <div class='ocr_carea' id='block_1_85' title="bbox 1895 4418 3545 4493">
    <p class='ocr_par' dir='ltr' id='par_1_85' title="bbox 1895 4418 3545 4493">
     <span class='ocr_line' id='line_1_85' title="bbox 1895 4418 3545 4493; baseline 0 -18"><span class='ocrx_word' id='word_1_647' title='bbox 1895 4418 1929 4475; x_wconf 87' lang='lat'><strong>6</strong></span> <span class='ocrx_word' id='word_1_648' title='bbox 1958 4423 2020 4476; x_wconf 87' lang='lat' dir='ltr'><strong>in</strong></span> <span class='ocrx_word' id='word_1_649' title='bbox 2048 4420 2257 4488; x_wconf 64' lang='lat' dir='ltr'><strong>Matth,</strong></span> <span class='ocrx_word' id='word_1_650' title='bbox 2298 4421 2489 4477; x_wconf 90' lang='lat' dir='ltr'><strong>eadem</strong></span> <span class='ocrx_word' id='word_1_651' title='bbox 2510 4421 2598 4477; x_wconf 90' lang='lat' dir='ltr'><strong>vel</strong></span> <span class='ocrx_word' id='word_1_652' title='bbox 2632 4421 2803 4493; x_wconf 89' lang='lat' dir='ltr'><strong>plura</strong></span> <span class='ocrx_word' id='word_1_653' title='bbox 2833 4421 3050 4479; x_wconf 89' lang='lat' dir='ltr'><strong>similia</strong></span> <span class='ocrx_word' id='word_1_654' title='bbox 3079 4422 3150 4477; x_wconf 89' lang='lat' dir='ltr'><strong>de</strong></span> <span class='ocrx_word' id='word_1_655' title='bbox 3181 4421 3361 4493; x_wconf 89' lang='lat' dir='ltr'><strong>hujus</strong></span> <span class='ocrx_word' id='word_1_656' title='bbox 3396 4419 3545 4477; x_wconf 89' lang='lat' dir='ltr'><strong>stel-</strong></span> 
     </span>
    </p>
   </div>
   <div class='ocr_carea' id='block_1_86' title="bbox 1895 4508 3546 4583">
    <p class='ocr_par' dir='ltr' id='par_1_86' title="bbox 1895 4508 3546 4583">
     <span class='ocr_line' id='line_1_86' title="bbox 1895 4508 3546 4583; baseline 0.002 -20"><span class='ocrx_word' id='word_1_657' title='bbox 1895 4508 1962 4564; x_wconf 81' lang='lat' dir='ltr'><strong>le</strong></span> <span class='ocrx_word' id='word_1_658' title='bbox 1985 4510 2344 4582; x_wconf 85' lang='lat' dir='ltr'><strong>apparitione</strong></span> <span class='ocrx_word' id='word_1_659' title='bbox 2371 4527 2488 4566; x_wconf 93' lang='lat' dir='ltr'><strong>non</strong></span> <span class='ocrx_word' id='word_1_660' title='bbox 2520 4527 2690 4567; x_wconf 90' lang='lat' dir='ltr'><strong>secus</strong></span> <span class='ocrx_word' id='word_1_661' title='bbox 2722 4515 2897 4583; x_wconf 90' lang='lat' dir='ltr'><strong>atque</strong></span> <span class='ocrx_word' id='word_1_662' title='bbox 2929 4512 3083 4583; x_wconf 85' lang='lat' dir='ltr'><strong>apud</strong></span> <span class='ocrx_word' id='word_1_663' title='bbox 3136 4512 3425 4583; x_wconf 85' lang='lat' dir='ltr'><strong>ignatium</strong></span> <span class='ocrx_word' id='word_1_664' title='bbox 3457 4527 3546 4567; x_wconf 90' lang='lat' dir='ltr'><strong>re-</strong></span> 
     </span>
    </p>
   </div>
   <div class='ocr_carea' id='block_1_87' title="bbox 1899 4600 3543 4675">
    <p class='ocr_par' dir='ltr' id='par_1_87' title="bbox 1899 4600 3543 4675">
     <span class='ocr_line' id='line_1_87' title="bbox 1899 4600 3543 4675; baseline 0.002 -21"><span class='ocrx_word' id='word_1_665' title='bbox 1899 4600 2096 4672; x_wconf 87' lang='lat' dir='ltr'><strong>periri.</strong></span> <span class='ocrx_word' id='word_1_666' title='bbox 2128 4600 2292 4669; x_wconf 88' lang='lat' dir='ltr'><strong>Quod</strong></span> <span class='ocrx_word' id='word_1_667' title='bbox 2316 4606 2468 4657; x_wconf 90' lang='lat' dir='ltr'><strong>certe</strong></span> <span class='ocrx_word' id='word_1_668' title='bbox 2500 4618 2568 4657; x_wconf 86' lang='lat' dir='ltr'><strong>ex</strong></span> <span class='ocrx_word' id='word_1_669' title='bbox 2590 4601 2715 4658; x_wconf 87' lang='lat' dir='ltr'><strong>sola</strong></span> <span class='ocrx_word' id='word_1_670' title='bbox 2736 4602 3020 4670; x_wconf 91' lang='lat' dir='ltr'><strong>locorum,</strong></span> <span class='ocrx_word' id='word_1_671' title='bbox 3044 4620 3170 4675; x_wconf 88' lang='lat' dir='ltr'><strong>que</strong></span> <span class='ocrx_word' id='word_1_672' title='bbox 3193 4602 3543 4673; x_wconf 83' lang='lat' dir='ltr'><strong>indicamus,</strong></span> 
     </span>
    </p>
   </div>
   <div class='ocr_carea' id='block_1_88' title="bbox 166 4676 3545 4765">
    <p class='ocr_par' dir='ltr' id='par_1_88' title="bbox 166 4676 3545 4765">
     <span class='ocr_line' id='line_1_88' title="bbox 166 4676 3545 4765; baseline 0.005 -36"><span class='ocrx_word' id='word_1_673' title='bbox 166 4676 407 4749; x_wconf 84' lang='lat' dir='ltr'><strong>Ruﬁnus,</strong></span> <span class='ocrx_word' id='word_1_674' title='bbox 440 4686 495 4737; x_wconf 91' lang='lat' dir='ltr'><strong>et</strong></span> <span class='ocrx_word' id='word_1_675' title='bbox 528 4699 924 4741; x_wconf 85' lang='lat' dir='ltr'><strong>amanuenses</strong></span> <span class='ocrx_word' id='word_1_676' title='bbox 952 4683 1176 4740; x_wconf 76' lang='lat' dir='ltr'><strong>librarii</strong></span> <span class='ocrx_word' id='word_1_677' title='bbox 1208 4684 1460 4741; x_wconf 90' lang='lat' dir='ltr'><strong>Eusebio</strong></span> <span class='ocrx_word' id='word_1_678' title='bbox 1513 4685 1792 4742; x_wconf 88' lang='lat' dir='ltr'><strong>oculatio-</strong></span> <span class='ocrx_word' id='word_1_679' title='bbox 1821 4697 1867 4762; x_wconf 83' lang='lat' dir='ltr'><strong>D</strong></span> <span class='ocrx_word' id='word_1_680' title='bbox 1902 4692 2051 4745; x_wconf 85' lang='lat' dir='ltr'><strong>facta</strong></span> <span class='ocrx_word' id='word_1_681' title='bbox 2082 4690 2236 4746; x_wconf 85' lang='lat' dir='ltr'><strong>inter</strong></span> <span class='ocrx_word' id='word_1_682' title='bbox 2267 4706 2329 4747; x_wconf 91' lang='lat' dir='ltr'><strong>se</strong></span> <span class='ocrx_word' id='word_1_683' title='bbox 2360 4691 2781 4762; x_wconf 89' lang='lat' dir='ltr'><strong>compositione</strong></span> <span class='ocrx_word' id='word_1_684' title='bbox 2838 4693 3083 4749; x_wconf 88' lang='lat' dir='ltr'><strong>cuilibet</strong></span> <span class='ocrx_word' id='word_1_685' title='bbox 3135 4692 3545 4765; x_wconf 84' lang='lat' dir='ltr'><strong>quantumvis-</strong></span> 
     </span>
    </p>
   </div>
   <div class='ocr_carea' id='block_1_89' title="bbox 168 4771 1790 4846">
    <p class='ocr_par' dir='ltr' id='par_1_89' title="bbox 168 4771 1790 4846">
     <span class='ocr_line' id='line_1_89' title="bbox 168 4771 1790 4846; baseline 0.009 -29"><span class='ocrx_word' id='word_1_686' title='bbox 168 4780 247 4820; x_wconf 89' lang='lat' dir='ltr'><strong>res</strong></span> <span class='ocrx_word' id='word_1_687' title='bbox 274 4775 327 4823; x_wconf 90' lang='lat' dir='ltr'><strong>et</strong></span> <span class='ocrx_word' id='word_1_688' title='bbox 358 4772 644 4828; x_wconf 89' lang='lat' dir='ltr'><strong>doctiores</strong></span> <span class='ocrx_word' id='word_1_689' title='bbox 679 4772 757 4828; x_wconf 90' lang='lat' dir='ltr'><strong>ita</strong></span> <span class='ocrx_word' id='word_1_690' title='bbox 782 4771 1018 4828; x_wconf 87' lang='lat' dir='ltr'><strong>fuerunt</strong></span> <span class='ocrx_word' id='word_1_691' title='bbox 1050 4789 1065 4841; x_wconf 86' lang='lat'><strong>;</strong></span> <span class='ocrx_word' id='word_1_692' title='bbox 1101 4778 1164 4828; x_wconf 90' lang='lat' dir='ltr'><strong>ut</strong></span> <span class='ocrx_word' id='word_1_693' title='bbox 1186 4774 1341 4846; x_wconf 88' lang='lat' dir='ltr'><strong>quod</strong></span> <span class='ocrx_word' id='word_1_694' title='bbox 1366 4772 1465 4829; x_wconf 90' lang='lat' dir='ltr'><strong>ille</strong></span> <span class='ocrx_word' id='word_1_695' title='bbox 1496 4774 1790 4845; x_wconf 88' lang='lat' dir='ltr'><strong>nescierit,</strong></span> 
     </span>
    </p>
   </div>
   <div class='ocr_carea' id='block_1_90' title="bbox 168 4850 1790 4936">
    <p class='ocr_par' dir='ltr' id='par_1_90' title="bbox 168 4850 1790 4936">
     <span class='ocr_line' id='line_1_90' title="bbox 168 4850 1790 4936; baseline 0.009 -32"><span class='ocrx_word' id='word_1_696' title='bbox 168 4850 244 4907; x_wconf 89' lang='lat' dir='ltr'><strong>illi</strong></span> <span class='ocrx_word' id='word_1_697' title='bbox 281 4858 599 4918; x_wconf 86' lang='lat' dir='ltr'><strong>certissime</strong></span> <span class='ocrx_word' id='word_1_698' title='bbox 632 4862 996 4934; x_wconf 83' lang='lat' dir='ltr'><strong>agnoverint,</strong></span> <span class='ocrx_word' id='word_1_699' title='bbox 1036 4878 1233 4918; x_wconf 91' lang='lat' dir='ltr'><strong>vocem</strong></span> <span class='ocrx_word' id='word_1_700' title='bbox 1268 4859 1410 4917; x_wconf 78' lang='grc' dir='ltr'><strong>εἶδον</strong></span> <span class='ocrx_word' id='word_1_701' title='bbox 1457 4864 1526 4919; x_wconf 91' lang='lat' dir='ltr'><strong>de</strong></span> <span class='ocrx_word' id='word_1_702' title='bbox 1567 4863 1790 4936; x_wconf 86' lang='lat' dir='ltr'><strong>Ignatio</strong></span> 
     </span>
    </p>
   </div>
   <div class='ocr_carea' id='block_1_91' title="bbox 169 4943 1792 5025">
    <p class='ocr_par' dir='ltr' id='par_1_91' title="bbox 169 4943 1792 5025">
     <span class='ocr_line' id='line_1_91' title="bbox 169 4943 1792 5025; baseline 0.007 -28"><span class='ocrx_word' id='word_1_703' title='bbox 169 4943 382 5011; x_wconf 89' lang='lat' dir='ltr'><strong>penitus</strong></span> <span class='ocrx_word' id='word_1_704' title='bbox 413 4950 587 5006; x_wconf 90' lang='lat' dir='ltr'><strong>scribi</strong></span> <span class='ocrx_word' id='word_1_705' title='bbox 623 4968 741 5007; x_wconf 92' lang='lat' dir='ltr'><strong>non</strong></span> <span class='ocrx_word' id='word_1_706' title='bbox 778 4952 1065 5025; x_wconf 89' lang='lat' dir='ltr'><strong>potuisse.</strong></span> <span class='ocrx_word' id='word_1_707' title='bbox 1098 4955 1222 5008; x_wconf 84' lang='lat' dir='ltr'><strong>Huc</strong></span> <span class='ocrx_word' id='word_1_708' title='bbox 1265 4952 1413 5009; x_wconf 89' lang='lat' dir='ltr'><strong>adde</strong></span> <span class='ocrx_word' id='word_1_709' title='bbox 1461 4952 1792 5011; x_wconf 87' lang='lat' dir='ltr'><strong>eruditissi-</strong></span> 
     </span>
    </p>
   </div>
   <div class='ocr_carea' id='block_1_92' title="bbox 173 5037 1793 5099">
    <p class='ocr_par' dir='ltr' id='par_1_92' title="bbox 173 5037 1793 5099">
     <span class='ocr_line' id='line_1_92' title="bbox 173 5037 1793 5099; baseline 0.008 -15"><span class='ocrx_word' id='word_1_710' title='bbox 173 5044 316 5089; x_wconf 86' lang='lat' dir='ltr'><strong>mum</strong></span> <span class='ocrx_word' id='word_1_711' title='bbox 350 5037 776 5095; x_wconf 87' lang='lat' dir='ltr'><strong>Theodoretum</strong></span> <span class='ocrx_word' id='word_1_712' title='bbox 806 5040 865 5096; x_wconf 90' lang='lat' dir='ltr'><strong>in</strong></span> <span class='ocrx_word' id='word_1_713' title='bbox 891 5041 1088 5097; x_wconf 86' lang='lat' dir='ltr'><strong>Greca</strong></span> <span class='ocrx_word' id='word_1_714' title='bbox 1106 5041 1339 5097; x_wconf 90' lang='lat' dir='ltr'><strong>Eusebii</strong></span> <span class='ocrx_word' id='word_1_715' title='bbox 1372 5041 1623 5098; x_wconf 86' lang='lat' dir='ltr'><strong>Historia</strong></span> <span class='ocrx_word' id='word_1_716' title='bbox 1651 5058 1793 5099; x_wconf 90' lang='lat' dir='ltr'><strong>con-</strong></span> 
     </span>
    </p>
   </div>
   <div class='ocr_carea' id='block_1_93' title="bbox 172 5122 1794 5201">
    <p class='ocr_par' dir='ltr' id='par_1_93' title="bbox 172 5122 1794 5201">
     <span class='ocr_line' id='line_1_93' title="bbox 172 5122 1794 5201; baseline 0.009 -29"><span class='ocrx_word' id='word_1_717' title='bbox 172 5122 371 5180; x_wconf 85' lang='lat' dir='ltr'><strong>stanter</strong></span> <span class='ocrx_word' id='word_1_718' title='bbox 396 5125 606 5199; x_wconf 86' lang='lat' dir='ltr'><strong>legisse</strong></span> <span class='ocrx_word' id='word_1_719' title='bbox 638 5124 786 5198; x_wconf 71' lang='grc' dir='ltr'><strong>οἶδα,</strong></span> <span class='ocrx_word' id='word_1_720' title='bbox 816 5134 873 5185; x_wconf 90' lang='lat' dir='ltr'><strong>et</strong></span> <span class='ocrx_word' id='word_1_721' title='bbox 932 5130 1310 5201; x_wconf 88' lang='lat' dir='ltr'><strong>pervolutatis</strong></span> <span class='ocrx_word' id='word_1_722' title='bbox 1359 5131 1564 5201; x_wconf 86' lang='lat' dir='ltr'><strong>Ignatii</strong></span> <span class='ocrx_word' id='word_1_723' title='bbox 1608 5130 1794 5187; x_wconf 90' lang='lat' dir='ltr'><strong>nostri</strong></span> 
     </span>
    </p>
   </div>
   <div class='ocr_carea' id='block_1_94' title="bbox 172 5212 1795 5293">
    <p class='ocr_par' dir='ltr' id='par_1_94' title="bbox 172 5212 1795 5293">
     <span class='ocr_line' id='line_1_94' title="bbox 172 5212 1795 5293; baseline 0.007 -28"><span class='ocrx_word' id='word_1_724' title='bbox 172 5212 430 5285; x_wconf 77' lang='lat' dir='ltr'><strong>epistolis,</strong></span> <span class='ocrx_word' id='word_1_725' title='bbox 462 5218 608 5274; x_wconf 91' lang='lat' dir='ltr'><strong>nihil</strong></span> <span class='ocrx_word' id='word_1_726' title='bbox 633 5220 689 5273; x_wconf 91' lang='lat' dir='ltr'><strong>in</strong></span> <span class='ocrx_word' id='word_1_727' title='bbox 724 5219 959 5275; x_wconf 90' lang='lat' dir='ltr'><strong>Eusebii</strong></span> <span class='ocrx_word' id='word_1_728' title='bbox 992 5224 1151 5275; x_wconf 81' lang='lat' dir='ltr'><strong>textu</strong></span> <span class='ocrx_word' id='word_1_729' title='bbox 1205 5220 1661 5293; x_wconf 88' lang='lat' dir='ltr'><strong>deprehendisse</strong></span> <span class='ocrx_word' id='word_1_730' title='bbox 1706 5220 1795 5277; x_wconf 91' lang='lat' dir='ltr'><strong>vel</strong></span> 
     </span>
    </p>
   </div>
   <div class='ocr_carea' id='block_1_95' title="bbox 178 5300 1165 5381">
    <p class='ocr_par' dir='ltr' id='par_1_95' title="bbox 178 5300 1165 5381">
     <span class='ocr_line' id='line_1_95' title="bbox 178 5300 1165 5381; baseline 0.012 -28"><span class='ocrx_word' id='word_1_731' title='bbox 178 5300 397 5360; x_wconf 76' lang='lat' dir='ltr'><strong>minima</strong></span> <span class='ocrx_word' id='word_1_732' title='bbox 426 5312 841 5381; x_wconf 90' lang='lat' dir='ltr'><strong>corruptionne</strong></span> <span class='ocrx_word' id='word_1_733' title='bbox 866 5309 1165 5365; x_wconf 77' lang='lat' dir='ltr'><strong>imdatum.</strong></span> 
     </span>
    </p>
   </div>
   <div class='ocr_carea' id='block_1_96' title="bbox 237 5391 1797 5474">
    <p class='ocr_par' dir='ltr' id='par_1_96' title="bbox 237 5391 1797 5474">
     <span class='ocr_line' id='line_1_96' title="bbox 237 5391 1797 5474; baseline 0.009 -28"><span class='ocrx_word' id='word_1_734' title='bbox 237 5391 311 5447; x_wconf 80' lang='lat' dir='ltr'><strong>Ad</strong></span> <span class='ocrx_word' id='word_1_735' title='bbox 342 5397 783 5472; x_wconf 82' lang='lat' dir='ltr'><strong>Hieronymum,</strong></span> <span class='ocrx_word' id='word_1_736' title='bbox 829 5404 1206 5471; x_wconf 88' lang='lat' dir='ltr'><strong>veteremque</strong></span> <span class='ocrx_word' id='word_1_737' title='bbox 1252 5399 1462 5470; x_wconf 82' lang='lat' dir='ltr'><strong>Ignatii</strong></span> <span class='ocrx_word' id='word_1_738' title='bbox 1509 5400 1797 5474; x_wconf 88' lang='lat' dir='ltr'><strong>interpre-</strong></span> 
     </span>
    </p>
   </div>
   <div class='ocr_carea' id='block_1_97' title="bbox 175 5478 1797 5563">
    <p class='ocr_par' dir='ltr' id='par_1_97' title="bbox 175 5478 1797 5563">
     <span class='ocr_line' id='line_1_97' title="bbox 175 5478 1797 5563; baseline 0.01 -29"><span class='ocrx_word' id='word_1_739' title='bbox 175 5478 273 5535; x_wconf 84' lang='lat' dir='ltr'><strong>tem</strong></span> <span class='ocrx_word' id='word_1_740' title='bbox 295 5486 439 5554; x_wconf 91' lang='lat' dir='ltr'><strong>quod</strong></span> <span class='ocrx_word' id='word_1_741' title='bbox 462 5492 708 5561; x_wconf 86' lang='lat' dir='ltr'><strong>spectat,</strong></span> <span class='ocrx_word' id='word_1_742' title='bbox 736 5487 893 5561; x_wconf 90' lang='lat' dir='ltr'><strong>apud</strong></span> <span class='ocrx_word' id='word_1_743' title='bbox 915 5505 1014 5547; x_wconf 89' lang='lat' dir='ltr'><strong>eos</strong></span> <span class='ocrx_word' id='word_1_744' title='bbox 1033 5489 1283 5547; x_wconf 89' lang='lat' dir='ltr'><strong>occurrit</strong></span> <span class='ocrx_word' id='word_1_745' title='bbox 1304 5491 1541 5563; x_wconf 89' lang='lat' dir='ltr'><strong>quidem</strong></span> <span class='ocrx_word' id='word_1_746' title='bbox 1557 5491 1797 5550; x_wconf 87' lang='lat' dir='ltr'><strong>verbum</strong></span> 
     </span>
    </p>
   </div>
   <div class='ocr_carea' id='block_1_98' title="bbox 1903 4779 2603 4854">
    <p class='ocr_par' dir='ltr' id='par_1_98' title="bbox 1903 4779 2603 4854">
     <span class='ocr_line' id='line_1_98' title="bbox 1903 4779 2603 4854; baseline 0.003 -19"><span class='ocrx_word' id='word_1_747' title='bbox 1903 4780 2187 4852; x_wconf 88' lang='lat' dir='ltr'><strong>pervicaci</strong></span> <span class='ocrx_word' id='word_1_748' title='bbox 2212 4779 2451 4854; x_wconf 90' lang='lat' dir='ltr'><strong>planum</strong></span> <span class='ocrx_word' id='word_1_749' title='bbox 2484 4782 2603 4837; x_wconf 83' lang='lat' dir='ltr'><strong>fiet.</strong></span> 
     </span>
    </p>
   </div>
   <div class='ocr_carea' id='block_1_99' title="bbox 1974 4870 3545 4943">
    <p class='ocr_par' dir='ltr' id='par_1_99' title="bbox 1974 4870 3545 4943">
     <span class='ocr_line' id='line_1_99' title="bbox 1974 4870 3545 4943; baseline 0.001 -18"><span class='ocrx_word' id='word_1_750' title='bbox 1974 4870 2140 4943; x_wconf 87' lang='lat' dir='ltr'><strong>Piget</strong></span> <span class='ocrx_word' id='word_1_751' title='bbox 2163 4888 2303 4927; x_wconf 89' lang='lat' dir='ltr'><strong>sane</strong></span> <span class='ocrx_word' id='word_1_752' title='bbox 2335 4872 2632 4943; x_wconf 88' lang='lat' dir='ltr'><strong>pudetque</strong></span> <span class='ocrx_word' id='word_1_753' title='bbox 2658 4887 2723 4927; x_wconf 90' lang='lat' dir='ltr'><strong>ea</strong></span> <span class='ocrx_word' id='word_1_754' title='bbox 2755 4873 3008 4929; x_wconf 84' lang='lat' dir='ltr'><strong>refutare</strong></span> <span class='ocrx_word' id='word_1_755' title='bbox 3037 4870 3125 4929; x_wconf 89' lang='lat' dir='ltr'><strong>vel</strong></span> <span class='ocrx_word' id='word_1_756' title='bbox 3156 4872 3332 4929; x_wconf 89' lang='lat' dir='ltr'><strong>etiam</strong></span> <span class='ocrx_word' id='word_1_757' title='bbox 3364 4872 3545 4930; x_wconf 87' lang='lat' dir='ltr'><strong>refer-</strong></span> 
     </span>
    </p>
   </div>
   <div class='ocr_carea' id='block_1_100' title="bbox 1904 4958 3548 5031">
    <p class='ocr_par' dir='ltr' id='par_1_100' title="bbox 1904 4958 3548 5031">
     <span class='ocr_line' id='line_1_100' title="bbox 1904 4958 3548 5031; baseline 0.002 -18"><span class='ocrx_word' id='word_1_758' title='bbox 1904 4975 1984 5024; x_wconf 91' lang='lat' dir='ltr'><strong>re,</strong></span> <span class='ocrx_word' id='word_1_759' title='bbox 2020 4976 2145 5030; x_wconf 86' lang='lat' dir='ltr'><strong>que</strong></span> <span class='ocrx_word' id='word_1_760' title='bbox 2175 4959 2375 5015; x_wconf 88' lang='lat' dir='ltr'><strong>subdit</strong></span> <span class='ocrx_word' id='word_1_761' title='bbox 2404 4958 2655 5016; x_wconf 86' lang='lat' dir='ltr'><strong>Dalleus</strong></span> <span class='ocrx_word' id='word_1_762' title='bbox 2686 4961 2731 4996; x_wconf 79' lang='lat'><strong>“</strong></span> <span class='ocrx_word' id='word_1_763' title='bbox 2755 4977 2767 5016; x_wconf 89' lang='lat'>:</span> <span class='ocrx_word' id='word_1_764' title='bbox 2792 4984 2819 5011; x_wconf 87' lang='lat'><strong>«</strong></span> <span class='ocrx_word' id='word_1_765' title='bbox 2855 4963 3059 5018; x_wconf 83' lang='lat' dir='ltr'><strong>Levius</strong></span> <span class='ocrx_word' id='word_1_766' title='bbox 3082 4965 3187 5031; x_wconf 89' lang='lat' dir='ltr'><strong>est,</strong></span> <span class='ocrx_word' id='word_1_767' title='bbox 3212 4963 3415 5031; x_wconf 80' lang='lat' dir='ltr'><strong>fateor,</strong></span> <span class='ocrx_word' id='word_1_768' title='bbox 3444 4961 3548 5016; x_wconf 90' lang='lat' dir='ltr'><strong>sed</strong></span> 
     </span>
    </p>
   </div>
   <div class='ocr_carea' id='block_1_101' title="bbox 1904 5048 3547 5124">
    <p class='ocr_par' dir='ltr' id='par_1_101' title="bbox 1904 5048 3547 5124">
     <span class='ocr_line' id='line_1_101' title="bbox 1904 5048 3547 5124; baseline 0.002 -21"><span class='ocrx_word' id='word_1_769' title='bbox 1904 5049 2129 5121; x_wconf 83' lang='lat' dir='ltr'><strong>Ignatio</strong></span> <span class='ocrx_word' id='word_1_770' title='bbox 2160 5065 2276 5105; x_wconf 93' lang='lat' dir='ltr'><strong>non</strong></span> <span class='ocrx_word' id='word_1_771' title='bbox 2302 5048 2448 5104; x_wconf 87' lang='lat' dir='ltr'><strong>satis</strong></span> <span class='ocrx_word' id='word_1_772' title='bbox 2479 5048 2746 5122; x_wconf 88' lang='lat' dir='ltr'><strong>dignum,</strong></span> <span class='ocrx_word' id='word_1_773' title='bbox 2782 5053 2938 5123; x_wconf 90' lang='lat' dir='ltr'><strong>quod</strong></span> <span class='ocrx_word' id='word_1_774' title='bbox 2989 5051 3134 5124; x_wconf 89' lang='lat' dir='ltr'><strong>ipse,</strong></span> <span class='ocrx_word' id='word_1_775' title='bbox 3182 5052 3343 5109; x_wconf 92' lang='lat' dir='ltr'><strong>nullo</strong></span> <span class='ocrx_word' id='word_1_776' title='bbox 3393 5057 3547 5107; x_wconf 88' lang='lat' dir='ltr'><strong>certo</strong></span> 
     </span>
    </p>
   </div>
   <div class='ocr_carea' id='block_1_102' title="bbox 1905 5137 3549 5210">
    <p class='ocr_par' dir='ltr' id='par_1_102' title="bbox 1905 5137 3549 5210">
     <span class='ocr_line' id='line_1_102' title="bbox 1905 5137 3549 5210; baseline 0.002 -18"><span class='ocrx_word' id='word_1_777' title='bbox 1905 5142 2165 5204; x_wconf 86' lang='lat' dir='ltr'><strong>auctore,</strong></span> <span class='ocrx_word' id='word_1_778' title='bbox 2198 5143 2493 5193; x_wconf 85' lang='lat' dir='ltr'><strong>asseverat</strong></span> <span class='ocrx_word' id='word_1_779' title='bbox 2547 5137 2838 5193; x_wconf 89' lang='lat' dir='ltr'><strong>Christum</strong></span> <span class='ocrx_word' id='word_1_780' title='bbox 2888 5148 3017 5210; x_wconf 86' lang='lat' dir='ltr'><strong>post</strong></span> <span class='ocrx_word' id='word_1_781' title='bbox 3062 5142 3549 5198; x_wconf 86' lang='lat' dir='ltr'><strong>resurrectionem</strong></span> 
     </span>
    </p>
   </div>
   <div class='ocr_carea' id='block_1_103' title="bbox 1907 5224 3552 5303">
    <p class='ocr_par' dir='ltr' id='par_1_103' title="bbox 1907 5224 3552 5303">
     <span class='ocr_line' id='line_1_103' title="bbox 1907 5224 3552 5303; baseline 0.002 -23"><span class='ocrx_word' id='word_1_782' title='bbox 1907 5226 2145 5283; x_wconf 88' lang='lat' dir='ltr'><strong>bibisse.</strong></span> <span class='ocrx_word' id='word_1_783' title='bbox 2169 5246 2194 5277; x_wconf 75' lang='grc' dir='ltr'>ι</span> <span class='ocrx_word' id='word_1_784' title='bbox 2223 5224 2372 5281; x_wconf 91' lang='lat' dir='ltr'><strong>lllud</strong></span> <span class='ocrx_word' id='word_1_785' title='bbox 2401 5231 2597 5282; x_wconf 85' lang='lat' dir='ltr'><strong>autem</strong></span> <span class='ocrx_word' id='word_1_786' title='bbox 2634 5227 2740 5283; x_wconf 89' lang='lat' dir='ltr'><strong>hoc</strong></span> <span class='ocrx_word' id='word_1_787' title='bbox 2772 5228 3165 5285; x_wconf 80' lang='lat' dir='ltr'><strong>subtilissima</strong></span> <span class='ocrx_word' id='word_1_788' title='bbox 3220 5232 3428 5303; x_wconf 89' lang='lat' dir='ltr'><strong>prohat</strong></span> <span class='ocrx_word' id='word_1_789' title='bbox 3460 5246 3552 5284; x_wconf 88' lang='lat' dir='ltr'><strong>ar-</strong></span> 
     </span>
    </p>
   </div>
   <div class='ocr_carea' id='block_1_104' title="bbox 1906 5315 3554 5388">
    <p class='ocr_par' dir='ltr' id='par_1_104' title="bbox 1906 5315 3554 5388">
     <span class='ocr_line' id='line_1_104' title="bbox 1906 5315 3554 5388; baseline 0.003 -19"><span class='ocrx_word' id='word_1_790' title='bbox 1906 5320 2183 5387; x_wconf 87' lang='lat' dir='ltr'><strong>gumento</strong></span> <span class='ocrx_word' id='word_1_791' title='bbox 2218 5332 2233 5372; x_wconf 91' lang='lat'><strong>:</strong></span> <span class='ocrx_word' id='word_1_792' title='bbox 2272 5336 2294 5367; x_wconf 77' lang='grc' dir='ltr'>ι</span> <span class='ocrx_word' id='word_1_793' title='bbox 2331 5319 2510 5371; x_wconf 83' lang='lat' dir='ltr'><strong>Lucas</strong></span> <span class='ocrx_word' id='word_1_794' title='bbox 2542 5315 2802 5388; x_wconf 86' lang='lat' dir='ltr'><strong>quidem,</strong></span> <span class='ocrx_word' id='word_1_795' title='bbox 2857 5317 2940 5372; x_wconf 91' lang='lat' dir='ltr'><strong>uti</strong></span> <span class='ocrx_word' id='word_1_796' title='bbox 2985 5316 3066 5372; x_wconf 87' lang='lat' dir='ltr'><strong>ait</strong></span> <span class='ocrx_word' id='word_1_797' title='bbox 3110 5317 3229 5383; x_wconf 91' lang='lat' dir='ltr'><strong>ille,</strong></span> <span class='ocrx_word' id='word_1_798' title='bbox 3270 5319 3476 5374; x_wconf 85' lang='lat' dir='ltr'><strong>scribit</strong></span> <span class='ocrx_word' id='word_1_799' title='bbox 3505 5316 3554 5353; x_wconf 72' lang='grc' dir='ltr'><strong>π</strong></span> 
     </span>
    </p>
   </div>
   <div class='ocr_carea' id='block_1_105' title="bbox 1908 5404 3555 5478">
    <p class='ocr_par' dir='ltr' id='par_1_105' title="bbox 1908 5404 3555 5478">
     <span class='ocr_line' id='line_1_105' title="bbox 1908 5404 3555 5478; baseline 0.001 -18"><span class='ocrx_word' id='word_1_800' title='bbox 1908 5406 2230 5476; x_wconf 88' lang='lat' dir='ltr'><strong>apostolos,</strong></span> <span class='ocrx_word' id='word_1_801' title='bbox 2261 5414 2572 5478; x_wconf 90' lang='lat' dir='ltr'><strong>postquam</strong></span> <span class='ocrx_word' id='word_1_802' title='bbox 2604 5404 3067 5462; x_wconf 78' lang='lat' dir='ltr'><strong>resurrexisseta</strong></span> <span class='ocrx_word' id='word_1_803' title='bbox 3090 5408 3362 5475; x_wconf 84' lang='lat' dir='ltr'><strong>mortuis,</strong></span> <span class='ocrx_word' id='word_1_804' title='bbox 3390 5423 3555 5461; x_wconf 87' lang='lat' dir='ltr'><strong>man-</strong></span> 
     </span>
    </p>
   </div>
   <div class='ocr_carea' id='block_1_106' title="bbox 1910 5493 3552 5568">
    <p class='ocr_par' dir='ltr' id='par_1_106' title="bbox 1910 5493 3552 5568">
     <span class='ocr_line' id='line_1_106' title="bbox 1910 5493 3552 5568; baseline 0.002 -18"><span class='ocrx_word' id='word_1_805' title='bbox 1910 5493 2217 5552; x_wconf 90' lang='lat' dir='ltr'><strong>ducavisse</strong></span> <span class='ocrx_word' id='word_1_806' title='bbox 2236 5498 2293 5552; x_wconf 91' lang='lat' dir='ltr'><strong>et</strong></span> <span class='ocrx_word' id='word_1_807' title='bbox 2316 5495 2533 5552; x_wconf 89' lang='lat' dir='ltr'><strong>bibisse</strong></span> <span class='ocrx_word' id='word_1_808' title='bbox 2554 5513 2569 5568; x_wconf 86' lang='lat'><strong>;</strong></span> <span class='ocrx_word' id='word_1_809' title='bbox 2587 5494 2781 5568; x_wconf 91' lang='lat' dir='ltr'><strong>ipsum</strong></span> <span class='ocrx_word' id='word_1_810' title='bbox 2806 5512 2937 5552; x_wconf 91' lang='lat' dir='ltr'><strong>cum</strong></span> <span class='ocrx_word' id='word_1_811' title='bbox 2956 5494 3040 5553; x_wconf 91' lang='lat' dir='ltr'><strong>eis</strong></span> <span class='ocrx_word' id='word_1_812' title='bbox 3057 5495 3349 5554; x_wconf 87' lang='lat' dir='ltr'><strong>Christum</strong></span> <span class='ocrx_word' id='word_1_813' title='bbox 3371 5496 3552 5567; x_wconf 91' lang='lat' dir='ltr'><strong>(quod</strong></span> 
     </span>
    </p>
   </div>
   <div class='ocr_carea' id='block_1_107' title="bbox 236 5715 1789 5812">
    <p class='ocr_par' dir='ltr' id='par_1_107' title="bbox 236 5715 1789 5805">
     <span class='ocr_line' id='line_1_107' title="bbox 236 5715 1789 5805; baseline 0.01 -29"><span class='ocrx_word' id='word_1_814' title='bbox 236 5715 259 5755; x_wconf 74' lang='grc' dir='ltr'><strong>θ</strong></span> <span class='ocrx_word' id='word_1_815' title='bbox 283 5720 435 5781; x_wconf 75' lang='lat' dir='ltr'><strong>Orat.</strong></span> <span class='ocrx_word' id='word_1_816' title='bbox 465 5726 529 5781; x_wconf 83' lang='lat' dir='ltr'><strong>in</strong></span> <span class='ocrx_word' id='word_1_817' title='bbox 556 5728 730 5799; x_wconf 70' lang='grc' dir='ltr'><strong>ιοηαι.</strong></span> <span class='ocrx_word' id='word_1_818' title='bbox 761 5729 806 5768; x_wconf 73' lang='grc'><strong><em>⁸³</em></strong></span> <span class='ocrx_word' id='word_1_819' title='bbox 833 5745 965 5802; x_wconf 87' lang='lat' dir='ltr'><strong>pag.</strong></span> <span class='ocrx_word' id='word_1_820' title='bbox 1000 5730 1123 5786; x_wconf 84' lang='grc'><strong>361.</strong></span> <span class='ocrx_word' id='word_1_821' title='bbox 1158 5730 1204 5767; x_wconf 76' lang='grc'><strong>⁸³</strong></span> <span class='ocrx_word' id='word_1_822' title='bbox 1235 5730 1412 5803; x_wconf 87' lang='lat' dir='ltr'><strong>Epist.</strong></span> <span class='ocrx_word' id='word_1_823' title='bbox 1437 5731 1508 5788; x_wconf 84' lang='lat' dir='ltr'><strong>ad</strong></span> <span class='ocrx_word' id='word_1_824' title='bbox 1535 5733 1738 5805; x_wconf 74' lang='lat' dir='ltr'><strong>Ephes.</strong></span> <span class='ocrx_word' id='word_1_825' title='bbox 1770 5735 1789 5772; x_wconf 79' lang='lat'><strong>&#39;</strong></span> 
     </span>
    </p>
   </div>
   <div class='ocr_carea' id='block_1_108' title="bbox 1974 5715 3154 5812">
    <p class='ocr_par' dir='ltr' id='par_1_108' title="bbox 1985 5736 3154 5812">
     <span class='ocr_line' id='line_1_108' title="bbox 1985 5736 3154 5812; baseline 0.008 -20"><span class='ocrx_word' id='word_1_826' title='bbox 1985 5736 2079 5806; x_wconf 84' lang='grc'><strong>21,</strong></span> <span class='ocrx_word' id='word_1_827' title='bbox 2114 5755 2167 5808; x_wconf 84' lang='grc' dir='ltr'><strong>ρ.</strong></span> <span class='ocrx_word' id='word_1_828' title='bbox 2199 5739 2327 5795; x_wconf 84' lang='grc'><strong>365,</strong></span> <span class='ocrx_word' id='word_1_829' title='bbox 2357 5739 2401 5774; x_wconf 83' lang='grc'><strong>⁹⁴</strong></span> <span class='ocrx_word' id='word_1_830' title='bbox 2424 5755 2557 5812; x_wconf 84' lang='lat' dir='ltr'><strong>pag.</strong></span> <span class='ocrx_word' id='word_1_831' title='bbox 2589 5741 2714 5797; x_wconf 86' lang='lat'><strong>365.</strong></span> <span class='ocrx_word' id='word_1_832' title='bbox 2747 5740 2795 5776; x_wconf 75' lang='lat'><strong>95</strong></span> <span class='ocrx_word' id='word_1_833' title='bbox 2824 5743 2945 5799; x_wconf 85' lang='lat' dir='ltr'><strong>Act.</strong></span> <span class='ocrx_word' id='word_1_834' title='bbox 2979 5761 3033 5800; x_wconf 84' lang='lat' dir='ltr'><strong>x.</strong></span> <span class='ocrx_word' id='word_1_835' title='bbox 3069 5745 3154 5802; x_wconf 77' lang='grc'><strong>41.</strong></span> 
     </span>
    </p>
   </div>
  </div>
