3942 6302
346 418 459 479 531

1410 418 1476 480 S.
1522 417 1919 480 IGNATIUS.
1964 447 2043 465 --
2084 418 2708 488 PROLEGOMENA.

3642 433 3768 494 532

355 552 469 608 iste
499 556 703 607 auctor
734 551 835 621 ait)
862 551 1303 607 manducavisse
1334 558 1389 607 et
1428 552 1647 608 bibisse
1704 568 1999 624 nusquam
2033 556 2087 623 Α
2117 556 2337 629 scribit,
2363 575 2541 617 manu
2574 578 2639 618 ac
2666 566 2953 634 potestate
2987 564 3167 621 fuisse
3214 564 3408 638 ipsum
3470 565 3768 638 supplicio

365 641 526 706 dicit,
560 662 589 691 κ
618 642 716 695 sed
748 646 979 696 tantum
1010 640 1333 696 comedisse
1353 640 1419 695 9‘.
1453 640 1498 696 Ο
1552 641 1734 697 miras
1792 641 2007 711 Dallei,

366 732 474 785 viri
504 730 853 797 acutissimi,
888 730 1148 800 argutias
1178 734 1234 783 et
1280 729 1633 786 subtilitates
1664 731 1677 785 l
1728 731 2008 801 Apoetoli,

370 819 582 889 inquit,
613 822 889 875 dicuntur
919 838 1049 875 cum
1109 820 1340 875 Christo
1396 822 1777 877 manducasse
1824 827 1881 877 et
1938 822 2016 877 bi-

374 907 553 977 bisse,
610 908 876 963 Christus
928 926 1059 963 vero
1119 909 1334 963 dicitur
1377 913 1605 963 tantum
1665 912 2011 965 comedisse.

373 996 522 1068 Ergo
554 996 697 1051 illud
728 997 1037 1068 indignum
1063 1004 1151 1052 est
1183 998 1428 1069 Ignatio,
1452 1001 1605 1069 quod
1634 999 1925 1055 Christum
1960 1005 2019 1055 et

377 1087 767 1142 manducasse
823 1091 880 1141 et
927 1087 1141 1142 bibisse
1186 1088 1415 1142 dixerit.
1475 1088 1652 1151 Quasi
1696 1104 1831 1144 vero
1881 1104 2015 1143 cum

376 1175 640 1231 Christus
671 1176 779 1232 hoc
811 1176 983 1231 modo
1016 1176 1401 1231 manducasse
1423 1178 1716 1243 scribitur,
1746 1178 2016 1250 etipsum

379 1281 609 1335 quoque
643 1265 856 1320 bibisse
889 1282 1002 1319 non
1038 1266 1219 1337 possit
1252 1268 1459 1321 merito
1490 1267 1627 1336 jure
1685 1266 2019 1321 subiutelli-

378 1354 436 1423 gi
468 1354 495 1407 ‘l
525 1354 582 1408 Si
619 1354 864 1410 Dalleus
895 1371 1029 1408 cum
1053 1354 1255 1409 amicis
1287 1355 1433 1418 suis,
1466 1356 1564 1425 qui
1597 1372 1663 1411 eo
1702 1355 2018 1411 manduca-

376 1448 585 1496 verunt
632 1448 688 1497 et
732 1443 1022 1512 biberunt,
1076 1446 1465 1499 manducasse
1520 1447 1767 1513 dicatur,
1829 1460 2023 1501 nonne

378 1530 514 1586 inde
545 1538 602 1586 et
632 1547 767 1586 eum
818 1550 932 1587 non
984 1533 1175 1588 solum
1232 1537 1633 1603 manducasse,
1683 1536 1784 1590 sed
1844 1537 2020 1590 etiam

378 1624 599 1680 bibisse
632 1631 780 1681 recte
810 1625 1188 1680 concludetur
1218 1624 1245 1679 ‘I

454 1733 605 1802 §lll.
641 1734 799 1789 Nihil
826 1734 1034 1806 falsum
1075 1733 1185 1789 dici
1239 1734 1306 1789 de
1336 1734 1632 1804 haereticis,
1678 1736 1779 1807 qui
1831 1734 1899 1789 ab
1929 1750 2023 1790 eu-

866 1807 1136 1861 cliarisiia
1183 1808 1533 1864 recedebant.

2119 647 2385 707 liberare.
2418 675 2443 701 »
2476 653 2534 708 Si
2585 655 2731 710 bene
2781 655 2878 710 ille
2938 657 3194 715 auctoris
3245 674 3485 715 sensum
3534 658 3767 714 intelle-

2118 736 2278 810 lexit,
2312 757 2377 796 ex
2405 758 2470 798 eo
2502 750 2653 800 certe
2689 761 2799 800 non
2832 746 2979 801 bene
3008 753 3453 820 argumentatus
3481 752 3591 815 est,
3628 763 3767 804 cum

2121 829 2347 885 addidit
2376 832 2421 866 ⁹⁹
2453 850 2465 887 :
2503 855 2530 882 ‹‹
2557 835 2714 899 Ουοά
2751 836 2798 890 si
2827 836 2906 892 ita
2935 843 3041 909 est,
3068 839 3362 895 fatendum
3388 844 3476 895 est
3498 839 3631 895 illos
3659 839 3773 894 Ro-

2124 933 2329 974 manos
2360 922 2725 992 gravissime,
2752 942 3042 996 peccasse,
3068 934 3123 983 et
3146 929 3435 1000 parricidii
3460 929 3770 1001 cujusdam

2126 1023 2255 1063 reos
2287 1009 2534 1067 fuisse...
2569 1013 2669 1083 qui
2705 1030 2837 1071 eum
2864 1018 3007 1072 mori
3042 1035 3154 1074 non
3190 1019 3635 1091 prohibuerunt.
3676 1023 3774 1073 At-

2127 1098 2227 1167 qui
2262 1116 2374 1155 non
2427 1118 2696 1173 peccasse
2748 1120 2845 1161 eos
2897 1113 3197 1164 constat...
3242 1108 3447 1164 falsum
3503 1114 3592 1164 est
3635 1124 3773 1181 ergo

2128 1188 2280 1258 quod
2313 1188 2411 1244 ille
2440 1192 2613 1248 toties
2641 1193 2915 1251 afﬁrmat.
2948 1218 2976 1246 »
3010 1198 3207 1268 Inepta
3238 1197 3406 1270 plane
3438 1202 3495 1254 et
3542 1198 3775 1253 insulsa

2128 1282 2216 1331 est
2246 1276 2645 1346 hujuscemodi
2680 1286 3390 1359 argumentatio.lgnatius
3409 1288 3629 1361 quippe
3656 1287 3773 1343 Ro-

2130 1384 2335 1424 manos
2366 1368 2473 1425 hac
2505 1370 2560 1425 in
2594 1389 2652 1427 re
2674 1375 2825 1445 apud
2858 1375 3063 1449 Deum,
3096 1379 3181 1433 vel
3215 1379 3521 1445 Cesarem,
3562 1380 3774 1451 autju-

2129 1456 2310 1525 dices,
2361 1460 2447 1514 vel
2503 1471 2769 1518 senatum
2840 1467 3217 1537 potentiores,
3288 1487 3457 1540 quam
3520 1486 3580 1525 re
3639 1485 3775 1523 vera

2130 1552 2318 1615 erant,
2353 1550 2584 1607 credere
2618 1554 2824 1624 potuit.
2859 1555 3075 1613 Deinde
3107 1561 3336 1615 etiamsi
3370 1559 3512 1614 illud
3564 1559 3626 1615 in
3659 1561 3776 1613 Ro-

2134 1652 2440 1694 manorum
2476 1648 2760 1711 potestate
2794 1645 3000 1701 fuisset
3032 1649 3310 1719 positum,
3344 1666 3455 1705 non
3503 1648 3642 1704 inde
3688 1652 3776 1703 ta-

2137 1742 2257 1781 nten
2290 1729 2618 1799 gravissimi
2654 1737 2867 1802 peccati
2894 1742 2949 1790 et
2971 1739 3263 1808 parricidii
3288 1738 3593 1794 incusandi
3613 1744 3776 1808 sunt,

2136 1818 2289 1887 quod
2324 1833 2449 1873 eam
2485 1827 2729 1877 mortem
2758 1840 2867 1880 non
2904 1826 3329 1898 prohibuerint,
3362 1845 3533 1901 quam
3599 1828 3775 1883 totius

463 1913 677 1985 Objicit
733 1918 933 1986 postea
982 1914 1233 1971 Danaus
1286 1915 1602 1971 ηοηῃυηοε
1658 1915 1729 1972 ab
1784 1918 2028 1971 auctore
2054 1924 2106 1993 Β
2136 1904 2399 1961 Ecclesie
2421 1908 2653 1965 utilitati
2678 1914 3065 1983 profuturam,
3091 1934 3265 1988 quam
3307 1934 3419 1975 non
3458 1918 3588 1973 sine
3620 1922 3776 1972 certo

395 2010 594 2061 nostro
616 2007 894 2078 exagitari
933 2006 1232 2062 hereticos
1264 2023 1277 2060 :
1338 2030 1358 2056 ι
1395 2008 1501 2072 Qui
1567 2007 1639 2061 ab
1676 2004 2032 2062 eucharistia

394 2102 453 2152 et
482 2096 741 2152 oratione
767 2096 1067 2162 recedunt,
1100 2100 1331 2167 propter
1362 2113 1476 2151 non
1509 2095 1771 2151 confiteri
1816 2093 2033 2150 eucha-

396 2186 622 2244 ristiam
650 2204 885 2242 carnem
917 2203 1047 2242 esse
1079 2185 1416 2241 Salvatoris.
1440 2184 1485 2219 9"
1516 2207 1545 2236 ι
1578 2188 1669 2252 At,
1695 2185 1886 2257 inquit
1905 2180 2036 2238 Dal-

398 2278 560 2345 leus,
593 2277 695 2349 qui
726 2277 1115 2333 accuratiores
1146 2275 1555 2332 hereticorum
1608 2274 1834 2331 edidire
1889 2281 2041 2328 cata-

394 2366 580 2439 logos,
614 2367 821 2422 nullibi
871 2366 1022 2421 ullos
1078 2364 1423 2436 hujusmodi
1472 2364 1777 2421 hereticos
1831 2361 2038 2435 Ignatii

396 2461 659 2528 tempore
690 2456 981 2513 exstitisse
1014 2455 1339 2527 perhibent.
1400 2455 1785 2519 Quamobrem
1846 2449 2041 2508 Dallei

398 2547 674 2603 defensor
703 2562 917 2603 novum
950 2546 1000 2602 ei
1033 2545 1369 2601 subsidium
1406 2546 1634 2602 laturus
1663 2560 1677 2600 :
1730 2567 1759 2596 ι(
1791 2542 2039 2609 Siccine,

397 2637 497 2707 ait,
530 2636 709 2693 ofﬁcii
741 2636 832 2692 sui
892 2641 1010 2693 tam
1052 2634 1415 2708 negligentes
1471 2636 1629 2692 fuere
1679 2638 1901 2691 veteres
1958 2631 2042 2687 illi

401 2727 739 2799 scriptores,
773 2730 835 2782 ut
882 2743 1003 2783 rem
1043 2726 1184 2782 adeo
1240 2724 1704 2792 memorabilem,
1761 2728 1819 2780 et
1865 2739 2043 2795 quam

405 2815 552 2873 scire
586 2816 884 2887 intererat,
918 2816 1149 2872 silentio
1181 2815 1630 2885 preterierint...
1666 2814 1922 2886 profecto
1950 2813 2044 2868 vix

401 2909 491 2961 est
519 2902 813 2969 credibile.
847 2926 877 2956 π
910 2903 1023 2960 Sed
1054 2905 1207 2959 unde
1229 2903 1477 2961 Dalleus
1499 2904 1754 2975 ,ejusque
1777 2902 2046 2958 defensor

404 2999 752 3068 acceperunt
774 2998 994 3050 veteres
1018 2993 1149 3050 illos
1172 2994 1485 3066 scriptores
1508 2993 1910 3050 hereticorum
1934 2990 2047 3047 he-

406 3100 753 3157 reseumque
784 3084 1047 3142 omnium
1082 3083 1206 3140 suis
1230 3084 1287 3140 in
1312 3083 1592 3156 catalogis
1646 3082 1852 3140 fecisse
1885 3098 2046 3139 men-

404 3173 621 3231 tionem
650 3174 677 3229 ?
700 3174 840 3231 Rem
863 3174 1030 3229 aliter
1056 3190 1117 3231 se
1157 3173 1369 3230 habere
1402 3189 1471 3230 ex
1528 3173 1779 3245 ipsomet
1837 3172 2047 3229 Dalleo

405 3265 704 3320 evidenter
761 3265 1213 3320 demonstratur.
1276 3263 1579 3319 Enimvero
1645 3262 2046 3319 Theodoretus

407 3354 529 3425 qui,
562 3354 779 3410 fatente
809 3352 1040 3424 Dalleo,
1072 3353 1179 3409 has
1209 3352 1486 3425 epistolas
1510 3352 1580 3408 ab
1598 3352 1821 3424 Ignatio
1844 3358 2042 3410 nostro

407 3444 654 3515 scriptas
686 3444 867 3500 fuisse
897 3444 1143 3515 putavit,
1173 3443 1391 3515 quique
1420 3458 1489 3499 ea
1539 3458 1667 3515 que
1718 3443 1872 3499 idem
1925 3443 2052 3500 Dal-

408 3532 551 3590 leus
584 3533 783 3603 objicit
812 3534 1007 3599 verba,
1043 3538 1104 3588 ut
1130 3549 1258 3589 vere
1306 3533 1604 3605 lgnatiana
1658 3532 2049 3606 transcripsit,

410 3623 469 3678 in
506 3623 627 3679 suis
658 3623 1061 3680 haereticorum
1108 3623 1409 3695 catalogis,
1454 3623 1584 3679 licet
1613 3641 1744 3680 sum
1791 3641 1886 3679 ma
1914 3640 2054 3680 cura

410 3714 603 3783 editis,
638 3712 867 3780 nullibi,
900 3718 965 3769 ut
997 3714 1294 3770 contendit
1328 3711 1595 3785 Dalleus,
1654 3730 1856 3769 eorum
1905 3730 2053 3786 quos

414 3805 673 3876 Ignatius
738 3803 1092 3861 eucharistia
1140 3803 1499 3860 abstinuisse
1562 3809 1872 3873 asseverat,
1930 3821 2055 3861 me-

414 3896 656 3951 minisse
686 3894 918 3967 legitur.
951 3896 1110 3950 Idem
1143 3895 1213 3950 de
1252 3894 1499 3951 Eusebio
1542 3894 1809 3967 aliisque,
1860 3895 1957 3967 qui
1983 3894 2054 3950 de

415 3986 732 4043 heresibus
760 3986 1066 4057 scripsere,
1098 3984 1322 4056 hasque
1354 3985 1575 4057 Ignatio
1613 3990 1813 4041 nostro
1881 3985 2056 4056 adju-

415 4077 685 4132 dicarunt
726 4074 1024 4147 epistolas,
1072 4074 1276 4129 confici
1318 4079 1511 4146 potest
1550 4073 1796 4130 invicem
1855 4076 2058 4129 contra

416 4165 743 4222 Dalleanos
773 4170 1209 4235 argumentum.
1241 4162 1437 4235 Neque
1469 4180 1641 4235 porro
1673 4162 1729 4217 id
1795 4162 1899 4218 ulli
1950 4161 2058 4218 mi-

416 4272 547 4310 rum
578 4270 708 4311 esse
740 4253 929 4320 debet,
954 4269 1088 4308 cum
1111 4252 1149 4306 ii
1181 4253 1251 4307 de
1282 4253 1572 4324 precipuo
1625 4252 2055 4321 hereticorum,

418 4345 490 4400 ab
512 4344 738 4417 Ignatio
769 4342 1201 4398 confutatorum
1234 4358 1447 4413 errore,
1479 4358 1595 4415 quo
1630 4342 1930 4399 Christum
1960 4358 2060 4398 ve-

420 4450 544 4490 ram
576 4448 808 4488 carnem
852 4432 1178 4504 sumpsisse
1210 4432 1521 4504 negabant,
1574 4432 1810 4503 scriptis
1838 4431 2059 4503 aliquid

422 4523 645 4579 tradere
675 4522 929 4578 contenti
951 4522 1189 4591 fuerint,
1214 4538 1318 4577 nec
1350 4522 1421 4576 de
1449 4520 1562 4577 alio
1594 4522 1694 4591 qui
1740 4521 1874 4576 inde
1904 4525 2061 4578 circa

420 4612 834 4670 eucharistiam
894 4613 1221 4667 necessaria
1265 4610 1678 4668 consecutione
1737 4609 2055 4681 oriebatur,

422 4703 592 4777 plura
621 4702 874 4759 scribere
911 4702 1239 4773 putaverint
1286 4717 1415 4757 esse
1470 4698 1886 4756 necessarium.
1931 4703 2056 4757 Non

421 4795 576 4851 enim
610 4809 814 4849 omnes
838 4791 1177 4862 singillatim
1210 4788 1609 4863 quorumlibet
1650 4789 2056 4846 hereticorum

420 4901 645 4943 errores
664 4882 1047 4939 enumerandi
1069 4897 1272 4937 curam
1296 4879 1366 4936 ab
1391 4878 1505 4934 illis
1529 4878 1709 4935 fuisse
1729 4883 2057 4951 susceptam

425 4975 575 5031 nulli
606 4974 846 5030 dubium
878 4988 1007 5027 esse
1039 4974 1249 5043 potest.

425 5088 519 5140 IV.
545 5085 727 5155 Neque
788 5081 1004 5155 falsum
1050 5079 1163 5133 dici
1214 5091 1389 5155 posse,
1444 5078 1591 5155 quod
1649 5078 1941 5155 1wribitur,
2001 5078 2062 5133 in

494 5148 755 5226 potestate
789 5148 1178 5207 Romanarum
1240 5148 1417 5220 fuisse
1481 5148 1756 5220 lgnalium
1796 5168 1831 5205 a
1895 5158 2065 5206 morte

496 5230 671 5283 libera
682 5242 759 5282 re.

494 5338 638 5401 Quia
671 5333 929 5404 lgnatius
966 5331 1281 5398 Romanos,
1315 5344 1385 5384 ne
1417 5328 1585 5385 morti
1612 5330 1901 5385 obsistant
1926 5345 2065 5397 sue,

424 5432 745 5486 obtestatus
780 5442 792 5479 :
820 5445 847 5473 «
882 5420 1081 5487 Vobis,
1112 5420 1213 5485 ait,
1250 5417 1415 5474 facile
1447 5424 1536 5475 est
1566 5420 1721 5490 quod
1780 5419 1956 5474 vultis
1981 5420 2067 5475 fa-

424 5537 617 5577 cere...
653 5515 865 5569 Volens
902 5530 1002 5584 pro
1030 5516 1139 5564 Deo
1168 5510 1400 5578 moriar,
1430 5510 1475 5565 si
1505 5528 1613 5566 non
1636 5509 2068 5581 proliibeatis;»

423 5613 560 5669 hinc
589 5607 831 5663 Dalleus
854 5600 901 5638 ⁸⁸
921 5618 933 5657 :
956 5624 983 5651 «
1010 5599 1105 5656 Vel
1126 5598 1267 5654 nihil
1298 5599 1581 5671 intelligo,
1615 5600 1826 5671 inquit,
1847 5600 1932 5656 vel
1956 5600 2067 5658 iste

428 5700 687 5774 profecta
742 5691 1017 5762 intelligit
1074 5690 1131 5743 in
1190 5705 1391 5744 eorum
1433 5690 1717 5755 ﬁdelium,
1772 5691 1840 5744 ad
1923 5707 2069 5761 quos

2141 1995 2461 2068 plurimum
2525 1999 2987 2060 Christianorum
3039 2007 3294 2078 periculo
3379 2008 3773 2074 avertendam,

2140 2104 2319 2162 quam
2342 2090 2590 2162 denique
2621 2094 2817 2151 divina
2846 2097 3138 2153 voluntate
3169 2097 3240 2153 ab
3265 2098 3484 2170 Ignatio
3517 2098 3775 2154 subeun-

2142 2180 2274 2235 dam
2306 2194 2435 2237 esse
2465 2197 2812 2254 persuasum
2835 2185 3144 2243 habebant.

2750 2330 2986 2387 CAPUT
3054 2331 3178 2388 XVI

2147 2491 2201 2530 IN
2232 2491 2323 2531 HIS
2353 2490 2638 2533 EPISTOLIS
2670 2493 2785 2532 NON
2817 2494 3013 2534 υεεΑΜ
3045 2494 3178 2534 ESSE
3209 2494 3422 2534 IGNATII
3453 2493 3789 2535 SAPIENTIAK

2746 2566 2815 2604 ET
2853 2566 3192 2606 κοῡεετιΑΜ.

2148 2690 2175 2756 ι
2206 2689 2247 2744 Ι.
2281 2687 2399 2764 Non
2431 2689 2621 2764 (cesam
2648 2705 2764 2745 esse
2794 2691 3000 2759 Ignatii
3029 2691 3566 2764 sapientiammeque
3587 2690 3794 2747 mode:-

2326 2761 2467 2816 tiam
2507 2762 2696 2817 laesam
2722 2764 2781 2817 in
2804 2765 2897 2828 iis,
2930 2778 3056 2835 quae
3071 2765 3137 2820 de
3160 2780 3219 2819 se
3236 2762 3353 2836 ipso
3368 2761 3612 2836 scripsit.

2220 2902 2346 2958 Non
2372 2904 2610 2975 majoris
2635 2907 2914 2961 momenti
2937 2905 3080 2961 illud
3106 2911 3213 2970 est,
3239 2907 3393 2979 quod
3418 2906 3794 2977 postmodum

2154 2992 2403 3049 Dalleus
2461 2993 2682 3064 objicit,
2743 2995 2813 3051 ab
2865 2996 3073 3066 Ignatii
3128 2998 3336 3067 iudicio
3382 3003 3437 3053 et
3510 2998 3797 3068 sapientia

2149 3082 2409 3139 nonnihil
2440 3084 2730 3140 abhorrere
2760 3084 2977 3142 videri1
3008 3088 3193 3158 ;quod
3226 3086 3319 3143 ille
3344 3086 3518 3142 morti
3541 3086 3803 3143 certissi-

2152 3188 2259 3228 me
2283 3172 2526 3244 jamjam
2556 3173 2878 3243 dedendus,
2919 3177 3242 3232 secundum
3301 3176 3562 3249 Ephesiis
3619 3173 3797 3230 libel-

2074 3291 2120 3361 α
2156 3261 2279 3317 lum
2312 3278 2439 3318 sese
2463 3263 2819 3334 scripturum
2852 3264 3192 3336 polliceatur
3225 3282 3239 3322 :
3274 3288 3302 3317 ‹‹
3332 3266 3389 3321 Si
3422 3282 3514 3321 me
3559 3264 3806 3337 digniﬁ-

2156 3356 2246 3407 cet
2275 3352 2448 3409 Jesus
2487 3353 2754 3410 Christus
2811 3355 2869 3410 in
2902 3358 3160 3413 oratione
3189 3360 3401 3424 vestra,
3434 3361 3491 3411 et
3526 3354 3805 3411 voluntas

2154 3442 2252 3513 sit,
2284 3443 2343 3498 in
2377 3444 2633 3499 secundo
2660 3442 2854 3501 libello
2888 3462 3061 3518 quem
3124 3448 3448 3517 scripturus
3505 3463 3633 3503 sum
3696 3462 3806 3501 vo-

2154 3532 2245 3589 bis
2276 3534 2317 3601 ²,
2354 3556 2382 3583 ››
2414 3538 2523 3590 etc.
2558 3534 2667 3591 Sed
2700 3533 2823 3591 hec
2869 3536 3118 3607 objectio
3153 3554 3187 3592 a
3242 3536 3439 3592 Dallei
3492 3536 3713 3608 judicio
3746 3540 3812 3592 et

2158 3622 2446 3694 sapientia
2496 3624 2769 3681 abhorret
2817 3625 3338 3698 quamplurimum.
3400 3626 3521 3682 Illis
3583 3625 3811 3697 quippe

2161 3712 2371 3779 verbis,
2393 3711 2445 3766 ἐν
2477 3715 2556 3783 τῷ
2587 3708 2819 3786 δευτέρῳ
2853 3708 3136 3787 βιϐλιδίῳ,
3170 3733 3281 3772 non
3343 3715 3635 3782 libellum,
3701 3716 3809 3771 sed

2159 3802 2478 3856 secundam
2515 3802 2777 3874 Ignatius
2810 3805 3099 3875 promittit
3127 3804 3435 3877 epistolam
3467 3804 3560 3860 his
3603 3810 3805 3859 tamen

2160 3890 2511 3962 equissimis
2542 3893 2979 3950 conditionibus
3015 3911 3027 3949 :
3062 3916 3091 3944 ‹‹
3115 3895 3173 3950 Si
3198 3911 3288 3951 me
3306 3894 3607 3967 dignilicet
3630 3893 3811 3949 Jesus

2160 3980 2424 4037 Christus
2446 3980 2504 4036 in
2533 3983 2794 4039 oratione
2824 3994 3014 4040 vestra
3048 4001 3062 4042 :
3094 3984 3145 4041 si
3186 3984 3450 4042 voluntas
3509 3984 3590 4039 sit
3626 4001 3639 4039 :
3676 4000 3812 4040 ma-

2164 4069 2317 4126 xime
2348 4070 2397 4126 si
2428 4070 2709 4128 Dominus
2733 4072 2945 4129 revelet
2977 4072 3140 4129 mihi.
3175 4095 3203 4125 »ο
3239 4073 3400 4138 Quod
3421 4090 3561 4130 sane
3591 4073 3810 4145 Ignatii

2159 4160 2382 4231 judicio
2412 4165 2468 4216 et
2494 4161 2796 4233 sapientiae
2838 4163 3453 4221 convenientissimum
3510 4180 3641 4220 esse
3675 4164 3810 4236 quis

2164 4268 2277 4307 nou
2311 4251 2501 4307 videat
2530 4250 2557 4305 ?

2237 4341 2455 4396 Lesam
2490 4357 2660 4413 porro
2693 4341 2905 4414 lgnatii
2938 4343 3281 4399 modestiam
3308 4341 3446 4398 alibi
3474 4341 3817 4413 expostulat

2165 4428 2437 4498 Dalleus,
2470 4428 2568 4484 ubi
2602 4430 2879 4487 nimirum
2915 4432 3065 4488 idem
3099 4438 3298 4488 auctor
3329 4441 3525 4488 noster
3547 4432 3619 4486 ad
3656 4430 3818 4487 Tral-

2164 4519 2356 4575 lenses
2389 4518 2459 4574 de
2488 4535 2546 4575 se
2575 4518 2702 4591 ipso
2734 4520 2817 4577 sic
2843 4520 3043 4577 scribit
3070 4555 3091 4589 ε
3124 4539 3137 4577 :
3163 4544 3191 4572 «
3228 4521 3409 4577 Multa
3425 4520 3586 4592 sapio
3614 4520 3677 4577 in
3698 4526 3816 4578 Deo

2166 4610 2262 4665 sed
2304 4626 2397 4665 me
2434 4609 2628 4680 ipsum
2664 4625 2958 4679 mensuro,
2992 4618 3055 4667 ut
3086 4628 3199 4666 non
3232 4610 3287 4665 in
3320 4609 3668 4684 gloriatione
3690 4628 3816 4683 per-

2168 4699 2340 4755 dar...
2376 4697 2522 4757 Nam
2558 4714 2796 4769 possum
2828 4698 2993 4755 vobis
3044 4700 3474 4773 superccclestia
3530 4701 3815 4759 scribere.

2164 4788 2273 4843 Sed
2294 4788 2470 4844 timeo
2493 4804 2563 4844 ne
2595 4788 2869 4859 periculis
2891 4790 3326 4860 exsistentibus,
3353 4790 3514 4846 vobis
3532 4792 3817 4849 damnum

2168 4893 2527 4951 apponam...
2564 4880 2770 4950 potens
2828 4878 2978 4934 scire
3028 4878 3308 4947 celestis,
3369 4883 3426 4935 et
3483 4879 3596 4937 loci
3655 4884 3821 4955 posi-

2169 4969 2360 5023 tiones
2388 4966 2752 5039 angelorum,
2805 4990 2832 5017 »
2867 4971 2976 5022 etc.
3010 4967 3155 5032 Quid
3225 4968 3304 5024 ibi
3356 4973 3558 5026 contra
3607 4972 3823 5043 Ignatii

2173 5056 2517 5112 modestiam
2545 5057 2573 5111 ?
2604 5077 2632 5105 «
2666 5055 2811 5123 Sibi,
2842 5060 3154 5128 respondet
3184 5056 3456 5127 Dalleus,
3488 5076 3555 5115 ea
3586 5061 3823 5131 tribuit.

2173 5163 2297 5217 que
2329 5145 2545 5201 nemini
2579 5144 2807 5200 mortali
2840 5162 3117 5202 concessa
3164 5152 3321 5203 sunt.
3358 5173 3378 5200 ι
3433 5150 3584 5214 Quid
3622 5168 3768 5226 ergo
3799 5153 3828 5208 ?

2177 5237 2382 5295 Nonne
2408 5240 2464 5291 et
2491 5235 2707 5291 Paulus
2744 5236 2970 5303 eadem,
3010 5235 3128 5293 imo
3155 5243 3214 5293 et
3256 5241 3483 5310 majora
3510 5241 3624 5297 sibi
3690 5262 3831 5302 con-

2177 5343 2337 5383 cessa
2360 5325 2540 5381 fuisse
2571 5330 2770 5382 narrat
2799 5326 2821 5360 δ
2848 5326 2947 5397 qui
2978 5330 3063 5382 tot
3091 5326 3411 5386 visionibus
3438 5335 3493 5386 et
3518 5333 3832 5391 revelatio-

2182 5416 2355 5472 nibus
2380 5432 2441 5471 se
2470 5415 2773 5481 donatum,
2808 5415 2904 5486 qui
2939 5432 3145 5471 arcana
3170 5418 3353 5486 verba,
3384 5435 3503 5491 que
3534 5437 3655 5477 non
3711 5424 3835 5480 licet

2180 5506 2391 5563 homini
2422 5505 2591 5577 loqui,
2624 5520 2685 5560 se
2710 5504 3001 5560 audivisse
3033 5510 3284 5563 testatur
3307 5507 3335 5564 Τ
3362 5512 3521 5565 Certe
3573 5510 3831 5569 Dalleus

2180 5598 2304 5669 ipse
2336 5595 2392 5651 id
2418 5595 2606 5663 fateri,
2631 5611 2697 5650 ac
2718 5611 2914 5651 secum
2941 5594 3116 5667 paulo
3140 5604 3268 5669 post
3289 5614 3551 5671 pugnare
3574 5603 3827 5676 cogitur,

2180 5686 2278 5745 ubi
2309 5685 2430 5741 hec
2451 5683 2692 5741 totidem
2715 5684 2907 5741 verbis
2928 5686 3170 5742 tradidit
3188 5686 3212 5720 ⁵
3242 5704 3259 5743 :
3292 5712 3315 5742 ι
3349 5687 3482 5745 Jem
3508 5706 3653 5750 cum
3676 5698 3827 5750 Pau-

504 5795 551 5833 ⁸⁸
575 5794 719 5880 μισ.
752 5805 906 5857 xxxv,
939 5787 1029 5843 43.
1063 5787 1105 5822 ⁰⁷
1135 5802 1263 5859 cap.
1294 5786 1386 5856 22,
1509 5787 1637 5843 366.
1660 5786 1845 5858 Epist.
1877 5787 1949 5843 ad
1980 5787 2207 5862 Smyrn.
2240 5786 2282 5822 °‘
2313 5799 2442 5855 cap.
2468 5782 2559 5855 22,
2592 5798 2724 5855 pag.
2751 5783 2878 5839 369.
2909 5782 2957 5821 9’
2984 5800 3117 5858 pag.
3148 5785 3273 5845 302.
3305 5787 3474 5863 ‘eep.
3505 5788 3581 5848 23
3606 5807 3672 5868 p.
3705 5794 3823 5851 371.

504 5870 671 5917 suist.
702 5863 777 5917 ad
806 5860 999 5917 ΕυΙιεδ.
1029 5859 1052 5897 ⁸
1072 5875 1197 5917 can.
1231 5858 1303 5917 24
1332 5873 1391 5917 n.
1455 5858 1547 5917 72.
1579 5860 1600 5898 ⁴
1630 5858 1685 5917 II
1712 5861 1840 5917 Cor.
1872 5874 1974 5917 xu.
2006 5860 2035 5917 1
2067 5864 2128 5917 et
2155 5874 2322 5917 seca.
2353 5855 2376 5895 ⁸
2404 5869 2532 5917 cap.
2560 5854 2652 5917 29.
2684 5870 2743 5917 ι).
2775 5854 2901 5916 414.

434 5871 457 5947 ξ
487 5865 671 5948 Epist.
702 5863 777 5924 ad
806 5860 999 5936 Ephes.
1029 5859 1052 5897 ⁸
1072 5858 1303 5936 οερί24
1331 5873 1391 5931 p.

1491 5858 1547 5920 2.
1579 5860 1600 5935 ἒ
1630 5858 1685 5918 Il
1709 5854 1840 5921 'Cor.
1872 5874 1974 5935 xu,
2006 5860 2035 5921 1
2067 5854 2128 5929 ét
2155 5874 2322 5934 seqq.
2353 5854 2652 5930 "01113.29,
2672 5854 2743 5931 ’p.
2775 5854 2901 5916 414.
