3942 6302
162 392 284 453 533

1131 392 1207 453 D.
1252 387 1587 454 NOURRII
1628 381 2174 447 DlSSER’l‘ATIO.
2220 412 2297 426 —
2342 380 2544 441 PARS
2589 381 2636 442 l.

3464 383 3583 445 534

156 522 261 580 lus
292 525 366 580 ad
389 523 741 581 Corinthios
771 523 1035 580 scribens
1058 522 1307 579 dixisset
1336 536 1400 578 se
1429 536 1642 578 arcana
1671 531 1831 589 quas-
1856 515 1913 582 Α
1941 513 2224 570 nimirum
2281 512 2636 585 Polycarpus
2666 512 2817 568 haud
2841 511 2938 568 die
2968 512 3042 568 ab
3063 529 3130 570 eo
3180 515 3412 587 magnis
3450 532 3578 587 pre-

167 615 310 670 dam
347 613 648 669 audivisse
675 612 869 679 verba,
893 629 1023 685 qum
1058 610 1280 669 nemini
1308 609 1469 683 loqui
1493 605 1828 674 liceret,hoc

168 720 415 776 quoque
466 703 694 771 putavit
755 704 1001 774 scriptor
1054 701 1153 757 ille
1205 706 1407 756 noster
1454 715 1560 755 suo
1601 697 1828 769 Ignatio

163 792 534 849 imitandum
565 809 715 849 esse.
752 792 955 865 Itaque
984 808 1119 848 eum
1143 806 1377 863 quoque
1405 789 1545 845 facit
1574 787 1645 843 ad
1668 784 1830 841 Tral-

166 882 376 939 lenses
394 883 752 939 scribentem
771 882 1162 952 quorumdam
1191 894 1536 936 arcanorum
1561 874 1827 933 notitiam

168 973 288 1028 sibi
324 988 651 1029 assumere.
684 972 889 1028 Nonne
921 986 1159 1042 possum
1190 969 1359 1025 vobis
1389 963 1829 1040 supercmlestia

169 1062 458 1131 scribere,
499 1083 530 1112 »
581 1065 693 1118 etc.
752 1061 810 1116 Si
866 1065 1072 1117 auctor
1102 1065 1302 1115 noster
1339 1058 1606 1123 Paulum,
1655 1060 1721 1110 ut
1749 1053 1830 1109 ait

166 1151 452 1220 Dallaaus,
484 1150 565 1205 ibi
595 1149 860 1205 imitatus
882 1155 991 1217 est,
1014 1149 1170 1204 idem
1201 1146 1455 1204 Dallieus
1487 1145 1634 1201 falso
1657 1144 1827 1216 plane

168 1240 416 1306 asserit,
446 1240 600 1311 quod
630 1239 728 1294 ille
753 1238 870 1295 sibi
899 1254 967 1295 ea
997 1238 1239 1305 tribuat,
1271 1252 1398 1308 qua
1427 1233 1647 1291 nemini
1671 1248 1826 1289 mor-

161 1329 273 1385 tali
307 1344 593 1385 concessa
623 1332 783 1384 sunt.

245 1422 442 1476 Instat
462 1419 714 1476 Dallaaus
747 1425 1040 1475 auctorem
1073 1422 1337 1474 nostrum
1360 1432 1431 1473 ea
1460 1416 1573 1473 sibi
1594 1413 1829 1470 tribuis-

165 1526 232 1566 se
264 1524 336 1565 eo
368 1509 495 1564 loco
524 1525 589 1563 ac
617 1513 876 1581 tempore
906 1524 1021 1579 quo
1048 1510 1223 1564 etiam
1253 1522 1387 1561 vere
1419 1505 1468 1561 si
1502 1504 1824 1569 habuisset,

163 1599 322 1654 nihil
355 1614 592 1655 necesse
652 1603 773 1654 erat
802 1598 1081 1668 explicari
1130 1602 1188 1653 et
1216 1596 1503 1652 ostentari
1531 1593 1575 1650 ⁸.
1618 1594 1729 1650 Sed
1758 1610 1827 1649 ea

165 1695 297 1744 tum
336 1688 448 1744 sibi
480 1688 686 1743 tribuit
737 1688 1019 1756 Ignatius,
1049 1703 1184 1743 cum
1227 1685 1637 1742 auctoritatem
1667 1684 1821 1755 apud

166 1778 507 1834 Trallenses
539 1778 818 1848 majorem
852 1778 960 1832 sibi
992 1775 1306 1833 conciliare
1358 1774 1563 1841 voluit,
1598 1790 1712 1844 qua
1741 1774 1825 1828 eis

1940 604 2107 660 cibus
2138 602 2576 673 etﬂagitaverat.
2612 609 2686 656 At
2713 602 2976 673 Ignatius
3000 604 3122 657 hmo
3158 603 3213 657 in
3246 605 3451 660 eadem
3484 604 3584 662 illa

1940 694 2190 766 epistola
2218 694 2330 764 ipsi
2354 694 2554 761 tradit,
2580 710 2697 749 non
2730 698 2795 748 ut
2834 694 3122 748 tironibus
3157 696 3445 766 magistri,
3479 697 3579 753 sed

1939 789 2004 839 ut
2033 783 2260 840 amicus
2285 784 2494 850 amico,
2522 788 2585 838 ut
2620 781 2813 838 senior
2832 784 3109 854 martyrio
3130 782 3425 854 mortique
3451 801 3583 855 pro-

1937 873 2133 929 ximus
2170 872 2336 929 alteri
2387 872 2558 943 longe
2583 872 2805 942 juniori
2834 872 2995 943 loqui
3027 872 3171 928 solet
3212 880 3269 929 et
3300 874 3577 931 scribere.

1937 966 2232 1027 Quantum
2248 970 2441 1018 autem
2463 960 2723 1032 lgnatius
2746 961 3058 1033 Polycarpo
3071 967 3237 1017 astate
3251 966 3582 1034 provectior

1940 1054 2136 1120 fuerit,
2170 1052 2306 1108 inde
2362 1055 2695 1120 computent
2756 1050 3054 1117 Dallaaani,
3101 1053 3253 1122 quod
3286 1052 3384 1107 ille
3424 1069 3580 1110 anno

1939 1142 2042 1196 108
2068 1140 2157 1198 vel
2214 1140 2339 1207 109,
2372 1141 2467 1195 hic
2517 1156 2669 1195 anno
2699 1144 2932 1195 tantum
2978 1139 3085 1194 466
3125 1145 3227 1196 aut
3269 1140 3396 1210 169,
3429 1157 3579 1197 mar’

1939 1234 2097 1302 tyres
2127 1229 2474 1286 occubuisse
2503 1227 2800 1283 dicantur.

2543 1333 2775 1389 CAPUT
2797 1333 2973 1391 XVII.

1939 1462 2136 1502 HARUM
2150 1458 2551 1500 EPISTOLARUM
2568 1458 2787 1499 STYLUM
2809 1458 2943 1499 ESSE
2954 1459 3175 1500 OMNINO
3202 1461 3578 1504 IGNATIANUM.

2053 1556 2090 1630 ἓ
2120 1552 2169 1614 Ι.
2206 1551 2443 1633 Stylum
2473 1549 2859 1629 epz'stolarum
2890 1569 3006 1612 esse
3036 1550 3453 1631 lgnatianum.

2009 1674 2220 1725 Caetera
2249 1668 2445 1725 Dallaai
2500 1671 2700 1723 contra
2734 1666 2844 1723 has
2901 1668 3179 1738 epistolas
3210 1676 3580 1741 argumenta,

1938 1777 2005 1815 ex
2030 1775 2232 1815 earum
2288 1759 2551 1813 oratione
2575 1762 2629 1812 et
2673 1757 2865 1812 verbis
2896 1757 3193 1812 ducuntur
3222 1757 3262 1814 θ.
3310 1760 3575 1816 Primum

168 1868 403 1924 scilicet
425 1844 727 1939 Polybium
751 1867 1012 1938 ipsorum
1039 1866 1591 1937 episcopum,quem
1618 1879 1730 1919 non
1756 1878 1823 1919 ea
1852 1862 1897 1927 Β
1942 1866 1989 1901 a'

1990 1853 2136 1902 atem
2169 1846 2313 1900 illud
2365 1846 2577 1916 arguit,
2611 1844 2770 1914 quod
2801 1860 2899 1899 eas
2945 1844 3127 1915 «ipsa
3156 1847 3354 1901 statim
3396 1849 3578 1903 oratio

170 1958 444 2023 omnino,
468 1974 584 2028 qua
615 1974 719 2026 par
757 1961 903 2023 erat,
927 1958 1295 2011 veneratione
1325 1953 1634 2025 complecti
1665 1951 1823 2008 vide-

168 2045 612 2115 bantur,magis
626 2045 1267 2115 commendaret,atque
1287 2059 1385 2098 eos
1407 2044 1690 2097 adversus
1705 2040 1821 2096 ha)-

168 2138 388 2193 reticos
438 2137 703 2191 redderet
734 2135 1021 2191 cautiores
1044 2151 1111 2190 ac
1145 2134 1431 2190 forliores.
1479 2133 1638 2189 Hanc
1671 2138 1825 2188 certe

166 2228 243 2281 ob
278 2242 520 2281 causam
574 2226 647 2281 de
675 2224 971 2280 concessis
1003 2225 1113 2279 sibi
1145 2242 1178 2279 a
1227 2229 1343 2279 Deo
1392 2222 1825 2294 cognitionibus

163 2331 476 2370 sermones
499 2314 744 2381 miscet;
780 2313 883 2369 sed
930 2313 1060 2369 illos
1089 2312 1370 2369 continuo
1409 2328 1539 2367 vere
1571 2311 1825 2382 Ignatia-

172 2422 275 2472 na,
301 2404 363 2459 id
394 2408 502 2471 est,
527 2420 763 2459 summa
793 2402 1127 2459 humilitate
1148 2404 1472 2473 temperat:
1508 2422 1536 2451 α
1563 2401 1672 2456 Sed
1709 2417 1824 2456 non

167 2494 332 2559 novi,
364 2493 581 2565 inquit,
631 2492 679 2547 si
732 2491 949 2564 dignus
980 2508 1180 2549 sum...
1213 2490 1425 2546 Praeter
1464 2490 1575 2545 hoc
1621 2490 1743 2561 jam
1769 2495 1826 2546 et

171 2583 508 2656 discipulus
541 2601 695 2639 sum.
732 2606 760 2634 ››

166 2695 199 2771 ξ
223 2693 306 2753 II.
341 2689 547 2772 Neque
570 2692 631 2752 in
660 2710 724 2751 eo
753 2689 911 2771 quod
945 2688 1269 2772 Trallenges
1295 2707 1511 2768 pueros
1539 2688 1823 2772 appellat,

256 2781 365 2833 aut
407 2769 469 2831 ίή
498 2771 721 2852 iisquae
760 2769 1125 2850 scripsitad
1151 2769 1581 2851 Polycarpum,
1631 2771 1825 2831 lzsam

255 2863 377 2915 esse
406 2852 641 2932 lgnatii
666 2854 1030 2913 modestiam.

251 2970 514 3025 Rursum
548 2968 797 3025 Dallzeus
849 2967 1086 3041 opponit
1121 2984 1327 3039 parum
1368 2970 1825 3023 consentaneum

175 3059 365 3115 videri
396 3058 722 3115 Trallenses
744 3054 976 3127 νηπίους
1008 3072 1231 3126 pueros,
1263 3061 1319 3112 et
1348 3056 1599 3113 infantes
1633 3057 1704 3112 ab
1724 3073 1824 3112 au-

174 3152 336 3205 ctore
371 3152 573 3203 nostro
607 3147 911 3219 appellari,
940 3164 1089 3219 quos
1129 3145 1226 3202 ille
1256 3145 1382 3217 ipse
1432 3162 1618 3218 nuper
1651 3166 1677 3196 α
1709 3145 1826 3201 Deo

1938 1936 2192 1993 ostendit
2223 1952 2335 1990 non
2370 1949 2500 1989 esse
2533 1932 2708 1987 unius
2740 1932 3008 2002 ejusdem
3041 1934 3337 2002 auctoris;
3374 1936 3577 1993 multi-

1940 2026 2071 2096 plex
2102 2024 2253 2096 ipsa,
2286 2039 2476 2093 neque
2508 2021 2685 2076 unius
2715 2021 2946 2091 generis
2978 2025 3079 2076 aut
3109 2020 3342 2079 coloris.
3378 2046 3405 2074 »
3423 2027 3478 2079 Si
3511 2028 3583 2083 de

1937 2118 2009 2171 iis
2042 2132 2189 2187 quas
2234 2114 2525 2186 genuinas
2584 2128 2830 2183 vereque
2862 2112 2936 2166 ab
2980 2114 3205 2183 Ignatio
3237 2114 3403 2170 datas
3451 2133 3581 2173 esse

1938 2217 2399 2275 propugnamus,
2454 2199 2699 2254 Dallasus
2758 2198 3051 2270 loquatur,
3086 2200 3141 2255 id
3193 2201 3579 2260 falsissimum

1936 2309 2063 2349 esse
2094 2293 2287 2364 palam
2310 2298 2621 2362 aperteque
2672 2290 3141 2360 pronuntiamus.
3188 2290 3394 2362 Liquet
3424 2294 3580 2349 enim

1936 2384 2069 2439 illas
2097 2397 2301 2438 omnes
2332 2380 2535 2435 eodem
2568 2384 2833 2433 exaratas
2866 2378 3049 2433 fuisse
3081 2378 3252 2450 style,
3278 2383 3580 2450 apostolici

1937 2471 2158 2529 scilicet
2190 2469 2465 2538 hominis,
2481 2468 2551 2523 ad
2577 2466 2925 2540 martyrium
2953 2470 3343 2540 properantis,
3362 2478 3578 2529 morte-

1938 2579 2051 2635 que
2081 2560 2514 2633 quamprimum
2544 2557 2857 2622 afficiendi,
2890 2557 2989 2628 qui
3020 2559 3079 2614 in
3113 2560 3339 2628 itinere,
3376 2562 3579 2619 vincu-

1937 2653 2128 2724 lisque
2159 2654 2430 2717 onustus,
2464 2664 2531 2702 ea
2561 2647 2760 2701 furtim
2792 2663 2859 2703 ac
2891 2655 3115 2704 secreto
3146 2652 3384 2723 scriptis
3416 2669 3577 2709 man-

1938 2743 2120 2811 davit,
2186 2757 2315 2812 quis
2372 2738 2825 2794 ardentissimus
2880 2738 3221 2797 Christianas
3276 2741 3574 2812 religionis

1939 2848 2103 2889 amor
2132 2829 2246 2901 ipsi
2278 2825 2630 2898 suggerebat
2659 2825 3124 2898 inspirabalque.

1938 2954 1967 3028 §
1997 2953 2077 3012 II.
2097 2947 2299 3008 Vocem
2313 2943 2676 3022 Theophori
2705 2963 2821 3028 esse
2843 2942 3423 3028 [grtatt'anammoces
3445 2967 3583 3010 υρνο

2045 3035 2232 3112 ἱερέων
2247 3037 2301 3089 et
2324 3033 2629 3109 ἀρχιερέων
2640 3030 2702 3085 in
2720 3024 2983 3104 epistolis
3001 3028 3152 3087 veris
3170 3048 3289 3088 non
3300 3030 3578 3110 reperiri.

2013 3154 2244 3216 Contra,
2279 3146 2475 3218 inquit
2509 3143 2777 3209 Dallaeus,
2812 3147 3014 3200 auctor
3044 3144 3425 3216 epistolarum
3462 3148 3583 3205 ubi-

176 3240 417 3311 dignos,
450 3244 508 3294 et
529 3245 782 3295 mentem
815 3238 1171 3309 inculpatum
1204 3243 1260 3293 et
1289 3236 1743 3309 insuperabilem
1766 3235 1825 3291 in
1859 3236 1901 3303 C
1941 3260 2054 3317 que
2077 3236 2331 3310 sumpsit
2350 3232 2679 3306 Theophori
2701 3238 3174 3305 cognomentum,
3209 3237 3358 3306 quod
3393 3254 3581 3311 neque

175 3329 466 3403 patientia
489 3351 519 3380 »
553 3330 762 3385 habere
792 3330 959 3385 dix1t.
983 3328 1153 3384 Addit
1174 3334 1368 3384 tamen
1404 3328 1650 3383 Dallasus
1678 3344 1739 3383 se
1763 3328 1819 3383 id

176 3436 297 3476 non
332 3435 559 3490 urgere.
614 3420 726 3476 Sed
760 3436 863 3475 nec
911 3434 1369 3475 commemorare
1412 3417 1529 3474 ullo
1562 3433 1822 3490 unquam

176 3514 354 3566 modo
387 3509 654 3566 debebat.
690 3510 830 3574 Quis
860 3509 1014 3565 enim
1040 3508 1260 3566 nesciat
1290 3508 1533 3564 Paulum
1558 3507 1826 3565 similiter

177 3617 424 3657 vocasse
471 3600 801 3656 Corinthios
859 3597 1087 3669 νηπίους
1117 3600 1376 3672 parvulos
1434 3604 1490 3655 et
1526 3599 1822 3669 infantes;

180 3690 455 3761 quamvis
479 3706 577 3745 eos
604 3689 662 3745 in
690 3688 918 3745 Christo
949 3694 1004 3744 et
1049 3689 1107 3744 in
1139 3688 1299 3745 omni
1332 3688 1579 3745 scientia
1617 3689 1825 3746 divites

181 3778 443 3834 dixerit?
476 3778 737 3851 lgnatius
769 3778 965 3850 itaque
997 3777 1331 3834 Trallenses
1364 3778 1480 3835 Dec
1529 3779 1739 3851 dignos
1771 3782 1827 3835 et

182 3868 551 3940 inculpatam
598 3872 855 3925 mentem
900 3868 1113 3924 habere
1145 3868 1336 3940 potuit
1385 3884 1683 3937 asserere;
1716 3869 1826 3924 etsi

183 3977 284 4017 eos
317 3961 471 4016 circa
500 3959 873 4017 sublimiores
905 3960 1149 4016 Deitatis
1189 3959 1548 4032 cognitiones
1595 3957 1825 4028 νηπίους

183 4050 446 4121 parvulos
474 4055 531 4106 et
560 4049 808 4106 infantes
834 4065 961 4105 esse
990 4048 1184 4105 sciret.

258 4138 548 4195 Violatam
608 4140 797 4195 denuo
854 4137 1054 4209 Ignatii
1089 4137 1434 4194 modestiam
1481 4138 1543 4194 in
1582 4138 1830 4212 epistola

186 4230 259 4287 ad
287 4229 667 4301 Pclycarpum
698 4226 920 4299 duplici
941 4244 1006 4283 ex
1028 4227 1214 4298 capite
1244 4231 1519 4284 causatur
1541 4228 1826 4300 Dallaeus;

186 4328 312 4375 tum
348 4319 504 4390 quod
564 4325 764 4374 auctor
807 4316 1037 4373 titulum
1097 4318 1368 4389 martyris
1421 4317 1534 4373 sibi
1574 4324 1826 4391 arroget,

186 4415 313 4464 tum
347 4408 503 4479 quod
537 4429 566 4458 «
598 4406 915 4479 Polycarpo
948 4423 1055 4462 suo
1088 4405 1514 4477 condiscipulo,
1546 4414 1601 4463 et
1631 4409 1828 4464 admi-

186 4497 359 4554 rabili
389 4496 759 4570 Smyrnensis
794 4495 1057 4552 Ecclesiae
1092 4496 1365 4567 episcopo
1398 4495 1469 4552 de
1504 4496 1830 4568 pietate,de

1930 3329 2192 3408 Ignatius
2224 3325 2333 3383 sibi
2368 3340 2629 3397 unquam
2662 3323 2830 3378 vivus
2861 3324 3170 3393 arrogavit,
3199 3342 3386 3398 neque
3418 3332 3574 3400 apud

1930 3418 2360 3482 vetustissimos
2382 3415 2697 3486 scriptores
2728 3412 3192 3484 auditum,plane
3226 3415 3491 3474 ﬁctitium
3516 3426 3573 3477 et

1932 3532 2001 3571 ex
2051 3509 2264 3567 fabulis
2312 3510 2503 3562 ortum
2570 3506 2679 3558 est.
2738 3501 2951 3558 Verum
3014 3505 3362 3562 Pearsonius
3410 3511 3569 3570 vocis

1932 3602 2262 3675 Theophori
2293 3604 2699 3677 antiquitatem
2732 3604 2788 3657 et
2818 3618 2991 3657 usum
3016 3604 3135 3655 tam
3160 3598 3307 3654 clare
3330 3600 3572 3658 demon-

1934 3693 2179 3762 stravit;
2241 3697 2303 3748 ut
2350 3690 2546 3746 Dallasi
2597 3692 2868 3746 defensor
2903 3688 3051 3743 illud
3111 3688 3346 3744 tandem
3406 3690 3574 3747 fateri

1934 3788 2212 3840 coactus:
2247 3804 2273 3831 «
2342 3780 2567 3847 Multis,
2620 3778 2835 3851 inquit,
2895 3781 3155 3832 veterum
3218 3776 3572 3836 testimoniis

1936 3874 2105 3931 istius
2133 3871 2290 3929 vocis
2322 3886 2495 3927 usum
2548 3885 2614 3926 ac
2667 3868 3124 3924 familiaritatem
3156 3867 3578 3925 demonstravit

1936 3963 2285 4021 Pearsonius
2316 3962 2382 4018 ¹⁰.
2407 3984 2436 4013 ››
2457 3961 2875 4018 Verumtamen
2900 3959 2997 4016 ille
3024 3958 3085 4014 in
3118 3955 3315 4012 Βαιιωί
3348 3957 3437 4013 sui
3471 3959 3574 4013 de-

1940 4053 2262 4111 fensionem
2284 4055 2564 4109 adversus
2594 4049 2977 4107 Pearsonium
3010 4048 3090 4103 sic
3115 4045 3348 4117 arguit:
3373 4067 3401 4096 «
3426 4045 3573 4102 Νυι.

1935 4143 2059 4199 lum
2090 4147 2288 4198 tamen
2309 4139 2635 4212 exemplum
2660 4139 2867 4196 afferre
2882 4137 3070 4210 potuit
3091 4132 3279 4191 sancti
3299 4133 3574 4205 alicujus,

1936 4233 2035 4306 qui
2063 4233 2250 4288 instar
2278 4228 2835 4303 IgnatiiTheOpbori
2867 4241 3190 4299 cognomen
3213 4223 3325 4281 sibi
3357 4224 3574 4281 tribue-

1938 4322 2085 4377 rit.»
2120 4323 2249 4375 Haec
2281 4318 2539 4391 profecto
2567 4317 2781 4374 inﬁrmi
2815 4314 3144 4388 argumenti
3181 4313 3469 4369 inﬁrmior
3488 4318 3578 4371 est

1939 4409 2219 4469 defensio.
2254 4408 2451 4465 Potest
2497 4408 2650 4464 enim
2684 4407 2929 4479 scriptor
2967 4404 3181 4477 aliquis
3213 4405 3449 4460 nomine
3489 4402 3576 4460 vel

1939 4504 2285 4577 cognomine
2316 4500 2397 4556 ita
2457 4500 2739 4557 inusitato
2789 4503 2848 4555 et
2894 4495 3354 4555 extraordinario
3386 4495 3579 4568 appel-

187 4588 282 4647 sui
318 4586 577 4643 muneris
600 4586 815 4643 officiis
846 4586 925 4641 ita
947 4584 1146 4641 omnia
1164 4584 1517 4657 praecipit,ut
1539 4586 1829 4645 tironibus
1861 4609 1907 4674 Β
1939 4593 2068 4665 lari,
2101 4595 2168 4648 ut
2225 4589 2427 4647 nullus
2475 4589 2750 4663 deinceps
2800 4606 2866 4646 eo
2926 4587 3250 4661 nuncupari
3306 4585 3573 4645 voluerit.

189 4675 460 4749 magistri
491 4676 679 4733 solent
704 4673 746 4730 ⁷.
782 4696 810 4725 ››
841 4675 925 4730 Ad
949 4675 1205 4747 primum
1238 4674 1661 4745 respondemus
1692 4681 1832 4733 titu-

185 4769 313 4824 lum
348 4766 619 4839 martyris
650 4766 708 4821 in
741 4763 1107 4821 Bibliotheca:
1136 4762 1482 4821 Florentinis
1501 4766 1833 4823 manuscri-

186 4864 286 4929 pto
314 4855 514 4913 codice
563 4859 757 4911 Graeco
788 4854 1036 4925 sincero,
1088 4869 1193 4909 nec
1260 4853 1633 4926 interpolato,
1686 4860 1740 4912 et
1770 4857 1831 4913 in

187 4946 435 5017 antiqua
464 4944 625 5001 illius
664 4943 870 5001 Latina
897 4943 1163 5000 versione
1197 4944 1438 5000 minime
1475 4945 1734 5016 reperiri.
1770 4948 1831 5004 Id

188 5037 378 5093 cuivis
408 5033 620 5106 legenti
671 5035 753 5089 ita
782 5033 1014 5089 obvium
1052 5036 1181 5101 est;
1226 5037 1292 5089 ut
1340 5032 1557 5090 mirum
1610 5035 1689 5091 sit
1718 5053 1836 5108 qua

189 5125 417 5182 ratione
455 5122 654 5180 Dalleei
714 5122 985 5179 defensor
1014 5122 1206 5178 dicere
1256 5122 1470 5177 audeat
1498 5122 1557 5179 ἐ
1596 5145 1625 5175 ‹‹
1652 5124 1837 5181 ltata-

190 5232 328 5272 men
364 5231 427 5270 se
457 5213 713 5287 appellat
734 5212 793 5268 in
825 5210 1083 5284 epistolas
1118 5212 1189 5267 ad
1213 5210 1594 5285 Polycarpum
1626 5214 1836 5271 inscri-

188 5306 390 5380 ptione
419 5304 638 5371 Graeca,
698 5318 822 5375 quas
865 5300 1216 5372 interpolata
1258 5318 1373 5358 non
1424 5307 1530 5358 est.
1561 5325 1589 5353 ››
1632 5305 1708 5359 Ad
1744 5321 1840 5361 se-

190 5394 453 5452 cundum
481 5409 619 5450 vero
642 5391 895 5448 dicimus
927 5390 987 5446 in
1027 5405 1094 5446 eo
1126 5390 1371 5462 epistola
1402 5392 1689 5464 Ignatium
1712 5396 1838 5464 plu-

190 5486 345 5543 rima
374 5498 609 5543 morum
640 5480 991 5555 pietatisque
1020 5480 1332 5537 tradidisse
1369 5486 1678 5554 precepts,
1712 5500 1839 5556 quas

1946 4684 2158 4741 Deinde
2189 4682 2323 4754 quis
2351 4686 2686 4738 sanctorum
2733 4680 2998 4737 omnium
3030 4678 3397 4734 nominatam
3417 4695 3584 4737 accu-

1942 4778 2064 4830 rate
2086 4771 2443 4841 calluisse,et
2474 4771 2838 4828 recensuisse
2856 4769 2965 4825 dici
2998 4772 3192 4841 potest
3217 4784 3230 4835 ;
3264 4772 3329 4822 ut
3351 4767 3581 4826 nullum

1943 4864 2033 4919 vel
2063 4867 2219 4933 ante,
2252 4862 2336 4918 vel
2368 4866 2498 4931 post
2523 4861 2733 4934 Iguatii
2772 4865 2999 4915 aetatem
3034 4875 3099 4914 eo
3124 4859 3446 4929 Theophori
3478 4876 3582 4916 no-

1945 4952 2102 5008 mine
2132 4950 2480 5023 insignitum
2514 4951 2696 5006 fuisse
2738 4964 2997 5005 asserere
3024 4946 3278 5003 audeat?
3322 4946 3584 5021 Denique

1946 5056 2062 5095 non
2093 5040 2165 5095 de
2187 5037 2338 5108 aliis,
2371 5036 2474 5093 sed
2504 5037 2574 5092 de
2628 5037 2854 5108 Ignatio
2886 5034 3011 5092 solo
3043 5034 3136 5091 hic
3188 5036 3429 5107 quaestio
3458 5054 3583 5094 mo-

1945 5132 2131 5198 vetur,
2175 5143 2315 5182 num
2375 5124 2701 5197 Theophori
2753 5140 3073 5196 cognomen
3106 5125 3347 5180 sortitus
3376 5126 3472 5182 sit.
3517 5129 3584 5183 At

1947 5222 2031 5278 ita
2061 5237 2124 5277 se
2185 5236 2306 5275 rem
2338 5217 2553 5275 habere
2608 5216 2681 5272 ab
2714 5233 2779 5273 eo
2839 5216 3113 5286 laudatis,
3172 5232 3241 5271 ex
3270 5216 3477 5274 Pbotio
3512 5222 3582 5291 υ,

1948 5316 2006 5366 et
2060 5310 2361 5366 Theodoro
2406 5308 2734 5381 presbytero
2768 5305 2835 5375 η,
2893 5305 3189 5377 Stephano
3248 5306 3475 5364 Gobaro
3523 5308 3586 5379 ¹³,

1948 5404 2123 5471 atquc
2164 5397 2474 5470 Ephremo.
2526 5394 2943 5469 Theopolitano
2998 5395 3151 5451 circa
3210 5413 3429 5453 annum
3482 5398 3592 5453 526

1951 5487 2311 5563 patriarcha,
2344 5503 2449 5545 nec
2502 5502 2619 5545 non
2649 5503 2718 5544 ex
2745 5486 2898 5542 veris
2947 5488 3004 5541 et
3029 5484 3272 5542 sinceris
3319 5486 3590 5557 ejusdem

259 5606 281 5644 ⁶
336 5600 661 5682 ριειβῖὲο
709 5596 917 5682 ⁷.⁰ἓΡ;
963 5596 1055 5665 ³4,
1114 5613 1171 5669 p-
1230 5597 1357 5665 275-
1405 5596 1532 5655 276-
1585 5598 1609 5633 ⁸
1664 5619 1795 5677 pas.
1854 5607 1983 5662 291.

2043 5604 2066 5640 ⁹
2118 5621 2245 5678 cap.
2294 5603 2387 5671 23,
2440 5621 2495 5676 p.
2556 5604 2679 5660 377.
2744 5602 2789 5637 ίο
2845 5616 2980 5674 pag.
3038 5601 3164 5657 292.
3211 5603 3248 5638 ¹¹
3283 5603 3413 5660 cod.
3468 5606 3593 5662 126.

211 5679 235 5715 ³
264 5672 389 5739 cod.
413 5672 547 5737 Q32.
584 5672 629 5709 ¹⁸
658 5672 786 5729 cod.
817 5672 942 5729 229.
