3942 6302
404 423 521 483 535

1462 417 1527 482 S.
1571 416 1967 481 IGNATIUS.
2015 446 2082 461 --
2131 416 2746 484 PROLEGOMENA.

3700 420 3819 480 536

401 554 611 628 lgnatii
669 552 928 627 martyrii
962 552 1117 609 Actis
1173 567 1304 609 cum
1360 552 1571 609 Grecis
1627 556 1753 609 tum
1814 550 2038 609 Latinis
2068 557 2123 626 Α
2152 553 2369 626 scopis,
2403 556 2754 629 presbyteris
2779 560 2837 613 st
2867 554 3149 625 diaconis,
3197 553 3449 628 singulis
3482 554 3821 627 quibusque

397 641 617 714 liquido
651 644 1052 714 probatur.His
1086 644 1336 716 denique
1356 659 1669 713 possumus
1695 642 2038 699 subnectere

398 732 738 801 Eusebium,
771 736 869 805 qui
902 735 1047 790 nihil
1072 737 1203 790 novi
1236 740 1337 790 aut
1368 731 1616 790 fabulosi
1643 736 1700 790 in
1731 734 1840 791 hoc
1873 737 2038 805 lgna-

400 825 463 881 tii
498 827 848 898 cognomine
880 843 1139 899 unquam
1176 832 1507 898 suspicatus
1532 831 1643 884 est.

469 917 582 972 Nec
612 922 737 971 erat
768 918 923 988 quod
955 917 1206 973 Dallazus
1236 933 1304 972 ex
1324 918 1513 972 verbis
1542 914 1728 990 ἱερέων
1761 920 1819 972 et
1849 915 2037 988 ἀρχιε-

402 1004 538 1080 ρὲων
570 1008 843 1077 deinceps
894 1009 1139 1064 instaret
1161 1006 1226 1062 ¹⁴.
1267 1007 1373 1063 Illa
1407 1007 1623 1078 quippe
1653 1022 1771 1063 non
1803 1007 1861 1061 in
1904 1021 2039 1061 vero

400 1098 501 1153 sed
533 1097 880 1171 interpolato
936 1096 1315 1170 epistolarum
1347 1102 1506 1153 textu
1554 1098 1945 1169 reperiuntur.
1978 1095 2038 1152 Si

401 1182 597 1245 autem
638 1188 699 1245 in
750 1189 996 1261 epistola
1026 1189 1099 1243 ad
1142 1187 1682 1261 Philadelphienses
1713 1186 1889 1243 simul
1937 1184 2038 1242 alio

400 1282 635 1351 quando
666 1288 993 1348 occurrant,
1014 1279 1229 1333 ibidem
1255 1280 1321 1333 ad
1352 1277 1614 1333 Mosaicae
1640 1276 1782 1348 legis
1805 1275 2040 1349 presby-

399 1370 671 1438 teros,vel
703 1370 996 1426 Christum
1025 1369 1395 1425 sacerdotum
1428 1369 1687 1425 omnium
1719 1367 2041 1439 principem

403 1461 857 1533 signiﬁcandum
888 1460 987 1517 illa
1022 1461 1285 1531 lgnatius
1318 1460 1603 1516 adhibuit.

994 1586 1218 1644 CAPUT
1246 1587 1447 1645 XVIII.

396 1718 567 1759 VOCES
600 1716 851 1758 EPISCOPI
891 1716 958 1755 ET
1008 1710 1350 1757 PREFBYTBRI
1399 1717 1513 1756 NON
1541 1717 1691 1767 ALIO,
1727 1716 1889 1764 QUAM
1916 1718 2043 1758 APO-

468 1791 759 1831 βτοιοιιυιί
806 1791 875 1830 ΕΤ
923 1790 1177 1830 νιηοῆυιί
1246 1790 1709 1830 APOSTOLICORUM
1758 1789 1926 1831 οεΝευ
1978 1791 2046 1830 ΔΒ

468 1863 688 1904 ΙϐΝΔΤΙΟ
718 1864 786 1903 US
796 1864 826 1903 U
836 1863 1070 1902 RPATAS.

400 1959 433 2033 §
460 1955 754 2035 l.lgnatio
756 1957 865 2036 jus
879 1955 1062 2033 fuisse
1082 1974 1149 2016 ea
1168 1957 1416 2016 nomina
1441 1954 1861 2036 distinguendi
1867 1956 2049 2028 ,t'deo-
2080 1940 2127 2007 Β

840 2058 951 2118 que
980 2047 1136 2098 recte
1157 2057 1223 2098 ea
1246 2036 1609 2098 distinxisse.

475 2157 819 2221 Maximum,
853 2158 1124 2229 quodque
1150 2157 1355 2212 Dalﬁno
1388 2156 1672 2213 invictum
1702 2158 1933 2214 videtur
1963 2175 2053 2215 ar-

403 2254 745 2317 gumentum
780 2247 843 2316 ¹⁶,
874 2248 1013 2301 illud
1046 2252 1155 2313 est,
1217 2248 1371 2319 quod
1398 2248 1667 2319 ,scriptor
1696 2254 1893 2304 noster
1924 2266 2055 2320 pre-

405 2338 623 2405 sbyteri
654 2342 710 2390 et
761 2336 1016 2406 episcopi
1053 2335 1305 2405 numina,
1358 2353 1480 2407 quae
1538 2336 1782 2408 apostoli
1832 2337 2055 2409 virique

407 2426 713 2497 apostolici
748 2428 1009 2491 confuse,
1060 2427 1411 2495 promiscue,
1445 2431 1501 2483 et
1546 2425 2053 2484 indiscriminatim

408 2532 640 2588 semper
669 2519 1045 2586 acceperunt;
1106 2530 1173 2571 ea
1204 2514 1301 2570 ille
1336 2533 1450 2572 non
1510 2515 1689 2571 semel
1719 2519 1776 2571 et
1816 2515 2050 2584 iterum,

406 2607 507 2661 sed
544 2610 844 2677 perpetuo,
876 2611 931 2661 et
964 2605 1023 2660 in
1056 2606 1332 2661 omnibus
1365 2605 1578 2676 ubique
1631 2604 1896 2676 epistolis
1935 2622 2049 2662 non

399 2700 631 2751 tantum
692 2702 960 2752 accurate
1007 2707 1061 2752 et
1112 2697 1377 2765 religiose
1436 2696 1777 2769 distinguat,
1838 2700 1938 2755 sed
1985 2715 2051 2755 eo

400 2800 630 2857 quoque
662 2799 835 2840 sensu
872 2790 1138 2857 usurpet,
1187 2803 1299 2857 quo
1330 2802 1363 2842 a
1394 2787 1545 2842 tertii
1576 2791 1802 2842 tantum
1828 2793 1885 2843 et
1915 2787 2049 2843 sub-

399 2876 770 2945 sequentium
830 2876 1178 2931 saeculorum
1212 2875 1557 2931 Christianis
1602 2880 1879 2947 usurpata
1908 2877 2050 2949 legi-

399 2979 551 3019 mus.
576 2966 698 3028 Quo
729 2980 871 3020 sane
897 2972 1257 3037 'argumento
1289 2965 1537 3022 Dallaaus
1567 2968 1910 3037 scriptorem
1944 2983 2048 3022 no-

400 3057 583 3108 strum
616 3070 732 3109 non
781 3061 914 3111 ante
963 3056 1242 3111 seculum
1305 3057 1539 3111 tertium
1595 3054 1874 3127 epistolas
1906 3072 2046 3112 suas

401 3160 670 3201 exarasse
719 3150 874 3203 certo
929 3163 993 3202 se
1025 3147 1424 3203 demonstrare
1484 3146 1815 3202 arbitratur.
1873 3146 2045 3203 Porro

403 3250 511 3291 nos
532 3234 629 3291 ille
657 3236 810 3292 serio
862 3242 1080 3305 monet,
1115 3252 1177 3291 se
1210 3252 1323 3292 non
1357 3235 1428 3292 de
1459 3251 1517 3291 re
1549 3236 1693 3307 ipsa,
1728 3236 1830 3291 sed
1854 3236 1924 3291 de
1954 3252 2046 3291 so-

404 3323 477 3379 lis
532 3325 789 3397 episcopi
834 3331 892 3381 et
928 3325 1250 3397 presbyteri
1310 3325 1649 3381 nominibus
1707 3326 2046 3398 disputare:

405 3435 433 3463 κ
466 3412 632 3469 Nunc
665 3413 736 3470 de
784 3431 844 3470 re
878 3416 1026 3486 ipsa,
1086 3415 1275 3486 inquit
1298 3413 1364 3484 ‘5,
1422 3432 1535 3470 non
1567 3415 1824 3487 disputo.
1866 3415 2048 3473 Done-

407 3518 541 3558 mus
571 3503 913 3560 doctissimo
940 3503 1431 3572 Hamondo,quod
1466 3504 1565 3561 ille
1588 3512 1704 3562 tam
1740 3504 2046 3564 vehemen-

405 3594 492 3647 ter
521 3593 706 3664 cupit,
738 3614 768 3645 κ
801 3591 1079 3649 nimirum
1111 3592 1217 3650 hos
1247 3594 1484 3651 ordines
1530 3610 1729 3651 revera
1750 3594 1933 3653 fuisse
1962 3596 2046 3652 di-

400 3682 664 3739 stinctos.
698 3687 763 3738 Et
811 3682 984 3755 paulo
1016 3687 1181 3755 post:
1217 3705 1247 3735 (ί
1288 3688 1365 3740 De
1425 3684 1682 3757 episcopi
1724 3689 1956 3742 tantum
1986 3688 2041 3743 et

395 3772 721 3851 presbyteri
778 3774 1119 3831 nominibus
1165 3791 1453 3847 quarm...
1504 3775 1575 3832 de
1623 3776 1840 3848 quibus
1882 3793 2038 3833 nunc

389 3861 532 3919 solis
554 3863 812 3935 disputo.

460 3950 676 4008 Verum
707 3953 759 4009 si
793 3953 1049 4028 episcopi
1082 3959 1139 4011 et
1170 3952 1491 4028 presbyteri
1520 3953 1756 4011 ordines
1791 3953 1940 4010 inter
1972 3971 2033 4011 se

274 4036 286 4047 ’
386 4057 579 4099 revera
626 4044 890 4101 distincti
938 4044 1178 4115 fuerint,
1229 4062 1447 4118 eosque
1495 4044 1806 4100 distinctos
1850 4044 2031 4101 tuisse

380 4132 658 4188 concedat
691 4133 959 4201 Dallaeus,
993 4135 1066 4190 ab
1102 4150 1168 4191 eo
1217 4134 1394 4191 etiam
1450 4132 1651 4206 procul
1690 4134 1869 4191 dubio
1891 4152 2028 4191 con-

380 4222 706 4279 cedendum
729 4229 818 4280 est
866 4226 967 4295 jus
999 4225 1222 4297 Ignatio
1271 4224 1453 4282 fuisse
1485 4224 1825 4281 earumdem
1867 4225 2028 4281 ordi-

378 4328 523 4369 num
558 4314 801 4369 nomina
822 4314 880 4369 in
903 4314 1167 4387 epistolis
1191 4315 1542 4387 scriptisque
1571 4314 1696 4373 suis
1716 4333 1944 4389 semper
1971 4320 2028 4374 et

381 4402 598 4475 ubique
630 4404 1261 4479 distinguendi.Nullus
1284 4404 1440 4461 enim
1471 4405 1588 4464 ullo
1616 4425 1874 4481 unquam
1889 4412 2025 4481 jure

377 4494 668 4566 suspicari
700 4500 907 4567 potest,
959 4496 1262 4571 multoque
1323 4497 1521 4553 minus
1573 4497 1789 4555 inferre
1829 4499 2020 4573 debet,

374 4583 593 4656 scripta
643 4587 896 4643 auctoris
954 4586 1204 4660 alicujus
1260 4587 1389 4644 ideo
1439 4588 1855 4659 proscribenda
1894 4606 2021 4647 esse

2146 659 2252 715 pro
2278 660 2385 701 suo
2414 646 2618 703 ordine
2674 647 2963 714 debitam,
2996 662 3126 719 qua
3150 646 3277 702 sine
3297 645 3668 717 singulorum
3707 661 3814 701 no-

2150 734 2377 791 minum
2409 735 2784 794 distinctione
2801 737 3084 794 declarari
3107 753 3223 794 non
3255 740 3466 809 potest,
3510 735 3572 791 in
3602 736 3812 808 primis

2150 826 2524 882 commendat
2550 833 2612 883 et
2640 828 2920 900 pracipit.

2223 915 2367 972 Huic
2396 924 2589 974 autem
2623 924 2833 975 nostra
2855 916 3221 991 responsioni
3249 932 3362 973 non
3393 915 3583 973 solum
3608 933 3678 972 ex
3707 916 3801 987 iis,

2152 1022 2279 1078 quis
2337 1007 2684 1080 imprudens
2752 1008 3004 1064 Dallaaus
3061 1009 3371 1075 concessit,
3404 1008 3505 1063 sed
3555 1024 3625 1064 ex
3679 1007 3809 1079 ipsa

2148 1096 2327 1152 etiam
2358 1095 2704 1168 rigidiorum
2737 1100 3290 1170 presbyteranorum
3309 1096 3586 1170 opinione
3618 1096 3803 1169 pluri-

2154 1203 2317 1243 mum
2358 1188 2587 1245 roboris
2618 1190 2843 1245 accedit
2873 1195 2930 1246 et
2956 1188 3337 1247 ﬁrmamenti.
3371 1189 3599 1245 Etenim
3635 1188 3815 1244 Blon-

2153 1276 2486 1349 dellus,quo
2522 1294 2693 1336 nemo
2728 1281 2878 1336 inter
2895 1281 3345 1353 presbyteranos
3377 1276 3815 1351 rigidior,docet

2156 1368 2617 1438 apostolicorum
2652 1370 2911 1426 virorum
2965 1374 3229 1440 tempore
3256 1367 3634 1426 vetustiorem
3683 1383 3815 1438 pre-

2156 1457 2456 1529 sbyterum
2489 1458 2545 1513 in
2573 1457 2832 1515 defuncti
2862 1458 3125 1531 episcopi
3154 1458 3347 1514 locum
3381 1457 3543 1514 nulla
3566 1457 3807 1529 quidem

2156 1546 2441 1603 electione
2470 1548 2559 1604 vel
2596 1549 2985 1612 ordinatione,
3019 1550 3120 1604 sed
3167 1548 3294 1604 solo
3323 1547 3809 1619 antiquitatisju-

2157 1654 2237 1704 re,
2270 1655 2337 1695 ea
2372 1640 2492 1712 lege
2551 1642 2937 1713 subrogatum
2990 1641 3207 1708 fuisse;
3240 1645 3304 1696 ut
3327 1656 3394 1696 eo
3446 1639 3575 1711 ipso
3607 1638 3806 1711 prima

2157 1730 2468 1797 cathedrae,
2527 1730 2989 1804 praesidialisque
3043 1730 3349 1804 potestatis
3400 1733 3523 1803 jus,
3579 1729 3807 1787 ceteris

2158 1820 2515 1892 presbyteris
2549 1826 2849 1893 negatum,
2880 1821 2961 1877 illi
2981 1821 3356 1877 tribueretur.
3388 1819 3497 1885 Qui
3519 1823 3720 1876 autem
3746 1820 3802 1874 in

2158 1924 2248 1975 ea,
2280 1910 2416 1966 licet
2438 1910 2601 1981 falsa,
2635 1917 2776 1967 sunt
2806 1911 3100 1983 opinione,
3135 1910 3384 1967 inﬁciari
3427 1924 3804 1982 nequaquam

2164 2004 2413 2071 possunt
2452 2016 2663 2057 nomen
2681 2001 2941 2073 episcopi
2974 2000 3352 2073 presbyteris,
3375 2000 3473 2072 qui
3507 2016 3575 2055 eo
3602 1999 3807 2071 prima

2162 2090 2451 2146 cathedra:
2509 2090 2975 2163 praesidialisque
3047 2091 3349 2162 potestatis
3400 2092 3534 2161 jure
3590 2088 3801 2160 privati

2159 2192 2343 2251 erant,
2395 2186 2605 2238 merito
2634 2184 2706 2239 ab
2768 2183 2993 2255 Ignatio
3042 2186 3434 2254 denegatum;
3495 2198 3561 2237 ac
3596 2180 3808 2237 merito

2162 2272 2404 2343 proinde
2434 2272 2674 2328 nomina
2710 2272 2968 2345 episcopi
3000 2275 3057 2327 et
3108 2272 3428 2343 presbyteri
3458 2272 3531 2327 ab
3564 2269 3670 2327 illo
3702 2285 3803 2325 nec

2160 2361 2461 2427 confundi,
2524 2376 2628 2418 nec
2660 2362 2989 2433 promiscue
3021 2360 3666 2433 indiscriminatimque
3702 2360 3803 2416 ha-

2159 2450 2302 2506 beri.
2339 2450 2416 2505 Ad
2449 2451 2866 2523 dlslinguenda
2895 2450 3051 2506 enim
3089 2466 3283 2506 rerum
3318 2450 3577 2519 nomina,
3610 2464 3802 2507 veram

2159 2555 2353 2595 rerum
2390 2540 2652 2611 ipsarum
2683 2540 3123 2596 distinctionem
3156 2541 3300 2596 satis
3334 2556 3632 2613 superque
3657 2557 3803 2611 esse,

2160 2628 2382 2697 nullus,
2415 2630 2646 2701 opinor,
2675 2630 3048 2686 dubitaverit.

2159 2722 2188 2796 §
2220 2721 2298 2785 ll.
2323 2722 2475 2781 Haec
2494 2726 2737 2782 nomina
2760 2720 2831 2781 ab
2849 2720 3154 2803 apostolis,
3180 2722 3442 2803 virisque
3470 2721 3805 2803 apostolicis

2722 2804 2905 2878 fuisse
2934 2801 3235 2863 distincta.

2227 2901 2357 2956 Haec
2384 2917 2523 2957 sane
2573 2901 2647 2957 ad
2678 2902 3099 2958 destruendum
3148 2902 3503 2974 penitusque
3550 2908 3807 2960 everten-

2157 2990 2294 3046 dum
2340 2992 2661 3046 maximum
2706 2989 2897 3045 Dallaai
2947 2996 3365 3063 argumentum
3409 2992 3523 3047 etsi
3572 2994 3805 3048 abunde

2155 3080 2472 3150 sufﬁciant,
2516 3083 2586 3137 ad
2615 3097 2738 3138 rem
2762 3087 2959 3138 tamen
2995 3099 3181 3155 ipsam
3202 3083 3657 3140 examinandam
3683 3084 3801 3140 ani-

2155 3187 2253 3227 mo
2269 3171 2681 3228 lubentissime
2705 3172 3270 3244 aggredimur.0uod
3293 3173 3472 3246 igitur
3489 3174 3803 3245 apostolos,

2166 3260 2635 3333 apostolicosque
2659 3260 2811 3317 viros
2842 3262 3069 3318 duobus
3097 3262 3390 3335 prioribus
3407 3262 3686 3321 Ecclesia
3709 3281 3802 3321 sa:-

2165 3350 2316 3408 culis
2346 3353 2587 3408 nomina
2608 3353 2865 3423 episcopi
2891 3356 2948 3409 et
2987 3353 3311 3424 presbyteri
3343 3368 3575 3426 semper
3602 3355 3805 3410 confu-

2157 3440 2314 3497 disse
2342 3458 2408 3497 ac
2452 3440 2905 3497 indiscrimatim
2964 3446 3022 3497 et
3071 3442 3405 3513 promiscue
3465 3459 3801 3516 usurpasse,

2154 3533 2322 3586 tanta
2348 3529 2564 3585 ﬁducia
2628 3529 2884 3587 Dallaaus
2945 3532 3181 3601 asserit,
3215 3531 3273 3587 id
3316 3532 3529 3587 falsum
3564 3534 3803 3588 omnino

2151 3625 2261 3688 est,
2296 3620 2651 3692 penitusque
2684 3620 2974 3676 ﬁctitium.
3011 3621 3082 3676 Et
3110 3622 3302 3693 primo
3334 3621 3568 3693 quidem
3605 3623 3665 3678 in
3698 3622 3799 3679 hoc

2148 3709 2334 3766 falsus
2360 3717 2447 3766 est
2476 3710 2751 3778 Dallaeus,
2789 3711 2943 3782 quod
2972 3709 3164 3783 plura,
3196 3728 3374 3782 quam
3424 3729 3528 3784 par
3552 3718 3700 3779 erat,
3732 3729 3797 3768 ex

2146 3799 2274 3873 ipso
2306 3800 2861 3874 Presbyteranorum
2894 3818 3135 3857 suorum
3161 3802 3497 3859 testimonio
3529 3807 3792 3875 tempora

2145 3889 2483 3963 complexus
2515 3893 2605 3947 sit.
2657 3891 2805 3947 Nam
2856 3890 3191 3948 Blondellus
3225 3893 3786 3966 Presbyteranorum

2141 3980 2376 4049 erroris,
2413 3981 2498 4037 uti
2547 3981 2824 4051 diximus,
2856 3982 3179 4038 acerrimus
3228 3982 3522 4050 defensor,
3554 3983 3793 4040 indubi-

2140 4070 2606 4127 tanterafﬁrmat
2661 4088 2873 4127 novam
2932 4072 3167 4127 creandi
3226 4073 3485 4145 episcopi
3517 4075 3785 4139 formam,

2139 4176 2257 4231 qua
2305 4160 2662 4233 presbyteris
2720 4161 2985 4232 superior
3014 4161 3413 4229 constituitur,
3464 4163 3537 4217 ab
3570 4163 3783 4219 Christi

2124 4266 2290 4305 anno
2323 4250 2426 4305 130
2458 4250 2639 4307 fuisse
2668 4250 3086 4306 introductam.
3125 4252 3197 4306 At
3224 4258 3378 4307 certe
3426 4268 3642 4324 negare
3672 4270 3779 4308 non

2134 4345 2386 4413 possunt
2417 4341 3015 4414 Presbyterani,hunc
3047 4341 3302 4415 episcopi
3336 4360 3517 4416 supra
3546 4346 3781 4417 presby-

2135 4434 2289 4487 teros
2322 4431 2596 4504 gradum,
2656 4447 2854 4488 secum
2906 4432 3168 4503 ipsorum
3210 4449 3445 4504 quoque
3476 4435 3779 4490 nominum

2132 4520 2421 4578 invexisse
2479 4520 2941 4577 distinctionem.
2992 4526 3119 4578 Non
3170 4522 3325 4578 enim
3359 4521 3473 4578 alia
3512 4523 3584 4579 de
3608 4539 3782 4580 causa

2130 4625 2259 4665 eam
2294 4611 2466 4666 tertio
2497 4610 2708 4665 seculo
2732 4611 2945 4666 factam
2984 4610 3164 4667 fuisse
3194 4610 3336 4666 dicit
3364 4610 3641 4681 Dallaaus,
3675 4611 3783 4668 nisi

373 4674 608 4748 ipsique
634 4677 1211 4752 abjudicanda,quod
1254 4677 1315 4734 in
1338 4677 1409 4734 iis
1438 4693 1507 4733 ea
1537 4679 1776 4734 nomina
1806 4676 2018 4736 distin-

2219 4698 2272 4755 ia
2298 4715 2442 4756 nova
2455 4699 2690 4755 creandi
2712 4700 3051 4772 episcopum
3070 4701 3255 4756 forma
3279 4706 3418 4756 tunc
3447 4701 3778 4759 introducta

373 4772 796 4843 xerit,quorum
822 4770 930 4829 rite
948 4771 1498 4846 distinguendorum
1521 4773 1623 4843 jus
1643 4774 2019 4843 potestatem-

372 4881 485 4936 que
518 4864 790 4923 habebat.

441 4958 533 5024 At,
564 4954 755 5026 inquit
777 4953 1048 5022 Dalleeus,
1073 4953 1321 5029 apostoli
1366 4952 1592 5026 virique
1616 4953 1922 5027 apostolici
1952 4970 2021 5012 ea

371 5045 612 5100 nomina
640 5061 755 5101 non
788 5043 1124 5103 distinxere.
1157 5045 1295 5099 Esto
1326 5059 1443 5099 non
1474 5042 2019 5110 distinxerint.0uid

370 5134 508 5190 inde
539 5132 791 5191 Dellieus
840 5135 1127 5205 conjicere
1159 5136 1365 5206 potest,
1428 5132 1543 5189 nisi
1576 5132 1709 5190 illos
1754 5135 1891 5206 jure
1910 5152 2017 5192 suo

368 5240 471 5279 nec
504 5241 643 5280 usos
665 5241 812 5292 esse,
846 5241 952 5281 nec
985 5226 1069 5280 uti
1109 5222 1385 5292 voluisse,
1419 5239 1531 5295 quo
1560 5223 1813 5295 Equidem
1848 5226 2017 5298 Igna-

362 5314 483 5371 tius
516 5315 598 5371 uti
629 5315 1071 5388 voluit,sibique
1104 5314 1389 5369 utendum
1421 5329 1550 5369 esse
1572 5315 1757 5385 justis
1788 5316 1860 5371 de
1884 5332 2018 5372 cau-

361 5405 444 5461 sis
466 5404 783 5460 arbitratus
814 5413 901 5460 est
926 5404 952 5458 ?
981 5407 1044 5459 In
1081 5403 1347 5475 epistolis
1388 5405 1546 5461 enim
1592 5406 1739 5473 suis,
1768 5424 1913 5479 quas
1943 5408 2015 5463 ad

364 5496 653 5553 Ecclesiae
685 5494 997 5567 dirigebat,
1030 5504 1084 5550 et
1120 5496 1179 5549 in
1211 5495 1283 5551 iis
1315 5496 1548 5569 publice
1578 5497 1857 5572 legendas
1887 5514 2016 5555 esse

363 5585 745 5642 subdubitare
763 5584 1408 5658 poterat,obedientiam
1426 5604 1491 5645 ac
1505 5588 1887 5646 reverentiam
1900 5588 2016 5661 epi-

441 5738 489 5777 ί⁴
517 5753 644 5812 cap.
677 5740 769 5812 25,
801 5755 859 5812 p.
890 5740 1017 5799 883.
1048 5738 1094 5777 ¹⁵
1122 5757 1249 5815 cap.
1281 5743 1372 5813 26,
1406 5758 1463 5815 p.
1496 5744 1621 5800 386.
1651 5742 1696 5780 “
1724 5760 1855 5817 pag.
1888 5744 2013 5803 386.

2131 4792 2237 4844 est.
2270 4792 2409 4844 Cum
2468 4787 2570 4845 illa
2598 4806 2730 4858 ergo
2755 4790 2928 4859 juxta
2984 4787 3443 4862 Presbyteranos
3494 4809 3650 4849 anno
3682 4793 3777 4848 130

2131 4879 2284 4934 facta
2306 4879 2404 4947 sit,
2446 4877 2818 4951 septuaginta
2867 4879 3009 4935 anni
3038 4896 3072 4936 a
3099 4878 3388 4937 Dallaeano
3430 4879 3657 4938 calculo
3678 4883 3773 4938 de-

2128 4968 2396 5025 trahendi
2429 4973 2591 5025 sunt.

2196 5057 2329 5115 Jam
2362 5074 2496 5115 vero
2527 5058 2577 5114 si
2608 5058 2681 5115 ad
2716 5058 3023 5131 superiora
3068 5064 3332 5133 tempore
3359 5062 3771 5130 ascendamus,

2129 5147 2433 5204 Dallaaanrs
2456 5148 2797 5205 assertionis
2828 5148 3055 5206 falsitas
3082 5149 3317 5221 planius
3341 5150 3772 5226 dilucidiusque

2129 5237 2693 5309 apparebit.Nemini
2718 5238 2935 5311 quippe
2964 5239 3230 5311 ignotum
3262 5246 3352 5297 est
3385 5258 3564 5313 quam
3598 5258 3776 5315 pauca

2130 5325 2299 5382 nobis
2359 5326 2652 5397 supersint
2710 5326 3163 5397 apostolicorum
3232 5329 3489 5385 virorum
3538 5332 3770 5403 scripta,

2130 5432 2235 5471 nec
2266 5414 2373 5471 ulli
2405 5415 2652 5472 dubium
2685 5433 2816 5473 esse
2845 5421 3062 5489 potest,
3106 5416 3249 5489 quin
3286 5416 3543 5489 plurima
3570 5436 3769 5476 eorum

2128 5521 2306 5577 opera
2351 5505 2470 5563 sint
2504 5505 2827 5578 deperdita,
2883 5522 3074 5578 neque
3121 5507 3181 5563 in
3240 5516 3469 5564 nostras
3518 5510 3775 5566 venerint

2132 5610 2359 5653 manus.
2394 5593 2559 5653 Unde
2593 5610 2729 5669 ergo
2754 5594 3029 5669 probabit
3058 5593 3330 5667 Dallaeus,
3372 5614 3581 5657 omnes
3610 5596 3776 5674 primi
