3942 6302
157 372 263 431 53Ἱ

1092 378 1164 438 D.
1211 378 1541 444 NOURRII
1586 381 2127 445 DlSSERTATIO.
2176 415 2251 427 -—
2293 382 2501 447 PARS
2548 386 2599 446 Ι.

3430 386 3554 467 sas

160 514 212 567 et
234 512 476 568 secundi
504 512 702 570 seculi
731 514 1048 589 scriptores
1085 518 1311 578 nullum
1347 536 1607 593 unquam
1640 521 1795 578 inter
1821 521 1877 591 Α
1907 520 2393 579 consuetudinem
2416 519 2661 580 secundi
2691 518 2885 577 saeculi
2917 520 3554 595 scriptorum,quiistis

157 601 402 674 episcopi
435 607 493 658 et
540 605 859 677 presbyteri
890 609 1131 667 nomine
1170 612 1549 669 constituisse
1581 611 1793 669 discri-

157 691 328 747 men?
359 691 641 766 Nunquid
662 695 774 767 ipsi
798 698 1029 770 quodin
1059 700 1373 772 deperditis
1390 703 1630 760 Patrum
1658 718 1796 775 ope-

156 779 306 836 ribus
338 783 621 856 scriptum
653 785 851 855 fuerit,
884 790 1239 860 patefactum
1270 794 1405 849 est?

221 890 551 961 Respondet
602 893 853 952 Dallaaus
888 914 951 953 se
997 897 1057 954 id
1086 900 1333 971 probare
1363 914 1434 958 ex
1453 901 1795 975 Chrysostoe

156 994 263 1048 mo,
313 982 697 1056 Thecdoreto,
732 984 982 1060 aliisque
1043 992 1486 1064 posterioribus,
1521 994 1621 1066 qui
1670 993 1794 1051 haec

158 1071 382 1129 nomina
411 1075 747 1145 apostolicis
777 1080 1141 1152 temporibus
1176 1083 1454 1141 distincta
1492 1090 1550 1141 et
1582 1084 1793 1141 discri-

158 1160 364 1218 minata
411 1164 596 1222 fuisse
644 1172 842 1239 aperte
897 1169 1255 1230 inﬁciantur.
1287 1178 1440 1230 Bene
1470 1181 1557 1232 est
1613 1178 1789 1243 certe,

157 1253 298 1321 quod
327 1252 426 1309 ille
451 1270 553 1312 eos
589 1256 759 1313 nobis
787 1260 1073 1332 producat
1105 1266 1304 1329 testes,
1337 1264 1441 1336 qui
1487 1272 1688 1321 contra
1718 1264 1790 1319 il-

154 1341 259 1398 lius
279 1343 614 1415 opinionem
648 1348 1065 1421 gravissimum
1100 1351 1269 1424 plane
1297 1353 1503 1410 dicunt
1533 1353 1793 1410 testimo-

155 1431 324 1488 nium.
358 1433 425 1489 Hi
460 1451 672 1509 nempe
726 1439 1000 1511 quamvis
1048 1442 1269 1512 optime
1317 1448 1559 1500 nossent
1586 1444 1645 1499 in
1703 1443 1791 1499 bis

152 1524 397 1594 epistolis
431 1527 672 1585 nomina
699 1530 959 1603 episcopi
989 1534 1047 1587 et
1077 1532 1399 1606 presbyteri
1432 1550 1671 1607 semper
1698 1536 1789 1591 di-

151 1614 374 1689 stingui,
408 1635 518 1676 nec
549 1619 700 1676 inter
728 1638 790 1678 se
821 1622 939 1679 ullo
970 1639 1232 1696 unquam
1268 1626 1440 1681 modo
1471 1627 1787 1696 confundi;

149 1702 271 1762 illas
297 1712 493 1766 tamen
523 1710 747 1783 Ignatio
774 1718 973 1769 nostro
992 1718 1327 1771 constanter
1350 1715 1416 1770 ad
1415 1716 1440 1787 j
1452 1716 1784 1773 udicarunt.

149 1795 310 1867 Atqui
340 1798 390 1854 si
423 1799 632 1856 eadem
662 1802 900 1859 nomina
928 1804 1001 1861 ab
1054 1804 1329 1861 omnibus
1359 1805 1487 1861 aliis
1518 1806 1692 1877 primi
1732 1810 1791 1863 et

1906 610 2205 670 vocabulis
2263 611 2777 669 indiscriminstim
2841 617 3108 669 utuntur.
3171 633 3201 664 ››
3260 612 3553 682 Optimam

1907 719 2048 759 sane
2078 702 2377 759 Pearsonii
2423 702 2603 758 ﬁdem
2636 702 2842 774 probat
2890 702 3215 758 Dallasanus
3246 701 3413 758 liber.
3443 700 3555 758 Sed

1908 791 2195 865 quidquid
2257 794 2329 848 de
2384 809 2454 848 ea
2483 792 2582 862 sit,
2612 808 2680 849 ex
2739 792 2833 849 bis
2890 792 3169 850 Dallmani
3226 793 3551 852 defensoris

1907 881 2120 950 verbis,
2152 880 2300 938 illud
2332 886 2523 937 ratum
2557 885 2901 953 certumque
2924 882 3232 949 habemus,
3264 881 3422 953 quod
3452 882 3556 938 ali-

1908 972 2029 1043 qui,
2080 971 2329 1040 nemine,
2392 989 2462 1029 ne
2496 974 2622 1044 ipso
2680 972 2937 1044 quidem,
2996 977 3060 1029 ut
3097 971 3194 1027 ille
3225 971 3371 1039 vult,
3423 970 3551 1027 Dal-

1905 1059 2012 1118 laeo
2052 1063 2409 1137 refragante,
2440 1062 2639 1119 sreeuli
2694 1064 2938 1119 secundi
2969 1063 3286 1135 scriptores
3319 1062 3558 1120 nomine

1905 1151 2163 1225 episcopi
2220 1156 2279 1208 et
2311 1152 2634 1225 presbyteri
2685 1153 2889 1210 eodem
2946 1170 3013 1209 ac
3064 1153 3324 1223 lgnatius
3385 1152 3557 1210 modo

1906 1240 2305 1297 distinxerint.
2342 1242 2423 1297 Ex
2470 1241 2563 1297 his
2594 1258 2766 1314 porro
2794 1259 2922 1315 quae
2952 1242 3265 1298 adversarii
3315 1240 3400 1298 vel
3454 1259 3553 1298 vo-

1908 1329 2095 1387 lentes
2126 1330 2214 1387 vel
2244 1331 2408 1387 inviti
2438 1331 2712 1397 fatentur,
2746 1336 2950 1389 contra
2979 1349 3079 1388 eos
3107 1332 3193 1389 sic
3233 1347 3550 1404 argumen-

1907 1424 2129 1477 tamur:
2155 1422 2245 1478 Eas
2267 1422 2602 1493 epistolisin
2635 1423 2853 1495 quibus
2882 1427 3090 1494 praeter
3120 1439 3295 1478 usum
3327 1428 3385 1478 et
3414 1439 3551 1478 con-

1904 1509 2273 1566 suetudinem
2332 1510 2491 1568 illius
2545 1512 2779 1579 seaculi,
2835 1529 3040 1569 verum
3100 1512 3252 1569 inter
3291 1512 3551 1585 episcopi

1903 1604 1959 1654 et
1990 1600 2310 1672 presbyteri
2346 1602 2585 1657 nomina
2616 1602 2930 1659 discrimen
2965 1619 3195 1674 semper
3245 1603 3549 1668 statuitur,

1904 1704 2020 1744 non
2056 1690 2245 1745 minus
2268 1692 2478 1762 Ignatii
2510 1692 2662 1747 fetus
2685 1695 2845 1763 sunt,
2867 1707 3043 1763 quam
3067 1693 3284 1764 scripta
3303 1693 3550 1749 aliorum

1903 1778 2166 1847 ejusdem
2193 1779 2389 1834 seaculi
2413 1779 2807 1848 auctorum,in
2830 1781 3047 1852 quibus
3076 1780 3256 1849 idem,
3281 1782 3552 1852 quamvis

152 1866 375 1942 secundi
412 1888 613 1946 saeculi
646 1891 1033 1964 scriptoribus
1066 1893 1333 1964 confusa,
1367 1898 1425 1951 et
1454 1866 1535 1951 ab
1558 1901 1797 1954 auctore
1826 1902 1875 1968 Β
1907 1866 2432 1968 Γ⁸Γί¹ξ⁸’ξ¹ί⁵⁰¹’ί,ωθ⁰
2453 1869 2719 1968 Pomm!"
2742 1886 2940 1968 emtum
2973 1884 3104 1968 Ϋθτθ
3129 1875 3547 1968 ⁸Ῡ⁰ι⁹ῳ³9ωω

151 1979 336 2032 nostro
370 1982 583 2049 praeter
635 1987 1003 2039 constantem
1031 1983 1486 2055 spostolicorum
1530 1985 1787 2043 virorum

147 2080 306 2122 usum
338 2073 394 2124 et
418 2073 916 2129 consuetudinem
964 2073 1242 2131 distincta
1274 2075 1450 2131 fuisse
1482 2092 1585 2148 pro
1634 2082 1792 2133 certo

146 2152 494 2225 habuissent,
518 2164 639 2216 tam
671 2168 888 2219 certam
919 2164 993 2218 de
1022 2162 1115 2219 his
1136 2163 1405 2236 epistolis
1427 2165 1656 2237 lgnatio
1680 2166 1788 2223 tri-

143 2242 376 2305 buendis
410 2266 528 2306 non
558 2250 837 2308 tulissent
866 2254 1241 2310 sententiam.

204 2355 341 2420 Quid
377 2374 516 2429 ergo
549 2364 753 2416 contra
782 2364 960 2418 testes
991 2378 1126 2417 suos
1156 2362 1739 2435 proferentDallisani
1762 2379 1791 2435 γ

143 2442 399 2503 Dicentne
442 2446 580 2505 illos
611 2448 671 2504 in
731 2466 797 2505 eo
827 2468 1077 2521 errasse,
1128 2454 1285 2524 quod
1344 2453 1451 2509 has
1509 2453 1788 2525 epistolas

140 2532 342 2604 lgnatio
399 2538 838 2610 ascripserint?
892 2545 967 2595 At
997 2542 1049 2597 si
1103 2540 1162 2596 in
1194 2541 1305 2598 hoc
1363 2559 1649 2615 erravere,
1681 2559 1787 2600 cur

140 2638 242 2678 non
272 2626 449 2683 etiam
485 2627 547 2683 in
581 2644 648 2684 eo
680 2628 813 2684 falsi
835 2632 998 2699 sunt,
1022 2632 1176 2701 quod
1206 2632 1277 2686 de
1308 2632 1654 2688 confusione
1681 2649 1784 2688 no-

139 2711 345 2770 minum
375 2717 642 2789 episc0pi
671 2725 727 2774 et
749 2718 1074 2792 presbyteri
1099 2721 1336 2792 scriptis
1368 2721 1784 2793 prodiderunt?

138 2803 342 2859 Deinde
390 2806 667 2878 quamvis
701 2808 760 2863 in
811 2800 990 2879 priori
1043 2810 1231 2881 capite
1262 2811 1484 2883 decepti
1542 2810 1781 2879 fuerint,

138 2906 197 2946 ex
226 2908 418 2951 eorum
453 2903 653 2953 tamen
684 2913 877 2954 errore
898 2900 1100 2955 eadem
1133 2916 1369 2972 semper
1392 2900 1621 2956 elicitur
1649 2914 1784 2956 cono

140 2979 327 3049 clusio,
360 2985 495 3043 illos
527 3004 877 3058 persuasum
938 2988 1182 3044 firmiter
1213 2988 1491 3045 habuisse
1522 3007 1590 3046 ea
1648 2989 1781 3062 epi-

138 3074 283 3144 scopi
302 3078 358 3130 et
390 3077 716 3149 presbyteri
745 3077 984 3133 nomina
1008 3093 1123 3133 non
1156 3095 1189 3133 a
1219 3076 1339 3134 solo
1372 3078 1617 3152 lgnatio,
1643 3092 1782 3150 prae-

138 3164 214 3216 ter
230 3169 598 3222 constantem
615 3170 958 3223 caterorum
981 3170 1246 3224 omnium
1273 3184 1492 3224 morem
1509 3173 1564 3223 et
1583 3182 1779 3237 usum,

137 3249 229 3304 sed
257 3255 325 3308 ab
374 3254 507 3311 aliis
540 3254 718 3311 etiam
750 3257 1107 3327 quibusdam
1157 3255 1461 3329 apostolici
1494 3257 1597 3314 esvi
1631 3258 1776 3313 scri-

136 3342 382 3409 ptoribus
411 3345 599 3403 fuisse
630 3345 925 3402 distincta.

198 3450 258 3503 Et
286 3458 436 3507 certe
486 3468 611 3507 rem
645 3452 727 3507 ita
757 3468 820 3508 se
857 3452 1068 3508 habere
1100 3452 1237 3509 inde
1286 3452 1591 3519 evincitur,
1623 3452 1774 3524 quod

136 3548 337 3594 cerlum
370 3541 445 3596 sit
479 3540 781 3612 apostolos
804 3542 962 3614 ipsos
994 3543 1076 3598 ita
1106 3540 1177 3598 de
1210 3542 1529 3615 presbyteri
1565 3548 1621 3599 et
1651 3542 1776 3599 dia-

137 3628 252 3682 coni
308 3631 783 3687 ordinationibus
828 3632 1137 3700 disserere,
1198 3638 1261 3687 ut
1291 3649 1389 3689 eas
1443 3649 1674 3704 semper
1703 3634 1774 3689 ab

138 3716 410 3792 episcOpo,
448 3738 759 3792 nunquam
792 3740 825 3777 a
858 3723 1197 3793 presbytero
1230 3720 1352 3778 fieri
1386 3723 1594 3778 debere
1624 3739 1776 3779 asse—

137 3813 338 3863 verent.
366 3809 453 3864 Ad
487 3811 609 3867 haec
636 3826 773 3866 vero
800 3810 1039 3879 Paulus,
1065 3827 1197 3867 cum
1232 3812 1511 3868 adversus
1544 3814 1778 3885 presby-

135 3894 276 3952 teros
306 3899 745 3955 accusationem
777 3900 954 3971 recipi
989 3904 1178 3955 vetat:
1211 3900 1482 3957 Adversus
1506 3904 1778 3973 presbyte-

137 3999 247 4039 rum
282 3988 388 4043 cito
425 3990 837 4045 accusationem
886 3990 1004 4044 ηοιί
1032 3992 1270 4060 recipere
1301 3989 1385 4059 ιτς
1437 3990 1515 4045 ibi
1546 3992 1617 4047 de
1647 3991 1775 4063 epi-

136 4089 293 4148 scopo
319 4079 677 4152 presbyteris
709 4080 1009 4153 superiore
1040 4079 1319 4151 loquitur.
1345 4085 1422 4136 Ex
1453 4080 1542 4137 his
1576 4086 1772 4138 autem

136 4180 235 4221 non
264 4168 511 4226 obscure
542 4167 882 4240 colligimus
929 4170 1228 4242 apostolos
1256 4174 1396 4227 tunc
1427 4171 1685 4244 episcopi
1716 4177 1776 4228 et

132 4260 438 4327 presbyteri
470 4259 736 4326 nomina,
772 4275 908 4315 eum
940 4261 1011 4315 de
1050 4259 1264 4316 ofﬁciis
1292 4260 1607 4331 unicuique
1640 4277 1772 4333 pro-

131 4344 263 4413 priis
291 4346 710 4419 loquebantur,
746 4353 896 4405 recte
926 4348 1306 4419 distinxisse;
1336 4366 1441 4407 nec
1468 4366 1537 4407 es
1566 4350 1771 4407 confu-

128 4434 291 4503 disse,
317 4437 432 4493 nisi
461 4455 602 4495 cum
633 4439 705 4494 de
737 4439 1114 4511 muniis,que
1140 4440 1409 4512 utrisque
1436 4440 1773 4498 communia

129 4528 300 4591 erant,
333 4540 674 4583 sermonem
707 4526 986 4583 facerent.

1906 1956 2242 2015 nominibus
2291 1958 2711 2018 inscribuntur.
2744 1959 2881 2027 Quis
2910 1960 3069 2017 enim
3128 1959 3347 2017 abnuat
3376 1962 3546 2033 Igna-

1902 2045 2044 2102 tium
2075 2046 2334 2119 potuisse
2365 2064 2431 2105 ea
2462 2065 2696 2121 semper
2724 2049 3081 2121 distinguere
3124 2050 3385 2116 nomina,
3419 2066 3543 2122 qua

1890 2137 2028 2207 jure
2076 2138 2280 2195 merito
2311 2139 2382 2194 ab
2444 2138 2573 2194 aliis
2605 2138 2873 2210 pluribus
2904 2139 3217 2210 aliquando
3263 2140 3545 2197 distincta

1897 2225 2079 2281 fuisse
2136 2233 2360 2283 certum
2412 2245 2650 2301 prorsus
2693 2242 3156 2301 concessumque
3185 2228 3316 2285 est?
3369 2229 3545 2301 Atqui

1896 2316 2217 2373 fatentibus
2263 2318 2636 2387 adversariis,
2687 2318 2881 2393 plures
2912 2321 3157 2376 secundi
3190 2320 3385 2377 saeculi
3436 2332 3538 2377 au-

1895 2416 2083 2462 ctores
2115 2407 2173 2464 in
2204 2407 2488 2480 Operibus
2517 2414 2576 2465 et
2605 2410 2858 2482 scriptis,
2892 2420 3023 2481 quis
3069 2426 3196 2466 vere
3225 2409 3297 2465 ab
3331 2410 3540 2466 iisdem

1893 2500 2035 2551 sunt
2064 2498 2503 2570 edita,episcopi
2525 2503 2582 2555 et
2611 2500 2930 2571 presbyteri
2961 2500 3196 2556 nomina
3222 2498 3538 2571 aliquando

1892 2583 2307 2642 distinxerunt.
2325 2585 2515 2641 Potuit
2535 2602 2671 2659 ergo
2702 2586 2957 2655 Ignatius
2987 2589 3188 2644 eadem
3216 2590 3455 2645 nomina
3478 2590 3537 2645 in

1890 2674 2154 2746 epistolis
2186 2676 2311 2731 suis
2341 2691 2573 2748 semper
2602 2674 2984 2748 distinguere,
3010 2695 3113 2734 nec
3143 2694 3272 2734 eam
3305 2680 3375 2733 ob
3395 2695 3535 2734 cau-

1892 2780 2019 2819 sam
2052 2765 2263 2821 debent
2294 2764 2407 2836 ipsi
2437 2764 2510 2821 ab
2541 2765 2889 2822 adversariis
2920 2766 3265 2838 abjudicari.

1962 2854 2283 2922 Addamus,
2340 2853 2393 2910 si
2423 2852 2603 2924 lubet,
2650 2857 2801 2927 apud
2843 2856 3159 2912 Eusebium
3211 2856 3529 2913 Ecclesiam

1888 2945 2337 3015 Lugdunensem
2373 2943 2475 3003 lib.
2534 2962 2567 3000 v
2598 2945 2733 3000 Hist.
2775 2962 2897 3017 cap.
2934 2947 2984 3017 1,
3043 2945 3389 3019 Dionysium
3421 2950 3530 3003 Co-

1889 3033 2175 3089 rinthium
2201 3033 2302 3090 lib.
2326 3052 2404 3102 1v,
2438 3036 2677 3107 cap.23,
2710 3034 3062 3107 Polycratem
3094 3036 3196 3093 lib.
3229 3053 3281 3103 v,
3309 3038 3533 3107 cap.2t,

1886 3121 1945 3177 in
2007 3123 2131 3180 suis
2185 3124 2449 3197 epistolis
2505 3140 2805 3197 nunquam
2862 3126 3197 3198 presbytero
3255 3124 3535 3182 tribuisse

1888 3212 2145 3286 episcopi
2178 3230 2409 3270 nomen.
2432 3213 2576 3287 Ergo
2597 3215 2833 3271 nomina
2849 3214 3106 3285 episcopi
3125 3218 3182 3270 et
3213 3213 3531 3286 presbyteri

1805 3277 1849 3345 (ἶ
1888 3277 2003 3359 non
2036 3277 2268 3377 semper
2296 3277 2680 3369 confundant,
2713 3304 2814 3361 sed
2847 3301 2947 3360 illa
2976 3277 3137 3376 aeque
3170 3277 3236 3361 ac
3268 3277 3531 3377 Ignatius

1889 3396 2088 3449 noster
2116 3411 2147 3450 a
2178 3407 2239 3449 se
2266 3393 2515 3451 invicem
2557 3398 2749 3466 aperte
2779 3394 3209 3451 discriminant.

1885 3540 1913 3608 §
1943 3539 2040 3596 III.
2074 3540 2455 3612 Respondetur
2473 3541 2765 3668 obiectipali
2782 3556 2855 3597 ex
2882 3539 3187 3614 Polycarpi
3206 3542 3534 3598 auctoritate

2606 3629 2675 3668 ne
2702 3630 2720 3668 ι
2743 3630 2811 3668 ae.

2602 3629 2811 3686 perure.

1960 3738 2187 3794 instant
2223 3742 2421 3794 tamen
2476 3738 2816 3806 adversarii,
2848 3737 3111 3810 nihilque
3170 3738 3532 3795 remittentes

1885 3832 2095 3899 urgent
2152 3826 2550 3900 Polycarpum,
2611 3827 2870 3883 amicitia
2927 3832 2983 3883 et
3051 3828 3254 3882 ordine
3312 3827 3533 3898 Ignatic

1884 3916 2459 3987 conjunctissimum,
2483 3916 2541 3971 in
2560 3916 2809 3987 epistola
2830 3917 2899 3971 ad
2925 3915 3071 3971 Phili
3081 3916 3535 3987 ppenses,taeito

1884 4006 2141 4079 episcopi
2191 4008 2449 4075 nomine,
2483 4005 2627 4062 illud
2685 4021 2818 4062 eum
2876 4005 3197 4078 presbyteri
3253 4005 3534 4060 vocabulo

1883 4111 2116 4168 semper
2146 4097 2519 4167 confudisse;
2554 4096 2802 4166 hincque
2831 4110 2964 4151 eum
2995 4094 3251 4151 dixisse:
3288 4113 3318 4145 «
3350 4094 3537 4159 Quare

1882 4190 2223 4256 oportet.....
2240 4185 2450 4257 subjici
2482 4184 2837 4257 presbyteris
2868 4189 2925 4241 et
2944 4183 3231 4255 diaconis,
3250 4188 3531 4255 tanquam

1880 4275 2110 4333 Christo
2150 4279 2207 4333 et
2240 4275 2400 4333 Deo?
2434 4298 2454 4325 ι
2500 4276 2942 4347 Respondemus
2972 4272 3161 4346 primo
3211 4272 3356 4330 nihil
3432 4286 3532 4344 pe-

1880 4366 2040 4423 nitus
2071 4382 2139 4423 ex
2171 4366 2276 4422 hac
2309 4366 2605 4439 Polyearpi
2624 4368 2969 4421 auctoritate
2998 4368 3201 4420 contra
3230 4380 3336 4421 nos
3354 4362 3529 4419 effici-

1879 4456 2156 4523 Qusmvis
2197 4456 2355 4512 enim
2415 4454 2765 4527 Polycarpus
2816 4454 2936 4511 haec
2994 4455 3149 4511 inter
3177 4469 3240 4510 se
3292 4453 3533 4510 nomina

1877 4544 2230 4615 confuderit,
2282 4546 2431 4602 illud
2484 4553 2675 4603 tamen
2715 4546 2938 4618 ignatio
2987 4546 3087 4617 jus
3118 4556 3233 4602 non
3292 4544 3534 4601 abstulit

193 4630 330 4723 Quid
389 4633 551 4704 quod
584 4641 638 4689 et
698 4632 895 4705 plures
925 4640 1244 4691 occurrunt
1294 4635 1539 4693 secundi
1571 4635 1771 4693 seculi
1804 4652 1849 4723 ι)
1879 4652 1949 4723 ea
1977 4634 2535 4723 distinguendi,qum
2550 4636 2624 4691 ab
2655 4635 2788 4692 aliis
2810 4636 3126 4723 suemtatis
3145 4635 3532 4723 scriptoribus

129 4719 445 4794 scriptores,
480 4725 587 4795 qui
639 4723 797 4781 idem
828 4740 895 4780 ac
928 4726 1213 4797 Ignatius,
1247 4724 1399 4783 inter
1429 4726 1687 4799 episcopi
1716 4731 1773 4784 et
1806 4719 1838 4723 ’
1880 4722 2154 4779 distincta
2177 4723 2361 4780 fuisse
2383 4721 2629 4778 lnﬂciari
2654 4737 2826 4779 nemo
2848 4726 3059 4794 potest.
3084 4721 3531 4793 Respondemus

133 4811 439 4884 presbyteri
471 4814 716 4870 nomina
762 4814 1107 4884 discrimen,
1140 4819 1529 4888 eamdemque
1559 4816 1771 4873 distin-

129 4898 362 4957 ctionem
394 4908 675 4960 statuere.
693 4902 757 4959 Id
786 4905 1024 4975 quidem
1056 4906 1214 4977 quod
1244 4905 1495 4962 Dallasue
1526 4918 1773 4979 negasse

128 4986 616 5058 videbatur,tanta
632 4992 924 5049 evidentia
944 4993 1366 5050 demonstravit
1390 4993 1768 5065 Pearsonius;

127 5079 188 5129 ut
212 5078 279 5133 ab
337 5096 632 5154 anonymo
664 5079 859 5138 Dallaei
918 5082 1225 5140 defensore
1255 5083 1365 5140 hoc
1415 5098 1767 5155 responsum

127 5171 398 5240 acceperit
426 5170 516 5228 ‘3:
553 5192 582 5221 σι
613 5172 772 5228 Mala
793 5172 907 5227 ﬁde
942 5172 1135 5228 Dallei
1167 5173 1521 5230 sententiam
1554 5186 1765 5246 repra-

126 5262 324 5327 sentat,
347 5261 516 5332 quasi
550 5265 791 5332 negaret
811 5259 1128 5318 discrimen
1146 5262 1293 5318 illud
1326 5262 1479 5319 inter
1508 5261 1767 5335 episcopi

125 5349 175 5399 et
201 5349 517 5423 presbyteri
570 5350 808 5406 nomina
838 5368 872 5406 a
917 5352 1218 5408 veteribus
1252 5366 1515 5424 unquam
1565 5352 1765 5409 obser-

123 5439 309 5493 vatum
337 5440 728 5495 esse.'l'amen
752 5438 868 5496 alia
899 5454 1064 5497 mens
1094 5441 1205 5497 fuit
1232 5441 1469 5509 Dallaso,
1493 5442 1593 5513 qui
1616 5442 1767 5498 dun-

126 5527 272 5579 taxat
320 5526 535 5583 asserit
575 5525 865 5598 lgnatium
925 5528 1133 5599 ingens
1163 5544 1396 5602 semper
1449 5529 1764 5586 discrimen

128 5615 368 5675 statuere
421 5617 579 5675 inter
630 5617 749 5676 haec
781 5619 897 5677 duo
954 5620 1217 5693 nomina,
1247 5625 1458 5694 prater
1486 5636 1660 5680 usum
1711 5622 1769 5678 et

108 5728 113 5739 '
194 5767 236 5806 1"
265 5772 290 5831 ι
317 5770 470 5831 Tim.
502 5787 563 5845 ν,
593 5772 682 5836 49.
718 5772 761 5813 ι’
791 5788 925 5849 pag.
952 5774 1074 5832 300.

1881 4815 2162 4885 secundo,
2195 4814 2482 4871 incertum
2515 4814 2756 4870 omnino
2786 4828 2937 4883 esse,
2969 4817 3166 4868 utrum
3211 4823 3346 4868 tunc
3379 4820 3529 4869 tem-

1880 4903 2040 4976 poris
2067 4917 2205 4959 cum
2236 4915 2406 4960 suam
2443 4903 2801 4975 Polycarpus
2857 4900 3138 4959 scriberet
3194 4900 3523 4973 epistolam,

1880 4992 2343 5066 Philippensium
2355 4992 2664 5064 episcopus
2683 4992 2873 5049 adhuc
2891 4998 3041 5048 esset
3054 4989 3111 5045 in
3125 4989 3289 5045 vivis.
3306 4989 3527 5045 Deinde

1878 5082 2001 5139 hac
2029 5079 2276 5154 epistola
2305 5079 2377 5137 ad
2408 5094 2515 5137 nos
2553 5081 2783 5154 integra
2810 5081 3051 5138 omnino
3081 5083 3139 5136 et
3186 5078 3525 5150 incorrupta

1876 5186 1992 5229 non
2024 5173 2305 5245 pervenit.
2338 5174 2562 5226 Rursus
2592 5186 2699 5243 ego
2730 5172 3020 5228 incertum
3052 5185 3193 5227 num
3230 5168 3290 5225 in
3323 5184 3390 5225 ea
3420 5172 3523 5224 Po-

1874 5262 2146 5333 lycarpus
2204 5258 2425 5316 alicubi
2471 5258 2786 5332 specialem
2846 5261 3103 5333 episcopi
3163 5259 3520 5315 mentionem

1875 5352 2091 5409 fecerit.
2126 5350 2320 5407 Tertio
2368 5349 2621 5421 denique
2649 5347 2940 5404 incertum
2990 5355 3187 5405 utrum
3221 5348 3317 5404 ille
3343 5347 3517 5404 aliam

1873 5441 2337 5515 epistolam,qu¢s
2368 5440 2440 5495 de
2468 5438 2741 5511 episcopo
2766 5438 3115 5495 nominatim
3138 5439 3365 5511 agebat,
3382 5437 3518 5495 huic

1871 5528 2269 5601 subjnnxerit.

1946 5617 2168 5692 Urgent
2194 5618 2431 5677 tandem
2462 5616 2845 5690 Polycarpum
2876 5613 2938 5674 in
2968 5614 3233 5687 ejusdem
3260 5613 3517 5687 epistola
