3942 6302
367 419 485 480 539
1427 411 1486 472 S.
1536 407 1935 472 IGNATIUS.
1982 434 2060 451 -—
2100 403 2726 468 PROLEGOMENA.
3665 393 3791 452 540

365 547 749 617 inscriptione
778 560 841 601 se
872 561 984 600 non
1043 542 1405 615 episcopum,
1454 543 1557 598 sed
1608 542 2007 615 presbyterum
2043 540 2098 607 Α
2127 542 2373 610 possunt
2414 537 2689 594 facillime
2746 536 2805 591 in
2862 534 3120 590 medium
3181 529 3448 603 proferri.
3509 528 3623 584 Sed
3668 525 3788 617 illa

368 616 609 693 vocasse
644 636 732 690 his
762 635 991 690 verbis:
1045 655 1073 684 «
1106 633 1480 706 Polycarpus,
1519 636 1578 689 et
1607 632 1707 703 qui
1756 648 1889 687 curn
1945 645 2011 685 eo
2118 627 2393 684 omnibus
2450 628 2531 683 ita
2582 629 2723 682 sunt
2765 624 2953 688 obvia,
3012 627 3078 678 ut
3131 620 3373 693 longum
3434 616 3785 675 earumdem

369 724 749 798 presbyteri.»
768 724 877 779 Sed
904 724 1024 778 hasc
1046 723 1511 778 adversariorum
1545 723 1690 778 ratio
1712 722 1855 777 adeo
1870 720 2013 775 levis
2117 734 2321 774 vocum
2351 716 2680 789 catalogum
2708 720 2901 771 texere
2930 711 3295 785 superﬂuum
3329 708 3407 765 sit
3453 713 3511 763 et
3539 706 3783 798 inutile.

370 795 461 871 est
479 795 815 881 etinfirma;
843 819 907 868 nt
929 814 1193 885 Moynius
1216 812 1698 867 Calvinistrarum
1720 811 2013 876 minister,
2120 806 2322 877 Neque
2351 822 2483 862 vero
2514 806 2571 860 in
2595 805 2779 860 sacris
2801 808 3032 858 tantum
3066 799 3382 872 Scripturis
3405 813 3505 852 eas
3525 795 3787 867 reperire

371 920 693 975 eorumque
723 884 1045 975 symmista,
1070 902 1425 959 contrarium
1447 901 1686 956 omnino
1718 900 2012 955 exiisdem
2120 902 2229 964 est,
2262 896 2361 951 sed
2396 895 2455 951 in
2487 894 2744 966 genuina
2790 892 2965 948 etiam
2997 889 3311 947 Clementis
3340 884 3614 960 epistola,
3652 899 3784 955 qum

368 994 560 1050 verbis
592 998 1003 1064 argumentum
1035 992 1343 1047 conﬁciat:
1397 1013 1427 1042 «
1459 991 1582 1045 Non
1618 990 1821 1046 scribit
1850 988 2015 1061 Poly-
2123 984 2446 1056 Ignatianis
2478 1002 2593 1041 non
2625 988 2717 1040 est
2748 981 3045 1055 prolixior,
3079 978 3189 1035 illae
3225 979 3441 1035 eaedem
3471 991 3644 1033 voces
3676 989 3784 1029 nec

372 1099 601 1155 carpas,
634 1082 830 1155 inquit
862 1081 929 1150 ιθ,
981 1081 1299 1153 presbyteri
1330 1080 1593 1136 Ecclesia
1644 1078 2019 1151 Smyrnensis
2122 1077 2370 1131 rariores
2401 1078 2674 1143 sunt,nec
2706 1070 3113 1128 modestiores.

369 1171 983 1267 Ρ.¹³ί¹ἱβρθ“⁵ί¹³υεὲηεξί¹
1018 1169 1370 1267 Fab”???
1390 1174 1446 1224 et
1478 1169 1805 1267 plteabyterfi
1832 1166 2020 1267 Ροθίῗ·
2257 1202 2285 1267 §
2314 1200 2382 1256 ll.
2415 1200 2489 1255 De
2518 1198 2694 1255 verbis
2724 1212 2857 1253 nove
2887 1196 3195 1267 usarpatis,
3227 1192 3440 1249 scilicet
3471 1188 3658 1267 φύσις.

372 1263 471 1317 sise
502 1261 879 1333 Smyrnensis
912 1258 1177 1315 Ecclesia:
1202 1258 1687 1330 Philippensium,
1723 1262 1787 1312 ut
1817 1256 2021 1311 discri-
2258 1256 2284 1267 ⁹
2827 1278 2881 1325 ει
2910 1256 3079 1339 ᾅδεὼ,

372 1366 507 1406 men
541 1350 771 1421 aliquod
804 1350 956 1403 inter
985 1364 1047 1403 se
1078 1353 1133 1403 et
1166 1348 1529 1420 presbyteros
1586 1346 2015 1403 observandum

372 1440 659 1506 innueret,
693 1438 1155 1511 dignitatemque
1181 1453 1371 1503 suam,
1393 1442 1451 1492 et
1474 1436 1787 1507 primatum
1822 1435 2017 1506 aliquo

374 1529 547 1585 modo
579 1533 861 1583 tueretur.
895 1531 1034 1581 Nam
1068 1528 1165 1598 qui
1200 1528 1357 1598 paris
1399 1526 1704 1597 dignitatis
1732 1530 1790 1579 et
1821 1530 2018 1578 aucto-

375 1617 560 1674 ritatis
622 1617 999 1688 Polycarpum
1060 1616 1239 1671 fuisse
1305 1632 1438 1670 cum
1490 1614 1614 1670 suis
1670 1614 2020 1686 presbyteris

377 1710 638 1772 censent,
672 1722 758 1760 ne
814 1704 897 1759 illi
940 1705 1084 1760 mihi
1133 1705 1407 1760 videntur
1462 1704 1615 1759 thesi
1647 1720 1768 1759 suae
1820 1703 2019 1765 nimis,

375 1810 551 1866 quam
588 1811 686 1864 par
715 1792 809 1859 sit,
844 1793 1119 1849 fervidius
1145 1798 1201 1848 et
1240 1794 1564 1849 studiosius
1596 1788 1931 1857 δουλευάειν,
1966 1794 2023 1845 et

2194 1385 2435 1448 Verum,
2472 1378 2667 1451 inquit
2709 1377 2981 1443 Dallaaus,
3014 1374 3282 1447 quaedam
3322 1371 3501 1428 verba
3531 1368 3789 1440 scriptor

2125 1481 2321 1527 noster
2378 1486 2523 1526 nove
2554 1472 2819 1539 usurpat,
2877 1471 2934 1522 et
2973 1471 3184 1538 praeter
3224 1464 3475 1519 aliorum
3538 1476 3789 1516 morem.

2124 1562 2249 1617 Duo
2306 1566 2505 1617 tamen
2551 1561 2831 1615 duntaxat
2881 1555 3240 1627 ejnscemodi
3273 1553 3448 1609 verba
3508 1568 3579 1607 ex
3638 1550 3793 1605 veris

2124 1651 2336 1725 Ignatii
2377 1649 2646 1723 epistolis
2696 1650 3009 1718 desumpta
3041 1645 3212 1700 nobis
3270 1643 3492 1713 objicit.
3529 1641 3788 1695 Primum

2129 1751 2217 1796 est
2272 1740 2515 1795 verbum
2578 1736 2777 1814 φύσις;
2810 1737 2910 1791 sed
2953 1735 3099 1790 illud
3150 1733 3301 1804 apud
3335 1732 3579 1786 diversas
3637 1728 3788 1783 litte-

2128 1836 2339 1887 ratura
2374 1830 2691 1899 scriptores
2732 1826 2890 1882 vario
2923 1841 3098 1880 sensu
3150 1830 3497 1893 usurpatum
3548 1817 3787 1889 legitur,

378 1901 443 1940 ea
475 1883 665 1939 officia
704 1882 1077 1948 confundere,
1111 1900 1234 1955 quas
1276 1890 1534 1956 tempore
1565 1881 1865 1953 Polycarpi
1896 1881 2021 1951 jam

2200 1881 3071 1991 bilqiue'norwesigniﬁcationis
3092 1916 3245 1985 apud
3273 1881 3563 1982 {gantiam
3591 1881 3786 1962 liabet.

376 1973 893 2071 “animalium:
992 1974 1122 2029 Hec
1154 1990 1293 2071 sine
1323 1990 1392 2071 .e,x
1422 1973 1754 2071 “Vini”
1790 1977 2030 2071 Ples”-
2137 1973 2540 2065 "gecjuindum
2575 1973 2814 2061 verbum
2845 2008 2935 2059 est
2973 1973 3146 2071 éz'Sew,
3175 1973 3327 2071 quod
3358 1998 3612 2053 Datianus
3653 2010 3792 2067 poe-

382 2064 684 2164 temniflue
732 2062 1011 2164 hominis.
1038 2079 1135 2119 ore
1164 2064 1365 2118 euenit
1418 2064 1653 2128 veritas”
1687 2078 1813 2133 qua
1847 2061 1906 2164 Ἦ
1941 2074 2029 2164 ,θο
2362 2061 2687 2153 esseidicit.
2722 2094 2917 2164 Neque
2968 2061 3161 2147 tamen
3193 2061 3253 2144 et
3296 2094 3353 2143 in
3387 2087 3582 2142 soluta
3615 2061 3788 2139 etiam

387 2158 544 2252 esset:
573 2154 931 2252 ".‘°°."“Pt°’
966 2152 1015 2252 ῗί
1046 2168 1110 2208 ea
1136 2154 1331 2252 “6°.”
1359 2159 1415 2209 et
1444 2152 1685 2209 nomina
1714 2167 1828 2252 ΜΨ
1863 2147 2030 2219 Ρ⁰¹Υ’
2136 2147 2515 2244 ora—tione'ab
2911 2180 3154 2252 optimis
3185 2195 3336 2247 saepe
3367 2177 3585 2248 saepius
3620 2174 3793 2228 adhi—

387 2242 548 2345 cfrpi
606 2247 854 2345 tf‘ntﬂnf’
887 2243 988 2345 ⁸Ῡά
1020 2243 1442 2345 “ap?§t°¥°”“m
1481 2243 2032 2345 “0‘19”???
2137 2242 2323 2334 bitum
2383 2274 2482 2330 ille
2539 2274 2777 2345 negabit
2834 2242 3121 2342 unquam.
3181 2242 3394 2332 Quidni
3435 2242 3659 2335 ergoet
3719 2263 3790 2318 ab

389 2330 682 2402 disparata
714 2331 976 2386 dixisset.
1020 2332 1100 2387 Ex
1131 2331 1222 2387 bis
1254 2337 1448 2387 tamen
1478 2347 1601 2401 quae
1634 2330 1711 2383 Ibi
1739 2343 1872 2382 vera
1902 2340 2032 2381 esse

389 2366 682 2402 ...δμιανα
714 2366 976 2386 υιιιουου.
1020 2366 1100 2387 ιη
1131 2366 1222 2387 μω
1258 2366 1448 2387 unum.
1478 2366 1601 2401 ιιυυσ
1634 2366 1711 2383 ,υι
1746 2366 1872 2382 νυ...
1902 2366 2032 2381 ww
2143 2368 2165 2422 Ι
2211 2366 2367 2423 natio
2390 2366 2418 2421 ,2

389 2422 798 2493 agnoscit,ruit
811 2421 1011 2494 procul
1034 2423 1208 2479 dubio
1221 2423 1580 2479 Dallaaanum
1594 2422 2030 2492 argumentum,
2173 2386 2205 2439 8
2395 2493 2398 2494 ν

393 2482 780 2585 ἷιῖηᾱηυενᾳυθ
809 2482 1104 2569 evertitur,
1660 2482 1693 2492 u
2016 2482 2026 2488 ⁷
2382 2493 2409 2560 §
2439 2490 2537 2547 III.
2573 2495 2648 2545 De
2677 2487 2850 2544 verbis
2880 2483 3163 2541 inusitati:
3193 2491 3242 2539 et
3267 2482 3533 2537 obscuris.

1007 2657 1236 2714 CAPUT
1274 2657 1426 2715 ΧῙΧ,
2173 2619 2379 2715 _Addi_t
2433 2616 2680 2715 Dallasus
2710 2612 3079 2715 innepistolis
3132 2608 3450 2709 Ignatianis
3497 2605 3790 2715 quaedam

2138 2708 2504 2765 obscuriores
2540 2714 2599 2761 et
2627 2704 2942 2760 inusitatas
2997 2716 3165 2756 voces
3197 2695 3464 2753 inveniri.
3515 2694 3797 2758 Quamvis

428 2800 617 2841 NULLA
656 2801 715 2840 ΙΝ
753 2800 1029 2841 ειηετοιις
1067 2802 1346 2842 AUCTORIB
1386 2802 1581 2841 NOS‘I‘RI
1622 2801 1755 2842 ESSE
1793 2801 1994 2854 VERBA,

2226 2795 2598 2852 verissimum
2630 2798 2806 2862 esset,
2837 2790 2978 2862 quid
3011 2789 3148 2845 inde
3196 2784 3465 2842 conficiet
3496 2782 3749 2839 Dallaaus
3777 2785 3804 2837 Ρ

801 2873 933 2920 008
971 2875 1082 2914 NON
1123 2875 1250 2914 SINT
1290 2875 1611 2915 IGNATIANA.

2194 2883 2411 2955 unquid
2474 2882 2754 2955 Ignatius,
2830 2879 3005 2935 sicuti
3064 2875 3306 2948 quilibet
3354 2873 3506 2930 alius
3563 2876 3797 2947 auctor,

826 2982 926 3051 §I.
964 2983 1033 3037 De
1063 2983 1244 3038 verbis
1272 2986 1602 3054 compositis.
2137 2972 2403 3029 obscuris
2462 2976 2519 3026 et
2571 2969 2870 3026 inusitatis
2929 2966 3213 3037 loquendi
3269 2962 3461 3017 modis
3531 2960 3624 3054 uti
3672 2975 3795 3014 non

2138 3061 2372 3135 potuit?
2403 3061 2468 3117 Id
2498 3076 2639 3117 sane
2664 3060 2722 3114 in
2755 3056 3060 3130 principiis
3091 3052 3429 3110 Christianis
3462 3048 3669 3121 religio
3683 3049 3801 3115 nis,

2139 3168 2262 3224 quas
2297 3167 2443 3207 nova
2471 3155 2529 3206 et
2556 3148 2840 3204 inusitata
2866 3161 3066 3202 secum
3100 3142 3314 3198 invexit
3350 3140 3543 3209 verba,
3577 3154 3798 3209 parum

2142 3248 2293 3299 esset
2325 3239 2590 3297 mirabile
2620 3256 2633 3307 ;
2685 3238 2786 3295 sed
2819 3236 3003 3292 multo
3058 3234 3255 3290 minus
3286 3232 3347 3288 in
3381 3229 3630 3303 Ignatio,
3664 3229 3797 3285 viro

2147 3330 2485 3404 apostolico,
2536 3328 2639 3400 qui
2667 3328 2946 3400 epistolas
2976 3341 3116 3380 snas
3173 3322 3411 3386 cursim,
3443 3325 3500 3376 et
3542 3317 3799 3385 occulte,

2149 3440 2213 3479 ac
2267 3438 2495 3477 summo
2528 3418 2789 3491 martyrii
2840 3417 3047 3471 ardore
3103 3415 3381 3469 incensus
3432 3414 3806 3467 exaraverat.

2147 3511 2559 3568 Verumtamen
2618 3525 2732 3564 non
2764 3505 2896 3562 aliis
2954 3504 3048 3559 ille
3080 3503 3333 3570 vocibus,
3389 3501 3477 3557 vel
3518 3499 3806 3571 loquendi

2150 3602 2340 3657 modis
2372 3616 2513 3656 usus
2545 3608 2651 3668 est,
2683 3613 2861 3669 quam
2904 3594 2975 3650 iis
3008 3594 3107 3666 qui
3142 3593 3200 3648 in
3233 3590 3418 3647 sacris
3448 3589 3805 3661 Scripturis,

2150 3687 2401 3761 aliisque
2432 3692 2578 3744 notae
2621 3684 2877 3741 melioris
2926 3681 3310 3754 scriptoribus
3343 3678 3531 3734 solent
3589 3692 3807 3733 occur-

466 3108 643 3164 Multa
693 3107 805 3163 alia
841 3106 1084 3163 Dallaeus
1115 3125 1177 3164 se
1206 3108 1298 3163 his
1329 3108 1388 3163 in
1437 3107 1698 3179 epistolis
1755 3105 2034 3162 vocabula

392 3197 845 3269 deprehendisse
902 3199 1013 3252 sibi
1070 3198 1314 3263 videtur,
1348 3214 1475 3269 qua
1534 3198 1873 3269 scriptorem
1926 3211 2033 3252 no-

392 3293 579 3343 strum
614 3287 714 3342 diu
749 3296 874 3358 post
893 3287 1185 3358 Ignatium
1213 3287 1420 3342 vixisse
1452 3286 1688 3358 planum
1723 3286 1892 3341 nobis
1925 3284 2038 3341 uti-
2070 3284 2114 3351 C

396 3393 511 3447 que
570 3378 792 3431 faciunt
820 3376 882 3429 ²⁰.
920 3374 1019 3431 Illa
1049 3381 1245 3431 autem
1304 3377 1558 3448 primum
1608 3376 1857 3447 exagitat
1909 3391 2040 3447 quae

397 3482 432 3520 a
461 3465 760 3521 Blondello
818 3464 981 3537 prius
1029 3466 1258 3536 objecta
1304 3465 1554 3531 fuerant,
1589 3468 1829 3522 nomina
1884 3466 2040 3520 varie

398 3555 741 3624 composita,
794 3558 859 3608 ut
915 3553 1272 3629 σαρκοφόρος,
1326 3554 1679 3631 νεκροφόρος,
1738 3563 1795 3612 et
1844 3554 1956 3611 alia
2009 3573 2043 3612 α

397 3643 574 3698 verbo
605 3642 752 3717 φέρω
783 3648 930 3711 orta,
991 3646 1129 3699 item
1163 3643 1276 3700 alia
1334 3663 1368 3702 a
1396 3662 1532 3701 voce
1582 3642 1750 3717 ἄξιος,
1808 3652 1873 3702 ut
1900 3645 2044 3714 ἀξιό-

400 3727 630 3798 πλοκος,
688 3730 952 3802 ἀξιόθεος,
1008 3739 1066 3789 et
1120 3733 1234 3789 alia
1264 3735 1515 3807 denique
1568 3753 1602 3792 ο,
1657 3736 1831 3793 verbo
1889 3734 2039 3803 Θεός,

402 3822 577 3918 sicuti
616 3793 1015 3918 'Osopaaiptce,
1044 3912 1056 3918 _
1096 3793 1440 3895 eedbpopos,‘
1478 3832 1589 3882 etc.
1657 3793 2034 3883 Doctissimnl:

2194 3793 2298 3835 ἠ’
2785 3859 3009 3918 CAPUT
3048 3858 3149 3915 xx

401 3910 637 3980 quidem
666 3911 1009 3969 Hamondus
1044 3912 1180 3969 huic
1220 3914 1503 3970 Blondelli
1554 3920 1895 3987 argumento
1918 3916 2044 3987 jam
2787 3901 2895 3918 um
2922 3901 2999 3987 νὴ

403 4001 784 4071 responderat
815 4002 1042 4059 divinos
1086 4019 1267 4059 sacrae
1296 3981 2045 4076 Scripturm‘anctores‘no-
2332 3993 2386 4032 ¹⁸
2424 3991 2513 4031 ³³⁸
2552 3984 3169 4076 εΡιδτοιξξηξῩξηξῖἶε
3209 3984 3417 4025 Ρειλνλδ
3455 3981 3625 4022 Pw”

403 4090 663 4146 minibus
713 4091 895 4147 simili
943 4093 1113 4148 modo
1162 4093 1526 4165 compositis,
1574 4111 1826 4167 quorum
1877 4093 2049 4167 plura
2300 4154 2326 4167 ἢ
2358 4153 2381 4167 ,
2445 4153 2475 4167 Α
2603 4156 2617 4167 ,
2786 4057 3197 4167 ῙῨΠΤΛΉὛΕΪ.
3264 4147 3274 4159 .
3318 4152 3334 4167 ,
3403 4161 3422 4167 ,
3471 4154 3485 4167 ,
3605 4145 3642 4157 ..

402 4179 600 4236 rem“;
628 4180 912 4251 exempla,
946 4147 1826 4254 umq,,,,',;,'},,,ggef“"“
1878 4147 2048 4167 ἠπ
2299 4154 2327 4227 g
2358 4153 2403 4210 Ι.
2437 4153 2717 4222 Quantum
2747 4147 3064 4206 adversarii
3091 4147 3197 4227 sibi
3223 4147 3335 4203 sint
3362 4147 3663 4203 contrarii.

477 4268 589 4323 Sed
630 4269 809 4323 instat
838 4268 1089 4325 Dallaeus
1121 4269 1191 4336 2',
1222 4288 1289 4327 ea
1328 4286 1451 4343 quas
1481 4289 1551 4328 ex
1579 4271 1761 4330 sacris
1805 4272 2048 4345 scripto-
2227 4279 2383 4336 Inter
2413 4281 2501 4335 tot
2527 4280 2760 4347 tamque
2792 4275 3023 4330 diversa
3052 4271 3250 4329 Dallasi
3283 4272 3563 4327 adversus
3594 4272 3813 4343 Ignatii

405 4357 572 4412 ribus
594 4356 837 4413 adduxit
860 4359 1224 4426 Hamondns,
1244 4376 1372 4417 esse
1399 4362 1757 4432 paucissima
1786 4367 1844 4418 et
1869 4360 2049 4419 semel
2156 4366 2435 4440 epistolas
2447 4362 2965 4437 argumenta,illud
2986 4362 3239 4435 profecto
3252 4358 3813 4432 mirarisnbit,quod

408 4450 641 4501 tantum
675 4447 747 4501 ab
768 4447 841 4502 iis
867 4448 1043 4517 dicta,
1066 4465 1133 4503 ac
1160 4450 1478 4520 Ignatianie
1500 4450 1620 4507 illis
1637 4450 1819 4507 multo
1852 4452 2049 4507 mode-
2158 4457 2254 4513 ille
2298 4456 2643 4527 scriptorem
2677 4458 2945 4509 nostrum
2979 4468 3095 4506 non
3130 4450 3447 4522 Ignatium,
3479 4450 3582 4505 sed
3627 4451 3816 4505 alium

410 4535 608 4591 stiora.
664 4536 721 4590 Si
777 4536 847 4592 de
901 4539 1190 4608 paucitate
1244 4541 1554 4596 verborum
1622 4542 1694 4596 ab
1746 4541 2051 4597 Hamondo
2158 4546 2398 4603 omnino
2430 4543 2759 4599 fuisseinde
2794 4543 3041 4614 probare
3062 4539 3197 4595 velit
3219 4539 3818 4610 ",quiamQuaadam

413 4623 723 4680 allatorum
753 4628 1129 4697 conqueritur
1156 4629 1426 4698 Dallaius,
1469 4631 1540 4685 de
1572 4629 1780 4699 majori
1815 4629 2051 4684 Dallaaa-
2083 4653 2129 4719 ι)
2164 4634 2323 4693 Pauli
2348 4632 2601 4706 apostoli
2631 4633 2899 4688 studiose
2929 4636 3020 4685 est
3046 4627 3328 4697 imitatus,
3360 4644 3609 4699 sperans
3638 4646 3707 4684 se
3729 4630 3822 4685 bis

414 4732 625 4772 norum
659 4734 902 4774 numero
934 4736 1040 4777 nos
1081 4722 1290 4793 potiori
1312 4723 1449 4794 jure
1486 4720 1921 4791 conquerimur.
1952 4721 2053 4777 Ille
2083 4716 2113 4719 ﬁ
2160 4725 2339 4781 veluti
2371 4722 2678 4795 apostolici
2734 4718 3021 4792 discipuli
3044 4717 3417 4773 lineamentis
3474 4716 3823 4774 hominibus

414 4806 708 4877 siquidem
740 4815 804 4864 ut
832 4810 1287 4882 compositarum
1318 4811 1474 4882 apud
1525 4810 1815 4882 lgnatium
1845 4826 2053 4867 vocum
2164 4812 2257 4870 sui
2287 4811 2505 4878 saeculi,
2542 4808 2867 4882 praesertim
2901 4804 3152 4879 posteris
3182 4804 3254 4860 ab
3294 4803 3514 4874 lgnatio
3546 4807 3828 4862 remotio-

419 4901 658 4967 augeret
705 4898 1167 4968 multitudinem,
1216 4916 1315 4955 eas
1368 4916 1495 4971 quae
1527 4900 1587 4955 in
1632 4899 1796 4956 falsis
1852 4898 2054 4972 Ignatii
2167 4901 2353 4967 ribus,
2383 4899 2648 4971 adeoque
2672 4912 2869 4953 rerum
2900 4892 3353 4966 apostolicarum
3389 4895 3589 4949 minus
3616 4894 3825 4962 gnaris

416 4985 683 5057 epistolis
710 5027 725 5055 ,
783 4986 869 5043 vel
930 4988 990 5043 in
1056 4989 1447 5060 genuinarum
1514 4988 2055 5060 interpolationibns
2166 4989 2333 5047 facile
2364 4988 2808 5060 impositurum,
2845 4989 3019 5055 atque
3048 4981 3393 5038 effecturum
3426 4986 3489 5037 ut
3532 4998 3640 5053 pro
3675 4985 3825 5040 scri-

418 5079 751 5142 occurrnnt,
813 5076 943 5133 aliis
991 5076 1286 5133 immerito
1335 5076 1620 5148 adjunxit.
1668 5078 1887 5135 Deinde
1928 5078 2057 5136 ideo
2169 5083 2331 5151 ptore
2361 5076 2679 5150 apostolico
2730 5074 3057 5130 haberetur.
3092 5092 3121 5122 »
3153 5070 3437 5126 Eumdem
3491 5070 3652 5125 enim
3688 5072 3831 5128 Dal-

420 5165 762 5220 Hamondus
810 5166 1008 5222 decem
1058 5171 1289 5222 tantum
1346 5180 1415 5222 ex
1472 5167 1687 5223 divinis
1740 5168 2058 5239 Scriptnris
2168 5168 2342 5224 laum
2373 5184 2442 5225 ex
2469 5165 2662 5222 verbis
2693 5162 2952 5236 episcopi
2983 5165 3043 5217 et
3092 5158 3435 5232 presbyteri,
3466 5176 3596 5231 quia
3628 5162 3826 5218 alieno

424 5255 879 5327 compositarum
924 5272 1121 5312 vocem
1173 5254 1413 5327 protulit
1459 5256 1742 5328 exempla,
1793 5257 1949 5327 quod
1993 5272 2062 5313 ea
2171 5258 2406 5314 aPaulo
2437 5252 2683 5326 apostoli
2712 5269 2892 5309 sensu
2922 5251 2994 5306 ab
3025 5248 3248 5319 Ignatio
3281 5254 3563 5320 usurpata
3611 5266 3831 5324 perpe-

424 5345 496 5401 sd
518 5362 730 5401 vanam
762 5344 1040 5402 Blondelli
1067 5344 1449 5413 objectionem
1469 5346 1881 5403 destruendam
1914 5346 2061 5403 satis
2171 5363 2293 5403 ram
2324 5344 2557 5410 elfutiit,
2580 5342 2667 5399 sic
2690 5343 3091 5414 disputantem
3124 5336 3460 5393 audivimus
3484 5338 3604 5392 ²³;‹‹
3618 5342 3829 5413 Neque

424 5449 717 5507 superque
774 5450 903 5491 esse
972 5434 1284 5491 censuerit.
1342 5439 1415 5490 At
1485 5434 1656 5508 longe
1709 5434 1878 5507 plura
1935 5451 2062 5506 qua
2172 5434 2573 5507 apostolorum
2608 5430 2795 5486 filium
2842 5429 3023 5484 fuisse
3053 5425 3321 5483 diversus
3356 5443 3547 5483 sermo
3580 5432 3833 5486 manife-

423 5523 645 5596 passim
679 5523 738 5580 in
769 5522 959 5581 Veteri
990 5524 1263 5596 Novoque
1306 5524 1679 5584 Testamento
1727 5530 2060 5593 occurrunt,
2172 5527 2261 5582 ste
2292 5522 2690 5597 arguit,qnem
2714 5534 2919 5576 omnes
2940 5521 3001 5574 et
3022 5513 3418 5588 apostolorum
3439 5516 3840 5576 observantia.

425 5789 464 5853 Ρ
493 5701 696 5834 ιὲὲκέοι.
757 5702 817 5760 in
881 5700 1179 5775 Polycarp.
1240 5699 1439 5777 epist.,
1472 5717 1529 5775 p.
1566 5702 1652 5759 10.
1720 5700 1767 5736 ²⁰
1796 5715 1925 5773 capo
1957 5699 2034 5769 27:

2194 5695 2319 5754 407.
2388 5697 2432 5733 ³⁸
2468 5708 2601 5767 pag.
2635 5690 2757 5749 406.
2828 5691 2873 5727 ⁸³
2903 5705 3033 5763 cap.
3064 5687 3155 5759 38,
3186 5703 3243 5760 p.
3303 5687 3429 5746 410.
3499 5688 3546 5726 ³³
3577 5706 3715 5768 cap.
3748 5693 3846 5765 :6,
