3942 6302
112 428 212 491 541

1050 429 1125 490 D.
1172 425 1513 490 NOURRII
1553 422 2090 486 DISSERTATIO.
2134 450 2216 469 ι·-
2255 419 2456 483 PARS
2500 421 2549 482 Ι.

3395 417 3515 476 BH

114 562 342 629 simum,
390 565 447 617 et
476 576 611 617 cum
642 560 985 634 apostolicis
1026 563 1198 618 corde
1228 565 1285 619 et
1314 576 1434 630 ore,
1466 557 1665 616 anima
1697 558 1753 613 et
1780 560 1836 629 Α
1867 555 1987 614 lina
2017 556 2342 612 imitatione
2372 553 2645 628 putidum
2688 552 2827 625 quid
2861 551 2933 608 ab
2964 549 3085 606 ullo
3115 564 3375 622 unquam
3407 549 3512 605 ob-

112 650 293 724 lingua
325 651 880 722 conjunctissimum
914 652 1094 708 fuisse
1126 652 1522 708 consentiunt.
1552 672 1579 700 »
1611 645 1754 712 Quis

116 739 396 811 argutulos
420 739 829 811 hujuscemodi
860 742 1158 813 sophistas
1177 752 1378 799 contra
1401 738 1605 813 Ignatii
1631 738 1753 810 epi-

121 831 283 885 stolas
314 829 667 897 rationibus,
719 830 829 887 sibi
892 830 1141 887 invicem
1200 837 1321 886 tam
1374 828 1757 884 vehementer

126 920 595 992 repugnantibus,
646 921 1016 993 disputantes
1064 937 1177 976 nou
1226 918 1521 975 miretur?
1550 917 1751 973 Enim-

121 1024 240 1065 vero
270 1010 321 1064 si
374 1010 615 1067 nomina
654 1010 911 1083 episcopi
943 1016 1000 1067 et
1055 1009 1378 1083 presbyteri
1428 1024 1494 1065 eo
1552 1024 1752 1063 sensu,

126 1113 278 1168 quem
309 1099 463 1155 Pauli
498 1116 626 1156 esse
658 1116 774 1156 non
806 1105 1035 1172 putant,
1068 1101 1321 1171 scriptor
1351 1101 1545 1154 noster
1584 1095 1756 1153 adhi—

119 1187 299 1253 beat,ii
323 1188 581 1245 clamant
612 1190 806 1246 illico:
844 1212 872 1241 «
903 1190 1104 1263 Neque
1135 1187 1539 1262 apostolorum
1564 1185 1754 1242 tilium

124 1276 287 1333 fuisse
308 1277 576 1334 diversus
607 1294 798 1335 sermo
832 1279 1139 1335 manifeste
1169 1278 1383 1351 arguit.
1408 1298 1436 1327 »
1459 1280 1501 1331 E
1529 1280 1757 1332 contra-

127 1365 274 1421 rio'si
298 1366 461 1422 Pauli
502 1384 671 1425 voces
699 1373 756 1425 et
786 1368 1026 1441 phrases
1058 1368 1155 1423 ille
1186 1370 1427 1439 usurpet
1449 1364 1539 1421 vel
1565 1364 1754 1421 imite-

130 1459 231 1524 tur,
286 1458 649 1513 continenter
705 1458 881 1514 iidem
950 1461 1222 1529 arguunt,
1283 1456 1399 1512 illis
1431 1470 1564 1510 eum
1624 1454 1754 1509 ideo

129 1560 281 1600 usum
312 1562 457 1615 esse,
496 1551 559 1602 ut
603 1547 928 1619 imponeret
975 1568 1003 1597 ‹‹
1055 1563 1246 1603 rerum
1300 1544 1751 1618 apostolicarum

132 1634 306 1690 minus
333 1635 552 1707 gnaris,
584 1642 757 1708 atque
803 1637 1057 1693 efficeret
1086 1642 1151 1692 ut
1178 1653 1278 1709 pro
1309 1635 1590 1707 scriptore
1621 1649 1755 1705 apo-

130 1722 313 1780 stolico
343 1726 675 1782 haberetur.
718 1749 745 1776 n
775 1727 869 1783 Sic
901 1743 1041 1782 sane
1078 1726 1337 1782 immane
1367 1724 1460 1780 his
1491 1722 1754 1795 epistolis

131 1827 458 1886 quocunque
491 1816 730 1872 tandem
782 1818 950 1872 modo
981 1816 1423 1872 contradicendi
1453 1813 1755 1870 cacoethes

1858 648 2080 720 jectum
2114 648 2293 704 fuisse
2326 648 2556 718 legitur.

1936 738 2097 804 Quod
2147 736 2454 809 subjuugit
2497 735 2769 804 Dallteus,
2828 750 3027 789 vocem
3087 728 3387 805 ἀντίψυχος
3441 746 3509 786 ex

1863 826 2111 883 Paulina
2139 825 2411 900 ἱσόψυχος
2444 826 2516 882 ab
2549 826 2770 897 Ignatiu
2800 820 3369 894 tormatam,puerile
3399 822 3508 887 est,

1865 917 2149 989 planeque
2182 918 2470 990 ineptum.
2501 914 2645 971 Nam
2679 931 2756 970 eae
2805 929 2972 970 voces
3002 911 3259 968 diversos
3291 908 3512 964 habent

1865 1010 2255 1083 significatus,
2287 1015 2342 1066 et
2372 1027 2479 1065 vox
2528 1005 2825 1083 ἀντίψυχος
2875 1022 2987 1064 non
3033 1005 3187 1079 apud
3239 1000 3508 1070 Paulum,

1863 1101 1964 1157 sed
1999 1100 2144 1157 alios
2176 1100 2491 1172 scriptores
2525 1097 2795 1157 occurrit.

1936 1189 2050 1246 Nec
2085 1190 2329 1262 majoris
2378 1189 2524 1246 illud
2555 1193 2644 1245 est
2675 1186 2969 1261 ponderis,
3003 1185 3156 1258 quod
3190 1184 3341 1239 idem
3374 1181 3510 1239 Dal-

1863 1279 2005 1336 lceus
2048 1284 2217 1351 urget
2246 1279 2293 1314 ²⁸
2339 1279 2459 1335 haec
2486 1277 2651 1335 Pauli
2700 1277 2895 1347 verba,
2938 1271 3354 1349 ἒλαχιστότερον
3387 1269 3513 1325 πάν-

1861 1388 1967 1422 των
2026 1368 2218 1444 ἁγίων,
2292 1394 2319 1421 ‹‹
2354 1374 2685 1426 sanctorum
2763 1366 3022 1425 omnium
3084 1364 3396 1421 minimum
3454 1378 3512 1418 se

1863 1473 2013 1525 esse,
2045 1481 2072 1508 »
2110 1458 2403 1531 lgnatium
2438 1474 2605 1531 prave
2640 1457 2875 1525 imitari,
2900 1472 3033 1512 cum
3067 1454 3208 1510 dicit
3238 1450 3337 1506 οὑκ
3366 1447 3511 1523 ἄξιός

1863 1546 1999 1619 εἰμι,
2048 1550 2133 1604 vel
2168 1547 2241 1609 ὡς
2311 1547 2631 1622 μικρότερος
2692 1546 2866 1619 ὑμῶν.
2928 1543 3245 1601 Pnstremis
3302 1543 3516 1613 quippe

1862 1638 1955 1693 his
1983 1638 2169 1694 verbis
2203 1655 2316 1694 non
2351 1641 2539 1710 magis
2588 1637 2683 1693 ille
2734 1637 2804 1692 ad
2837 1634 3021 1702 Pauli,
3057 1650 3231 1706 quam
3269 1633 3335 1689 ad
3372 1632 3516 1687 Mat-

1862 1726 1991 1783 thasi
2026 1726 2110 1782 vel
2163 1728 2329 1783 Luca:
2379 1727 2719 1783 sententiam
2766 1724 3113 1782 collineasse
3158 1723 3409 1776 videtur.
3447 1720 3506 1775 In

1860 1816 1991 1872 aliis
2023 1833 2156 1872 vero
2210 1816 2629 1888 superioribus,
2682 1814 2769 1872 vel
2802 1814 3151 1885 quibusdam
3185 1811 3504 1878 similibus,

133 1902 612 2006 doctosho-mines
660 1906 995 2006 obcazcavit”
1019 1911 1076 1961 et
1126 1915 1487 2006 transversos
1516 1904 1653 1976 egit.
1686 1902 1753 1957 Et
1782 1931 1829 1997 Β
1862 1906 2077 1977 quibus
2109 1923 2223 1963 non
2254 1906 2556 1979 epistolas,
2591 1909 2654 1961 ut
2686 1906 2765 1961 ait
2796 1901 3370 1974 Dallzeus,implev1t,
3405 1900 3505 1955 sed

132 1998 267 2049 certe
293 1994 341 2049 si
395 1994 476 2050 ita
508 1997 912 2067 argumentari
959 1996 1148 2063 liceat,
1200 1995 1362 2052 nulla
1408 2001 1577 2051 erunt
1612 2008 1753 2064 apo—
1783 1988 1826 1997 ⁷
1861 2012 1992 2052 raro
2028 2012 2167 2053 usus
2198 2002 2307 2062 est,
2339 1997 2446 2053 etsi
2487 1996 2728 2053 Paulum
2760 1993 3017 2050 aemulari
3051 1991 3328 2064 gestierit,
3362 1988 3510 2045 illud

135 2082 449 2140 stolicorum
498 2086 780 2156 virorum,
840 2102 905 2142 ac
956 2086 1129 2158 primi
1179 2085 1498 2158 prazsertim
1547 2088 1606 2140 et
1663 2098 1755 2140 se-

135 2173 293 2228 cundi
322 2175 519 2231 saeculi
554 2175 903 2247 scriptorum
936 2192 1133 2248 opera,
1158 2191 1286 2247 quae
1316 2175 1409 2232 his
1440 2189 1755 2246 argumen-

130 2261 197 2317 tis
240 2263 393 2329 falsa,
446 2264 713 2337 ipsisque
763 2267 1074 2338 supppsita
1138 2282 1266 2323 esse
1344 2282 1456 2322 non
1513 2264 1755 2325 demon-

134 2356 388 2408 strentur.

196 2442 269 2497 Ex
296 2443 401 2501 hac
440 2444 663 2517 itaque,
714 2462 841 2518 quae
890 2446 949 2502 in
982 2447 1189 2519 Ignalii
1238 2445 1500 2519 epistolis
1547 2447 1756 2513 elucet,

142 2531 493 2589 Paulinarum
523 2551 733 2591 vocum
766 2535 1092 2592 imitatione
1138 2536 1493 2592 contrarium
1525 2535 1760 2591 omnino

139 2618 211 2674 sic
238 2619 457 2677 elicitur
486 2630 921 2696 argumentum.
940 2625 1112 2681 Recta
1134 2626 1280 2682 ratio
1311 2626 1479 2681 docet
1509 2641 1577 2680 ea
1604 2623 1759 2679 scri-

137 2714 243 2777 pta,
289 2727 413 2781 qua
460 2713 649 2779 Pauli,
704 2713 1065 2783 aliorumque
1122 2714 1521 2787 apostolorum
1569 2730 1760 2781 voces,

137 2796 379 2867 phrases,
412 2801 664 2874 stylum,
687 2810 1040 2875 ceterosque
1078 2802 1357 2876 loquendi
1390 2804 1595 2859 modos
1624 2802 1761 2858 imi-

138 2890 335 2958 tantur,
385 2896 565 2963 atque
612 2893 679 2947 ad
731 2909 828 2948 eos
880 2893 1152 2965 proprius
1208 2893 1512 2963 accedunt,
1566 2910 1599 2947 a
1642 2890 1763 2947 viro

139 2990 257 3033 vere
285 2980 598 3048 apostolico
648 2982 831 3037 fuisse
878 2982 1151 3053 profecta.
1198 2982 1371 3054 Atqui
1398 2982 1518 3037 haec
1548 2982 1763 3049 omnia,

142 3064 590 3139 fatentibus,imu
621 3070 1037 3142 objicientibus
1063 3072 1432 3141 adversariis,
1461 3072 1518 3126 in
1557 3071 1767 3143 lgnatii

143 3155 306 3211 nostri
335 3158 599 3230 epistolis
631 3160 1120 3231 reperiuntur.Ab
1142 3177 1208 3217 eo
1228 3176 1365 3233 ergo
1387 3176 1518 3217 vere
1539 3159 1769 3232 scriptas

144 3249 285 3300 sunt.

275 3354 301 3421 §
330 3354 396 3411 ll.
430 3356 714 3425 lgnatium
743 3373 856 3413 non
883 3357 1073 3427 putide
1102 3359 1344 3414 Paulum
1371 3357 1609 3413 imitari.

200 3459 427 3531 Verum,
451 3464 650 3537 inquit
684 3464 952 3535 Dalleeus,
976 3466 1152 3522 verba
1180 3483 1306 3537 quae
1334 3465 1487 3538 apud
1519 3463 1771 3521 Paulum

144 3564 263 3607 rara
288 3559 441 3621 sunt,
473 3572 542 3612 ea
577 3556 733 3628 apud
766 3562 1059 3613 auctorem
1116 3561 1407 3626 nostrum,
1457 3572 1571 3612 non
1605 3570 1772 3611 secus

148 3654 203 3693 ac
226 3640 598 3712 Sallustiana,
634 3650 701 3701 ut
728 3646 868 3701 olim
900 3647 1089 3703 aiebat
1135 3646 1373 3717 Seneca,
1407 3646 1563 3718 apud
1594 3651 1778 3702 Arun-

150 3728 280 3787 tium
312 3733 665 3791 creberrima
695 3739 935 3803 sunt,ac
968 3751 1113 3807 pene
1141 3740 1442 3808 perpetua.
1476 3736 1624 3807 Ergo
1655 3736 1777 3793 haec

154 3820 336 3888 putida
362 3824 619 3880 imitatio
665 3824 946 3896 epistolas
993 3825 1214 3899 Ignatio
1262 3825 1412 3882 male
1443 3827 1777 3898 suppositas

151 3909 341 3979 prodit.
374 3914 484 3969 Sed
520 3912 669 3970 falsa
708 3918 797 3970 est
826 3914 949 3971 haec
980 3914 1412 3987 consequentia.
1440 3914 1593 3970 Nihil
1620 3913 1778 3971 enim

154 4011 213 4052 ex
247 4004 623 4060 antecedente
668 4002 826 4060 aliud
877 4003 1145 4061 concludi
1194 4008 1408 4076 potest,
1458 4004 1570 4060 nisi
1606 4004 1780 4077 lgna-

154 4084 285 4144 tium
315 4092 695 4164 epistularum
730 4092 1101 4163 Pauli,sicuti
1133 4095 1438 4150 Aruntium
1466 4093 1779 4150 Sallustia-

155 4191 343 4237 norum
385 4198 631 4255 operum
678 4199 793 4239 non
842 4182 1024 4241 fuisse
1068 4188 1379 4241 auctorem.
1433 4183 1577 4239 Nam
1627 4184 1782 4241 sicut

154 4262 388 4325 imitatio
435 4270 679 4327 Salustii
728 4286 903 4344 opera
969 4271 1195 4327 Aruntii
1238 4272 1311 4328 ab
1360 4271 1489 4345 ipso
1535 4272 1780 4329 Aruntio

156 4357 355 4430 scripta
403 4377 516 4417 non
578 4360 765 4417 fuisse
822 4376 1193 4433 nequaquam
1266 4362 1648 4432 demonstrat,
1699 4361 1781 4418 sic

156 4442 383 4505 imitatio
410 4450 569 4506 Pauli
599 4449 871 4520 epistolas
904 4450 1221 4523 lgnatii,ab
1252 4451 1381 4523 ipso
1410 4450 1637 4524 Ignatio
1670 4450 1780 4507 mi-

158 4534 297 4592 nime
324 4540 572 4611 scriptas
606 4539 790 4597 fuisse
822 4556 936 4596 non
970 4541 1180 4611 arguit.

1862 2101 2159 2142 summam
2202 2087 2433 2159 lgnatii,
2485 2086 2585 2159 qui
2639 2102 2845 2142 omnes
2891 2082 3056 2138 Pauli
3120 2082 3389 2149 virtutes,
3452 2095 3517 2134 ao

1863 2177 2209 2250 martyrium
2242 2176 2513 2233 imitandi
2543 2174 2868 2233 incredibili
2886 2173 3171 2248 ﬂagrabat
3200 2170 3515 2241 desiderio,

1866 2269 2253 2326 humilitatem
2288 2268 2529 2342 pulchre
2556 2267 2815 2324 decebat.

2476 2411 2713 2469 CAPUT
2752 2411 2899 2467 XXI.

1868 2555 2053 2601 NEQUE
2092 2555 2151 2593 ΙΝ
2207 2553 2594 2593 BPIBTOLARUM
2653 2549 3170 2600 INSCRIPTIONIBUB,
3231 2547 3417 2595 NEQUE
3455 2546 3516 2587 IN

1939 2626 2399 2666 REPE’I’ITIONIBUS
2428 2626 2560 2664 ESSE
2590 2625 2821 2664 PRAVAM
2860 2624 3021 2663 PAULI
3056 2620 3445 2661 IMlTATIONEI.

1868 2733 1899 2805 §
1929 2734 1970 2790 Ι.
2003 2734 2211 2787 Errare
2244 2733 2521 2786 Dallzum
2548 2732 2609 2786 in
2638 2730 3071 2805 inscriptionum
3090 2743 3342 2805 numero,
3360 2733 3525 2797 atque

2031 2806 2091 2859 in
2122 2804 2190 2859 iis
2221 2820 2333 2859 non
2359 2819 2471 2859 esse
2507 2819 2735 2874 pravam
2770 2799 2939 2857 Pauli
2970 2799 3357 2856 imitationem.

1943 2927 2197 2984 Dallaeus
2227 2928 2288 2983 id
2318 2928 2499 2983 multo
2546 2926 2967 2997 vehementius,
3015 2926 3115 2981 sed
3150 2941 3264 2981 non
3299 2921 3526 2978 felicius

1873 3018 2154 3089 exagitat,
2189 3018 2344 3089 quod
2379 3021 2574 3072 noster
2592 3016 2857 3088 lgnatius
2885 3014 3148 3087 epistolis
3180 3014 3304 3070 suis
3338 3012 3526 3084 praeti-

1872 3108 2452 3178 xeritinscriptiones
2486 3128 2515 3157 ‹‹
2551 3105 2853 3172 miriﬁcas,
2889 3104 3223 3171 laciniosas,
3255 3100 3528 3158 incondi-

1873 3202 2053 3264 tas,et
2078 3196 2423 3267 prodigiosa
2453 3194 2891 3267 longitudinis,»
2910 3210 3055 3265 quas
3085 3208 3289 3249 omnes
3320 3204 3528 3263 pravas

1801 3288 1844 3354 C
1880 3286 2041 3341 Pauli
2065 3285 2426 3341 imitationes
2456 3301 2584 3341 esse
2612 3295 2889 3340 causatur
2916 3284 2981 3340 π.
3012 3286 3247 3338 Fatetur
3288 3279 3527 3352 quidem

1878 3374 1976 3431 ille
2004 3374 2363 3446 epigraphen
2415 3373 2687 3446 Epistula
2729 3373 2989 3444 ejusdem
3040 3369 3286 3443 apostoli
3319 3368 3391 3424 ad
3424 3368 3532 3424 Bo-

1882 3482 2113 3533 manus,
2144 3481 2274 3537 quae
2306 3467 2530 3536 septem
2567 3463 2891 3519 versiculos
2921 3466 3070 3518 totos
3102 3463 3369 3532 occupat,
3401 3473 3533 3514 esse

1881 3555 2285 3628 longissimam
2319 3572 2333 3623 ;
2367 3571 2432 3610 ac
2472 3554 2533 3609 in
2582 3570 2650 3610 ea
2698 3570 2826 3626 quas
2876 3553 2947 3609 ad
2996 3552 3193 3607 Titum
3240 3551 3374 3605 data
3425 3550 3536 3617 est,

1883 3643 2076 3700 simile
2117 3643 2420 3716 quidpiam
2453 3643 2773 3700 observari.
2808 3641 3027 3697 Verum
3052 3639 3209 3712 apud
3243 3637 3537 3709 lgnatium

1883 3733 2389 3804 umnium,inquit,
2416 3732 2829 3804 inscriptiones
2858 3729 3265 3801 epistularum,
3291 3727 3339 3782 si
3371 3725 3531 3780 illam

1884 3840 2058 3897 quam
2112 3823 2351 3893 scripsit
2399 3822 2469 3877 ad
2527 3821 2905 3894 Polycarpum
2956 3818 3268 3889 exceperis,
3318 3814 3533 3885 longis-

1884 3915 2045 3970 simis
2077 3916 2235 3981 sunt,
2270 3910 2562 3967 laciniosa
2592 3915 2649 3965 et
2678 3906 3160 3980 impeditissimis.
3193 3905 3302 3960 Sed
3337 3904 3530 3975 primo

1885 4005 1983 4061 ille
2014 4005 2072 4060 in
2122 4001 2539 4060 enumerandis
2583 3999 2968 4072 epistularum
3018 4013 3149 4053 cum
3185 3993 3367 4062 Pauli,
3401 3998 3528 4049 tum

1886 4096 2096 4169 lgnatii
2144 4091 2627 4165 inscriptionibus
2671 4090 2926 4147 multum
2978 4088 3228 4144 aberrat.
3275 4085 3419 4141 Nam
3449 4084 3537 4139 in-

1885 4186 2123 4258 scriptio
2156 4184 2357 4256 prima
2390 4180 2551 4237 Pauli
2595 4182 2666 4236 ad
2715 4178 3044 4236 Corinthios
3096 4173 3362 4248 Epistula
3393 4172 3537 4230 satis

1886 4279 1975 4332 est
2008 4272 2252 4347 prolixa,
2311 4270 2588 4343 prolixior
2631 4286 2762 4326 vero
2811 4267 2972 4323 illius
3019 4282 3150 4338 quae
3197 4265 3267 4320 ad
3301 4262 3537 4319 Galatas

1887 4365 2102 4436 scripta
2133 4367 2223 4419 est
2247 4380 2261 4430 ;
2294 4361 2415 4417 haec
2446 4361 2603 4417 enim
2623 4359 2881 4432 quinque
2901 4357 3221 4413 versiculos
3241 4355 3537 4424 continet;

1888 4469 2022 4510 cum
2054 4469 2122 4509 ea
2152 4468 2279 4524 quis
2311 4451 2383 4507 ad
2415 4450 2615 4506 Titum
2659 4453 2894 4507 exarata
2944 4447 3072 4518 fuit,
3123 4452 3375 4518 quatuor
3404 4452 3531 4500 tan-

1887 4550 2016 4601 tum
2049 4542 2488 4615 complectatur.
2540 4540 2653 4597 Nec
2686 4541 2881 4596 minus
2928 4543 3082 4595 errat
3111 4538 3170 4593 in
3206 4536 3536 4607 lgnatiana-

220 4625 428 4717 Deinde
457 4628 675 4686 t‘alsum
699 4634 790 4685 est
806 4615 1241 4699 antecedens,in
1266 4630 1475 4703 Ignatli
1498 4630 1780 4687 nimirum
1814 4652 1861 4717 Ι)
1892 4650 2021 4691 rum
2046 4633 2550 4705 inscriptionibus.
2580 4630 2969 4703 Epistolarum
3000 4629 3296 4700 siquidem
3325 4624 3539 4698 Ignatii

161 4715 405 4785 epistolis
426 4735 555 4776 esse
584 4724 706 4776 tam
757 4740 787 4771 ‹‹
810 4719 1045 4776 crebras
1071 4736 1137 4776 ac
1169 4736 1314 4792 pene
1339 4721 1611 4778 assiduas
1642 4723 1791 4792 Apo-

164 4804 285 4860 stoli
306 4824 531 4875 voces,»
548 4814 615 4865 ut
627 4808 903 4865 omnibus
920 4809 1395 4881 fiantputidstx
1408 4811 1479 4866 iis
1493 4810 1788 4882 siquidem

162 4906 295 4962 quas
323 4896 573 4953 Dallssus
622 4897 846 4967 objicit,
899 4897 1090 4968 primo
1137 4898 1372 4954 verbum
1407 4896 1639 4971 ὀναίμην
1673 4914 1788 4955 non

163 4985 483 5053 sexcenties,
518 4991 585 5042 ut
610 4986 708 5041 ille
760 4985 991 5052 asserit,
1042 4987 1142 5043 sed
1194 4988 1410 5045 sexties
1456 4992 1688 5044 tantum
1726 4988 1788 5045 in

161 5073 407 5141 genuinis
437 5074 650 5148 Ignatii
700 5073 966 5147 epistolis
1012 5076 1264 5145 reperire
1308 5083 1414 5133 est.
1460 5076 1609 5132 Illud
1642 5094 1787 5149 prie-

164 5162 306 5216 terea
333 5166 574 5221 verbum
609 5181 723 5220 non
775 5165 952 5221 Paulo
1004 5164 1297 5237 peculiare
1342 5170 1452 5234 est,
1501 5167 1601 5223 sed
1634 5166 1789 5236 apud

171 5249 302 5308 alios
322 5254 546 5310 Graecos
561 5259 831 5312 auctores
854 5270 1086 5326 semper
1104 5255 1307 5312 tritum
1329 5260 1385 5312 et
1404 5257 1644 5328 vulgare
1656 5257 1787 5312 fuit.

169 5338 256 5395 llis
283 5342 549 5400 addimus
587 5359 788 5400 vocem
830 5341 1173 5417 ἀγαθοποιία,
1215 5361 1332 5416 qua
1363 5344 1579 5401 Paulus
1610 5344 1789 5402 semel

164 5426 217 5483 in
247 5433 510 5489 omnibus
542 5432 822 5506 Epistolis
871 5432 994 5490 suis
1025 5449 1168 5490 usus
1197 5438 1306 5501 est,
1351 5438 1554 5506 quater
1600 5452 1633 5492 a
1660 5435 1788 5491 Cle-

167 5526 343 5577 mente
372 5522 430 5579 in
462 5522 631 5580 unica
659 5523 909 5596 epistola
955 5525 1247 5595 usurpari,
1276 5540 1380 5581 nec
1409 5524 1468 5581 in
1496 5524 1606 5581 hac
1637 5528 1789 5583 Pau-

226 5726 268 5765 ²⁴
296 5748 417 5807 cap.
446 5731 538 5805 29,
572 5749 628 5807 p.
657 5732 781 5795 413.
805 5728 851 5769 ’⁵
874 5749 999 5807 cap.
1040 5732 1130 5804 30,
1161 5748 1220 5807 p.
1243 5730 1369 5790 £53.

1900 4725 1971 4780 ad
2032 4723 2382 4796 Smyrneos,
2441 4720 2789 4793 Magnesios,
2846 4727 2902 4774 et
2958 4717 3287 4773 Trallenses
3341 4714 3545 4771 inscri-

1900 4816 2127 4888 ptiones
2160 4814 2355 4885 primas
2406 4810 2570 4869 Pauli
2600 4811 2672 4866 ad
2721 4808 3054 4867 Corinthios
3111 4807 3540 4878 longitudinem

1900 4920 2017 4960 non
2055 4906 2358 4974 superant.
2405 4901 2688 4956 Praeterea
2732 4915 2868 4954 vero
2917 4895 3177 4969 epistola:
3229 4894 3440 4968 Ignatii
3472 4894 3546 4950 ad

1900 4992 2178 5065 Ephesios
2200 4989 2411 5046 titulus
2440 4996 2496 5044 et
2516 4987 2820 5059 inscriptio
2851 5002 2968 5043 non
2990 4985 3219 5057 longior
3247 4989 3543 5056 est,quam

1898 5079 2155 5137 Paulina
2178 5078 2249 5134 ad
2279 5075 2805 5147 Galatas.Denique
2835 5079 3080 5144 utraque
3107 5074 3545 5145 lgnatianarum

1900 5170 1971 5225 ad
2020 5166 2563 5239 Philadelphienses
2620 5173 2676 5220 et
2732 5168 3022 5220 Romanos
3073 5162 3377 5233 inscriptio
3429 5178 3546 5217 non

1900 5257 2163 5329 majoris,
2198 5272 2374 5329 quam
2406 5254 2666 5312 Paulinae
2694 5253 2766 5310 ad
2792 5253 3026 5309 eosdem
3058 5251 3347 5307 Romanos
3368 5251 3549 5321 longi-

1898 5348 2129 5404 tudinis
2159 5351 2269 5404 est.

1968 5435 2233 5493 Secundo
2259 5433 2471 5491 falsum
2506 5433 2679 5492 estin
2709 5432 2802 5489 his
2831 5428 3550 5503 epistolarumlgnatiiin-

1899 5525 2317 5599 scriptionibus
2348 5541 2586 5597 pravam
2606 5538 2735 5582 esse
2764 5520 2928 5578 Pauli
2947 5520 3357 5578 imitationem.
3385 5519 3549 5588 Quod
