3942 6302
415 396 534 459 543

1482 396 1546 458 8.
1591 396 1991 460 IGNATIUS.
2038 427 2119 445 --
2158 396 2762 459 PROLEGOMENA.

3713 400 3828 457 5-H

417 530 658 604 quidem
694 546 763 587 ex
804 530 900 598 iis,
950 546 1077 603 quae
1110 529 1354 587 Daltaeus
1405 530 1529 604 ipse
1562 532 1632 587 de
1686 530 2069 588 Paulinarum
2100 532 2152 600 Α
2183 533 2322 600 tres,
2355 530 2488 604 plus
2546 530 2767 598 minus,
2800 528 2987 587 lineas
3036 528 3298 603 epistolis
3328 529 3475 599 suis,
3507 529 3594 586 vel
3626 546 3827 586 earum

415 620 745 677 litterarum
789 621 1275 694 inscriptionibus
1314 622 1656 694 pronuntiat
1689 621 1759 687 τ’,
1793 621 2066 678 facillime

413 709 717 767 evincitur.
752 733 780 762 ‹‹
822 711 1065 779 Paulus,
1102 712 1291 781 inquit
1344 710 1461 780 Ille,
1509 710 1803 767 interdum
1856 710 2063 767 inscri-

415 799 642 872 ptiones
663 799 1053 873 Epistolarum
1078 800 1251 855 habet
1277 818 1391 856 non
1424 801 1627 857 breves
1657 805 1715 856 et
1743 801 2065 873 expeditas,

410 892 476 943 ut
498 888 668 960 vulgo
725 905 849 945 mos
900 893 1045 956 erat,
1091 890 1193 945 sed
1241 888 1644 959 tongiusculas
1689 893 1748 944 et
1798 887 2064 945 nonnihil

415 977 741 1047 obvolutus,
774 980 847 1034 ob
880 996 971 1035 res
1006 978 1384 1048 gravissimas
1434 979 1651 1050 quibus
1692 976 1874 1050 plenae
1902 982 2065 1047 sunt,

409 1072 476 1124 ut
501 1085 570 1125 ex
598 1086 665 1126 ea
696 1086 824 1142 quas
854 1070 927 1125 ad
982 1070 1275 1126 Romanos
1325 1074 1439 1137 est,
1484 1069 1678 1140 quivis
1709 1068 1932 1125 discere
1962 1085 2068 1141 po-

408 1162 543 1215 test.
578 1181 604 1209 »
632 1159 807 1230 Atqui
846 1162 904 1215 et
951 1160 1104 1214 idem
1158 1175 1280 1215 mos
1325 1158 1536 1230 Ignatii
1587 1167 1843 1230 tempore
1875 1158 2065 1214 adhuc

410 1248 663 1320 vigebat,
683 1253 741 1305 et
770 1264 862 1304 res
893 1248 1255 1321 gravissimae
1288 1248 1345 1303 in
1378 1250 1507 1318 ejus
1548 1247 1820 1320 epistolis
1853 1255 2067 1320 pertra-

410 1342 677 1408 ctautur;
706 1342 772 1394 ut
802 1353 871 1393 ex
903 1337 1047 1405 sola,
1075 1354 1251 1409 quam
1279 1337 1567 1407 dedimus,
1603 1354 1805 1393 earum
1839 1336 2066 1410 analysi

412 1427 686 1482 omnibus
711 1426 948 1497 planum
973 1427 1070 1481 ﬁet
1102 1432 1160 1482 et
1182 1426 2066 1499 perspicuum.lgnatiusitaque

415 1514 476 1571 in
508 1515 889 1589 epistolarum
923 1532 1165 1571 suarum
1212 1516 1700 1587 inscriptionibus
1747 1534 1859 1573 non
1896 1531 2067 1588 prave

415 1606 680 1664 imitatus
710 1613 800 1664 est
831 1607 1099 1678 Paulum,
1133 1607 1236 1664 sed
1266 1624 1363 1664 eas
1391 1607 1539 1663 tales
1570 1607 2065 1680 exhibuit,quales

414 1714 557 1754 sane
586 1698 1094 1771 gravissimeque:
1126 1698 1184 1754 in
1218 1698 1303 1755 eis
1335 1703 1665 1754 tractantur
1697 1702 2064 1770 argumenta,

414 1787 485 1842 ab
518 1802 585 1843 eo
616 1787 1009 1860 postulabant.

575 1915 604 1981 θ
632 1913 707 1970 ΙΙ.
740 1914 814 1969 De
846 1913 1207 1987 inscriptione
1233 1912 1480 1986 epistolas
1510 1914 1584 1970 ad
1614 1915 1901 1969 Romanos.

486 2039 611 2095 Jam
641 2057 775 2096 vero
803 2039 873 2096 ad
906 2039 1093 2112 ipsum
1127 2040 1388 2112 epistolae
1431 2038 1639 2112 lgnatii
1664 2042 1734 2097 ad
1768 2037 2064 2094 Romanos

419 2130 980 2203 epigraphen,quam
1018 2129 1290 2187 Dallazaui
1322 2131 1727 2187 vehementius
1746 2130 2063 2203 exagitant,

418 2220 661 2291 propius
695 2220 1061 2276 accedamus.
1096 2221 1177 2276 De
1228 2219 1387 2277 illius
1430 2220 1810 2292 longitudine,
1847 2223 1947 2276 aut
1996 2220 2067 2275 de

422 2325 594 2380 prava
624 2308 785 2364 Pauli
829 2309 1155 2365 imitatione
1198 2309 1342 2364 nihil
1393 2309 1669 2381 amplius,
1704 2312 1782 2365 uti
1815 2309 2069 2365 ostendi-

423 2414 578 2468 mus,
612 2402 860 2470 possunt
889 2415 1022 2454 cum
1055 2400 1281 2470 lgnatio
1311 2400 1732 2472 exspostulare.
1763 2400 1908 2466 Quid
1933 2414 2069 2470 ergo

420 2487 481 2543 in
509 2503 577 2543 ea
608 2486 909 2559 arguunt?
961 2488 1149 2560 illam,
1204 2489 1496 2560 inquiunt,
1545 2493 1632 2545 tot
1677 2489 2068 2561 epithetorum

423 2566 708 2641 laudis.in
744 2586 925 2633 unum
976 2579 1169 2634 locum
1220 2578 1368 2635 male
1416 2586 1830 2651 congestorum
1881 2576 2069 2635 farra-

425 2666 639 2738 ginem.
663 2667 773 2723 Sed
798 2668 1016 2725 similia
1046 2669 1266 2725 Paulus
1287 2669 1552 2725 adhibuit
1571 2670 1827 2742 epitbeta
1857 2668 2070 2739 laudis,

427 2771 560 2811 eum
603 2757 661 2811 in
710 2756 966 2828 Epistola
1025 2758 1095 2813 ad
1147 2757 1441 2814 Romanos
1490 2756 1808 2814 scribit”:
1846 2757 2072 2813 Dilectis

427 2846 545 2912 Dei,
576 2847 781 2901 vocatis
808 2849 1034 2916 sanctis,
1067 2851 1123 2902 et
1150 2844 1209 2902 in
1242 2846 1433 2919 prima
1461 2848 1530 2902 ad
1566 2846 1919 2912 Corinthios,
1942 2862 2071 2901 san-

422 2933 682 3003 cti/iratis
712 2937 773 2991 in
816 2936 1033 2991 Christo
1078 2938 1227 3005 Jesu,
1274 2939 1484 2993 vocati:
1529 2938 1756 2992 sanctis.
1792 2941 1915 2991 Non
1948 2935 2077 2990 infi-

426 3023 648 3079 ciamur
669 3026 902 3096 quidem
921 3026 978 3079 in
1004 3024 1096 3080 his
1115 3024 1389 3097 Epistolis
1415 3025 1608 3082 multo
1630 3026 1905 3097 pauciora
1924 3040 2076 3091 esse,

427 3129 602 3184 quam
636 3114 691 3167 in
725 3113 1043 3186 Ignatianis
1092 3114 1335 3169 laudum
1367 3115 1649 3186 epitheta.
1684 3116 1897 3169 Verum
1931 3130 2074 3185 prm-

2172 621 2657 693 inscriptionibus
2698 621 2958 679 adderet.
3009 622 3130 677 Imo
3162 621 3295 677 inde
3323 626 3483 678 certo
3518 620 3824 692 colligitur

2174 712 2339 769 illum
2375 713 2538 770 nulla
2550 719 2672 771 arte
2687 714 2743 771 in
2761 712 3025 784 epistolis
3039 714 3165 770 suis
3178 730 3246 770 ea
3263 714 3464 769 omnia
3485 713 3824 784 scripsisse,

2176 822 2302 878 que
2323 805 2692 863 incredibilis
2719 805 2937 862 Christi
2954 822 3120 862 amor
3150 811 3209 862 et
3229 806 3492 878 martyrii
3526 805 3827 861 subeundi

2178 896 2351 953 ardor
2380 897 2708 953 immensus
2740 894 2855 969 ipsi
2884 895 3176 969 extemplo
3208 896 3599 969 inspirabant.

2175 1001 2206 1074 §
2238 1004 2338 1059 ΙΙΙ.
2371 1005 2448 1060 De
2475 1004 2900 1077 repetitionibus
2956 1021 3074 1075 quae
3108 1005 3169 1060 in
3199 1002 3452 1076 epistolis
3503 1008 3824 1060 occurrunt.

2248 1106 2529 1167 Ultimum
2590 1110 2785 1168 Dallaai
2818 1115 3020 1168 contra
3067 1111 3281 1184 Ignatii
3341 1109 3618 1184 epistolas
3658 1126 3823 1182 argu-

2177 1204 2443 1256 mentum
2467 1206 2556 1258 est
2577 1202 2621 1237 ²⁸
2646 1218 2659 1257 :
2685 1222 2714 1252 κ
2737 1201 2937 1273 Neque
2962 1199 3101 1256 illud
3129 1201 3417 1273 Iguatium
3452 1200 3822 1273 episcopum,

2176 1290 2364 1345 aetatis
2396 1296 2698 1362 provecta,
2721 1297 2779 1348 et
2796 1291 2950 1363 apud
2967 1291 3262 1363 apostolos
3281 1292 3593 1347 educatum
3621 1292 3823 1346 decere

2175 1379 2425 1449 videtur,
2459 1384 2615 1454 quod
2673 1381 2770 1439 ille
2803 1383 2974 1439 toties
3007 1380 3208 1439 eadem
3238 1389 3448 1456 praeter
3476 1381 3580 1437 viri
3631 1380 3823 1454 gravis

2176 1484 2399 1526 morem
2433 1473 2645 1544 repetit
2691 1477 2865 1544 atque
2904 1472 3176 1528 inculcat.
3211 1496 3233 1527 ι
3286 1472 3533 1544 Dignam
3566 1488 3715 1527 sane
3746 1475 3824 1526 tot

2174 1560 2341 1616 vanis
2373 1560 3162 1635 iutilibusqueargumentis,
3187 1562 3247 1618 in
3276 1566 3395 1617 tam
3419 1561 3595 1633 longa
3619 1561 3820 1631 dispu-

2175 1649 2395 1705 tatione
2418 1666 2724 1723 perperam
2754 1651 3163 1719 accumulatis,
3202 1649 3450 1707 Dallsaus
3480 1650 3815 1707 coronidem

2177 1739 2443 1809 imponit.
2476 1739 2754 1812 Nunquid
2804 1739 2963 1796 enim
3004 1740 3262 1812 episeopi
3296 1745 3571 1812 provectae
3607 1739 3817 1808 aetatis,

2177 1830 2233 1881 et
2262 1826 2416 1897 apud
2451 1825 2747 1898 apostolos
2776 1827 3033 1891 educati,
3066 1843 3157 1883 res
3190 1826 3445 1896 easdem,
3476 1826 3714 1899 quoties
3736 1843 3820 1881 ex-

2096 1889 2144 1953 Β
2176 1889 2357 1987 pedit,
2396 1889 2596 1972 minus
2628 1933 2805 1988 quam
2847 1916 2947 1972 alii
2978 1889 3292 1989 scriptores
3341 1889 3616 1988 repet-unt
3648 1920 3705 1972 et
3736 1916 3819 1970 in-

2174 2003 2398 2060 culcant
2418 2006 2447 2059 ‘t
2476 2006 2640 2062 Certe
2698 2004 2914 2063 Paulus
2944 2006 3094 2079 ipse,
3126 2014 3187 2062 ut
3229 2010 3464 2062 caeteros
3494 2010 3816 2075 taceamus,

2173 2094 2233 2149 in
2262 2094 2520 2166 Epistola
2552 2096 2622 2150 ad
2681 2095 2961 2166 Ephesios
2992 2112 3125 2151 cum
3171 2096 3446 2151 dixisset:
3482 2094 3709 2151 Induite
3734 2110 3818 2149 vos

2178 2188 2522 2240 armaturam
2578 2186 2683 2241 Dei
2709 2185 2778 2254 ”,
2826 2186 3059 2242 duobus
3101 2188 3235 2257 post
3276 2186 3540 2241 versibus
3578 2202 3819 2241 rursum

2178 2275 2419 2332 scribit:
2477 2275 2732 2347 Accipite
2765 2282 3121 2333 armaturam
3160 2276 3255 2332 Dei
3286 2276 3351 2331 3°.
3384 2276 3547 2340 Quod
3581 2276 3816 2347 quidem

2181 2364 2229 2422 si
2261 2364 2606 2437 interpretes
2637 2366 2970 2432 audiamus,
2998 2366 3144 2421 nihil
3164 2366 3319 2422 aliud
3338 2378 3423 2422 est
3446 2381 3629 2436 quam
3653 2382 3819 2437 supe-

2182 2455 2353 2511 rioris
2402 2453 2821 2512 exhortationis
2882 2456 3168 2533 repetitio.
3232 2457 3351 2512 Etsi
3406 2472 3546 2529 ergo
3596 2454 3816 2512 similes

2182 2546 2335 2616 apud
2361 2545 2650 2617 Ignatium
2675 2554 3047 2601 occurrerent
3068 2546 3458 2617 repetitiones,
3486 2545 3546 2600 in
3565 2545 3665 2601 his
3696 2560 3818 2617 pro-

2181 2635 2275 2690 cul
2306 2635 2486 2691 dubio
2518 2634 2683 2691 Pauli
2708 2636 2968 2707 vestigiis
2997 2634 3097 2692 ille
3128 2635 3320 2691 adhuc
3350 2635 3690 2691 institisset.
3724 2637 3822 2689 Ve-

2183 2729 2534 2793 rumtamen,
2571 2730 2635 2782 ut
2662 2740 2865 2782 verum
2889 2727 3196 2792 fateamur,
3222 2725 3591 2797 repetitiones
3626 2725 3823 2779 verbo-

2183 2833 2314 2872 rum
2340 2817 2401 2871 in
2446 2832 2564 2872 una
2614 2816 2926 2889 eademque
2953 2817 3161 2891 Ignatii
3192 2816 3440 2890 epistola
3482 2834 3632 2873 rara
3670 2821 3820 2885 sunt,

2182 2922 2290 2962 nec
2316 2905 2397 2961 ibi
2428 2923 2461 2962 a
2491 2905 2749 2963 Paulinis
2779 2908 3059 2978 exemplis
3089 2906 3186 2962 ille
3218 2907 3481 2963 recessit.
3510 2905 3827 2978 Repetitio-

2187 3008 2290 3055 nes
2307 3015 2439 3057 vero
2460 2998 2882 3055 sententiarum
2912 2996 3043 3052 aliis
3070 3009 3210 3052 sunt
3233 2996 3755 3069 infrequentiores;
3776 2997 3825 3050 et

2187 3091 2236 3146 si
2269 3108 2418 3164 quas
2448 3090 2606 3162 apud
2638 3105 2769 3145 eum
2823 3103 2938 3144 nou
2972 3104 3141 3143 secus
3174 3103 3239 3143 ao
3270 3086 3514 3144 Paulum
3549 3086 3824 3159 reperias,

425 3177 887 3275 t-erquam,qvuod
922 3203 1241 3275 scriptores
1262 3220 1368 3259 suo
1395 3177 1609 3275 quique
1627 3203 1858 3274 ingenio
1883 3177 1987 3260 hac
2018 3202 2074 3259 in

2199 3197 2267 3239 ste
2300 3181 2543 3238 maximi
2598 3184 2738 3236 sunt
2777 3178 3083 3247 momenti,
3143 3194 3358 3250 easque
3404 3178 3673 3250 Ignatius
3709 3177 3825 3233 ideo

429 3307 489 3347 re
520 3263 847 3363 indulgent,
875 3263 1060 3363 justis
1103 3292 1365 3365 lguatius
1411 3263 1485 3350 de
1514 3263 1717 3350 causis
1765 3293 1935 3365 plura
1962 3309 2079 3349 sua
2120 3263 2164 3330 C
2194 3271 2559 3365 adhibetyuf
2580 3269 2680 3365 in?
2706 3285 2829 3365 quae
2870 3269 3180 3336 scribebat,
3212 3269 3684 3365 Christianorum
3717 3283 3823 3321 me'

431 3384 501 3438 ad
537 3382 830 3439 Romanos
860 3382 1119 3453 epistolas
1150 3383 1525 3456 inscriptioni
1571 3384 1880 3440 inserenda
1912 3388 2080 3456 puta-

432 3470 808 3527 vit.Primum
838 3471 1074 3541 quidem
1099 3471 1219 3527 haec
1236 3472 1307 3527 ab
1337 3488 1404 3529 eo
1433 3473 1675 3529 extorsit
1696 3489 1933 3529 summa
1960 3474 2080 3530 Ro-

432 3575 619 3615 manas
641 3561 930 3631 Ecclesiae,
956 3566 1041 3618 tot
1074 3568 1495 3635 martyrum,ac
1525 3563 1583 3618 in
1606 3564 1815 3636 primis
1833 3565 1986 3619 Petri
2026 3568 2083 3620 et

433 3649 599 3706 Pauli
648 3650 930 3722 sanguine
979 3668 1325 3723 conspersae,
1380 3669 1560 3725 quam
1616 3656 1836 3710 vudum
1888 3652 2083 3709 animo

446 3741 1014 3815 conceperat,0pinio
1036 3749 1094 3800 et
1114 3742 1488 3800 existimatio.
1514 3744 1728 3800 Deinde
1760 3744 1859 3799 illa
1890 3744 2088 3800 omnia

441 3827 689 3886 laudum
720 3831 981 3903 epitheta
1012 3833 1139 3889 ideo
1166 3835 1642 3907 congessit,quod
1680 3834 1913 3905 singula
1941 3849 2089 3904 qua-

444 3936 558 3992 que
589 3920 960 3994 totidemipsi
980 3923 1313 3978 viderentur
1341 3938 1471 3979 esse
1500 3929 1798 3979 momenta
1830 3930 1887 3979 et
1919 3924 2081 3979 rati0°

442 4025 571 4079 nes,
601 4011 815 4081 quibus
845 4011 1141 4068 Romanos
1172 4012 1244 4067 ad
1272 4021 1517 4070 mortem
1550 4029 1720 4069 suam
1750 4028 1866 4069 non
1898 4012 2087 4086 impe-

438 4099 705 4156 diendam
740 4101 1076 4158 adduceret.

511 4194 700 4247 Instat
734 4190 977 4248 Dallaeus
1036 4193 1191 4249 viros
1224 4193 1597 4265 apostolicos,
1650 4198 1790 4267 puta
1821 4193 2085 4268 Polycar-

438 4296 604 4352 pum,
636 4280 1080 4351 Clementem,et
1108 4283 1272 4346 alios,
1296 4288 1415 4339 tam
1441 4284 1647 4357 longas
1678 4285 1948 4357 epistolis
1962 4285 2088 4341 suis

439 4386 555 4425 non
592 4370 906 4441 praeﬂxisse
927 4371 1359 4445 inscriptiones.
1386 4371 1548 4431 Unde
1574 4375 1751 4431 infert
1770 4376 2085 4447 lguatium,

444 4459 546 4529 qui
579 4460 730 4513 inter
749 4459 999 4517 militum
1031 4463 1329 4519 custodias
1354 4464 1605 4535 positus,
1637 4466 1707 4520 ad
1736 4465 2085 4536 martyrium

446 4552 613 4605 tanta
644 4550 933 4607 celeritate
950 4553 1295 4624 ducebatur,
1318 4554 1771 4627 inscriptionum
1794 4556 1938 4610 adeo
1958 4571 2090 4627 pro-

2188 3362 2383 3417 moria:
2432 3360 2610 3417 altius
2640 3358 2840 3428 inﬁxa,
2900 3375 2968 3415 ex
3005 3375 3204 3416 eorum
3253 3359 3468 3417 animis
3525 3371 3823 3428 nunquam

2186 3453 2539 3511 exciderent.

2791 3540 3021 3598 CAPUT
3054 3541 3229 3598 XXII.

2189 3663 2459 3706 IGNA‘I'IUI
2489 3664 2697 3714 ILLIUS,
2729 3665 2889 3712 QUAM
2920 3663 3068 3704 NUNC
3116 3662 3411 3711 ΗΑΒΕΜΟΒ,
3445 3659 3733 3702 ΕΡῙΒΤΟῘαΕ
3759 3658 3821 3697 AD

2508 3736 2878 3777 POLYCARPUI
2900 3736 3041 3775 VERE
3060 3737 3193 3775 ESSE
3219 3735 3545 3776 AUCTOREM.

2411 3822 2439 3888 §
2468 3820 2512 3875 Ι.
2544 3818 2613 3875 Id
2637 3819 2903 3889 probatur
2932 3820 3267 3875 auctoritate
3289 3817 3611 3888 Polycarpi.

2260 3933 2342 3985 De
2374 3928 2563 3998 prima
2594 3926 2971 3999 epistolarum
3007 3924 3212 3998 lgnatii
3263 3924 3447 3981 classe
3489 3923 3661 3979 nobis
3690 3917 3824 3978 nihil

2192 4016 2445 4090 amplius
2495 4020 2830 4089 superesset
2886 4014 3227 4083 dicendum,
3281 4014 3393 4070 nisi
3451 4012 3823 4068 doctissimus

2193 4109 2487 4177 Usserius,
2519 4108 2620 4180 qui
2644 4108 2752 4164 bas
2782 4107 3039 4179 ejusdem
3069 4106 3270 4162 classis
3302 4105 3581 4178 epistalas
3615 4101 3823 4175 Ignatio

2192 4195 2533 4247 constanter
2582 4189 2903 4259 adjudicst,
2948 4187 3107 4243 illam
3169 4202 3295 4258 qua
3330 4188 3397 4240 ad
3448 4185 3821 4257 Potycarpum

2192 4280 2415 4351 scripta
2444 4283 2555 4347 est,
2604 4278 2826 4334 eisdem
2858 4278 3085 4349 Ignatio
3130 4274 3302 4349 plane
3341 4275 3696 4347 penitusque
3726 4270 3816 4326 abv

2185 4371 2533 4442 judicasset.
2564 4372 2845 4436 Quamvis
2892 4376 3083 4423 autem
3118 4383 3185 4423 ea
3214 4382 3344 4437 quas
3378 4366 3448 4421 de
3478 4363 3690 4437 lgnatii
3718 4359 3821 4432 epi-

2192 4460 2359 4517 stolis
2390 4461 2672 4516 hactenus
2726 4458 3173 4531 disputavimus,
3224 4454 3387 4513 illam
3429 4470 3540 4510 non
3571 4468 3741 4510 secus
3768 4464 3825 4503 ac

2194 4548 2359 4617 alias,
2390 4548 2504 4621 ipsi
2563 4547 2936 4605 tribuendam
2996 4561 3125 4602 esse
3171 4546 3622 4612 demonstrent;
3671 4543 3739 4596 de
3767 4552 3824 4593 ea

442 4634 697 4694 lixarum
728 4654 844 4696 non
876 4656 1005 4697 esse
1037 4646 1362 4698 auctorem.
1382 4649 1454 4699 At
1477 4659 1789 4715 porrocum
1822 4643 2087 4715 plurima:
2120 4645 2167 4711 Ι)
2198 4632 3824 4709 tamenidcircocensuimusprivatimessedisserendum.

441 4729 903 4799 apostolicorum
932 4731 1188 4788 virorum
1223 4749 1290 4789 ac
1321 4735 1611 4805 praecipue
1638 4732 2084 4804 Asiasticorum,

439 4817 567 4887 qui,
610 4823 758 4877 teste
806 4820 1117 4891 Cicerone,
1162 4828 1331 4880 erant
1389 4823 1807 4891 redundantes,
1862 4823 1934 4878 ad
1979 4839 2086 4880 nos

440 4923 628 4979 usque
659 4910 920 4982 epistola:
952 4928 1067 4969 non
1099 4912 1489 4984 pervenerint,
1523 4912 1658 4982 quis
1688 4912 1902 4968 audeat
1928 4926 2089 4969 asse-

442 5011 568 5053 rere
599 4997 733 5055 illas
759 5016 871 5056 non
890 5004 1118 5069 eodem,
1151 5014 1215 5056 ac
1241 5001 1593 5071 Ignatianas,
1628 5000 1780 5071 ctylo
1801 5003 1889 5058 vel
1917 5000 2084 5057 simi-

442 5085 600 5143 libus
653 5088 1136 5162 iuscriptionibus
1190 5089 1371 5145 fuisse
1425 5091 1744 5147 exaratus?
1800 5091 1935 5147 Utut
1986 5090 2083 5163 sit,

444 5183 595 5232 certe
620 5175 880 5249 Ignatius
910 5178 969 5234 in
1030 5177 1193 5233 Pauli
1224 5177 1499 5248 Epistolis
1530 5180 1784 5253 egregia,
1830 5180 1915 5236 uti
1938 5179 2085 5235 dixi-

443 5278 600 5331 mus,
634 5265 1087 5338 inscriptionum
1138 5278 1381 5323 suarum
1414 5265 1623 5325 habuit
1661 5269 1950 5341 exempta,
1981 5283 2088 5325 nec

440 5352 515 5407 de
567 5353 682 5410 ullo
733 5357 848 5412 alio
896 5355 1135 5413 meliora
1189 5357 1446 5428 accipere
1504 5362 1749 5431 poterat.
1812 5357 2088 5424 Quamvis

441 5448 637 5500 autem
679 5446 751 5501 ad
811 5446 1156 5517 martyrium
1188 5460 1421 5504 summa
1477 5448 1781 5505 velocitate
1812 5460 2087 5521 propera-

438 5538 556 5605 ret,
585 5534 641 5591 id
694 5543 887 5592 tamen
926 5552 1044 5593 non
1093 5536 1384 5605 obstabat,
1435 5539 1758 5611 quominus
1806 5539 1957 5596 duas
1998 5536 2088 5593 vel

2195 4732 2347 4802 quod
2376 4728 2592 4786 Usserii
2617 4728 2936 4785 auctoritas
2950 4728 3106 4782 viros
3118 4727 3407 4798 quosdam
3431 4721 3825 4780 celeberrimos

2195 4838 2336 4878 suas
2383 4822 2627 4877 traxerit
2681 4822 2739 4874 in
2774 4825 2988 4891 partes.
3042 4816 3158 4874 Hos
3206 4818 3361 4873 inter
3406 4820 3463 4872 et
3493 4827 3753 4886 purpura
3776 4812 3825 4862 et

2196 4911 2462 4969 doctrina
2519 4910 2741 4984 primas
2769 4912 2929 4966 tenet
2973 4907 3477 4964 eminentissimus
3520 4900 3823 4960 cardinalis

2197 5001 2379 5068 Bona,
2411 5000 2511 5073 qui
2538 4998 2831 5071 judicium
2855 4997 3074 5055 Ueserii
3107 5001 3361 5065 secutus,
3387 4996 3457 5051 de
3488 5010 3557 5050 ea
3587 4996 3674 5050 sic
3704 5005 3824 5064 pro-

2197 5087 2429 5146 nuntiat
2460 5088 2504 5125 “
2534 5106 2548 5145 :
2577 5108 2607 5139 ‹‹
2665 5088 2830 5144 Addo
2862 5087 3019 5160 quod
3063 5087 3214 5141 hanc
3244 5083 3553 5155 epistolam
3586 5099 3699 5139 non
3736 5092 3825 5150 ge-

2197 5179 2447 5233 nuinum
2485 5176 2689 5247 Ignatii
2723 5177 2905 5232 fetum
2937 5190 3086 5244 esse,
3120 5173 3222 5229 sed
3256 5171 3702 5244 supposititium
3734 5162 3825 5220 viri

2197 5266 2410 5322 eruditi
2442 5265 2667 5321 dudum
2722 5264 3142 5321 observarunt:
3174 5267 3232 5318 et
3263 5263 3335 5318 ad
3379 5262 3437 5317 id
3469 5259 3825 5333 probandum

2199 5355 2386 5411 multa
2416 5356 2668 5411 afferunt
2723 5371 2836 5411 non
2870 5353 3031 5426 parvi
3090 5352 3367 5425 ponderis
3418 5354 3823 5422 argumenta.»

2197 5447 2307 5503 Sed
2333 5445 2381 5503 si
2405 5446 2528 5502 viro
2576 5449 2697 5502 tam
2726 5443 2953 5500 erudito
2995 5458 3098 5515 per
3154 5442 3339 5498 otium
3387 5438 3653 5495 licuisset
3684 5436 3823 5494 illam

2199 5536 2531 5593 accuratius
2560 5533 2981 5603 examinare,in
3009 5532 3185 5589 aliam
3227 5530 3429 5604 procul
3447 5529 3631 5586 dubio
3649 5525 3828 5584 ivisset

514 5662 561 5698 ³⁸
613 5666 929 5738 ρεεεμδ.
976 5664 1027 5702 ετ
1084 5680 1219 5737 pag.
1261 5664 1382 5721 447.
1443 5663 1492 5700 ἐ
1541 5681 1669 5738 cap.
1728 5665 1819 5735 3t,
1853 5682 1911 5738 p.
1964 5664 2062 5721 421

2246 5664 2462 5737 Ephes.
2512 5681 2590 5734 vr,
2648 5662 2734 5719 11.
2793 5660 2839 5699 ³⁸
2884 5659 3056 5731 Ihid.,
3118 5659 3203 5715 13.
3264 5656 3309 5695 ³ι
3363 5657 3483 5715 Rer.
3548 5653 3825 5725 Liturgic,

444 5749 569 5808 cap.
591 5750 731 5803 xxii,
764 5736 794 5802 ὃ
822 5738 873 5793 1.
