3942 6302
85 325 193 388 565

1061 321 1138 383 D.
1182 317 1513 384 NOURRII
1559 313 2097 383 DISSEHTATIO.
2142 352 2221 368 -—-
2261 319 2469 382 PARS
2515 319 2565 381 Ι.

3376 318 3493 383 546

80 459 461 521 sententiam.
497 458 721 518 Invicto
789 471 1047 531 namque
1090 456 1407 531 ipsiusmet
1436 455 1733 530 Polycarpi
1764 457 1818 525 Α
1847 455 2113 529 exprimi,
2146 471 2211 513 ac
2256 459 2513 512 Graecam
2562 454 2741 526 hujus
2787 471 2981 513 vocem
3020 451 3171 520 ίδὶως
3202 473 3303 530 per
3334 456 3491 513 Lati-

88 554 449 620 testimonio,
484 567 598 623 quo
650 554 803 608 certe
832 549 1060 605 nullum
1094 549 1288 621 majus
1320 564 1476 604 nunc
1507 548 1731 604 deside-

89 639 195 700 rari
228 647 443 715 potest,
479 640 805 696 luculenter
835 639 1115 711 probatur
1146 639 1293 694 hanc
1322 636 1628 709 epistolam
1661 637 1733 692 ab

91 732 317 804 lgnatio
351 731 532 787 fuisse
561 729 864 801 scriptam.
912 728 1188 784 Testatur
1215 729 1373 783 enim
1428 726 1489 782 in
1524 743 1631 782 sua
1663 726 1733 781 ad

91 822 495 893 Philippenses
544 819 794 892 epistola
823 833 884 873 se
916 817 988 873 ab
1032 833 1099 873 eo
1137 817 1434 889 accepisse
1466 816 1733 872 litteras:

93 934 119 963 «ι
148 911 485 983 Scripsistis
526 910 599 966 ad
659 923 748 964 me
777 913 834 963 et
862 923 962 963 vos
1010 912 1070 963 et
1103 907 1383 979 lgnatius,
1415 911 1526 963 etc.
1560 906 1739 979 Atqui

90 1004 187 1061 illa
208 1003 491 1076 epistola,
525 1017 703 1073 quam
736 1000 827 1055 his
853 998 1047 1054 verbis
1103 998 1343 1065 indicat,
1376 998 1578 1053 eadem
1610 997 1742 1068 ipsa

95 1101 199 1161 est,
225 1096 300 1149 de
326 1109 442 1166 qua
457 1108 611 1148 nunc
632 1088 881 1163 quaestio
900 1093 1182 1145 movetur.
1198 1088 1344 1144 Nam
1377 1103 1741 1160 quaecunque

96 1184 452 1257 Polycarpus
514 1181 584 1237 de
636 1180 885 1253 epistola
921 1179 1131 1251 Ignatii
1172 1177 1353 1234 nostri
1386 1179 1457 1233 ad
1495 1192 1559 1232 se
1607 1179 1743 1233 data

100 1272 466 1341 memoravit,
504 1273 605 1328 illa
630 1272 827 1328 omnia
857 1272 917 1327 in
944 1288 1010 1327 ea
1041 1286 1218 1343 quam
1258 1269 1567 1333 habemus,
1601 1284 1741 1323 nus-

99 1382 275 1437 quam
313 1380 445 1419 vero
497 1362 555 1417 in
600 1362 719 1417 ulla
750 1361 864 1417 alia
914 1360 1304 1433 reperiuntur.
1351 1358 1582 1414 Scimus
1614 1358 1746 1431 qui-

98 1455 227 1510 dem
263 1454 328 1508 in
374 1453 520 1517 hanc
551 1452 810 1524 epistola:
844 1450 1138 1523 Polycarpi
1195 1454 1421 1521 partem
1455 1448 1744 1518 ultimam,

100 1561 277 1615 quam
341 1542 673 1612 citavimus,
728 1539 1013 1597 nonnulla
1059 1558 1094 1597 a
1152 1540 1506 1611 quibusdam
1563 1538 1747 1595 fuisse

100 1635 352 1707 objecta.
412 1632 525 1689 Sed
576 1631 697 1688 haec
749 1630 949 1686 omnia
998 1633 1119 1686 tam
1155 1629 1308 1686 clare
1346 1629 1629 1687 diluimus
1676 1629 1745 1696 ³³,

101 1739 353 1796 eamque
400 1721 656 1795 epistolas
687 1727 906 1794 partem
940 1736 1054 1776 non
1096 1718 1294 1775 minus
1328 1735 1502 1791 quam
1540 1718 1684 1775 alias
1716 1734 1749 1775 a

1845 562 1978 601 nam
2004 548 2224 619 proprie
2253 547 2325 602 ab
2359 544 2459 601 illo
2494 545 2673 601 fuisse
2704 546 3013 603 redditam.
3046 546 3167 603 Vox
3188 546 3369 617 igitur
3389 546 3489 603 illa

1843 637 2061 707 promis
2083 635 2228 690 nihil
2261 636 2421 691 aliud
2446 635 2597 708 apud
2622 636 3043 707 Hieronymum
3075 636 3155 691 ibi
3173 635 3489 709 significat,

1847 741 2023 798 quam
2074 726 2367 797 privatim,
2401 725 2642 781 seorsim
2706 742 2771 781 ac
2808 726 3147 797 separatim.
3180 728 3364 797 Atque
3395 744 3490 783 eo-

1849 817 1979 873 dem
2014 816 2184 888 plane
2214 833 2390 873 sensu
2428 816 2527 872 illa
2558 818 2762 874 eodem
2793 817 2854 873 in
2896 816 3043 873 libro
3068 834 3181 873 non
3215 818 3394 875 semel
3419 819 3490 874 ab

1848 906 1974 977 ipso
2005 913 2287 976 usurpata
2331 906 2565 979 legitur.
2605 909 2694 962 Sic
2740 906 2951 980 quippe
2996 908 3215 964 ibidem
3248 909 3318 965 de
3367 908 3491 965 Cle-

1851 1000 2046 1053 mente
2102 997 2491 1053 Alexandrino
2540 996 2822 1054 disserit:
2877 1018 2905 1047 ‹‹
2956 997 3036 1053 De
3093 998 3489 1057 canonibus...

1850 1085 1996 1143 liber
2026 1103 2199 1153 unus,
2234 1103 2404 1158 quem
2441 1086 2667 1158 proprie
2723 1087 3048 1143 Alexandro
3079 1086 3493 1163 Hierosolymi-

1852 1181 1988 1233 tano
2028 1177 2299 1249 episcopo
2354 1175 2760 1251 προσεφώνησε,
2810 1200 2838 1227 xv
2899 1182 2956 1232 et
3006 1179 3075 1233 de
3124 1177 3422 1252 Apollonio
3470 1194 3485 1235 :

1857 1288 1879 1315 ι
1913 1266 2241 1339 Septimum
2275 1268 2504 1338 proprie
2522 1267 2803 1321 adversus
2826 1265 3197 1337 Apollonium
3229 1266 3485 1323 elabora-

1854 1356 1954 1412 vit.
1990 1378 2018 1407 »
2052 1355 2213 1413 Unde
2250 1356 2612 1428 Sophronias
2661 1355 2719 1410 in
2770 1356 2964 1412 Graaca
3000 1356 3176 1426 hujus
3208 1356 3339 1411 libri
3367 1373 3493 1413 ver-

1855 1445 2021 1502 sione
2048 1446 2193 1501 illud
2238 1445 2481 1500 verbum
2509 1444 2734 1516 proprie
2764 1462 2863 1515 per
2894 1462 3091 1502 vocem
3128 1441 3335 1515 13mg,
3366 1461 3498 1519 quae

1857 1536 2010 1592 idem
2039 1552 2103 1592 ac
2140 1535 2466 1593 Eusebiana
2500 1531 2650 1597 ἰδίως
2684 1541 2875 1607 sonat,
2909 1534 3182 1593 reddidit.

2175 1634 2326 1705 §III.
2364 1633 2599 1699 Obiectio
2650 1633 2852 1690 Usseriz'
2877 1633 3139 1689 diluitur.

1930 1733 2143 1805 Objicit
2175 1741 2364 1789 tamen
2397 1732 2663 1789 Usserius
2692 1732 2813 1788 haec
2843 1732 3177 1806 Hieronymi
3211 1735 3411 1792 verba:
3435 1734 3495 1791 in

100 1814 424 1889 Polycarpo
454 1811 735 1885 scriptam
767 1828 916 1905 esse,
959 1814 1140 1879 tanta,
1175 1810 1260 1867 uti
1302 1814 1598 1905 putamus,
1628 1809 1744 1866 evi-
1786 1835 1833 1905 Β
1865 1839 1979 1897 qua
2010 1838 2031 1879 ε

1908 1839 1979 1879 ua
2010 1828 2067 1879 et
2096 1822 2168 1878 de
2200 1821 2509 1895 Evangelio
2537 1821 2605 1890 ³⁵,
2638 1842 2668 1875 η
2701 1827 2834 1889 etc.,
2868 1823 2940 1878 ad
2972 1821 3281 1893 epistolam
3309 1828 3499 1895 Smyr-

101 1905 305 1961 dentia
329 1920 361 1959 a
382 1902 551 1960 nobis
575 1898 1039 1959 demonstratum
1066 1903 1257 1969 est,ut
1287 1899 1529 1959 sinceris
1548 1915 1744 1956 rerum

97 1992 564 2051 testimatoribus
593 1991 653 2047 id
694 1990 933 2048 omnino
964 2006 1315 2063 persuasum
1345 1990 1467 2046 fore
1498 1990 1748 2047 confida-

99 2101 254 2142 IDUS.

228 2232 257 2301 §
286 2229 361 2286 ll.
394 2229 547 2284 Idem
579 2226 804 2284 Eusebii
834 2227 1252 2301 ctHicronymi
1278 2228 1607 2287 auctoritate

782 2300 1071 2372 probatur.

172 2454 356 2504 Porro
411 2452 605 2504 autem
639 2445 895 2519 epistolae
928 2447 994 2500 ad
1040 2445 1417 2519 Polycarpum
1452 2450 1749 2503 auctorem

99 2556 228 2595 esse
257 2540 573 2609 lgnatium,
630 2553 743 2591 non
779 2535 1074 2607 Polycarpi
1107 2540 1338 2592 tantum
1372 2537 1749 2605 testimoniis,

100 2634 199 2687 sed
236 2628 479 2685 Eusebii
510 2625 677 2683 etiam
710 2626 1057 2683 auctoritate
1088 2626 1261 2699 plane
1293 2627 1749 2685 demonstratur.

101 2718 209 2774 Ubi
242 2718 403 2775 enim
438 2716 654 2790 Ignatii
686 2716 965 2788 epistolas
1015 2720 1282 2773 accurate
1339 2721 1397 2773 et
1445 2716 1755 2789 diligenter

102 2815 396 2876 recenset,
424 2807 546 2862 hinc
588 2807 684 2863 ille
714 2807 956 2863 totidem
990 2808 1185 2864 verbis
1218 2809 1396 2865 tradit
1424 2810 1469 2848 ³³
1502 2826 1515 2865 :
1551 2831 1580 2861 ‹‹
1611 2809 1752 2865 Cum

100 2900 398 2957 Troadem
424 2900 697 2968 venisset,
719 2899 852 2955 inde
874 2900 944 2954 ad
972 2899 1513 2972 Philadelphienses
1532 2901 1758 2958 litteras

96 2989 286 3052 dedit,
321 2992 379 3043 et
410 2987 481 3043 ad
527 2988 958 3060 Smyrnmorum
992 2988 1331 3059 Ecclesiam,
1371 2990 1758 3063 privatimque

94 3083 166 3135 ad
232 3077 623 3151 Polycarpum
683 3094 879 3134 eorum
930 3080 1294 3151 episcopum,
1357 3075 1534 3151 ἰδίως)
1590 3099 1649 3135 τε
1677 3078 1757 3153 τῷ

99 3168 315 3237 ταύτης
334 3165 740 3243 προηγουμὲνῳ
762 3165 1125 3242 [Ιολυκάρπῳ.
1144 3189 1166 3220 v
1196 3169 1477 3226 Eusebius
1503 3187 1759 3243 namque

98 3260 181 3314 ibi
218 3263 348 3314 tres
376 3256 587 3328 Ignatii
644 3257 927 3329 epistolas
958 3265 1153 3329 aperte
1195 3259 1509 3332 distinguit
1539 3279 1553 3329 ;
1587 3263 1763 3332 atque

102 3349 262 3405 hanc
296 3363 432 3420 qua:
460 3347 531 3402 ad
563 3345 971 3419 Polycarpum,
996 3352 1113 3404 tam
1139 3350 1209 3404 ab
1244 3365 1309 3405 ea
1340 3365 1466 3419 quae
1489 3351 1557 3405 ad
1581 3350 1768 3423 Smyr-

103 3456 291 3505 naeos,
329 3453 506 3509 quam
536 3438 611 3493 ab
642 3437 743 3493 illa
773 3455 900 3511 quae
934 3440 1004 3495 ad
1048 3438 1590 3511 Philadelphienses
1622 3440 1764 3495 scri-

98 3539 202 3602 pta
234 3532 353 3596 est,
385 3527 669 3585 discernit
695 3532 752 3584 et
806 3528 1195 3585 discriminat.
1229 3530 1363 3594 Quae
1410 3531 1649 3603 quidem
1677 3529 1763 3585 di-

100 3619 354 3675 stinctio
406 3634 473 3674 ex
508 3619 599 3674 his
637 3635 765 3691 quae
820 3620 1294 3692 subsequuntur,
1327 3619 1513 3676 multo
1543 3620 1767 3677 clarius

104 3708 557 3780 dilucidiusque
607 3709 1008 3781 perspicitur:
1074 3730 1101 3759 ι(
1132 3709 1311 3774 Quem
1343 3726 1477 3765 cum
1530 3715 1766 3783 aposto-

106 3799 302 3855 licum
352 3797 568 3865 virum,
619 3798 707 3853 sic
777 3797 875 3854 ille
932 3798 1324 3871 prosequitur,
1387 3815 1516 3856 esse
1598 3800 1769 3873 plane

108 3891 487 3963 agnosceret,
518 3886 631 3959 ipsi
680 3892 959 3960 tanquam
992 3888 1183 3944 bonus
1233 3905 1300 3944 ac
1348 3889 1536 3946 fidelis
1569 3894 1771 3962 pastor

107 3996 358 4054 gregem
392 3978 765 4037 Antiochense
786 3978 1054 4036 Ecclesiae
1078 3980 1529 4053 commendavit,
1559 3997 1770 4053 rogans

110 4079 176 4125 ut
209 4068 378 4125 omni
411 4084 551 4124 cura
582 4068 745 4123 illum
787 4068 976 4125 fovere
1006 4067 1201 4126 vellet.
1235 4070 1398 4126 Idem
1432 4069 1491 4126 in
1528 4070 1773 4142 epistola

106 4162 183 4217 ad
217 4165 556 4233 Smyrnaeos
606 4159 677 4214 de
705 4162 1006 4215 Servatore
1051 4168 1253 4216 noslro
1293 4159 1565 4234 loquens,
1598 4183 1627 4213 ››
1660 4165 1769 4218 etc.

110 4252 183 4308 Et
224 4254 388 4307 certe
414 4249 471 4303 in
496 4248 740 4320 epistola
780 4249 851 4304 ad
883 4249 1210 4322 Smyrnaeos
1242 4248 1470 4305 nullum
1508 4250 1579 4305 de
1596 4249 1770 4324 Poly-

110 4356 300 4412 carpo
337 4338 581 4394 verbum
640 4337 777 4394 facit
812 4355 1046 4412 ;neque
1105 4339 1189 4394 illi
1228 4339 1544 4396 Ecclesium
1603 4356 1773 4396 suam

106 4428 553 4489 Antiochenam
578 4429 967 4495 commendat.
1006 4430 1141 4496 Quae
1172 4445 1309 4486 cum
1342 4429 1401 4487 in
1425 4429 1673 4496 epistola
1700 4431 1774 4487 ad

107 4519 511 4593 Polycarpum
560 4525 888 4586 occurrant,
920 4517 1081 4575 illam
1124 4517 1324 4591 procul
1370 4518 1550 4577 dubio
1580 4519 1652 4575 ab
1684 4536 1772 4590 ea,

1866 1912 2007 1969 naais
2026 1913 2222 1969 datam
2246 1911 2483 1968 omnino
2502 1911 2699 1967 referri
2721 1928 2735 1979 ;
2761 1912 3121 1985 proindeque
3140 1910 3299 1969 illam
3326 1930 3501 1971 unam

1862 2019 1928 2059 ac
1950 2004 2213 2059 eamdem
2244 2017 2374 2057 esse
2398 2017 2532 2058 cum
2565 2017 2657 2070 ea,
2690 2017 2816 2073 quas
2838 2002 2910 2057 ad
2944 2000 3324 2073 Polycarpum
3356 2003 3499 2059 scri-

1861 2099 1957 2167 pta
1980 2093 2213 2149 dicitur.
2246 2093 2407 2159 Quod
2442 2092 2705 2165 quidem,
2728 2091 3095 2163 inquitidem
3131 2092 3401 2150 Usserius
3433 2094 3498 2166 ³⁸,

1860 2183 1941 2239 ita
1972 2199 2171 2239 verum
2214 2188 2322 2249 est,
2360 2187 2420 2237 ut
2451 2204 2479 2233 «
2531 2182 2823 2237 Honorius
2865 2183 3408 2253 Augustodunensis
3441 2184 3505 2243 in

1862 2274 2011 2329 libro
2046 2278 2121 2328 De
2142 2274 2516 2328 luminaribus
2549 2272 2808 2328 Ecclesia
2838 2270 2952 2343 (cui
2986 2272 3502 2344 Hieronymianum

1864 2365 2217 2435 scriptorum
2250 2362 2581 2433 catalogum
2616 2363 2673 2415 in
2726 2361 3015 2433 epitomen
3048 2378 3081 2416 a
3111 2378 3172 2417 se
3204 2363 3502 2421 redactum

1866 2452 2137 2525 inseruit)
2172 2451 2490 2524 Epistolam
2544 2451 2614 2506 ad
2649 2451 3031 2522 Polycarpum
3066 2451 3124 2506 in
3156 2468 3333 2508 censu
3368 2454 3508 2508 scri-

1867 2549 2100 2618 ptorum
2134 2542 2343 2616 lgnatii
2368 2542 2535 2612 plane
2560 2542 3115 2612 praetermittendam
3140 2557 3269 2598 esse
3292 2545 3511 2614 judica~

1867 2634 1965 2692 vit.
1995 2655 2022 2683 «
2042 2634 2153 2690 Sed
2186 2649 2301 2687 non
2332 2631 2529 2702 magni
2562 2629 2837 2703 ponderis
2858 2634 2946 2687 est
2974 2632 3289 2688 auctoritas
3320 2632 3510 2690 Hono-

1870 2725 1960 2790 rii,
1994 2724 2095 2796 qui
2148 2724 2207 2779 in
2261 2723 2370 2778 hac
2417 2722 2548 2778 libri
2621 2722 3060 2795 Hieronymiani
3118 2725 3372 2795 epitome
3432 2727 3513 2781 ita

1870 2831 2021 2886 saepe
2053 2829 2154 2885 per
2182 2827 2431 2868 errorem
2466 2812 2668 2884 lapsus
2711 2816 2823 2879 est,
2847 2815 2909 2867 ut
2938 2812 3034 2867 vix
3075 2811 3196 2868 ulla
3225 2814 3370 2869 fides
3399 2813 3510 2886 ipsi

1870 2904 2071 2961 haberi
2107 2902 2308 2975 possit.
2342 2901 2575 2973 Majoris
2603 2905 2795 2957 autem
2835 2902 3107 2958 momenti
3131 2908 3218 2958 est
3246 2904 3511 2959 testimo-

1873 2998 2037 3053 nium
2072 2995 2310 3052 alterius
2342 2992 2596 3050 auctoris
2618 2993 2787 3067 longe
2808 2993 3519 3067 vetustioris,quiutram-

1873 3104 1986 3159 que
2016 3085 2325 3158 epistolam
2385 3083 2688 3139 manifeste
2733 3082 3008 3138 distinxit
3054 3082 3115 3138 in
3165 3084 3407 3140 bomilia
3446 3086 3519 3142 De

1801 3209 1845 3273 ο
1876 3193 1983 3234 uno
2010 3176 2299 3247 utriusque
2324 3174 2667 3231 Testamenli
2696 3170 3039 3245 legistatore,
3072 3188 3246 3244 quam
3280 3173 3521 3230 Photius

1874 3268 2303 3340 Chrysostomo,
2354 3263 2450 3320 alii
2509 3280 2643 3320 vero
2700 3263 2936 3319 cuidam
2994 3262 3258 3335 ejusdem
3330 3263 3520 3321 aetatis

1876 3357 2149 3430 scriptori
2197 3356 2497 3427 assignant
2526 3352 2594 3410 ⁸⁵⁷.

1949 3448 2229 3502 Praeterea
2287 3461 2420 3500 cum
2469 3443 2764 3501 Honorius
2823 3443 3040 3500 librum
3094 3443 3430 3515 Hieronymi
3460 3442 3518 3500 in

1877 3537 2167 3608 epitomen
2204 3534 2490 3606 redegerit
2520 3552 2537 3601 ;
2572 3534 2645 3589 ad
2679 3532 2868 3599 illum,
2901 3533 3003 3605 qui
3034 3534 3299 3590 omnium
3331 3533 3523 3589 mani-

1879 3626 1990 3681 bus
2022 3623 2245 3690 teritur,
2278 3638 2507 3693 semper
2538 3622 2902 3679 redeundum
2926 3627 3036 3677 est.
3068 3622 3127 3678 Si
3148 3639 3275 3694 qua
3307 3639 3440 3679 vero
3460 3622 3523 3678 in

1880 3714 2210 3787 Hieronymi
2268 3727 2503 3785 quoque
2549 3711 2743 3767 verbis
2794 3712 2988 3767 subsit
3041 3711 3389 3779 obscuritas,
3450 3712 3525 3769 ad

1878 3804 2195 3862 Eusebium
2236 3808 2518 3875 tanquam
2553 3802 2625 3857 ad
2673 3802 2919 3870 fontem,
2945 3818 3013 3857 ex
3041 3817 3157 3872 quo
3190 3818 3296 3857 sua
3326 3804 3527 3857 Hiero-

1880 3912 2091 3965 nymus
2120 3894 2339 3961 hausit,
2372 3894 2587 3949 debent
2621 3908 2828 3948 omnes
2859 3908 3175 3948 recurrere.
3215 3893 3389 3964 Atqui
3412 3896 3524 3947 Eu-

1881 3985 2082 4040 sebius
2140 3982 2448 4055 epistolam
2484 3980 2557 4037 ad
2614 3980 2999 4054 Polycarpum
3060 3980 3131 4036 ab
3178 3979 3425 4051 epistola
3455 3981 3527 4036 ad

1881 4076 2212 4147 Smyrnaeos
2238 4071 2629 4145 apertissime,
2663 4075 2727 4127 ut
2761 4071 3037 4138 vidimus,
3071 4070 3362 4126 distinxit.
3397 4070 3527 4126 Hie-

1885 4179 2165 4237 ronymus
2186 4178 2321 4235 ergo
2360 4162 2515 4218 idem
2547 4161 2700 4216 inter
2731 4167 3037 4232 utramque
3068 4159 3278 4216 statuit
3315 4159 3529 4215 discri-

1887 4270 2041 4311 men.
2069 4256 2252 4324 Atque
2310 4252 2448 4308 hino
2500 4250 2726 4322 liquido
2771 4248 3073 4322 colligitur
3116 4248 3215 4305 illa
3265 4250 3529 4320 ejusdem

1884 4342 2222 4416 Hieronymi
2250 4341 2426 4398 verba
2458 4357 2528 4397 :«
2562 4340 2627 4396 In
2662 4357 2778 4413 qua
2820 4344 2877 4397 et
2903 4340 2974 4396 de
2996 4338 3331 4411 Evangelio,
3365 4362 3394 4390 »
3423 4347 3532 4397 etc.

1887 4449 2003 4490 non
2027 4432 2099 4488 ad
2125 4430 2446 4503 posteriora
2480 4429 2557 4486 ad
2586 4429 2977 4501 Polycarpum,
2996 4429 3097 4485 sed
3130 4428 3199 4484 ad
3235 4427 3540 4501 superiora

1886 4523 1956 4580 ad
1987 4523 2299 4595 Smyrnaea:
2342 4536 2467 4579 esse
2500 4520 2822 4577 referenda.

112 4587 253 4683 quae
316 4587 388 4663 ad
417 4610 745 4679 Smyrnteos
776 4606 997 4679 scripta
1051 4587 1159 4675 est,
1194 4608 1481 4666 Eusebius
1535 4587 1779 4681 apertis;-
1812 4587 1857 4652 Ῑ)
1957 4614 2053 4680 At,
2082 4587 2357 4685 inquies,
2392 4610 2511 4667 haec
2566 4610 2748 4667 textui
2796 4609 3250 4683 Hieronymiano
3293 4609 3411 4666 vim
3444 4609 3535 4666 la-

115 4701 279 4757 sime
303 4697 637 4769 distinguit.

189 4788 402 4859 Neque
435 4786 549 4842 alia
598 4785 934 4859 Hieronymi
966 4787 1255 4845 sententia
1286 4788 1468 4845 fuisse
1498 4789 1727 4845 videtur
1762 4788 1779 4842 ἶ

115 4882 211 4939 ait
243 4876 407 4936 enim
437 4878 483 4913 “
516 4893 531 4932 :
561 4898 590 4927 «
623 4876 763 4933 Inde
788 4877 1093 4950 egrediens
1123 4879 1358 4950 scripsit
1391 4880 1461 4934 ad
1494 4879 1782 4937 Philadel-

111 4970 354 5044 pheos,
412 4974 468 5023 et
520 4965 593 5022 ad
651 4967 1003 5039 Smyrnmos,
1036 4970 1094 5024 et
1139 4967 1371 5040 proprie
1411 4969 1481 5024 ad
1515 4969 1781 5043 Polycar-

112 5073 300 5130 pum,
331 5054 754 5111 commendans
799 5053 885 5109 illi
929 5054 1383 5119 Antiochensem
1418 5055 1732 5114 Ecclesium
1766 5084 1781 5126 ς

106 5148 179 5202 in
220 5161 343 5219 qua
368 5152 424 5201 et
480 5145 551 5201 de
582 5143 892 5216 Evangelio
924 5144 1078 5217 quod
1113 5146 1364 5218 nuperZa
1405 5161 1497 5201 me
1529 5146 1783 5203 transla-

104 5242 251 5294 tum
312 5239 421 5303 est,
473 5250 655 5307 super
702 5251 953 5307 persona
1022 5232 1235 5292 Christi
1296 5235 1460 5307 ponit
1518 5238 1782 5293 testimo-

108 5328 326 5385 nium.
359 5347 389 5376 »
420 5323 635 5382 Nullus
684 5325 938 5398 perfecto
991 5341 1106 5382 non
1138 5324 1297 5381 videt
1326 5324 1421 5382 his
1444 5325 1783 5399 Hieronymi

112 5416 328 5474 verbis
356 5415 591 5474 Eusebii
620 5431 888 5483 sensum,
926 5418 990 5471 ut
1020 5414 1217 5472 omnia
1247 5432 1393 5489 pene
1424 5416 1552 5488 ejus
1583 5416 1779 5484 verba,

192 5586 244 5623 ³³
276 5585 450 5657 Supr.
485 5600 616 5656 cap.
651 5585 706 5655 4,
778 5583 826 5624 ³⁸
856 5582 1067 5657 Euseb.
1100 5582 1215 5657 lib.
1236 5599 1323 5657 ru,
1364 5585 1529 5657 Hist,
1561 5597 1629 5639 ca

1633 5600 1690 5655 p.
1723 5584 1811 5649 36,
1864 5583 2038 5655 §27et
2068 5596 2191 5655 seq.

1892 4702 2073 4759 ciunt.
2106 4702 2219 4759 Sed
2260 4701 2311 4758 si
2358 4717 2531 4757 verus
2572 4699 2669 4755 ille
2704 4700 2781 4756 sit
2832 4700 3142 4756 verborum
3193 4697 3539 4770 Hieronymi

1893 4808 2121 4862 sensus,
2178 4790 2343 4847 nulla
2374 4805 2443 4845 ex
2492 4805 2629 4845 vera
2660 4805 2863 4845 eorum
2922 4786 3307 4861 explicatione
3353 4786 3533 4843 textui

1892 4882 2019 4952 ejus
2062 4880 2150 4936 vis
2201 4879 2457 4937 affertur.
2504 4877 2703 4948 Neque
2757 4877 2953 4932 forsan
3010 4893 3044 4933 a
3094 4892 3229 4932 vero
3286 4874 3536 4931 multum

1892 4969 2208 5037 aberrabit,
2268 4967 2367 5038 qui
2408 4965 2619 5021 dixerit
2662 4965 2718 5020 in
2749 4964 3087 5038 Hieronymi
3134 4969 3297 5021 textu
3331 4965 3542 5021 factam

1892 5059 2076 5116 fuisse
2097 5076 2132 5115 a
2154 5056 2410 5114 librariis
2428 5054 2947 5127 transpositionem
2966 5074 2980 5124 ;
3000 5054 3108 5111 nisi
3134 5054 3541 5129 Hieronymus,

1893 5150 1992 5223 qui
2016 5149 2242 5205 Graecos
2275 5149 2541 5203 auctores
2594 5147 2758 5203 tanta
2788 5142 3079 5201 celeritate
3113 5143 3354 5201 reddere
3386 5142 3539 5202 sole-

1906 5240 2026 5307 bat,
2060 5255 2168 5293 sua
2197 5238 2324 5310 ipse
2352 5236 2529 5293 verba
2557 5234 3006 5307 transposuerit.

1962 5326 2232 5395 Instabis,
2251 5325 2465 5400 stylum
2483 5323 2692 5398 Ignatii
2723 5323 2784 5379 in
2798 5322 3046 5396 epistola
3064 5322 3133 5379 ad
3149 5322 3538 5396 Polycarpum

1896 5432 2011 5473 non
2036 5414 2417 5489 deprehendi,
2447 5413 2711 5488 nullique
2742 5410 3043 5486 probabile
3065 5411 3193 5467 ﬁeri
3224 5410 3539 5483 Ignatium,

2268 5578 2314 5613 “
2358 5578 2463 5636 lib.
2524 5584 2605 5636 De
2639 5579 2828 5649 script.
2883 5578 3069 5641 secter.
3143 5577 3189 5614 ³⁸
3233 5580 3376 5649 Sup.
3442 5574 3541 5631 cit.

105 5662 163 5697 ⁸⁸
202 5659 279 5715 De
311 5652 487 5728 Ig'nat.
520 5652 845 5730 episticap.
869 5656 924 5725 8,
958 5671 1016 5729 p.
1046 5656 1098 5710 8.
1176 5655 1220 5691 ⁸⁷
1251 5654 1532 5713 Biblioth.
1567 5652 1694 5711 cod.
1727 5656 1834 5710 277
1863 5662 1918 5712 et
1948 5652 2164 5724 Synod.
2197 5667 2275 5708 vn
2306 5666 2530 5727 gener.,
2563 5655 2676 5708 act.
2706 5652 2762 5706 6.
