3942 6302
134 329 239 388 549

1053 325 1128 384 D.
1176 322 1502 386 NOURBII
1547 319 2095 383 DISSERTATIO.
2144 350 2216 370 ι·-
2256 320 2470 384 PARS
2510 319 2586 382 ῙΙ.

3408 320 3529 385 550

132 461 243 519 lum
273 460 672 535 presbyterum
706 475 722 518 :
754 482 785 511 ‹‹
841 460 925 516 Ne
964 457 1279 531 praesidiis,
1326 457 1542 529 inquit,
1583 454 1768 516 divini
1796 456 1851 523 Α
1881 454 2018 528 cipi.
2039 457 2403 528 Quapropter
2423 457 2627 512 contra
2648 456 2902 527 quatuor
2931 453 3160 510 diversa
3178 454 3331 511 circa
3362 471 3528 512 eam-

136 554 274 609 verbi
327 552 659 607 antistitum
693 554 747 606 et
785 549 1327 605 administratorum
1362 548 1553 603 simus
1582 545 1762 602 desti-

135 644 250 700 tuti.
283 664 310 693 »
333 642 571 698 Fatetur
610 641 846 713 quidem
874 655 975 695 eos
989 640 1235 709 juvenes
1267 653 1418 705 esse,
1452 637 1556 693 sed
1592 638 1764 708 negat

138 734 438 805 quidquam
466 730 518 786 ei
575 730 704 786 ideo
737 732 856 785 fore
887 729 1215 783 timendum
1252 745 1266 794 ;
1327 743 1461 782 cum
1503 724 1764 793 Samuel,

140 822 341 889 Daniel,
371 820 679 889 Jeremias,
721 818 1018 886 Salomon,
1049 817 1263 884 Josias,
1291 823 1349 872 et
1400 817 1571 871 David
1596 816 1655 869 in
1681 820 1763 870 te-

138 927 262 967 nera
299 906 666 979 juvenilique
696 912 863 962 astate
921 905 1119 977 populi
1154 904 1461 960 lsraelitici
1512 904 1762 974 judices,

144 1014 309 1071 reges,
369 1003 548 1070 atque
603 996 777 1053 etiam
834 995 1128 1068 prophetas
1174 994 1476 1050 constituti
1527 993 1761 1049 fuerint.

139 1088 293 1144 Addit
321 1104 437 1143 non
470 1086 635 1143 illum
658 1085 930 1154 docendi,
962 1084 1065 1140 sed
1090 1085 1378 1140 memoriae
1409 1099 1586 1139 causa
1607 1081 1764 1138 seilli

140 1177 240 1232 haec
295 1176 564 1232 retulisse
623 1175 910 1246 exempla.
942 1174 1206 1244 Denique
1240 1173 1466 1246 lgnatio
1514 1178 1571 1229 et
1614 1172 1765 1230 clero

141 1267 253 1335 ejus
282 1282 410 1321 cum
444 1266 592 1331 suis,
624 1270 750 1320 tum
780 1263 1030 1319 aliorum
1062 1263 1325 1319 fidelium
1358 1263 1551 1319 verbis
1593 1270 1649 1318 et
1678 1280 1770 1319 no-

141 1357 281 1412 mine
313 1355 562 1410 breviter
592 1354 885 1424 salutatis,
918 1352 1140 1409 claudit
1167 1352 1499 1424 epistolam.

139 1498 253 1566 ﬁll.
285 1497 536 1569 Analysis
565 1496 813 1553 aliarum
845 1495 1234 1569 epistularum
1264 1510 1389 1569 qua
1438 1495 1651 1566 Ignatt'i
1678 1512 1772 1554 no-

654 1571 807 1625 mine
828 1568 1235 1625 inscribuntur.

200 1732 447 1804 Ignatius
511 1734 749 1802 accepta
777 1729 973 1786 Mariae
1005 1728 1271 1802 epistola,
1326 1729 1477 1785 hanc
1508 1730 1773 1786 eamdem

1874 546 2006 601 dem
2029 545 2243 601 Christi
2266 546 2629 601 divinitatem
2651 550 2708 600 et
2731 542 3527 613 Incarnationcm,haaresum

1872 651 2082 707 genera
2106 635 2349 691 totidem
2400 635 2558 691 elicit
2594 633 3020 691 conclusiones.
3071 634 3197 690 Non
3239 635 3525 692 diffitetur

1872 731 2068 781 tamen
2098 725 2492 782 Antiochenos
2511 726 2583 780 ab
2614 725 2686 779 iis
2717 723 3014 781 erroribus
3046 724 3217 796 longe
3239 741 3367 781 esse
3390 724 3524 782 alie-

1875 833 1982 872 nos
2007 834 2021 884 ;
2051 833 2155 872 nec
2185 816 2300 872 alia
2330 824 2518 872 mente
2549 814 2747 872 isthtec
2779 815 2849 870 ad
2882 831 2981 871 eos
3011 830 3073 870 se
3102 813 3409 886 scripsisse
3428 815 3519 871 di~

1874 906 1974 974 cit,
2024 906 2137 962 nisi
2187 912 2252 963 ut
2281 923 2475 963 eorum
2511 906 2740 963 animos
2788 905 3069 961 adversus
3101 905 3347 962 haereses
3396 910 3517 961 tam

1878 1022 2179 1078 perversae
2208 1014 2571 1079 praeverterat
2598 1024 2665 1062 ac
2697 1006 3084 1077 praemuniret.
3108 1005 3315 1061 Subdit
3345 1022 3407 1061 se
3428 1022 3518 1072 ea,

1878 1113 2004 1167 quae
2038 1113 2294 1168 praesens
2325 1097 2568 1165 dixerat,
2602 1098 2902 1151 absentem
2950 1094 3223 1157 scribere,
3273 1094 3521 1163 illosque

1876 1186 2027 1241 Petri
2050 1192 2107 1241 et
2131 1185 2287 1241 Pauli
2313 1185 2635 1257 discipulos
2654 1184 2929 1250 fuissc,ac
2946 1184 3226 1240 Evodium
3242 1184 3521 1240 habuisse

1877 1273 2217 1345 episcopum
2275 1280 2331 1330 et
2380 1281 2719 1346 pastorem;
2781 1273 3139 1345 proindeque
3182 1264 3340 1342 rvitae,
3393 1289 3521 1345 quae

1877 1366 2179 1418 tantorum
2209 1362 2466 1418 virorum
2502 1363 2744 1418 decebat
2775 1361 3099 1433 filios,ipsis
3131 1377 3362 1434 semper
3392 1378 3522 1417 esse

1881 1452 2187 1523 agendam.
2248 1453 2567 1524 Eaproptcr
2621 1451 2782 1507 varia
2835 1450 2953 1506 illis
2990 1451 3172 1507 tradit
3209 1450 3337 1507 vita:
3369 1450 3529 1506 Chri-

1881 1541 2085 1597 stianis
2136 1543 2505 1607 documenta,
2539 1558 2605 1597 ac
2654 1540 2930 1597 omnibus
2960 1545 3018 1596 et
3047 1555 3151 1597 suo
3177 1546 3234 1597 et
3272 1540 3524 1599 aliorum

1882 1631 2118 1687 nomine
2148 1631 2442 1700 salutatis,
2478 1630 2564 1686 illi
2594 1629 2831 1685 tandem
2866 1645 3040 1701 quem
3089 1631 3148 1685 in
3189 1631 3527 1703 episc0patu

1879 1721 2242 1778 Antiocheno
2301 1736 2702 1777 successorem
2735 1718 3048 1777 habiturus
3080 1725 3223 1790 erat,
3272 1720 3522 1778 salutem

145 1838 245 1893 qua
274 1837 515 1895 magnas
550 1819 759 1876 animas
801 1820 990 1891 ipsius
1019 1818 1264 1875 virtutes
1296 1826 1627 1891 perspectas
1661 1819 1771 1876 ha-
1804 1832 1849 1898 Β
1882 1813 2041 1870 dicit.

146 1912 274 1982 buit,
306 1910 608 1983 respondit
666 1909 777 1964 sibi
811 1908 995 1964 fuisse
1051 1907 1471 1979 gratissimam.
1530 1909 1770 1974 Quantis

145 2016 286 2067 vero,
317 2015 443 2071 qua!
483 1998 725 2071 quidem
756 1996 1163 2053 lubentissime
1196 2012 1298 2068 pro
1329 1995 1557 2052 Christo
1590 1996 1771 2070 patie-

147 2090 321 2160 batur,
354 2092 775 2146 tormentorum
807 2085 1119 2159 generibus
1145 2090 1467 2154 vexaretur,
1493 2102 1624 2142 cum
1657 2090 1771 2143 Ma-

145 2178 231 2234 rizs
252 2180 520 2253 deinceps
544 2177 1178 2249 significasset,cuncta
1195 2193 1321 2248 quas
1354 2176 1771 2248 postulaverat,

141 2276 418 2341 gratanter
438 2286 501 2325 se
523 2268 861 2341 implevisse
884 2271 1151 2322 testatur.
1176 2267 1268 2322 Ait
1291 2272 1483 2321 autem
1519 2284 1581 2322 se
1598 2267 1769 2322 etiam

144 2360 385 2431 exempla
413 2359 635 2425 omnia,
668 2374 795 2428 qua:
826 2372 894 2411 ex
926 2356 1240 2428 Scripturis
1262 2355 1441 2411 sacris
1473 2355 1771 2425 retulerat,

146 2464 244 2502 non
276 2452 396 2504 sine
426 2448 729 2519 voluptate
761 2446 1053 2501 audivisse
1080 2448 1214 2513 ;fnec
1243 2445 1343 2500 illa
1366 2444 1772 2517 ipsa,quorum

150 2544 343 2592 certam
378 2539 447 2591 ab
481 2554 552 2593 ea
594 2537 831 2591 haberet
863 2534 1447 2602 demonstrationem,
1480 2535 1775 2606 putavisse

149 2627 244 2680 sibi
269 2628 322 2681 in
356 2628 567 2682 Iisdem
601 2626 921 2697 Scripturis
969 2640 1096 2679 esse
1127 2624 1312 2679 oculis
1335 2625 1773 2694 perscrutanda.

148 2715 341 2771 Dehinc
374 2732 740 2788 quaecunque
792 2714 861 2769 de
906 2731 993 2779 ea,
1052 2730 1181 2769 cum
1232 2714 1420 2770 Romae
1472 2715 1582 2769 sub
1634 2714 1772 2770 Lino

148 2808 421 2877 pontifice,
480 2806 803 2864 Clementis
861 2813 1243 2875 antecessore,
1295 2810 1775 2874 commoraretur,

148 2894 260 2964 ipse
292 2899 576 2961 audierat,
607 2912 738 2951 vera
768 2911 894 2952 esse
921 2913 934 2963 ;
968 2894 1249 2966 illamque
1291 2896 1541 2965 majores
1575 2900 1779 2968 postea

150 2984 204 3037 in
232 2984 560 3041 Christiana
604 2984 956 3057 perfectione
988 2985 1194 3039 fecisse
1226 3001 1586 3055 progressus,
1622 2989 1777 3039 ccrto

156 3088 209 3128 se
239 3076 538 3145 agnovisse
580 3074 854 3130 declarat.
888 3073 1031 3129 Hinc
1053 3078 1272 3146 quanto
1305 3090 1431 3129 eam
1465 3072 1777 3144 invisendi,

149 3161 1174 3230 nisiobstraret«militariscustodia,
1208 3162 1777 3235 nﬂagrabatdeside—

151 3251 244 3318 rio,
276 3253 735 3323 aperit.Interim
766 3268 898 3308 vero
925 3258 988 3307 ut
1019 3252 1243 3323 eos,qui
1275 3252 1490 3308 Christi
1513 3252 1778 3307 nativita-

150 3344 253 3395 tem
273 3348 323 3397 et
341 3343 674 3414 passionem
692 3342 749 3395 in
765 3357 937 3396 carne
952 3341 1780 3414 negabant,fugiat,vehemen-

151 3436 227 3484 ter
246 3433 612 3488 adhortatur.
638 3432 786 3486 Tum
812 3432 1048 3486 demum
1073 3432 1165 3496 iis,
1191 3430 1290 3500 qui
1315 3432 1464 3486 sicut
1485 3431 1613 3502 ipsa
1627 3431 1779 3485 salu-

147 3518 327 3575 tissuze
340 3519 1303 3594 satagebant,consalutatis,eidem
1318 3520 1780 3591 presbyterorum

150 3622 364 3665 suorum
417 3628 484 3666 ac
515 3612 923 3677 diaconorum,
958 3609 1014 3663 in
1066 3609 1273 3679 primis
1305 3614 1501 3664 autem
1535 3612 1779 3665 Hei-onis

151 3702 199 3751 et
223 3700 495 3769 Cassiani,
528 3700 909 3771 ejusdemque
939 3715 1069 3755 cum
1108 3699 1302 3754 uxoris
1354 3706 1472 3753 tum
1522 3698 1777 3755 ﬁliorum

155 3789 368 3844 nomine
394 3790 652 3846 salutem
686 3788 968 3861 impertit.

213 3878 468 3934 Secunda
499 3876 748 3951 epistola
798 3878 1081 3950 Philippis
1142 3879 1213 3933 ad
1235 3877 1597 3934 Tharsenses
1646 3879 1783 3933 data

152 3971 245 4032 est,
278 3985 388 4039 qua
420 3974 705 4025 auctorse
737 3986 769 4023 a
792 3968 1324 4040 militibus,quibus
1354 3968 1782 4025 AntiochiaRo-

153 4070 291 4111 mam
321 4057 847 4125 ducebatur,variis
878 4057 1236 4114 cruciatibus
1264 4057 1542 4129 torqueri,
1576 4059 1675 4113 sed
1709 4059 1779 4114 ad

152 4149 331 4203 omnia
361 4155 646 4206 tormenta
679 4167 780 4221 pro
811 4148 1039 4204 Christo
1072 4149 1414 4219 perferenda
1437 4161 1697 4220 paratum
1722 4165 1783 4205 se

152 4250 263 4292 esse
293 4240 539 4295 nuntiat.
590 4240 703 4295 Eos
734 4239 945 4295 deinde
976 4238 1264 4303 obsecrat,
1299 4246 1359 4292 ut
1392 4238 1452 4293 in
1484 4238 1596 4293 ﬁde
1618 4238 1783 4293 Chri-

152 4322 326 4382 stiana
368 4327 522 4382 firmi
555 4330 951 4399 perseverent,
1011 4331 1186 4397 atque
1219 4324 1289 4379 ab
1321 4324 1393 4380 iis
1443 4325 1781 4395 haeresibns,

153 4428 281 4481 quas
304 4416 398 4472 ille
421 4421 691 4473 recenset
720 4424 774 4472 et
794 4415 1334 4488 impugnat,sedulo
1366 4419 1629 4483 caveant,
1679 4416 1783 4470 ad-

154 4510 353 4560 monet.
384 4508 635 4578 Insuper
656 4509 855 4560 autem
899 4503 1032 4560 illos
1063 4503 1355 4569 hortatur,
1388 4509 1453 4559 ut
1477 4503 1781 4572 nonnulla,

1951 1937 2239 2009 Philippis
2272 1951 2506 1991 rursum
2544 1938 2779 1991 exarata
2801 1938 2889 1991 est
2918 1934 3165 2007 epistola
3195 1939 3422 2008 quarta,
3468 1938 3527 1992 et

1881 2027 2017 2083 data
2046 2026 2119 2082 ad
2142 2030 2427 2082 Heronem
2460 2024 2983 2096 diaconum,quem
3008 2029 3209 2080 auctor
3250 2023 3526 2097 plurimis

1882 2132 2111 2172 morum
2136 2114 2422 2171 institutis
2445 2115 2527 2168 ita
2557 2112 2790 2180 imbuit,
2819 2118 2882 2168 ut
2904 2112 3188 2169 nonnulla
3208 2114 3523 2169 adversum

1881 2211 2134 2278 quatuor
2165 2203 2568 2260 haereticorum
2600 2202 3159 2274 genera,identidem
3185 2203 3525 2258 admisceat.

1880 2294 2136 2350 Subinde
2186 2310 2319 2348 eum
2354 2293 2647 2364 quomodo
2671 2309 2705 2346 a
2735 2308 2796 2346 se
2825 2293 3107 2346 educatus
3138 2290 3329 2359 fuerit,
3364 2308 3430 2347 ac
3462 2309 3526 2347 se

1882 2383 2099 2439 imitari
2149 2387 2434 2453 oporteat,
2487 2380 2991 2449 commonefacit;
3054 2380 3527 2451 praenuntiatquc

1882 2474 2076 2544 ipsum
2107 2474 2162 2525 in
2197 2471 2532 2542 episcopatu
2583 2469 2965 2535 Antiocheno,
3027 2486 3141 2540 quo
3182 2485 3243 2525 se
3283 2472 3525 2542 dignum

1888 2566 2160 2631 praestare
2192 2559 2462 2622 debebat,
2492 2559 2602 2612 sibi
2628 2560 2745 2612 lore
2764 2559 3236 2629 subrugandum.
3271 2558 3527 2613 Posthac

1886 2649 2077 2722 ipsum
2112 2648 2518 2719 episcoporum
2542 2647 2684 2710 Viti,
2720 2651 2909 2701 Damae
2941 2652 2997 2701 et
3028 2646 3247 2715 Polybii
3296 2647 3531 2702 nomine

1886 2741 2124 2806 salutat,
2149 2743 2392 2810 oratque
2412 2744 2475 2793 ut
2505 2739 2629 2794 suis
2651 2739 2907 2793 vicissim
2928 2739 3118 2794 verbis
3149 2739 3527 2811 presbyteris,

1885 2829 2164 2895 diaconis,
2201 2828 2533 2900 populoque
2564 2828 3016 2897 Antiocheno,et
3045 2816 3400 2897 quibusdam
3427 2843 3530 2882 no-

1885 2918 2174 2982 minatim,
2220 2916 2506 2989 praecipue
2537 2932 2669 2971 vero
2695 2915 2889 2971 Mariae
2916 2932 2983 2971 ex
3018 2915 3347 2972 Cassohclis
3379 2932 3532 2971 nun-

1886 3012 1991 3065 tiet
2020 3008 2274 3063 salutem
2309 3025 2323 3074 ;
2359 3021 2424 3060 ac
2458 3006 2694 3059 tandem
2752 3004 2994 3075 longum
3027 3005 3110 3060 illi
3146 3006 3203 3060 in
3262 3005 3531 3062 Ecclesiae

1888 3102 2225 3167 utilitatem,
2258 3112 2492 3154 cursum
2526 3098 2656 3152 vitae
2685 3101 2847 3168 optat
2875 3103 3049 3169 atque
3081 3103 3372 3171 precatur.

1806 3206 1857 3270 Ο
1958 3226 2253 3297 Principio
2284 3222 2544 3295 epistolas
2574 3221 2813 3294 ultimm,
2849 3238 2980 3295 quze
3010 3225 3082 3279 ad
3124 3223 3529 3297 Philippenses

1888 3317 2106 3373 directa
2128 3321 2238 3381 est,
2262 3318 2460 3370 auctor
2481 3329 2541 3368 se
2572 3314 2860 3382 omnium,
2895 3331 3021 3385 qua:
3054 3314 3126 3369 ab
3160 3314 3278 3371 illis
3302 3330 3533 3385 accepe-

1890 3410 1997 3473 rat,
2032 3404 2447 3461 beneﬁciorum
2480 3418 2797 3459 memorem
2820 3418 2948 3459 esse
2970 3404 3334 3475 testificatur,
3358 3412 3535 3481 atque

1889 3496 1963 3551 ad
1995 3512 2092 3550 eos
2124 3511 2185 3551 se
2217 3494 2366 3548 hanc
2393 3491 2607 3547 idcirco
2638 3507 2909 3548 exarasse
2940 3494 3272 3565 epistolam,
3308 3501 3373 3552 ut
3394 3499 3537 3570 quid

1890 3587 2041 3644 circa
2083 3581 2389 3639 Trinitatis
2430 3589 2601 3653 atque
2651 3582 3076 3640 Incarnationis
3132 3588 3410 3659 mysteria
3461 3589 3534 3645 ab

1889 3676 2165 3733 omnibus
2197 3676 2351 3727 esset
2400 3671 2777 3737 credendum,
2828 3670 3019 3742 palam
3059 3673 3287 3730 faceret.
3327 3678 3537 3733 Probat

1890 3767 2085 3836 itaque
2116 3768 2233 3819 tres
2276 3762 2329 3816 in
2363 3760 2645 3816 Trinitate
2692 3776 2822 3816 esse
2854 3777 3155 3830 personas,
3188 3764 3366 3819 unius
3399 3766 3535 3836 qui—

1890 3856 2023 3911 dem
2057 3850 2334 3919 nominis,
2366 3849 2748 3920 ejusdemque
2797 3848 3057 3917 honoris,
3091 3852 3190 3906 sed
3226 3868 3256 3905 a
3287 3868 3347 3906 se
3380 3853 3535 3909 invi-

1891 3960 2015 4000 cem
2040 3942 2390 4005 distinctas;
2441 3938 2737 3993 Christum
2778 3953 2911 3992 vero
2943 3954 3173 3993 carnem
3209 3939 3534 3998 humanam

1889 4059 2023 4100 vere
2049 4037 2464 4111 assumpsisse,
2496 4052 2746 4108 eumque
2776 4051 2927 4103 vere,
2962 4052 3075 4090 non
3108 4036 3239 4093 ficte
3268 4042 3323 4092 et
3353 4038 3536 4094 simu-

1891 4132 2002 4189 late
2034 4135 2359 4197 mortuum,
2408 4131 2467 4182 et
2525 4143 2559 4181 a
2590 4125 2837 4181 mortuis
2894 4124 3265 4184 suscitatum.
3323 4127 3537 4184 Subdit

1893 4220 2188 4278 diabolum
2238 4218 2488 4290 lapidem
2524 4232 2757 4272 omnem
2793 4215 3070 4286 movisse,
3103 4220 3167 4272 ut
3194 4217 3429 4273 Judaaos
3461 4217 3534 4273 ad

1893 4312 2184 4368 Christum
2247 4306 2709 4380 cruciﬁgeudum
2733 4304 3054 4377 impelleret
3086 4326 3100 4375 ;
3136 4307 3237 4363 sed
3264 4323 3395 4362 cum
3429 4306 3537 4364 hac

1896 4400 2083 4469 ipsius
2115 4401 2298 4454 morte
2326 4401 2545 4453 certam
2575 4394 2887 4467 perniciem
2911 4395 3275 4469 exitiumque
3304 4396 3419 4451 sibi
3447 4397 3539 4452 in-

1898 4489 2031 4546 ferri
2067 4488 2371 4555 sensisset,
2430 4490 2570 4542 tunc
2598 4484 2763 4540 illum
2798 4484 2934 4541 totis
2964 4484 3207 4553 viribus,
3259 4485 3540 4558 omnique

154 4607 268 4662 quae
296 4600 477 4662 notat,
507 4574 651 4651 vitia
680 4593 915 4667 fugiant
948 4617 962 4661 ;
1023 4610 1089 4648 ac
1121 4592 1484 4649 continenter
1512 4592 1790 4649 omnibus

1919 4583 2105 4635 :onatu
2160 4577 2378 4633 frustra
2424 4574 2560 4631 huic
2592 4574 2766 4631 morti
2805 4574 3125 4631 obstitisse.
3175 4575 3541 4647 Quapropter

152 4682 447 4753 cujuslibet
477 4683 834 4743 conditionis
866 4683 1203 4741 hominibus
1253 4682 1416 4740 varia
1444 4683 1621 4739 tradit
1659 4683 1784 4739 vitae

152 4786 481 4846 morumque
504 4777 817 4848 praecepta.
850 4773 1111 4830 Tandem
1135 4780 1198 4828 ut
1226 4773 1415 4829 Deum
1445 4788 1550 4846 pro
1580 4789 1644 4830 se
1658 4789 1787 4829 exo-

152 4869 453 4939 rent,rogat
473 4884 489 4937 ;
506 4868 775 4940 ipsisque
793 4869 1104 4936 postquam
1128 4863 1441 4920 Ecclesiam
1466 4880 1634 4919 suam
1666 4868 1787 4919 An-

153 4952 459 5012 tiochenam
483 4955 979 5022 commendasset,
998 4953 1175 5009 variis
1199 4953 1651 5009 salutationibus
1680 4954 1785 5009 ab-

155 5042 309 5099 solvit
337 5044 672 5116 epistolam.

216 5131 399 5189 Tertia
431 5138 501 5190 ad
537 5133 932 5189 Antiochenos
961 5132 1206 5198 directa,
1238 5130 1514 5202 Philippis
1553 5148 1787 5204 quoque

155 5219 353 5293 scripta
380 5227 489 5280 est.
524 5223 590 5279 In
609 5238 678 5278 ea
707 5227 929 5289 auctor,
957 5238 1026 5277 ex
1056 5237 1173 5293 quo
1206 5236 1407 5292 pacem
1440 5220 1557 5277 illis
1590 5222 1786 5279 reddi-

156 5311 261 5364 tam
289 5311 744 5382 accepisset,sua
774 5311 888 5366 sibi
918 5308 1152 5365 vincula
1182 5307 1333 5365 levia
1362 5311 1420 5363 et
1450 5314 1679 5380 portatu
1705 5312 1788 5367 fa-

156 5394 274 5452 cilia
295 5414 419 5455 ssae
449 5399 924 5472 proﬁteturJllos
948 5402 1144 5453 autem
1176 5398 1461 5467 obsecrat,
1492 5414 1566 5455 ne
1612 5399 1789 5458 variis

154 5486 466 5557 gentilium,
502 5489 605 5561 qui
666 5489 865 5561 plures
895 5488 1035 5543 deos
1067 5486 1392 5543 adorabant
1420 5503 1434 5556 ;
1468 5504 1656 5560 neque
1683 5489 1788 5545 Ju-

156 5571 417 5643 deorum,
454 5577 557 5649 qui
590 5593 772 5635 unum
802 5581 1028 5633 tantum
1052 5592 1180 5632 esse
1201 5575 1529 5643 credentes,
1563 5576 1785 5635 divini-

161 5665 317 5721 tatem
350 5665 566 5723 Christi
603 5666 919 5740 negabant,
943 5664 1245 5739 patiantur
1275 5680 1337 5720 se
1366 5666 1665 5724 erroribus
1694 5668 1788 5724 de-

1895 4667 2191 4725 diabolum
2213 4667 2388 4739 longa
2417 4664 2766 4738 apostropha
2794 4663 3135 4736 alloquitur,
3166 4665 3541 4736 ostenditque

1892 4761 2086 4817 varios
2117 4758 2189 4815 ab
2220 4773 2286 4814 eo
2313 4757 2385 4811 de
2442 4754 2657 4812 Christi
2689 4754 2989 4810 divinitate
3030 4759 3087 4811 et
3116 4754 3541 4837 incarnatione,

1894 4874 2092 4917 secum
2127 4856 2374 4912 invicem
2416 4861 2762 4925 pugnantes,
2807 4852 2977 4909 malis
3036 4853 3258 4909 artibus
3317 4867 3539 4909 errores

1897 4946 2301 5005 disseminatos
2332 4959 2344 5007 ;
2378 4942 2476 4997 sed
2497 4940 2581 4995 illi
2614 4940 2804 5013 plura,
2841 4958 2967 5014 quae
3000 4946 3279 5009 recenset,
3312 4943 3382 4997 de
3412 4942 3541 5013 ipso

1899 5031 2326 5093 lncarnationis
2372 5030 2652 5103 mysterio
2686 5029 2864 5087 fuisse
2896 5031 3253 5102 incomperta
3300 5031 3548 5087 demon-

1895 5126 2212 5184 strat.Post
2240 5121 2392 5176 hanc
2422 5124 2617 5175 autem
2653 5118 2867 5174 diaboli
2911 5120 3399 5193 apostrophen,in
3425 5135 3544 5191 qua

1896 5216 2023 5271 fuse
2054 5215 2126 5270 de
2159 5211 2349 5267 tribus
2380 5207 2597 5265 Christi
2623 5208 2681 5263 in
2716 5206 2945 5264 deserto
2976 5209 3400 5265 tentationibus
3421 5208 3546 5265 dis-

1899 5303 2062 5371 serit,
2086 5298 2371 5357 nonnulla
2400 5298 2472 5355 de
2501 5298 2782 5354 festorum
2816 5295 3040 5363 diebus,
3068 5297 3544 5369 Quadragesima,

1897 5400 2199 5468 Paschate,
2232 5414 2298 5455 ac
2332 5399 2404 5454 de
2463 5401 2621 5454 recta
2647 5395 2872 5453 vivendi
2904 5396 3127 5452 ratione
3166 5395 3378 5452 ibidem
3411 5393 3553 5451 sub-

1900 5488 2324 5546 nectit.Dehinc
2352 5486 2772 5544 Antiochenam
2806 5483 3125 5542 Ecclesiam
3152 5482 3549 5556 Philippensi-

1901 5580 2007 5636 bus
2052 5575 2445 5645 commendat,
2489 5576 2783 5648 variisque
2828 5574 3279 5632 salutationibus
3302 5572 3544 5644 additis,

1898 5670 2050 5725 hanc
2082 5665 2390 5738 epistolam
2418 5664 2573 5722 circa
2602 5665 2911 5739 Rhegium,
2942 5680 3073 5722 cum
3098 5664 3222 5736 jam
3254 5660 3384 5720 navi
3407 5662 3544 5718 eub-
