3942 6302
363 385 477 448 551

1446 373 1513 435 S.
1559 365 1965 434 IGNATIUS.
2009 394 2089 408 —-
2128 360 2738 424 PROLEGOMENA.

3675 363 3808 423 552

359 518 659 578 vehendus
703 521 875 584 esset,
909 530 970 570 se
1021 511 1253 570 dedisse
1311 506 1685 566 testiﬁcatur.
1747 500 2012 573 Denique
2040 497 2093 567 Α
2126 500 2295 568 ret,et
2321 515 2455 555 cum
2488 499 2611 570 ipse
2633 500 2789 554 esset
2809 496 2920 554 sub
2946 516 2975 548 κ
2999 462 3238 553 militari
3255 495 3792 566 custodia,»idest,

373 628 506 669 cum
539 610 789 665 salutem
841 606 1121 678 corporis,
1157 602 1364 658 animm
1396 604 1452 656 et
1505 596 1751 671 spiritus
1809 592 2018 649 iisdem

381 698 854 774 Philippensibus
885 697 1162 769 optasset,
1185 690 1488 764 epistolam
1514 687 1804 759 obsignat.

1023 836 1254 895 CAPUT
1281 835 1379 893 Ili.

375 989 679 1036 PROBATUR
712 985 819 1028 HAS
851 983 1033 1026 OMNES
1075 978 1374 1021 EPISTOLAS
1397 974 1599 1016 FALSAS
1628 973 1760 1014 ESSE
1786 971 1852 1011 ET
1881 971 2021 1012 SUB-

1074 1053 1236 1095 Di'l‘l’l‘l
1246 1051 1310 1090 ΑΒ
1319 1076 1330 1089 .

377 1175 472 1249 51.
516 1171 792 1230 Probatur
847 1169 958 1249 hes
1000 1180 1184 1249 omnes
1215 1160 1542 1249 'gle‘neratim
1598 1153 1857 1228 epistolas
1912 1166 2024 1208 esse

875 1241 1048 1312 falsas
1076 1243 1127 1292 et
1158 1234 1524 1291 adulterinas.

451 1373 566 1429 Has
586 1385 791 1426 omnes
821 1364 1099 1438 epistolas
1125 1358 1464 1417 subdititias
1494 1371 1643 1424 esse,
1678 1351 2025 1426 lgnatioque

379 1467 578 1520 nostro
595 1474 894 1532 perperam
917 1454 1221 1525 ascriptas,
1243 1448 1420 1504 variis
1443 1447 1736 1502 rationum
1755 1457 2022 1498 momen-

381 1555 613 1627 tis.qum
644 1569 744 1609 eas
765 1546 1086 1607 universim
1133 1539 1592 1613 singulatimque
1621 1537 1908 1608 spectant,
1941 1533 2023 1592 fa-

381 1647 491 1706 cile
519 1641 902 1704 convincitur.
964 1637 1153 1694 Primo
1183 1633 1341 1691 enim
1375 1629 1684 1697 Eusebius,
1743 1627 2023 1696 Hierony-

381 1751 532 1799 mus,
566 1731 779 1804 aliique
809 1728 1124 1800 scriptores
1182 1719 1569 1780 eruditissimi
1623 1733 1724 1777 eas
1754 1720 2022 1774 tantum-

382 1825 554 1880 modo
584 1819 883 1895 epistolas,
914 1833 1039 1890 quas
1069 1815 1128 1870 in
1160 1811 1514 1870 editionibus
1546 1807 1767 1864 Usserii
1789 1810 1846 1862 et
1876 1809 2020 1895 Vos-

378 1915 450 1974 sii
501 1894 870 1979 exhibentur,
903 1907 1128 1981 Ignatio
1160 1901 1524 1976 adjudicant.
1569 1897 1704 1954 Atei
1731 1913 1864 1978 quas
1896 1894 2022 1952 alia:

381 2006 453 2074 ab
481 2019 545 2058 eo
591 2005 782 2059 essent
814 1997 1063 2069 scriptae,
1111 1998 1408 2050 tantorum
1459 1989 1718 2063 profecto
1765 1987 2021 2042 virorum

379 2109 579 2151 curam
634 2095 691 2146 et
723 2087 1107 2160 diligentiam,
1150 2095 1552 2154 summumque
1579 2079 1638 2134 in
1669 2077 2023 2150 investigan-

379 2186 472 2240 dis
504 2182 764 2255 priorum
788 2176 1058 2233 Ecclesia:
1075 2178 1311 2228 Patrum
1337 2167 1845 2225 lucubrationibus
1868 2166 2025 2221 labo-

378 2289 501 2330 rem
533 2288 648 2327 non
685 2268 1104 2341 fugissent,nec
1126 2271 1239 2318 tam
1274 2261 1388 2316 alto
1411 2258 1642 2314 silentio
1674 2257 1745 2312 ab
1777 2256 1862 2311 eis
1886 2256 2024 2311 fuls-

377 2367 508 2420 sent
531 2358 955 2435 praetermissa.

449 2456 751 2522 Prasterea,
801 2448 856 2504 id
894 2460 1126 2520 quoque
1159 2441 1365 2515 probat
1418 2439 1570 2494 idem
1603 2436 1867 2493 omnium
1919 2435 2022 2490 ha-

377 2560 576 2600 rumce
607 2539 988 2614 epistolarum
1024 2532 1235 2607 stylus,
1270 2531 1340 2586 ab
1373 2529 1695 2602 Ignatiano,
1717 2542 1891 2599 quem
1921 2541 2021 2581 au-

378 2641 503 2694 ctor
532 2634 746 2688 frustra
777 2625 998 2683 imitari
1031 2627 1274 2680 conatus
1295 2625 1405 2691 est,
1438 2617 1677 2675 omnino
1701 2615 1949 2673 alienus.

448 2723 710 2794 Denique
743 2718 991 2775 maxima
1012 2718 1102 2770 est
1130 2714 1237 2769 has
1269 2711 1420 2766 inter
1449 2706 1724 2782 epistolas
1756 2704 2022 2777 cognatio

379 2825 437 2878 et
466 2812 767 2874 connexio.
803 2811 949 2868 Nam
996 2805 1270 2875 secunda,
1301 2803 1472 2860 tertia
1503 2806 1560 2858 et
1590 2804 1799 2874 quarta
1828 2815 1893 2855 ex
1925 2814 2022 2854 oa-

381 2912 512 2967 dem
548 2899 909 2975 Philippensi
941 2897 1085 2954 urbe
1116 2897 1265 2951 datae
1295 2892 1587 2966 leguntur,
1621 2895 1678 2947 et
1707 2891 1766 2945 in
1817 2893 2025 2962 quarta

382 2997 567 3060 Maria
596 3012 664 3051 ex
707 2986 1054 3058 Cassobelis,
1087 2985 1159 3040 ad
1193 3000 1365 3054 quam
1397 2981 1580 3055 prima
1605 2979 1847 3055 epistola
1879 2979 2025 3036 scri-

381 3095 480 3163 pta
512 3093 618 3153 est,
678 3079 1028 3139 nominatim
1083 3075 1388 3143 salutatur.
1425 3073 1483 3129 Si
1517 3089 1652 3145 ergo
1686 3089 1802 3127 una
1833 3087 1902 3126 ex
1931 3069 2022 3125 his

377 3159 663 3251 epistolis,
693 3173 775 3227 sic
807 3169 919 3225 sibi
945 3166 1190 3223 invicem
1223 3165 1520 3229 connexis,
1552 3160 1882 3217 adulterina
1925 3159 2020 3224 sit,

373 3357 572 3428 itaque
621 3368 736 3406 non
768 3364 942 3404 unam
973 3350 1230 3418 tantum,
1263 3344 1360 3400 sed
1395 3359 1597 3398 omnes
1637 3338 2018 3408 adulterinas,

375 3444 554 3501 falsas
603 3447 655 3497 et
703 3437 1042 3510 suppositas
1095 3450 1224 3491 esse
1264 3430 1604 3504 iugulatim
1656 3429 2017 3502 probandum

376 3536 486 3590 est.

370 3667 398 3735 §
426 3667 494 3724 It.
527 3664 806 3739 Epistolas
831 3662 1065 3739 _Ma_rt}_z
1109 3677 1179 3739 ex
1211 3660 1509 3716 Casaobelis
1539 3659 1627 3739 ad_
1657 3657 1942 3728 Ignatium
1969 3663 2018 3713 et

656 3737 862 3808 lgnatti
891 3734 959 3791 ad
989 3735 1229 3791 Mariam
1261 3749 1378 3789 esse
1408 3735 1732 3807 suppositas.

442 3863 702 3922 Primum
735 3860 1044 3934 epistolam
1080 3858 1273 3916 Mariis
1307 3874 1375 3914 ex
1401 3857 1729 3922 Cassobelis
1753 3857 1822 3915 ad
1857 3858 2020 3930 Igna-

369 3956 604 4025 tium,et
635 3951 847 4026 Ignatii
879 3952 948 4007 ad
979 3949 1224 4006 Mariam
1256 3948 1694 4022 responsionem
1729 3948 2017 4006 adulteri-

370 4063 477 4110 nas
501 4060 630 4101 esse
653 4042 790 4100 inde
815 4042 1288 4107 demonstratur;
1315 4037 1473 4110 quod
1495 4037 1676 4094 Maria
1706 4052 1834 4109 qua
1855 4043 2022 4112 lgna-

369 4137 518 4194 tium
545 4133 814 4192 omnium
837 4130 1302 4190 Christianorum
1327 4128 1564 4184 nomine
1582 4128 1820 4193 salutat,
1849 4129 1921 4186 ab
1949 4144 2017 4199 ρο

368 4232 568 4292 tamen
602 4229 665 4282 ut
694 4222 896 4280 Marim
929 4227 985 4278 et
1005 4217 2017 4291 Eulogium,licetjuvenes,altcrum

369 4333 490 4374 suis
509 4311 827 4384 Neapoleos
851 4310 1213 4382 episcopum,
1239 4307 1487 4366 alterum
1520 4309 1922 4382 presbyterum
1945 4312 2019 4369 ad

371 4422 490 4462 sure
519 4403 716 4460 mittat
745 4399 1019 4457 Ecclesiae
1047 4397 1647 4468 administrationem,
1673 4417 1784 4458 sua
1811 4400 2019 4459 soleae

370 4491 600 4566 privata
625 4487 970 4545 auctoritate
998 4485 1258 4558 postulat
1289 4506 1304 4555 ;
1338 4486 1514 4561 idque
1539 4486 1796 4560 Ignatiua
1827 4487 1911 4545 illi
1931 4490 2018 4550 ιιι-

2134 605 2268 647 cum
2289 589 2357 646 ad
2394 590 2735 664 martyrium
2769 590 3098 646 duceretur.
3132 591 3198 644 At
3227 605 3400 646 nemo
3431 588 3647 662 estqui
3679 605 3790 645 ne-

2133 682 2278 742 sciat
2309 682 2594 754 Ignatium
2627 680 2801 752 longe
2835 685 2965 753 post
2994 679 3312 736 Clementis
3370 679 3791 753 pontificatum

2133 776 2394 845 tempore
2424 771 2698 845 martyrio
2732 770 2917 827 fuisse
2948 778 3317 828 coronatum.

2236 864 2266 933 §
2296 862 2394 919 Ill.
2425 861 2584 918 Alia:
2614 878 2824 934 quoque
2853 859 3121 932 epistolas
3153 877 3265 918 esse
3296 861 3670 920 adulterinas.

2204 952 2463 1025 Epistola
2495 952 2754 1009 secunda
2771 967 2938 1008 suam
2970 967 3202 1024 quoque
3232 951 3543 1008 falsitatem
3578 956 3790 1024 aperte

2132 1045 2324 1119 prodit
2356 1065 2370 1116 ;
2405 1046 2462 1101 in
2520 1062 2588 1103 ea
2619 1047 2908 1120 siquidem
2967 1049 3169 1102 auctor
3197 1044 3465 1100 haeresim
3521 1043 3792 1112 Sabellii,

2133 1154 2258 1210 quae
2293 1137 2496 1207 lgnatii
2529 1141 2792 1209 tempore
2849 1137 3111 1192 nondum
3142 1135 3329 1192 fuerat
3367 1135 3790 1204 disseminata,

2134 1244 2249 1284 non
2279 1227 2525 1283 obscure
2540 1227 2887 1283 confutavit.

2205 1317 2425 1374 Deinde
2477 1316 2695 1372 Paulus
2739 1317 2843 1372 hoc
2895 1313 3018 1372 solo
3049 1314 3307 1386 nomine,
3335 1314 3642 1387 Apostolus,
3700 1313 3791 1370 ibi

2132 1407 2428 1466 laudatur.
2481 1408 2652 1478 Atqui
2695 1424 2826 1462 cum
2865 1407 3066 1479 ignatii
3100 1411 3358 1477 tempore
3388 1422 3454 1461 eo
3483 1423 3586 1478 per
3613 1411 3791 1461 anto-

2135 1497 2462 1554 nomasiam
2494 1498 2842 1569 cognomine
2871 1496 3054 1552 fuisse
3082 1495 3462 1568 appellatum,
3495 1511 3630 1551 vero
3664 1511 3794 1551 non

2132 1589 2362 1644 videtur
2391 1587 2604 1644 simile.

2207 1677 2453 1734 Falsitas
2484 1677 2661 1734 tertiae
2695 1675 2955 1748 epistolis
3013 1676 3147 1733 inde
3178 1675 3460 1748 arguitur,
3485 1675 3644 1748 quod
3680 1676 3800 1734 An-

2133 1767 2404 1824 tioohena
2429 1766 2682 1823 Ecclesia
2711 1771 2988 1823 vocetur:
3021 1786 3046 1818 κ
3105 1764 3320 1822 Christi
3350 1781 3496 1820 nova
3541 1766 3723 1832 oliva,
3759 1787 3788 1816 ››

2053 1869 2097 1936 Β
2132 1865 2190 1916 et
2218 1858 2390 1932 paulo
2422 1861 2552 1930 post
2575 1856 2916 1913 Antiocheni
2957 1859 3194 1913 Petrum
3227 1859 3285 1912 et
3313 1854 3558 1912 Paulum
3593 1856 3795 1929 magi-

2132 1953 2306 2016 stros,
2340 1947 2620 2003 Evodium
2643 1962 2774 2002 vero
2805 1945 3145 2018 episcopum
3170 1945 3448 2001 habuisse
3477 1944 3788 2001 dicuntur.

2130 2040 2238 2095 Sed
2294 2039 2526 2094 Petrum
2587 2052 2741 2091 anno
2773 2035 2986 2091 Christi
3017 2035 3086 2090 39
3140 2033 3500 2091 Antiochiam
3526 2035 3788 2103 venisse,

2133 2130 2328 2201 ibique
2387 2127 2702 2186 Ecclesiam
2739 2127 3041 2192 fundasse,
3099 2130 3272 2198 atque
3312 2125 3450 2182 illuc
3501 2124 3791 2196 Paulum,

2133 2221 2346 2278 comite
2377 2218 3040 2288 Barnaba,adventasse,
3073 2217 3310 2287 scriptis
3342 2216 3626 2272 traditum
3675 2223 3792 2277 est.

2133 2315 2256 2380 Quo
2288 2328 2425 2385 ergo
2487 2316 2654 2384 pacto
2686 2310 2806 2365 haec
2846 2310 3049 2366 eadem
3084 2308 3340 2365 Ecclesia
3370 2310 3526 2365 circa
3557 2326 3791 2366 annum

2140 2406 2380 2478 108.quo
2413 2402 2675 2475 Ignatius
2708 2402 2778 2457 ad
2815 2401 3160 2471 martyrium
3197 2403 3567 2476 properabat,
3601 2405 3795 2475 potuit

2132 2517 2160 2546 ‹‹
2196 2495 2411 2550 Christi
2437 2510 2582 2549 nova
2610 2491 2759 2548 oliva
2789 2522 2814 2549 ιο
2848 2491 3178 2564 appellari?

2205 2587 2482 2642 Praeterea
2542 2587 2744 2639 auctor
2810 2581 3026 2638 ibidem
3086 2579 3302 2638 salutat
3361 2581 3792 2652 subdiaconos,

2134 2676 2402 2744 lectores,
2434 2678 2722 2741 cantores,
2747 2671 3042 2742 ostiarios,
3073 2671 3792 2744 laborantes,exorcistas,

2133 2766 2406 2822 custodes
2437 2767 2774 2820 sanctarum
2807 2765 3129 2835 portarum,
3153 2765 3262 2818 etc.
3297 2763 3472 2833 Atqui
3495 2763 3672 2835 juxta
3695 2766 3798 2820 do-

2132 2854 2532 2914 ctissimorum
2563 2853 2898 2910 criticorum
2930 2851 3280 2908 sententiam
3311 2852 3656 2920 hiordines,
3692 2872 3790 2911 eo-

2133 2963 2380 3021 rumque
2433 2945 2672 3002 nomina
2703 2943 2891 3016 primo
2935 2943 3203 3000 Ecclesiae
3235 2943 3447 3000 saeculo
3483 2944 3791 3017 incognita

2134 3038 2388 3094 fuerunt.
2425 3035 2701 3102 Quamvis
2727 3037 2916 3090 autem
2951 3034 3216 3108 quidam,
3240 3033 3414 3090 variis
3445 3036 3790 3094 Laodicenis

2133 3128 2360 3201 synodi,
2423 3125 2750 3198 Epiphauii,
2788 3123 3404 3196 Constitutionumque
3434 3127 3792 3196 apostolica-

2059 3246 2100 3313 ρ
2141 3235 2268 3274 rum
2311 3215 2684 3282 testimoniis,
2737 3213 3045 3284 diligenter
3088 3213 3442 3287 ponderatis,
3475 3215 3794 3286 originem,

2139 3305 2493 3379 initiumque
2526 3305 2735 3360 horum
2769 3303 3062 3371 ordinum,
3123 3303 3269 3359 nulli
3302 3303 3584 3360 hactenus
3627 3322 3794 3362 com-

2134 3405 2300 3472 perta
2333 3397 2513 3455 fuisse
2545 3394 3013 3464 asserant;illud
3039 3399 3232 3450 tamen
3264 3400 3489 3452 certum
3505 3398 3794 3469 estquod,

2129 3487 2392 3562 siignatii
2437 3492 2703 3560 tempore
2735 3483 2979 3558 quidam
3035 3483 3109 3539 iis
3164 3484 3473 3541 ordinibus
3535 3486 3800 3543 fuissent

2131 3577 2366 3644 initiati,
2401 3577 2503 3633 ille
2533 3576 2594 3632 in
2623 3575 2778 3632 veris
2797 3575 2919 3631 suis
2949 3573 3211 3646 epistolis
3229 3573 3492 3646 aliquam
3523 3575 3795 3646 illorum,

2132 3669 2305 3727 sicuti
2327 3668 2622 3742 virginum
2648 3671 2706 3724 et
2729 3667 3060 3736 viduarum,
3082 3666 3316 3724 fecisset
3339 3666 3729 3725 mentionem.

2200 3760 2363 3828 Quod
2395 3759 2452 3814 in
2487 3761 2695 3830 quarta
2725 3755 2977 3830 epistola
3008 3754 3228 3828 legitur
3266 3756 3642 3828 Onesimum,
3676 3758 3792 3815 Da-

2132 3865 2290 3908 mam
2324 3856 2379 3904 et
2398 3845 2705 3920 Polybium
2729 3845 2799 3901 ad
2822 3844 3113 3916 Ignatium
3146 3844 3522 3902 invisendum
3556 3846 3619 3902 in
3656 3847 3795 3903 Phi-

2127 3939 2464 4013 lippensem
2516 3937 2721 3993 urbem
2757 3951 2818 3992 se
2851 3933 3193 4007 contulisse,
3219 3933 3276 3990 id
3311 3935 3629 3992 falsitatem
3663 3938 3797 4009 ejus

2131 4028 2440 4086 manifeste
2464 4024 2832 4082 declarat.Ex
2861 4022 3131 4096 genuinis
3157 4023 3312 4080 enim
3340 4025 3553 4098 Ignatii
3573 4027 3796 4098 episto-

2143 4120 2192 4176 is
2223 4124 2342 4182 tres
2374 4115 2508 4172 illos
2565 4114 2877 4186 episcopos
2907 4114 2977 4169 ad
3045 4114 3339 4189 Ignatium
3385 4114 3784 4173 salutandum

2128 4211 2442 4284 Smyrnam
2472 4206 2698 4263 venisse
2724 4202 3030 4262 discimus.
3067 4207 3133 4261 At
3159 4205 3394 4262 eosdem
3419 4209 3793 4278 persecutio-

2129 4315 2272 4354 num
2303 4302 2561 4369 tempore
2591 4293 2858 4350 eamdem
2893 4309 3098 4351 rursus
3131 4294 3201 4350 de
3243 4309 3422 4350 causa
3451 4293 3528 4350 ad
3583 4296 3792 4352 urbem

2129 4387 2566 4462 Philippensem
2617 4384 2988 4453 adventasse,
3020 4382 3192 4455 nulli,
3223 4387 3287 4440 ut
3345 4387 3655 4460 putamus,
3689 4387 3792 4443 ﬁet

2128 4477 2427 4536 credibile.

367 4565 460 4641 tro
487 4578 773 4637 concedit.
802 4577 964 4644 Quod
997 4592 1138 4634 sane
1161 4579 1446 4648 quantum
1469 4575 1602 4634 usui
1632 4576 2009 4651 moribusque

2201 4570 2481 4627 Praeterea
2510 4565 2750 4640 quidam
2791 4565 3249 4623 Manichaorum
3273 4579 3524 4634 errores,
3567 4581 3788 4642 nempe

373 4671 608 4729 illorum
642 4673 971 4740 temporum
997 4665 1360 4722 contrarium
1387 4665 1484 4738 sit,
1507 4680 1678 4722 nemo
1707 4681 1821 4724 non
1842 4667 2018 4731 videt.

445 4755 921 4825 Secundo,Maria
941 4755 1278 4828 utIgnatius
1309 4751 1620 4826 postulatis
1650 4753 1776 4812 suis
1795 4773 2020 4818 annue-

371 4853 480 4918 ret,
520 4845 681 4904 varia
735 4845 956 4919 profert
1005 4845 1316 4917 Scriptura)
1376 4858 1554 4899 sacrae
1609 4845 1900 4918 exempla,
1947 4849 2020 4908 de

371 4953 619 5013 quorum
651 4934 893 4992 veritate
943 4950 1011 4991 ex
1041 4932 1168 4992 sola
1197 4933 1328 5004 ejus
1358 4929 1660 5004 relatione,
1693 4949 1799 4991 nec
1828 4938 2015 5008 ρει-ιθ.

369 5031 478 5093 ctis
511 5025 824 5099 Scriptura:
851 5027 1105 5101 paginis,
1159 5038 1464 5097 nunquam
1493 5021 1590 5078 ille
1620 5039 1682 5080 se
1711 5026 2019 5088 dubitasse

368 5126 640 5187 testatur.
667 5119 808 5195 Quis
829 5123 1024 5180 autem
1053 5116 1254 5173 credat
1283 5113 1572 5185 Ignatium
1604 5116 1872 5189 ﬂxemplg
1892 5119 2012 5187 illa,

370 5229 500 5286 quae
530 5211 731 5270 nullus
773 5209 832 5266 in
882 5205 1202 5278 Scripturis
1233 5220 1348 5260 non
1381 5203 1620 5262 omnino
1670 5207 2018 5280 peregrinus

370 5303 625 5388 ignorat,
655 5300 744 5358 vel
792 5297 1075 5365 nescisse,
1105 5293 1193 5350 vel
1223 5291 1505 5352 memoria
1532 5311 1648 5359 non
1677 5295 2014 5367 retinuisse,

371 5383 546 5466 atque
572 5391 739 5448 illum
791 5392 955 5446 tanta
983 5383 1362 5458 simplicitate
1393 5399 1624 5452 omnem
1659 5385 1888 5444 mulieri
1921 5404 2013 5448 as.

374 5483 588 5546 serenti
615 5480 900 5541 tribuisse
931 5477 1128 5534 ﬁdem.

438 5572 652 5642 Tertio,
709 5573 926 5628 Auctor
971 5567 1231 5636 afﬁrmat
1259 5581 1323 5624 se
1365 5565 1517 5640 hanc
1547 5565 1854 5640 scripsisse
1884 5567 2007 5640 epi-

371 5661 606 5735 stolam,
638 5677 774 5723 cum
802 5659 1416 5730 Clemensﬂomsnam
1445 5657 1600 5720 Petri
1622 5657 1822 5720 eadem
1852 5661 2008 5720 tene-

443 5761 487 5799 “
519 5761 694 5834 Epist.
727 5758 798 5814 ad
816 5757 1064 5816 Antioch.

2132 4675 2386 4728 carnem,
2418 4657 2639 4726 vinum,
2701 4656 2953 4714 feminas
2984 4654 3360 4712 detestabiles
3389 4662 3448 4712 et
3475 4671 3789 4714 exsecran-

2128 4752 2234 4808 das
2267 4769 2283 4820 ;
2317 4747 2685 4805 damnandus
2714 4747 2954 4818 nuptiae
2991 4763 3005 4815 ;
3038 4745 3228 4820 legem
3251 4750 3308 4802 et
3349 4745 3697 4818 prophetas,
3730 4748 3786 4804 id

2127 4845 2215 4896 est
2250 4842 2430 4896 Vetus
2478 4838 2916 4894 Testamentum
2947 4851 3076 4893 esse
3105 4835 3512 4906 rejiciendum,
3553 4835 3637 4891 ibi
3663 4853 3796 4893 exa-

2128 4929 2386 5006 gitantur
2405 4931 2463 4983 et
2483 4925 2829 4983 refutantur.
2851 4924 2975 4982 Huc
2999 4924 3222 4982 accedit
3252 4925 3405 4996 quod
3443 4931 3651 4981 auctor
3668 4925 3790 4982 Ma-

2128 5021 2274 5076 riam
2307 5034 2375 5074 εκ
2399 5015 2750 5082 Cassobelis,
2783 5031 2910 5088 quae
2941 5014 3012 5071 ad
3067 5013 3382 5087 Ignatium,
3414 5017 3471 5070 et
3498 5015 3576 5071 ad
3605 5031 3790 5088 quam

2128 5107 2390 5185 Ignatius
2449 5104 2756 5178 epistolam
2823 5104 3136 5179 scripsisse
3179 5104 3387 5172 fertur,
3439 5103 3612 5176 jubet
3663 5109 3791 5162 suis

2125 5199 2319 5257 verbis
2349 5196 2614 5254 salutari.
2645 5196 2719 5254 At
2748 5197 3058 5268 utramque
3087 5193 3239 5252 hanc
3279 5191 3587 5266 epistolam
3612 5195 3792 5252 adul~

2127 5288 2376 5346 terinam
2409 5302 2538 5344 esse
2559 5285 2683 5358 jam
2718 5283 3282 5342 demonstravimus.

2201 5377 2408 5441 Ultima
2427 5391 2660 5449 quoque
2681 5373 2933 5450 epistola
2961 5372 3262 5431 evidentes
3291 5375 3653 5446 opertusque
3675 5391 3793 5449 prae

2125 5487 2190 5532 se
2221 5471 2330 5527 fert
2362 5467 2632 5528 falsitatis
2662 5470 2833 5526 notas
2864 5470 2922 5522 et
2949 5464 3339 5522 characteres.
3360 5463 3592 5522 Prolixa
3613 5481 3788 5523 nam-

2126 5577 2240 5635 que
2263 5561 2333 5618 ad
2361 5560 2685 5618 daemonem
2716 5555 2993 5614 allocutio
3026 5560 3084 5614 et
3111 5553 3472 5628 apostropha
3505 5555 3669 5616 fetus
3699 5561 3794 5616 est

2126 5651 2312 5727 inepti
2339 5648 2774 5718 declamatorie,
2826 5647 2927 5721 qui
2960 5645 3139 5714 verba
3161 5643 3375 5719 Ignatii
3403 5644 3473 5705 μ.
3507 5667 3541 5696 α
3595 5647 3794 5706 Latuit
