3942 6302
125 386 229 447 55!

1025 392 1098 452 D.
1144 390 1475 453 NOURRII
1525 388 2063 451 DlSSERTA'l‘IO.
2101 424 2176 436 ——
2218 391 2421 455 PARS
2468 391 2546 454 II.

3403 390 3520 448 554

132 522 429 596 principem
463 522 660 579 saculi
690 522 868 594 hujus
898 523 1205 596 virginitas
1231 525 1445 594 Mariae,
1472 546 1501 575 »
1524 523 1750 581 insulsa
1779 526 1834 593 Α
1865 526 2047 595 ribus,
2082 543 2230 598 quas
2261 528 2333 583 ad
2364 543 2492 583 eam
2524 526 2759 599 scripsit
2807 526 3075 599 epistolis
3121 525 3519 583 Christiferam

137 612 563 684 ampliﬁcatione
596 629 873 669 exornare
905 619 1149 670 conatus
1182 621 1290 670 est.

198 704 470 767 Secundo,
514 718 640 774 quas
694 704 764 758 de
813 703 999 770 festis,
1050 705 1528 776 Quadragesima,
1583 709 1757 775 atque

137 791 398 847 Paschate
426 791 503 845 ibi
532 791 841 859 habentur,
861 793 980 850 haec
1003 809 1069 848 ex
1091 794 1590 849 Constitutionum
1612 810 1755 864 apo-

138 879 451 936 stolicarum
483 880 667 951 libris,
697 898 843 953 quos
874 883 1133 954 Ignatius
1162 900 1464 954 nunquam
1514 883 1755 955 legerat,

142 971 427 1039 desumpta
458 975 619 1026 sunt.

198 1059 441 1130 Denique
489 1065 683 1115 auctor
731 1059 811 1114 ibi
859 1060 1309 1118 Manichmorum
1362 1066 1534 1134 atque
1577 1062 1758 1118 Patri-

142 1150 526 1219 passianorum
560 1167 813 1205 errorem
849 1151 1079 1206 refellit.
1120 1155 1192 1206 At
1235 1156 1484 1208 Praxeas
1534 1153 1759 1224 lgnatio

142 1239 435 1306 posterior:
463 1261 490 1288 ‹‹
524 1244 755 1294 Primus
787 1257 853 1295 ex
882 1242 1034 1309 Asia,
1060 1241 1248 1311 inquit
1270 1242 1663 1298 Tertullianus
1690 1242 1759 1310 ‘2,

142 1328 438 1383 secundum
472 1328 581 1384 hoc
620 1344 806 1401 genus
838 1330 1234 1401 perversitatis
1264 1331 1463 1387 intulit
1495 1333 1761 1387 Romanis

141 1414 319 1473 humo.
345 1439 372 1466 »
402 1422 531 1472 Haec
562 1418 737 1490 igitur
768 1419 1032 1490 epistola,
1064 1424 1237 1491 atque
1265 1420 1387 1476 aliae
1436 1423 1764 1493 superiores

141 1505 314 1560 notha
346 1511 486 1561 sunt
514 1512 571 1561 et
602 1507 836 1579 spuriae,
870 1512 926 1563 et
958 1508 1180 1581 Ignatio
1218 1513 1414 1566 nostro
1457 1527 1762 1583 perperam

140 1598 187 1649 et
213 1594 521 1652 falsissime
550 1598 948 1653 ascribuntur.

755 1722 986 1779 CAPUT
1033 1722 1125 1779 IV.

288 1863 354 1901 DE
380 1860 520 1901 Αιιιε
550 1862 832 1902 EPISTOLIS
857 1863 1094 1916 ιΑτιΝιε,
1130 1864 1343 1905 ιτίΝΑτιῙ
1375 1865 1597 1906 NOMINE

690 1934 1027 1975 INSCRIPTIB.

420 2025 448 2097 §
482 2030 525 2081 Ι.
559 2025 819 2097 Analysis
848 2027 1049 2082 harum
1082 2027 1458 2099 epistolarum.

200 2128 403 2191 Quarta
432 2129 813 2201 epistolarum
848 2131 1056 2203 Ignatii
1086 2132 1291 2189 classis
1322 2135 1437 2191 duo
1468 2133 1625 2189 illius
1645 2136 1766 2207 epi-

139 2215 293 2273 stolia
318 2219 387 2274 ad
418 2217 702 2274 Joannem
736 2220 1065 2291 apostolum
1117 2228 1174 2277 et
1221 2223 1661 2295 evangelistam,
1710 2229 1767 2281 et

137 2308 352 2361 tertium
384 2309 453 2363 ad
490 2310 794 2380 Deiparam
829 2308 1145 2383 Virginem,
1180 2312 1562 2383 ejusdemque
1583 2313 1764 2387 Virgi-

143 2396 222 2450 nis
251 2414 594 2468 responsum
629 2398 908 2455 continet.

205 2487 261 2541 In
290 2488 475 2559 primo
507 2492 714 2543 auctor
740 2488 1050 2555 Joannem,
1082 2494 1148 2544 ut
1180 2489 1253 2543 ad
1287 2506 1347 2544 se
1393 2490 1586 2545 venire
1636 2508 1767 2562 pro.

141 2580 319 2647 peret;
352 2593 415 2632 ac
447 2576 702 2631 Mariam
740 2578 834 2631 Dei
866 2577 1228 2648 genitricem,
1261 2582 1316 2632 et
1370 2579 1611 2635 Mariam
1662 2580 1768 2634 Sa-

138 2663 295 2729 lome,
326 2682 497 2736 quam
532 2665 760 2720 eximiis
792 2665 1065 2721 laudibus
1098 2665 1339 2736 extollit,
1373 2683 1563 2721 secum
1590 2668 1771 2723 addu-

144 2759 245 2822 cat,
273 2755 647 2809 vehementer
676 2753 1041 2810 adhortatur.

202 2844 259 2897 In
314 2845 566 2899 secundo
621 2847 817 2897 autem
875 2843 1142 2915 epistolio
1205 2844 1419 2899 Joanni
1481 2845 1771 2914 significat

141 2936 338 3002 quanto
364 2932 673 3002 Deiparam
726 2931 987 2996 Mariam,
1036 2932 1319 2988 Jacobum
1371 2933 1605 2988 fratrem
1656 2933 1768 2990 Do-

141 3022 287 3088 mini,
329 3021 595 3093 aliosque
625 3021 918 3092 apostolos
948 3022 1181 3077 videndi
1227 3020 1516 3078 desiderio
1573 3028 1768 3079 tenea-

144 3112 243 3166 tur.

197 3199 323 3255 Orat
363 3201 609 3256 Mariam
643 3200 699 3255 in
736 3200 924 3269 tertio,
966 3205 1028 3256 ut
1058 3218 1257 3257 eorum
1310 3219 1436 3273 qua
1488 3204 1557 3257 de
1605 3203 1767 3273 Jesu,

1804 1908 1851 1969 B

1860 615 2094 671 salutat.
2132 638 2158 664 υ
2190 617 2299 671 Sed
2339 633 2409 671 ex
2439 633 2574 672 voce
2606 617 2705 672 illa
2760 639 2787 669 «
2821 618 3160 688 quamdam,
3196 640 3224 666 »
3277 633 3406 688 qua:
3452 615 3511 670 in

1861 705 2278 776 manuscriptis
2308 705 2609 761 codicibus
2639 705 2872 777 legitur,
2928 721 3135 762 omnes
3156 706 3322 761 facile
3344 703 3520 761 intel-

1861 794 2052 866 ligunt
2081 794 2356 865 epistolas
2388 794 2488 850 Dei
2518 795 2818 867 genitricis
2868 795 3061 851 Mariae
3114 812 3147 851 a
3193 795 3517 862 Bernardo,

1862 888 2036 940 tantae
2067 900 2204 956 erga
2241 900 2370 939 eam
2405 884 2637 955 pietatis
2668 889 2724 941 et
2752 884 3077 941 devotionis
3101 884 3241 949 viro,
3260 885 3386 955 jam
3416 882 3519 937 fri.

1864 975 2001 1046 gida
2039 973 2423 1045 appellatione
2473 991 2587 1029 non
2638 974 2813 1029 luisse
2865 975 3089 1030 citatas.
3143 972 3517 1028 Probabiliul

1865 1063 2059 1134 itaque
2087 1066 2176 1117 est
2206 1061 2514 1133 epistolam
2550 1063 3002 1134 pseudo-Ignatii
3036 1063 3108 1117 ad
3159 1063 3395 1118 Mariam
3448 1079 3517 1118 ex

1865 1153 2213 1219 Cassobelis,
2240 1155 2293 1208 in
2324 1154 2493 1225 cujus
2518 1154 2893 1223 inscriptione
2914 1154 3255 1210 Christifera
3276 1153 3512 1223 dicitur,

1867 1262 1899 1299 a
1933 1243 2208 1299 melliﬂuo
2241 1243 2473 1298 doctore
2516 1242 2761 1298 laudari.
2813 1243 2986 1298 Porro
3034 1259 3167 1299 cum
3212 1243 3312 1298 ille
3362 1243 3512 1298 hanc

1866 1332 2173 1405 epistolam
2205 1332 2538 1387 criticorum
2571 1332 2925 1403 ponderibus
2959 1349 3069 1388 non
3099 1332 3513 1398 examinasset,

1867 1421 2029 1477 illam
2060 1421 2281 1493 Ignatio
2314 1425 2513 1477 nostro
2540 1422 2705 1491 juxta
2734 1421 3027 1493 vulgarem
3088 1422 3183 1478 sui
3235 1420 3516 1493 temporis

1871 1527 2096 1567 morem
2126 1510 2381 1567 tribuere
2416 1527 2530 1566 non
2565 1510 2876 1566 dubitavit.

2520 1618 2752 1674 CAPUT
2792 1619 2857 1673 V.

1871 1744 1970 1790 QUI
2000 1743 2246 1783 PUERINT
2266 1743 2751 1782 INTEBPOLATORES
2801 1742 3186 1782 GENUINARUM
3234 1744 3523 1782 EPISTOLA-

2018 1816 2137 1854 ΒΗΚ
2168 1816 2394 1865 ιοΝΑΤη,
2428 1814 2495 1853 ET
2534 1814 3023 1854 ADULTERINARUM
3073 1814 3376 1855 AUCTORES.

1880 1927 1985 1999 §I.
2029 1925 2169 1980 Num
2213 1924 2280 1979 ab
2322 1930 2547 1981 auctore
2587 1926 3051 1980 Constitutionum
3093 1924 3523 1995 apostolicarum

2491 1999 2605 2052 sint
2635 2002 2910 2067 protectae.

1948 2103 2427 2175 Interpolationes
2458 2102 2838 2173 epistolarum
2870 2103 3108 2174 Ignatii,
3162 2108 3218 2157 et
3265 2101 3523 2174 epistolas

1878 2195 2022 2250 falso
2054 2194 2182 2263 ejus
2214 2192 2451 2247 nomine
2482 2192 2777 2263 inscriptae
2811 2208 2991 2247 unum
3025 2193 3415 2263 eumdemque
3437 2190 3519 2245 vi-

1877 2285 2088 2339 dentur
2119 2282 2331 2337 habere
2362 2285 2679 2337 auctorem.
2717 2281 2780 2334 ln
2803 2281 2876 2335 iis
2909 2280 3199 2351 siquidem
3223 2279 3519 2345 omnibus,

1874 2372 2028 2427 idem
2061 2370 2267 2440 stylus,
2301 2371 2455 2425 idem
2505 2369 2843 2440 impostoris
2876 2369 3144 2440 maleque
3177 2367 3364 2424 feriati
3416 2368 3519 2422 ho-

1878 2462 2056 2516 minis
2078 2460 2397 2531 ingenium,
2423 2475 2627 2514 omnes
2650 2458 2900 2529 denique
2925 2460 3191 2526 ejusdem
3220 2456 3522 2527 scriptoris

1877 2550 2242 2605 characteres
2275 2548 2443 2604 facile
2461 2548 2995 2618 deprehenduntur.
3021 2546 3292 2602 Usserius
3325 2551 3521 2601 autem

1878 2639 2197 2695 arbitratur
2226 2653 2358 2691 eum
2393 2652 2541 2705 esse,
2576 2638 2675 2707 qui
2709 2636 2886 2691 falsos
2920 2635 3315 2705 apostolorum
3349 2651 3520 2690 cano-

1879 2745 2001 2792 nes,
2020 2726 2597 2797 Constitutionesque
2616 2723 2963 2795 apostolicae
2986 2722 3325 2794 divulgavit.
3346 2723 3524 2785 Quam

1877 2816 2112 2887 quidem
2152 2814 2484 2884 opinionem
2517 2816 2578 2867 ut
2613 2814 2901 2883 probaret,
2939 2812 3096 2865 varia
3133 2827 3197 2865 ex
3247 2811 3525 2865 omnibus

1880 2906 1971 2960 his
2002 2903 2509 2959 lucubrationibus
2540 2902 2783 2955 adduxit
2829 2901 2978 2968 loca,
3029 2916 3280 2970 quorum
3334 2899 3527 2969 plera-

1880 3010 1992 3067 que
2018 3011 2050 3047 a
2073 2991 2356 3049 Cotelerio
2388 2991 2444 3044 in
2478 2991 2751 3045 editionis
2780 3006 2901 3045 suis
2940 2989 3303 3059 marginibus
3352 2988 3530 3042 citata

1880 3089 2019 3141 sunt
2052 3101 2065 3151 ;
2098 3091 2267 3153 atque
2298 3097 2367 3137 ea
2392 3081 2572 3152 paria,
2607 3080 2835 3150 sibique
2867 3078 3111 3133 invicem
3155 3077 3370 3132 similia
3400 3094 3530 3132 esse

1881 3178 2283 3232 demonstrare
2306 3180 2551 3228 conatus
2576 3175 2684 3226 est.
2711 3171 2925 3225 Verum
2947 3184 3015 3223 ex
3044 3171 3150 3224 hoc
3180 3176 3528 3239 argumento

140 3286 316 3344 divino
364 3292 493 3361 ejus
558 3290 721 3357 Filio,
773 3258 1055 3359 audierat,
1108 3307 1169 3346 se
1224 3258 1397 3347 faciat
1439 3258 1767 3348 certiorem:
1811 3270 1852 3335 C
1885 3266 2030 3320 “md
2063 3269 2289 3361 tantufn
2313 3260 3147 3361 °9°ﬁ9itufiPPUmh°§W°e
3171 3258 3525 3361 εθτίΡίΡΨΞΠ

138 3374 301 3433 Maria
330 3386 525 3435 autem
564 3388 770 3450 quarto
803 3379 1071 3452 epistolio
1106 3382 1438 3451 respondet,
1467 3385 1523 3437 et
1554 3397 1618 3435 ea
1643 3397 1773 3436 om-

137 3465 221 3519 nia
247 3483 374 3523 vere
398 3485 551 3536 esse,
587 3472 643 3522 et
674 3469 745 3523 ab
771 3469 900 3539 ipso
932 3468 1239 3539 credenda,
1282 3474 1458 3539 atque
1518 3469 1588 3523 ad
1638 3486 1771 3525 eum

129 3569 181 3608 se
212 3561 509 3613 venturam
547 3572 679 3612 esse
729 3557 1057 3629 pollicetur.

293 3684 319 3749 §
354 3681 424 3737 II.
460 3682 597 3737 ιιιαε
629 3680 971 3738 adulterinas
1008 3698 1126 3737 esse
1168 3683 1595 3739 demonstratur.

202 3803 401 3861 Nullus
446 3807 567 3861 fere
616 3810 728 3871 est,
782 3806 879 3876 qui
934 3822 1089 3861 nunc
1137 3807 1255 3861 haec
1306 3806 1575 3878 epistolia
1628 3808 1774 3863 falso

141 3890 331 3963 Ignatii
364 3895 607 3951 nomine
638 3895 876 3949 inscribi
913 3912 1026 3951 non
1059 3896 1329 3951 fateatur.
1366 3897 1433 3950 Et
1465 3904 1618 3952 certe
1643 3898 1777 3970 quis

139 3982 215 4035 vel
245 3999 311 4037 ex
338 3985 463 4039 sola
494 3983 672 4055 paulo
704 3985 999 4039 attentiori
1030 3984 1274 4039 lectione
1318 4002 1513 4041 eorum
1565 3986 1781 4042 falsita-

138 4074 243 4126 tem
274 4075 577 4129 confestim
610 4090 726 4128 non
749 4072 1142 4145 deprehendat
1169 4074 1409 4145 ?Neque
1431 4076 1585 4130 enim
1616 4078 1781 4148 lgna-

137 4160 240 4215 tius
270 4164 335 4218 ad
368 4164 615 4218 Mariam
653 4163 749 4217 Dei
782 4164 1143 4234 genitricem,
1180 4180 1373 4234 neque
1400 4164 1493 4219 Dei
1525 4168 1779 4235 genitrix

135 4250 196 4301 ad
232 4252 513 4323 lgnatium
550 4253 838 4322 ejusmodi
866 4252 1136 4323 epistolia
1168 4254 1440 4325 scripturi
1489 4262 1673 4321 erant,
1708 4256 1779 4310 ab

138 4354 322 4395 eorum
352 4342 645 4412 gravitate
677 4346 735 4395 et
764 4341 995 4411 ingenio
1026 4346 1144 4396 tam
1175 4342 1384 4397 aliena.
1410 4343 1561 4407 Quid
1586 4343 1783 4414 quod?

141 4425 231 4480 illa
266 4430 528 4499 epistolia
570 4431 776 4485 Latine
825 4434 1048 4484 tantum
1095 4431 1310 4502 scripta
1356 4431 1641 4487 hactenus
1692 4432 1781 4487 in-

142 4523 299 4573 venta
333 4526 490 4588 sunt,
554 4536 661 4576 nec
709 4524 903 4575 Graeca
954 4537 1213 4593 unquam
1260 4522 1437 4577 fuisse
1489 4524 1781 4580 videntur.

1875 3359 2167 3411 auctorem
2200 3354 2271 3408 ab
2303 3352 2415 3407 alio
2450 3352 2617 3423 plura
2652 3350 2828 3404 fuisse
2861 3353 3194 3405 mutuatum
3226 3364 3239 3414 ;
3269 3347 3372 3403 sed
3394 3347 3529 3401 inde

1880 3461 2062 3500 unum
2094 3443 2483 3513 eumdemque
2516 3440 2725 3495 horum
2757 3439 3019 3493 omnium
3051 3454 3176 3493 esse
3230 3442 3527 3493 auctorem

1880 3533 2041 3589 nullo
2074 3547 2335 3602 unquam
2372 3531 2541 3584 modo
2575 3528 2807 3599 probari
2842 3545 2873 3582 a
2901 3542 3198 3599 quoquam
3223 3525 3455 3598 poterit.

2091 3629 2210 3697 §II.
2247 3629 2363 3696 Quo
2392 3634 2629 3695 tempore
2659 3626 2719 3679 in
2759 3625 2937 3679 lucem
2982 3623 3312 3691 prodierint.

1953 3731 2025 3783 At
2064 3734 2217 3781 certe
2266 3723 2537 3780 Usserius
2591 3740 2625 3777 a
2680 3736 2814 3776 vero
2871 3722 3109 3791 propius
3157 3720 3343 3786 abest,
3396 3736 3532 3775 cum

1882 3814 2390 3885 interpolationes,
2421 3808 2815 3880 epistolasque
2861 3808 2994 3863 illas
3049 3812 3205 3863 sexto
3265 3808 3532 3863 Ecclesiae

1884 3904 2095 3961 seculo
2128 3900 2451 3974 publicatae
2483 3915 2610 3954 esse
2641 3900 2872 3953 asserit.
2906 3901 3161 3952 Exeunte
3186 3896 3401 3951 etenim
3427 3914 3535 3951 saa-

1883 3994 2014 4050 culo
2048 3992 2252 4064 quinto
2283 4005 2430 4045 verm
2460 3987 2667 4059 Ignatii
2700 3986 2957 4058 epistolae
2987 3985 3302 4041 laudantur
3342 4001 3375 4038 a
3424 3984 3534 4039 Ge-

1884 4083 2031 4139 lasio
2064 4087 2118 4136 et
2144 4080 2543 4147 Theodoreto;
2591 4077 2749 4132 falsae
2791 4091 2925 4131 vero
2968 4080 3023 4129 et
3071 4073 3459 4143 supposititiee
3506 4090 3539 4127 a

1884 4172 2179 4242 Stephano
2210 4169 2434 4224 Gobaro
2468 4168 2623 4222 circa
2654 4181 2869 4221 annum
2907 4164 3030 4231 580,
3088 4168 3262 4234 atque
3310 4178 3408 4216 eas
3465 4160 3538 4215 ab

1888 4260 2190 4316 Anastasio
2245 4257 2606 4313 Antiocheno
2657 4253 2989 4327 patriarcha
3055 4252 3281 4307 circiter
3322 4266 3538 4305 annum

1885 4351 2011 4414 595,
2042 4351 2098 4402 et
2127 4347 2198 4401 ab
2230 4346 2362 4401 aliis
2394 4346 2667 4415 deinceps
2700 4344 2904 4398 citatas
2939 4342 3186 4414 legimus
3221 4342 3286 4395 ⁸⁸.

1960 4438 2133 4493 Porro
2163 4438 2357 4489 autem
2391 4434 2438 4489 si
2471 4434 2600 4488 falsi
2624 4449 2897 4501 canones,
2927 4448 2991 4487 ac
3016 4428 3538 4503 pseudepigraphas

1888 4525 2347 4583 Constitutiones
2381 4522 2800 4595 apostolorum,
2834 4521 3067 4591 saeculo,
3090 4529 3152 4575 ut
3174 4520 3411 4589 quidam
3437 4535 3537 4572 au-

147 4603 389 4679 Denique
438 4610 595 4681 apud
654 4626 857 4665 omnes
905 4610 1182 4682 antiquos
1230 4617 1510 4683 auctores,
1568 4613 1666 4683 qui
1711 4613 1781 4668 de
1816 4630 1858 4693 ι)
1891 4617 2146 4680 tument,
2177 4619 2401 4684 quarto,
2433 4610 2522 4668 vel
2553 4618 2683 4666 ante
2704 4615 2934 4667 sextum
2959 4607 3236 4665 saeculum
3262 4608 3319 4662 in
3352 4606 3538 4662 lucem

141 4693 324 4764 lgnatii
354 4699 621 4771 epistolis
652 4714 755 4755 seu
787 4700 939 4755 veris
972 4716 1071 4755 seu
1116 4700 1302 4770 falsis,
1354 4702 1473 4756 sive
1520 4702 1775 4774 interpo-

144 4782 283 4853 latis,
314 4789 432 4844 sive
471 4789 720 4844 sinceris
774 4788 997 4860 aliquid
1057 4790 1275 4859 scripto
1333 4792 1776 4860 mandaverunt,

150 4874 358 4932 nullum
383 4877 648 4947 omnino,
674 4894 745 4933 ne
767 4879 1076 4934 minimum
1098 4878 1335 4950 quidem
1361 4880 1431 4935 de
1460 4880 1546 4935 his
1569 4881 1779 4952 episto-

147 4960 233 5017 liis
250 4966 487 5021 verbum
520 4966 791 5022 occurrit.

212 5050 403 5125 Neque
468 5055 687 5109 dixeris
724 5055 783 5109 in
838 5054 1031 5110 Dextri
1074 5054 1357 5111 Chronico
1406 5071 1607 5112 eorum
1660 5058 1780 5112 fieri

151 5144 511 5199 mentionem.
549 5143 697 5198 Nam
728 5160 877 5215 opus
909 5142 1051 5198 illud
1086 5145 1340 5199 auctoris
1371 5149 1461 5200 est
1492 5145 1657 5201 valde
1690 5162 1784 5201 re-

145 5228 334 5295 centis,
367 5230 713 5301 nulliusque
744 5231 999 5286 nominis
1031 5230 1120 5287 vel
1152 5232 1615 5299 auctoritatis,et
1649 5238 1785 5289 Dex-

1890 4705 2249 4778 prodierunt,
2282 4718 2349 4759 ex
2390 4703 2460 4758 iis
2510 4701 2710 4774 procul
2765 4700 2944 4756 dubio
2995 4696 3536 4771 pseudo-lgnatium

1886 4794 1988 4850 illa
2017 4793 2213 4850 omnia
2245 4809 2372 4864 quae
2405 4792 2477 4847 ab
2510 4790 2742 4848 Usserio
2774 4794 2830 4846 et
2860 4788 3145 4845 Cotelerio
3188 4787 3536 4856 referuntur,

1889 4883 2333 4954 transcripsisse
2364 4896 2600 4936 necesse
2629 4884 2737 4936 est.

1962 4973 2124 5039 Quod
2156 4970 2389 5025 tandem
2422 4969 2495 5025 ad
2528 4973 2776 5040 quatuor
2805 4963 3094 5038 epistolia,
3118 4980 3243 5035 quea
3273 4962 3334 5017 in
3366 4978 3541 5033 quar-

1891 5067 1950 5117 ta
1978 5058 2361 5131 epistolarum
2395 5057 2610 5129 Ignatii
2640 5056 2826 5113 classe
2855 5055 3235 5121 collocantur,
3270 5051 3539 5123 pertinet,

1892 5167 1959 5207 ea
1990 5149 2191 5222 procul
2219 5148 2399 5203 dubio
2428 5164 2461 5201 a
2496 5146 2714 5213 Latino,
2748 5148 2832 5201 uti
2880 5143 3343 5208 observavimus,
3400 5140 3543 5195 scri-

1892 5244 2055 5310 ptore
2085 5238 2241 5293 edita
2275 5235 2457 5291 fuisse
2478 5250 2612 5289 vero
2634 5234 2863 5289 videtur
2885 5232 3280 5289 simillimum.
3306 5230 3427 5294 Quo
3449 5245 3545 5283 au-

145 5318 226 5369 tro
254 5317 543 5375 fallaciter
575 5318 949 5375 attributum.

213 5405 439 5463 Scimus
469 5408 713 5479 quidem
746 5408 947 5464 divum
980 5409 1339 5464 Bernardum
1371 5411 1676 5481 scripsisse
1706 5412 1781 5467 ‘3:

154 5514 179 5541 α
210 5500 446 5567 Magnus
463 5498 564 5552 ille
584 5498 959 5567 lgnatius.....
980 5497 1223 5554 Mariam
1243 5500 1559 5570 quamdam
1581 5501 1639 5555 in
1664 5501 1788 5572 plu-

1894 5334 2009 5383 tem
2042 5331 2301 5397 tempore
2333 5324 2430 5380 ille
2459 5321 2693 5391 vixerit,
2727 5338 2843 5377 non
2885 5325 2973 5376 est
3022 5327 3358 5392 promptum
3399 5318 3545 5371 deti-

1896 5416 2059 5483 nire;
2096 5432 2231 5470 nam
2263 5414 2551 5469 incertum
2595 5413 2683 5466 est
2735 5415 2933 5463 utrum
2986 5410 3315 5464 Bernardus
3361 5420 3547 5460 unum

1896 5519 1965 5559 ex
1996 5504 2068 5559 iis
2103 5502 2447 5559 laudaverit.
2482 5501 2747 5557 Citantur
2777 5498 3015 5568 quidem
3050 5497 3107 5551 in
3140 5494 3549 5569 speudo-Dex-

158 5620 261 5748 eo:
291 5620 636 5751 ggéContra
667 5630 844 5681 Pravo.
880 5641 1006 5698 cap.
1043 5627 1092 5681 1.
1169 5625 1214 5660 ⁴⁸
1243 5626 1429 5683 Serm.
1462 5626 1518 5695 7,
1552 5629 1610 5684 in
1641 5631 1851 5687 Psalm.
1904 5630 2010 5699 Qui
2060 5629 2292 5698 habitat,
2344 5633 2449 5686 etc.
2530 5628 2577 5663 ⁴⁸
2624 5624 2784 5698 Apud
2836 5620 3106 5678 Photium
3151 5622 3210 5677 in
3262 5617 3543 5676 Biblioth.

460 5820 726 5883 ΡΑτιιοι..
774 5821 882 5883 Gn.
932 5822 1007 5888 V.

3139 5815 3214 5872 {8
