3942 6302
327 397 447 459 585

1395 392 1463 453 S.
1509 389 1909 454 IGNATIUS.
1960 420 2033 435 -
2079 390 2686 453 PROLEGOMENA.

3627 397 3757 485 sse.

3740 492 3761 531 1

327 532 407 588 tri
436 528 753 595 Chronico;
789 526 891 584 sed
925 524 1156 598 quando
1187 523 1331 581 illud
1363 526 1649 597 scriptum
1682 524 1760 581 sit
1812 540 1984 582 nemo
2014 526 2069 593 Α
2100 524 2203 580 illa
2255 540 2468 580 manus
2518 523 2877 597 recentioris,
2922 529 2981 581 et
3022 526 3240 583 Graecis
3283 528 3736 601 pseudo-Ignati

331 619 696 692 exploratum
730 617 922 673 habet.
958 616 1014 672 Si
1048 615 1191 689 quid
1222 631 1355 671 vero
1387 614 1647 671 dandum
1690 616 1989 687 conjectu-

2098 613 2363 684 epistolis
2395 613 2565 686 longe
2598 616 2936 687 posterioris
2980 632 3110 672 esse
3162 632 3276 673 non
3339 618 3595 673 absurde
3643 618 3760 673 dici

331 710 439 781 ris,
469 725 536 766 ex
568 708 778 764 horum
810 704 1215 778 epistoliorum
1247 706 1395 775 ston
1435 709 1492 760 et
1522 704 1852 775 Latinitate,
1882 721 1989 761 nos
2098 720 2268 775 posse
2299 705 2617 760 credimus.

1620 1121 1935 1217 PARS
2002 1120 2465 1215 TERTIA.

503 1353 591 1413 De
622 1350 1003 1413 editionibus
1034 1354 1095 1410 et
1124 1348 1515 1409 versionibus
1547 1348 1827 1408 omnium
1863 1346 2092 1425 Ignatii
2121 1347 2551 1426 epistolarum,
2584 1354 2713 1409 tam
2745 1349 3157 1428 genuinarum
3189 1368 3376 1429 quam
3408 1349 3599 1409 adul—

1132 1429 1501 1507 terinarum,
1533 1448 1606 1490 ac
1634 1429 1822 1491 variis
1850 1429 1915 1490 in
1940 1446 2045 1489 eas
2090 1429 2256 1490 notis
2286 1434 2348 1489 et
2377 1430 2939 1492 observationibus.

866 1668 1096 1723 CAPUT
1127 1666 1440 1723 PRIMUM.

327 1778 399 1818 DE
431 1775 785 1821 BDITIONIBUS
814 1776 882 1814 ET
911 1774 1283 1815 VBRBIONIBUS
1312 1772 1711 1812 EPISTOLARUM
1744 1771 1978 1811 lGNATII.

720 1832 749 1905 §
790 1834 835 1888 Ι.
868 1833 937 1886 De
967 1829 1303 1885 editionibus
1348 1828 1585 1884 Latinis.

400 1941 615 2007 Prima,
642 1956 769 2012 quis
792 1940 850 1993 in
889 1955 1102 1993 manus
1133 1944 1362 1992 nostras
1386 1939 1561 2006 venit,
1594 1935 1973 2008 epistolarum

326 2031 766 2101 Ignatianarum
799 2027 997 2095 editio,
1041 2026 1280 2082 Parisiis
1322 2043 1473 2081 anno
1532 2026 1689 2094 1494,
1741 2025 1978 2096 prodiit,

2091 1668 2473 1736 posteaquam
2505 1665 2771 1738 vulgatas
2802 1668 3010 1739 Ignatii
3048 1668 3327 1741 epistolas
3374 1685 3509 1724 cum
3558 1671 3753 1727 tribus

2092 1770 2268 1808 manu
2303 1756 2555 1811 exaratis
2587 1756 2910 1824 codicibus,
2947 1757 3048 1827 qui
3080 1758 3384 1829 antiquam
3418 1758 3750 1815 versionem

2093 1843 2350 1899 Latinam
2382 1845 2752 1913 exhibebant,
2789 1846 3152 1913 contulisset,
3180 1849 3331 1904 duos
3361 1848 3507 1905 alios
3535 1848 3745 1905 itidem

2091 1936 2523 2006 manuscriptos
2579 1937 2830 2003 codices,
2878 1939 2973 1994 sed
3026 1939 3197 2010 pretii
3258 1939 3440 1995 multo
3502 1941 3748 2010 majoris

2089 2024 2381 2079 fortunate
2411 2025 2655 2092 invenit,
2691 2043 2872 2082 unum
2918 2027 2979 2082 in
3030 2026 3265 2098 publica
3312 2028 3532 2096 collegii
3584 2033 3746 2084 Gun-

324 2119 544 2189 illaque
584 2121 701 2172 tres
750 2121 983 2171 tantum
1036 2114 1337 2186 epistolas,
1385 2116 1533 2170 duas
1578 2114 1646 2168 ad
1697 2113 1983 2169 Joannem
2015 2110 2063 2175 B
2092 2113 2253 2169 welli
2286 2119 2341 2169 et
2371 2114 2491 2170 Caii
2550 2115 2709 2186 apud
2765 2117 3289 2188 Cantabringenses
3350 2118 3749 2186 bibliotheca;

326 2207 678 2279 apostolum,
715 2206 944 2260 tertiam
972 2206 1045 2259 ad
1077 2204 1175 2259 Dei
1195 2204 1536 2275 genitricem
1562 2203 1799 2258 Mariam
1826 2220 1983 2258 com-

342 2297 637 2369 plectitur.
671 2300 844 2350 Anno
878 2299 1072 2350 autem
1108 2294 1245 2348 1498
1277 2293 1460 2348 Faber
1487 2292 1851 2363 Stapulensie
1886 2310 1987 2347 un-

2093 2202 2342 2258 alterum
2376 2204 2433 2258 in
2469 2204 2695 2276 privata
2727 2209 2788 2259 D.
2824 2205 3098 2261 Richardi
3133 2206 3475 2261 Montacutii
3518 2206 3752 2263 Norwi-

2091 2293 2286 2347 censis
2318 2309 2504 2364 nuper
2534 2294 2791 2365 episcopi
2830 2294 3186 2351 bibliotheca
3234 2297 3571 2367 repositum.
3622 2299 3746 2354 Duo

345 2386 533 2441 decim
566 2385 708 2439 alias
736 2382 1010 2454 vulgavit,
1042 2398 1172 2453 quae
1203 2382 1475 2452 deinceps
1506 2381 1895 2452 Argentorati,
1930 2386 1986 2436 et
2087 2385 2281 2436 autem
2323 2383 2717 2453 antiquissimi
2752 2382 2833 2438 illi
2860 2384 3241 2455 epistolarum
3275 2386 3479 2455 Ignatii
3510 2388 3743 2442 codices

341 2472 601 2541 Basileze,
633 2487 700 2527 ac
731 2472 963 2526 tandem
989 2486 1143 2526 anno
1166 2470 1323 2534 1575,
1350 2470 1407 2524 in
1442 2470 1553 2525 ﬁne
1575 2468 1826 2540 Operum
1853 2469 1985 2524 Dio-

338 2562 491 2631 nysii
522 2561 873 2633 Areopagitae
903 2560 1072 2615 editae
1101 2562 1261 2615 sunt.
1294 2559 1501 2615 Postea
1522 2559 1983 2631 Symphorianus

336 2650 715 2722 Champerius
747 2650 981 2705 easdem
1017 2665 1170 2704 anno
1217 2649 1356 2703 1676
1398 2647 1572 2719 praelo
1626 2649 1981 2705 Ascensiano

334 2756 568 2795 rursum
600 2738 870 2811 subjecit,
906 2755 971 2794 ac
1001 2738 1277 2809 epistolas
1321 2738 1392 2791 ad
1445 2740 1749 2804 Joannem,
1800 2742 1858 2792 et
1907 2738 1977 2794 ad

332 2829 575 2884 Mariam
635 2828 969 2900 Deiparam,
1032 2831 1207 2897 atque
1257 2842 1433 2881 unam
1493 2826 1565 2881 ad
1623 2827 1864 2881 Mariam
1914 2843 1979 2882 ex

331 2916 683 2986 Cassobelis,
722 2916 1005 2972 hactenus
1038 2915 1335 2984 ineditam,
1370 2915 1454 2969 eis
1496 2915 1818 2984 subiunxit.
1852 2915 1981 2970 Haec

330 3012 532 3063 autem
591 3006 923 3078 Champsrii
974 3004 1149 3060 editio
1201 3004 1376 3059 variis
1427 3004 1579 3075 typis
1629 3005 1978 3076 Antuerpizs,

330 3095 595 3164 Basileae,
623 3095 895 3163 Coloniae,
930 3093 1200 3163 Parasiis,
1231 3093 1479 3164 aliisque
1509 3094 1568 3148 in
1599 3094 1847 3149 urbibus
1877 3111 1977 3149 ex-

333 3201 477 3240 cusa
506 3188 615 3240 est.
650 3184 827 3240 Porro
859 3184 945 3237 hae
976 3198 1178 3238 omnes
1209 3182 1496 3237 editiones
1527 3182 1723 3238 Latine
1744 3186 1975 3239 tantum

328 3275 697 3346 prodierunt.

469 3382 497 3447 §
530 3382 601 3436 Il.
634 3380 710 3435 De
742 3378 1077 3435 editiom'bus
1108 3378 1331 3450 ercis,
1372 3383 1424 3435 et
1472 3378 1827 3434 versionibus.

397 3485 746 3542 Valentinus
798 3485 1032 3541 Pacaeus
1092 3502 1243 3542 anno
1293 3487 1431 3541 1557
1505 3486 1613 3541 has
1696 3485 1973 3558 epistolas

324 3576 516 3631 Greece
550 3598 577 3625 ‹‹
611 3592 680 3631 ex
706 3575 1116 3646 antiquissimo
1156 3575 1504 3630 Ferdinandi
1546 3578 1808 3647 Augusti,
1852 3577 1971 3631 sive

326 3666 684 3735 Augustanae
738 3664 1106 3720 Bibliotheca:
1150 3664 1366 3732 codice,
1410 3687 1437 3715 »
1483 3665 1680 3720 addita
1721 3665 1971 3721 Perionii

320 3752 606 3820 versione,
643 3753 842 3808 edidit.
878 3753 939 3808 In
974 3753 1082 3809 hac
1112 3757 1307 3809 autem
1340 3754 1613 3821 editione,
1648 3770 1823 3825 quam
1859 3754 1971 3810 Mo-

321 3842 503 3897 rellus
534 3842 626 3898 bis
657 3859 809 3898 anno
844 3842 979 3898 1558
1008 3850 1065 3897 et
1094 3844 1234 3898 1562
1265 3844 1510 3911 recudit,
1545 3860 1621 3898 ese
1652 3848 1839 3899 solum
1873 3860 1968 3899 ex-

320 3936 475 3987 stant
528 3932 811 4003 epistolae,
873 3949 1019 4003 quas
1067 3934 1268 3998 Faber,
1311 3933 1395 3987 uti
1442 3933 1719 3998 diximus,
1775 3933 1969 3987 Latine

319 4021 736 4093 divulgaverat.
772 4021 991 4076 Dehinc
1022 4022 1283 4076 Andreas
1315 4022 1605 4076 Gesnerus
1634 4022 1869 4076 easdem
1903 4039 1970 4076 ex

318 4110 713 4181 manuscriplo
743 4110 1114 4165 Bibliothecas
1150 4110 1210 4164 D.
1261 4110 1505 4182 Gaspari
1555 4127 1587 4165 a
1617 4110 1965 4182 Nydphrych

316 4198 528 4254 iterum
575 4199 787 4268 Graece,
848 4204 1020 4269 atque
1077 4199 1251 4254 etiam
1304 4200 1523 4265 Latine,
1573 4222 1602 4249 ‹‹
1654 4201 1967 4269 interprete

310 4290 535 4342 Joanne
573 4288 852 4342 Brumero
887 4288 1220 4357 publicavit.
1245 4310 1273 4339 »
1303 4289 1705 4345 Arbitrabatur
1733 4290 1965 4360 quidem

312 4392 375 4431 se
406 4377 664 4447 primum
697 4375 829 4431 illas
862 4375 1079 4447 publici
1112 4377 1317 4433 fecisse
1338 4378 1489 4448 juris
1514 4398 1527 4447 ;
1554 4380 1653 4434 sed
1684 4379 1797 4450 ipsi
1828 4397 1960 4449 pro-

315 4464 409 4517 cul
453 4464 630 4519 dubio
677 4465 853 4520 editio
912 4465 1095 4519 Pacaei
1154 4465 1451 4537 incognita
1507 4483 1635 4522 esse
1693 4468 1959 4523 debebat.

310 4557 535 4609 Rursus
592 4570 724 4610 vero
783 4572 933 4610 anno
1004 4556 1141 4610 1566
1203 4557 1588 4628 Hieronymus
1636 4555 1962 4613 Vairnelius

307 4642 532 4710 Sylvius
563 4642 797 4697 easdem
831 4643 1133 4713 epistolas,
1168 4645 1239 4699 ad
1285 4644 1570 4714 quosdam
1627 4646 1956 4699 manuscri-

304 4735 435 4802 ptos
487 4731 716 4787 codices
764 4733 1125 4801 emendatas,
1179 4749 1328 4787 nova
1377 4732 1640 4786 versione
1691 4734 1956 4804 donatas,

302 4818 693 4891 pluribusque
734 4822 1240 4877 observationibus
1291 4825 1514 4887 auctas,
1569 4820 1731 4875 novis
1772 4822 1953 4877 edidit
1985 4839 2031 4901 ι)

301 4911 550 4967 Plantini
604 4912 776 4985 typis.
836 4916 1001 4969 Anno
1066 4918 1257 4967 autem
1310 4911 1447 4965 1608
1496 4911 1774 4968 Martialis
1821 4918 1946 4969 Mae-

300 5004 508 5056 strmus
545 5000 697 5069 illas,
733 5002 897 5057 novis
930 5002 1284 5072 quibusdam
1336 5000 1490 5055 notis
1535 5004 1950 5073 superadditis,

298 5094 509 5156 iterum
543 5090 599 5143 in
632 5090 842 5162 vulgus
880 5090 1142 5160 protulit.
1194 5088 1455 5145 Posthsec
1505 5090 1739 5147 Genevss
1801 5110 1952 5149 anno

298 5179 437 5232 1623
492 5178 765 5235 Nicotaus
824 5178 1100 5234 Vedelius
1151 5179 1469 5234 Academia
1525 5182 1837 5250 professor,
1898 5190 1953 5239 et

294 5268 641 5324 Calvinianm
696 5273 864 5325 sectas
916 5268 1206 5334 minister,
1265 5269 1549 5341 castigata
1608 5276 1736 5341 post
1811 5273 1947 5329 Mse-

290 5362 523 5411 straaum
576 5357 853 5411 Vairnelli
902 5356 1078 5428 Sylvii
1130 5356 1415 5424 versione,
1467 5359 1702 5414 easdem
1753 5361 1948 5419 Grazco

288 5443 606 5516 Latinoque
642 5446 975 5500 charactere
1002 5444 1200 5499 emisit
1233 5445 1293 5499 in
1339 5444 1553 5501 lucem.

713 5552 743 5624 §
773 5551 864 5608 ΙΙΙ.
902 5552 977 5607 De
1019 5550 1261 5608 editione
1292 5553 1515 5611 Usserii.

2090 2469 2377 2539 Latinam,
2412 2488 2529 2541 qua
2557 2472 2849 2543 genuinus
2882 2490 3081 2529 earum
3113 2477 3305 2529 textus
3338 2475 3562 2546 absque
3596 2476 3737 2532 ullis

2089 2558 2635 2631 interpolationibus
2666 2560 2754 2617 vel
2785 2561 3198 2619 additamentis
3267 2564 3547 2632 redditur,
3606 2582 3740 2621 ver-

2088 2648 2312 2704 sionem
2347 2655 2780 2721 reprassentant.
2814 2652 2894 2706 Ex
2924 2650 3016 2707 his
3048 2652 3243 2723 itaque
3273 2654 3502 2709 duobus
3546 2654 3744 2725 libris,

2082 2741 2263 2813 atque
2296 2737 2425 2793 aliis
2444 2739 2631 2795 tribus
2650 2757 2828 2811 supra
2850 2742 3209 2799 memoratis.
3234 2757 3438 2797 novam
3474 2743 3748 2799 omnium

2086 2826 2522 2898 Ignatianarum
2557 2829 2933 2899 epistolarum
2991 2830 3331 2899 editionem,
3382 2833 3614 2902 praefixa
3669 2833 3743 2889 iis

2086 2915 2383 2988 Polycarpi
2416 2918 2487 2972 ad
2509 2918 2915 2991 Philippenses
2933 2918 3199 2990 epistola,
3228 2920 3311 2975 sic
3333 2922 3743 2977 adornandam

2084 3005 2361 3076 suscepit.
2396 3006 2653 3062 Primum
2686 3008 2960 3079 genuinis
2994 3008 3207 3080 Ignatii
3237 3009 3502 3081 epistolis
3561 3011 3747 3066 inter-

2082 3095 2313 3164 polatis,
2346 3095 2537 3151 Graece
2566 3101 2623 3151 et
2656 3097 2855 3152 Latine
2886 3099 3128 3167 excusis,
3164 3101 3369 3155 Lucum
3401 3101 3561 3156 dedit
3594 3104 3743 3169 ;sed

2082 3184 2324 3255 antiqua
2355 3200 2556 3240 earum
2588 3186 2795 3241 Latina
2824 3187 3089 3243 versione
3119 3189 3188 3243 ad
3224 3192 3340 3244 tres
3366 3190 3741 3261 supradictas

2079 3272 2307 3327 codices
2342 3273 2768 3343 manuscriptos
2794 3276 3105 3332 emendata
3134 3293 3276 3332 usus
3307 3283 3430 3345 est;
3464 3284 3641 3350 atque
3676 3289 3744 3335 ut

2080 3360 2566 3432 interpolationes
2592 3362 2661 3417 ab
2686 3363 2961 3419 omnibus
2988 3363 3215 3420 facilius
3237 3366 3592 3436 deprehendi
3614 3385 3754 3439 pos-

2006 3481 2047 3548 α
2086 3453 2237 3519 sent,
2271 3466 2369 3504 eas
2403 3449 2587 3506 nimio
2618 3451 2839 3506 exarari
2865 3454 3067 3522 jussit.
3103 3453 3217 3509 Has
3261 3455 3559 3527 excipiunt
3615 3458 3745 3527 epi-

2085 3538 2245 3593 stolae
2276 3537 2421 3593 falso
2455 3539 2664 3611 lgnatii
2698 3540 2933 3595 nomine
2966 3541 3284 3613 inscriptas,
3334 3544 3553 3614 quibus
3601 3548 3737 3616 epi-

2079 3625 2284 3681 stolam
2323 3626 2510 3681 Mariaa
2532 3628 2904 3684 Cassobelitm
2930 3630 3003 3683 ad
3027 3630 3318 3700 Ignatium
3339 3630 3435 3687 ille
3457 3634 3735 3703 praeﬁxit,

2077 3720 2135 3770 et
2168 3715 2343 3769 trium
2376 3717 2846 3787 supradictorum
2882 3719 3147 3774 codicum
3172 3737 3278 3792 ope
3301 3722 3487 3777 varios
3510 3725 3737 3780 Latinae

2077 3820 2278 3859 earum
2337 3806 2625 3861 versionis
2685 3824 2877 3863 naevos
2934 3809 3263 3879 abstergere
3319 3817 3567 3867 conatus
3620 3820 3735 3869 est.

2076 3892 2292 3949 Ultimo
2325 3896 2554 3950 tandem
2595 3895 2720 3952 loco
2753 3900 2992 3968 ponitur
3024 3900 3457 3971 antiquissima,
3494 3904 3581 3958 uti
3642 3907 3743 3959 di-

2074 3984 2497 4052 ximus,versio
2550 3986 2937 4057 genuinarum
2987 3990 3196 4060 Ignatii
3248 3991 3663 4059 epistolarum,
3704 4012 3739 4051 e

2075 4090 2325 4145 quarum
2359 4091 2600 4133 numero
2631 4076 2882 4148 epistola
2912 4078 2985 4134 ad
3014 4079 3400 4152 Polycarpum
3428 4083 3734 4141 immerito

2075 4163 2425 4220 excluditur.

2521 4293 2548 4359 δ
2579 4291 2666 4348 IV.
2702 4293 2773 4349 De
2800 4293 3039 4350 editione
3088 4297 3273 4352 Vossiz‘.

2142 4434 2282 4485 Cum
2315 4432 2554 4488 Vossius
2586 4433 2694 4489 iter
2724 4435 2780 4489 in
2816 4436 3039 4492 Italiam
3073 4444 3288 4508 ageret,
3336 4443 3393 4495 et
3442 4440 3735 4497 Florenti-

2071 4535 2205 4573 nam
2257 4522 2602 4577 Ferdinandi
2659 4523 2706 4578 II
2756 4527 2999 4581 Etruriae
3053 4527 3242 4598 ducis,
3294 4529 3726 4588 Bibliothecam

2069 4608 2470 4677 perlustraret,
2547 4611 2747 4667 incidit
2817 4615 2874 4669 in
2946 4617 3201 4672 codicem
3278 4618 3472 4674 Graeca
3549 4638 3733 4678 manu

2068 4705 2388 4764 exaratum,
2448 4699 2546 4769 qui
2607 4702 2841 4756 easdem
2891 4707 3069 4774 atque
3114 4705 3183 4759 ab
3242 4707 3472 4762 Usserio
3521 4708 3732 4765 Latine

2066 4786 2274 4853 editas,
2302 4787 2611 4856 genuinas,
2643 4794 2699 4844 et
2729 4790 2853 4846 sine
2886 4792 3436 4864 interpolationibus
3459 4802 3518 4851 et
3548 4800 3724 4853 addi-

2061 4874 2337 4928 tamentis
2383 4876 2659 4945 epistolas
2715 4880 2921 4951 Ignatii
2971 4883 3326 4940 continebat.
3376 4885 3572 4941 Codex
3625 4887 3733 4944 ille

2066 4966 2300 5016 centum
2328 4968 2461 5016 ante
2494 4965 2663 5019 annis
2696 4983 2729 5020 a
2758 4966 3069 5033 Turriano,
3120 4974 3185 5023 ut
3230 4972 3484 5026 creditur
3528 4974 3729 5041 visus,

2065 5064 2170 5103 nec
2199 5065 2365 5105 veras
2393 5051 2604 5122 Ignatii
2638 5054 2912 5124 epistolas
2942 5076 2972 5109 δ
3004 5057 3168 5112 falsis
3200 5060 3729 5133 supposititiisque

2063 5136 2391 5210 distinguit,
2425 5156 2529 5196 nec
2564 5141 2790 5214 integer
2819 5148 2939 5213 est;
2987 5146 3203 5218 quippe
3252 5148 3349 5217 qui
3399 5149 3723 5219 epistolam

2062 5231 2248 5283 sancti
2282 5230 2551 5298 martyris
2583 5231 2654 5286 ad
2686 5232 2982 5289 Romanos
3004 5252 3118 5291 non
3142 5237 3413 5293 exhibeat
3430 5239 3725 5310 amplius.

2063 5314 2298 5372 Vossius
2329 5318 2527 5389 itaque
2557 5321 2629 5375 ad
2661 5338 2800 5377 suos
2827 5324 3032 5393 redux,
3060 5342 3265 5381 novam
3291 5327 3728 5385 Amstelodami

2059 5420 2210 5460 anno
2246 5407 2382 5461 1646
2413 5408 2794 5479 epistolarum
2847 5412 3060 5483 Ignatii
3109 5413 3422 5471 editionem
3465 5418 3735 5475 adorna-

2059 5492 2165 5561 vit,
2194 5512 2311 5565 qua
2339 5499 2566 5553 Graecas
2594 5516 2665 5555 ex
2695 5499 2792 5555 illo
2822 5501 3157 5559 Florentino
3188 5506 3411 5575 codice,
3478 5506 3738 5565 Latinas

2058 5598 2190 5637 vero
2220 5599 2287 5637 ex
2312 5586 2730 5656 antiquissima
2762 5589 3052 5659 versione,
3087 5593 3158 5649 ab
3196 5593 3424 5649 Usserio
3456 5593 3734 5668 vulgata,

346 5657 599 5713 Jacobus
659 5658 928 5715 Usserius
987 5657 1462 5732 archiepiscopus
1542 5663 1953 5723 Armachanus
2054 5671 2253 5728 emisit
2284 5671 2343 5730 in
2370 5675 2700 5745 publicum.
2734 5677 2835 5733 His
2877 5657 3328 5753 vero-epistolis
3383 5657 3738 5747 aliasvcuui
