3942 6302
122 419 220 480 557
1010 418 1082 478 D.
1130 413 1466 478 NOUBBII
1510 408 2056 472 DISSERTATIO.
2100 444 2174 457 —
2218 411 2421 472 PARS
2466 410 2573 472 III.

3380 415 3499 474 558
3536 475 3543 482 ,

120 552 450 610 adulterinas
496 556 623 609 tum
675 552 1058 625 interpolatae
1117 566 1250 606 cum
1302 549 1425 605 suis
1471 545 1733 617 antiquis
1764 547 1818 613 Α
1849 545 2113 616 ejusdem
2143 550 2333 602 textus
2383 545 2856 614 illustrationem,
2890 551 3064 619 atque
3102 546 3264 605 illius
3295 557 3495 607 contra

118 642 454 699 versionibus
487 642 709 698 Latinis
744 641 1030 713 adiunxit.

118 768 141 838 §
180 769 231 822 V.
286 769 355 821 De
404 766 647 822 editione
702 765 1019 837 appendicis
1079 766 1410 830 Usserianae,
1445 761 1724 828 Coteleriz‘,

732 842 784 892 et
811 838 1076 892 aliorum.

176 944 548 1016 Subsequenti
584 960 735 1001 anno
765 943 1060 1014 Usserius,
1084 943 1202 999 visa
1234 941 1424 997 Vossii
1458 939 1729 1005 editione,

120 1033 452 1104 lgnatianam
514 1034 762 1089 Londini
816 1032 1112 1088 accuravit
1166 1032 1566 1102 appendicem,
1615 1044 1731 1100 qua

114 1124 364 1189 genuinas
416 1125 827 1178 tantummodo
877 1122 1087 1194 Ignatii
1127 1122 1405 1194 epistolas
1453 1120 1645 1174 Grzece
1676 1120 1731 1172 et

109 1212 280 1267 Latine
324 1212 662 1284 complexus
693 1217 804 1269 est.
840 1214 902 1268 In
933 1229 1000 1268 ea
1044 1213 1232 1281 primo
1281 1214 1545 1265 Graecum
1581 1210 1726 1261 Vos-

113 1301 264 1354 sianaa
294 1302 799 1357 editionistextum
833 1319 900 1357 ex
934 1302 1134 1357 Latina
1152 1300 1414 1357 versione
1444 1294 1729 1367 antiquis-

112 1389 259 1461 sima,
292 1395 345 1446 et
370 1392 529 1447 Junii
565 1392 869 1462 Vossiique
921 1391 1277 1462 conjecturis
1307 1388 1594 1459 corrigere
1624 1400 1727 1455 ag—

112 1496 341 1550 gressus,
372 1498 437 1536 ex
468 1483 701 1537 duabus
731 1482 943 1538 deinde
984 1480 1312 1537 earumdem
1346 1475 1721 1549 epistolarum

108 1570 444 1626 versionibus
503 1571 733 1639 Latinis,
768 1571 950 1627 altera
998 1568 1420 1641 antiquissima,
1480 1565 1659 1619 altera
1690 1580 1724 1619 a

103 1659 269 1731 Sylvio
297 1662 655 1731 edita,unam
694 1661 793 1717 ille
826 1661 1178 1733 composuit.
1200 1658 1488 1725 Quoniam
1521 1658 1720 1711 autem

101 1749 318 1818 epistola
367 1752 431 1805 ad
468 1751 764 1806 Romanos
815 1766 883 1804 ex
932 1749 1332 1819 manuscripto
1381 1745 1719 1804 Florentino

101 1838 266 1895 fuerat
295 1839 515 1909 avulsa,
535 1840 699 1896 illam
731 1858 863 1895 cum
897 1841 1111 1897 Graecis
1142 1838 1402 1908 martyrii
1432 1837 1717 1909 lgnatiani

100 1930 254 2001 Actis,
285 1936 399 1986 tam
448 1949 480 1987 a
512 1931 908 2003 Metaphraste
957 1930 1154 2001 editis,
1189 1945 1367 2002 quam

102 2020 335 2088 repertis,
380 2020 717 2092 ibidemque
750 2020 1007 2092 primum
1058 2020 1373 2091 publicatis
1429 2016 1719 2085 collatam,

102 2109 413 2181 mendisque
432 2116 816 2182 expurgatam
837 2109 1021 2166 voluit
1052 2110 1274 2165 caeteris
1288 2107 1562 2163 omnibus
1584 2106 1720 2161 sub-

99 2199 248 2254 necti.

154 2288 452 2346 Cotelerius
487 2291 547 2345 in
580 2308 689 2346 sua
718 2291 968 2362 Operum
1020 2290 1119 2344 SS.
1146 2289 1400 2357 Patrum,
1435 2286 1535 2358 qui
1568 2290 1711 2341 tem-

98 2376 308 2446 poribus
338 2379 670 2451 apostolicis
689 2378 1294 2445 ﬂoruerunt,editione
1316 2393 1520 2432 omnes
1552 2378 1715 2445 Igna-

95 2466 149 2519 tii
176 2467 456 2538 epistolas,
509 2486 701 2535 veras,
730 2468 1130 2540 interpolatae,
1163 2466 1520 2531 subdititias,
1547 2464 1715 2520 adul-

96 2557 304 2624 terinas,
354 2559 453 2613 sed
489 2576 523 2614 a
556 2574 617 2613 se
646 2558 895 2612 invicem
928 2556 1255 2624 distinctas,
1290 2559 1346 2610 et
1399 2571 1505 2610 suo
1533 2570 1710 2625 quas-

95 2659 183 2710 que
211 2646 515 2703 collocatas
565 2646 623 2701 in
659 2646 883 2715 ordine,
934 2645 1086 2717 typis
1136 2645 1346 2699 iterum
1393 2641 1711 2697 mandavit.

92 2731 321 2791 Duasibi
375 2752 580 2791 earum
612 2735 771 2790 dedit
822 2734 1115 2790 versiones
1156 2733 1413 2800 Latinas,
1457 2746 1710 2803 quarum

90 2823 251 2892 prima
278 2825 583 2896 genuinas,
627 2824 883 2880 secunda
931 2823 1266 2894 suppositas
1297 2823 1711 2892 interpretatus

93 2915 181 2966 est.
210 2913 309 2967 Sell
343 2915 499 2984 prior
532 2914 753 2969 ultimas
812 2913 1093 2969 versionis
1122 2911 1472 2976 Usserianae,
1511 2914 1707 2982 poste-

92 3000 195 3055 rior
220 3003 554 3058 versionum
584 3002 827 3074 Sylviiel
854 3001 1113 3057 Maestraai
1139 3000 1329 3072 potius
1358 2998 1712 3055 emendatior

91 3090 466 3164 interpretatio
499 3094 751 3149 dicenda
781 3103 1069 3165 est,quam
1095 3109 1261 3147 nova.

148 3182 391 3255 Denique
443 3183 707 3254 epistolae
740 3182 951 3255 Ignatii
988 3182 1043 3236 in
1080 3180 1354 3236 omnibus
1386 3178 1707 3234 Bibliothe-

96 3285 271 3327 carum
307 3278 548 3329 Patrum
583 3274 937 3328 editionibus
988 3272 1316 3327 habuerunt
1344 3271 1537 3327 locum
1566 3289 1580 3341 ;
1605 3273 1709 3330 sed
1748 3274 1790 3341 C

92 3360 275 3416 nullibi
312 3363 422 3418 nisi
470 3364 531 3418 in
566 3362 969 3418 Greece-latina
1026 3362 1179 3433 typis
1224 3362 1435 3416 Graecis
1485 3378 1708 3417 excusas

88 3458 222 3505 sunt.
284 3452 343 3507 In
400 3452 538 3508 aliis
589 3467 724 3507 vero
780 3452 952 3505 variae
1024 3451 1372 3506 exhibentur
1416 3451 1712 3508 versiones

89 3537 281 3595 Latinae
316 3558 329 3609 ;
369 3547 426 3596 et
477 3542 717 3613 quidem
766 3542 825 3595 in
886 3539 1469 3611 Orthodoxographia
1524 3541 1710 3597 versio

87 3628 302 3698 antiqua
340 3646 353 3696 ;
385 3630 443 3685 in
488 3629 856 3685 Bibliotheca
906 3629 1217 3684 Parisiensi
1249 3633 1304 3683 et
1362 3627 1707 3699 Coloniensi,

86 3718 130 3767 et
160 3717 558 3774 Greco-latina
592 3718 989 3790 interpretatio
1020 3717 1193 3787 Sylvii
1224 3718 1479 3789 reposita
1510 3722 1612 3773 est.
1647 3724 1708 3773 In

86 3801 411 3862 bibliotheca
442 3810 683 3862 demum
718 3806 1095 3878 Lugdunensi
1144 3807 1269 3860 dua;
1300 3816 1436 3861 sunt
1468 3824 1702 3861 earum-

86 3891 196 3947 dem
229 3896 605 3967 epistolarum
640 3896 1171 3967 interpretationes,
1208 3912 1455 3965 quarum
1495 3914 1609 3951 una
1640 3913 1707 3951 ex

85 3981 259 4053 Sylvii,
292 3987 477 4040 altera
507 4002 579 4039 ex
620 3983 809 4039 Vossii
847 3984 1097 4039 editione
1129 3985 1443 4055 desumpta
1474 3986 1706 4054 quidem

82 4068 177 4124 fuit
204 4092 217 4137 ς
249 4075 345 4129 sed
379 4075 493 4130 illa;
527 4075 587 4129 in
620 4074 740 4128 haec
781 4072 1099 4145 posteriore
1131 4073 1500 4129 fraudulento
1535 4073 1709 4129 falso-

82 4177 177 4230 que
203 4166 590 4234 genuinarum
636 4164 841 4236 Ignatii
874 4163 1253 4235 epistolarum
1286 4163 1455 4218 titulo
1499 4164 1707 4219 inscri-

80 4246 295 4311 buntur.

715 4361 943 4417 CAPUT
987 4361 1057 4416 II.

77 4480 133 4519 DE
162 4483 333 4527 νΑιιιιε
379 4488 437 4526 IN
494 4486 706 4527 [GNATII
749 4484 1041 4524 EPISTOLAS
1092 4485 1249 4524 NOTIS
1307 4486 1372 4523 ET
1426 4484 1703 4525 OBSERVA-

742 4557 1030 4596 TIONIBUS.

1849 638 2175 705 novatores,
2226 635 2283 690 in
2336 636 2661 707 primisque
2707 636 3029 692 Scultetum
3089 638 3491 696 defensionem

1846 728 1984 779 sunt
2024 724 2211 779 editae.
2275 725 2388 780 Sed
2419 725 2627 796 cuique
2660 732 2934 797 praeterea
2991 726 3255 797 epistolas
3318 745 3487 785 suam

1844 813 2130 885 analysin,
2164 814 2353 884 iisque
2392 815 2666 869 omnibus
2696 816 2978 887 synopsin
3009 815 3151 871 Vitae
3200 817 3412 888 Ignatii
3436 827 3493 874 et

1843 904 2105 957 omnium
2139 903 2517 974 epistolarum
2549 902 2877 975 apologiam
2911 906 3301 974 praemisit.At
3335 911 3487 963 certe

1841 990 1891 1044 si
1925 990 2018 1046 ille
2052 992 2107 1045 in
2161 994 2336 1047 rebus
2368 992 2585 1047 criticis
2629 994 2815 1063 magis
2848 993 3057 1049 fuisset
3112 996 3483 1064 exercitatus,

1839 1079 1925 1134 vel
1958 1084 2086 1149 post
2122 1080 2334 1136 Usserii
2368 1080 2676 1151 Vossiique
2707 1081 3011 1148 editiones,
3035 1100 3200 1138 suam
3228 1084 3487 1141 dedisset

1839 1168 2189 1241 apologiam,
2223 1186 2525 1240 nunquam
2561 1172 2816 1240 profecto
2857 1171 3231 1238 adulterinas,
3266 1190 3484 1245 suppo-

1837 1258 2166 1328 sititiasque
2198 1260 2666 1330 epistolas,aeque
2696 1275 2760 1315 ac
2794 1276 2956 1315 veras
2990 1260 3214 1331 Ignatio
3248 1262 3483 1332 adiudi-

1834 1347 2052 1401 candas
2085 1362 2214 1402 esse
2236 1364 2407 1402 suum
2441 1348 2499 1401 in
2534 1348 2797 1402 animum
2833 1348 3175 1404 induxisset.

1904 1435 2174 1492 Nicolaus
2208 1436 2481 1491 Vedelius
2532 1441 2661 1508 post
2683 1436 2945 1508 singulas
2968 1454 3231 1510 quasque
3262 1440 3483 1510 episto-

1831 1526 1916 1581 las
1950 1527 2181 1598 longam
2216 1526 2699 1593 dissertationem,
2733 1526 2907 1582 variis
2956 1529 3245 1598 capitibus
3276 1531 3484 1588 distin-

1831 1615 2463 1686 ctam,subjunxit,qua
2493 1615 2839 1672 Calvinianae
2873 1633 2994 1672 suae
3025 1622 3196 1674 sectae
3229 1635 3477 1686 errores,

1829 1710 1885 1760 et
1914 1704 2028 1760 alia
2058 1705 2325 1776 quaedam
2385 1704 2685 1773 doctrinae,
2720 1704 3166 1779 disciplinaeque
3214 1709 3480 1765 ecclesia-

1829 1795 1985 1850 sticae
2018 1793 2207 1865 capita
2257 1794 2532 1849 adversus
2564 1793 2984 1850 Bellarminum
3036 1812 3101 1851 ac
3160 1798 3475 1854 Baronium

1419 1883 1724 1984 ἑῖξίζζξέ
1754 1923 1799 1986 Β
1831 1883 2254 1956 propugnanda
2303 1883 2583 1954 suscepit.
2634 1885 2695 1937 In
2756 1883 2911 1939 calce
2961 1889 3157 1940 autem
3209 1888 3472 1956 adjecit:

1830 1996 1858 2024 ‹‹
1892 1974 2069 2029 Notas
2100 1972 2358 2038 criticas,
2393 1978 2449 2028 et
2494 1973 2924 2029 observationes
2974 1976 3255 2045 quasdam
3286 1976 3474 2049 philo-

1828 2064 2047 2136 logicas
2072 2064 2130 2118 in
2161 2062 2437 2134 epistolas
2491 2067 2713 2134 septem
2747 2080 3056 2135 germanas
3089 2066 3312 2136 Ignatii.
3349 2092 3370 2121 ι
3410 2073 3472 2123 In

1828 2154 1900 2209 iis
1941 2153 2293 2225 quandoque
2326 2153 2650 2208 versionem
2684 2157 3240 2227 suam,quandoque
3266 2160 3473 2229 genui-

1827 2260 1928 2298 nas
1968 2243 2177 2314 Ignalii
2224 2241 2499 2313 epistolas
2551 2247 2747 2297 tuetur
2776 2248 2832 2298 et
2863 2245 3091 2311 asserit,
3127 2248 3475 2318 quandoque

1825 2349 2026 2389 earum
2058 2331 2534 2403 interpolationes
2576 2331 2815 2400 indicat,
2852 2334 3202 2404 quandoque
3234 2336 3471 2392 tandem

1824 2425 2041 2476 textum
2075 2435 2272 2475 earum
2304 2419 2551 2488 explicat
2581 2423 2682 2474 aut
2711 2420 2969 2492 corrigit.

1895 2508 2098 2564 Billius
2132 2523 2365 2579 quoque
2412 2508 2722 2577 quasdam,
2776 2513 2839 2563 ut
2886 2510 3008 2577 ipse
3068 2511 3168 2576 ait,
3200 2511 3471 2566 observa-

1822 2598 2119 2653 tiunculas
2170 2599 2240 2651 ad
2303 2595 2591 2668 lgnatiani
2649 2602 2837 2651 textus
2870 2598 3072 2664 Graeci,
3106 2599 3193 2655 vel
3250 2601 3471 2656 Latinas

1822 2686 1984 2743 illius
2016 2686 2299 2741 versionis
2348 2686 2810 2741 emendationem
2855 2688 3177 2758 posteritati
3214 2689 3466 2760 reliquit.

1821 2835 1848 2900 §
1902 2833 1973 2888 II.
2037 2832 2110 2886 De
2159 2830 2615 2956 adnotationibuls
2669 2832 2915 2913 .Usserz'r',
2968 2832 3137 2887 Vossii
3209 2836 3258 2889 el
3316 2836 3469 2891 Cote-

2595 2916 2720 2956 erat.

2595 2916 2720 2957 ϐνίῑ.

1896 3036 2161 3095 Usserius
2224 3052 2357 3093 vero
2413 3036 2609 3109 plures
2648 3036 2832 3092 edidit
2882 3038 3311 3109 adnotationes,
3351 3063 3372 3092 ι
3409 3043 3469 3098 in

1822 3128 2060 3198 quibus,
2082 3126 2276 3197 inquit
2308 3125 2427 3195 ille,
2461 3125 2792 3181 Graecorum
2824 3126 3267 3199 exemplarium,
3291 3140 3345 3186 et
3376 3131 3468 3186 in-

1820 3220 1909 3270 ter
1939 3220 2086 3283 se,et
2116 3231 2248 3270 cum
2284 3219 2527 3285 utraque
2545 3217 2734 3269 vetere
2758 3216 2962 3271 Latina
2989 3216 3468 3289 interpretatione

1820 3304 2175 3375 comparatio
2234 3304 2583 3358 continetur.
2648 3325 2676 3352 ››
2705 3304 2815 3359 Sed
2875 3321 3005 3360 cum
3041 3305 3150 3360 illas
3183 3308 3467 3379 genuinas

1822 3397 2053 3449 tantum
2084 3392 2363 3463 epistolas
2406 3393 2611 3463 lgnatii
2653 3398 3010 3464 spectarent,
3042 3395 3187 3451 alias
3217 3397 3276 3452 in
3309 3414 3466 3453 com-

1822 3485 2116 3540 mentitias
2148 3489 2206 3539 et
2236 3483 2598 3539 adulterinas
2627 3485 2685 3539 in
2719 3485 3046 3556 Appendice
3074 3503 3183 3542 sua
3213 3489 3467 3559 posthaec

1821 3577 2024 3633 edidit.
2061 3576 2285 3631 Priores
2327 3581 2393 3629 ut
2442 3576 2668 3646 praefert
2700 3576 2931 3647 titulus,
2971 3580 3257 3649 quaedam
3293 3583 3465 3653 Igna-

1822 3664 1965 3720 tiani
1996 3668 2190 3718 textus
2232 3664 2645 3731 correctiones,
2677 3669 2778 3719 aut
2809 3667 3095 3722 variantes
3140 3670 3468 3726 manuscri—

1820 3756 2053 3823 ptorum
2078 3751 2345 3807 codicum
2374 3750 2651 3805 lectiones
2684 3752 3343 3812 exhibent.Posteriores
3377 3774 3469 3812 ve-

1819 3859 1881 3896 ro
1903 3840 1989 3897 vel
2019 3839 2268 3895 aliarum
2308 3839 2689 3910 epistolarum
2722 3840 3059 3909 falsitatem,
3096 3854 3193 3898 aut
3225 3844 3460 3902 illarum

1818 3946 1951 3985 cum
2010 3927 2353 4000 apostolicis
2429 3928 2955 3984 Constitutionibus
3013 3930 3459 3990 similitudinem

1819 4019 2174 4091 patefaciunt
2202 4021 2259 4072 et
2289 4018 2708 4075 demonstrant.

1886 4106 2375 4162 Adnotationibus
2406 4106 2596 4162 Vossii
2630 4108 2791 4162 solus
2823 4109 3211 4180 genuinarum
3244 4110 3458 4182 episto-

1814 4196 2004 4252 larum
2036 4200 2223 4251 textus
2256 4195 2599 4267 castigatur,
2632 4200 2730 4251 aut
2778 4198 3062 4252 enodatur
3109 4216 3122 4266 ;
3157 4200 3457 4256 nonnullis

1814 4285 2141 4353 tamen,sed
2178 4283 2553 4355 paucissimis
2584 4286 2975 4355 quarumdam
3007 4286 3218 4343 veritas
3242 4290 3455 4360 episto-

1816 4374 1995 4429 larum
2021 4372 2324 4428 asseritur.
2376 4375 2693 4444 Postquam
2728 4379 2923 4429 autem
2974 4375 3313 4434 Blondellus
3341 4397 3457 4435 non

1816 4461 1977 4517 nulla
2016 4461 2224 4516 harum
2278 4461 2848 4519 animadversionum
2902 4470 3094 4521 errata
3146 4468 3456 4539 arguisset,

1813 4556 1956 4608 tunc
1995 4551 2238 4607 Vossius
2268 4550 2534 4621 epistola,
2568 4552 2639 4607 ad
2700 4553 2971 4610 Rivetum
3029 4556 3185 4627 data,
3218 4564 3395 4631 atque
3426 4577 3458 4615 a

77 4646 99 4710 §
142 4645 177 4700 l.
227 4649 294 4704 De
349 4649 497 4705 notis
548 4657 598 4703 et
654 4648 1123 4720 observationibus
1180 4615 1707 4719 Vairneling/‘lvii,
1741 4639 1784 4703 D
1812 4641 2122 4698 Pearsonio
2170 4642 2228 4695 in
2270 4638 2425 4696 calce
2457 4639 2859 4697 Vindiciarum
2917 4615 3455 4720 suarum'vul‘gata,

199 4723 482 4776 Martialis
506 4721 783 4789 Maestraei,
817 4718 1036 4774 Νίσοιαὶ
1070 4719 1280 4775 Vedelii
1300 4727 1351 4773 et
1381 4718 1559 4774 Billiz’.

136 4824 207 4879 Ex
236 4826 305 4882 iis
322 4828 422 4899 qui
456 4828 717 4899 aliquam
738 4826 1125 4899 epistolarum
1150 4826 1358 4897 Ignatii
1392 4826 1704 4883 editionem

76 4912 502 4983 aiornaverunt,
566 4915 807 4988 plurimi
876 4915 1011 4971 illas
1071 4916 1225 4969 nolis
1284 4916 1705 4971 observationi-

74 4997 270 5071 busque
314 5006 441 5061 suis
493 5004 792 5061 illustrare
835 5004 1097 5076 aggressi
1130 5008 1291 5059 sunt.
1339 5006 1418 5058 Ac
1450 5004 1703 5074 primum

74 5090 285 5159 quidem
319 5094 658 5150 Vairnelius
681 5093 911 5166 Sylvius
924 5093 1190 5164 quadarn
1209 5093 1266 5147 in
1286 5109 1385 5148 eas
1415 5094 1702 5159 observat,

76 5178 139 5232 ad
163 5185 345 5238 textus
372 5183 559 5240 Graeci
620 5188 721 5239 aut
771 5182 1056 5239 versionis
1090 5198 1209 5237 suaa
1260 5181 1700 5253 explicationem

72 5268 435 5327 conducentia
474 5289 486 5337 ;
524 5272 625 5326 sed
685 5287 806 5341 qua:
839 5272 909 5327 ad
972 5274 1195 5326 textum
1247 5274 1531 5342 spectant,
1560 5288 1701 5342 pau-

72 5354 211 5412 ciora
270 5366 428 5427 sunt,
493 5361 855 5433 minerisque
904 5361 1204 5415 momenti.
1268 5361 1347 5414 Ea
1395 5364 1591 5415 tamen
1640 5361 1699 5414 in

72 5445 322 5504 omnibus
354 5449 595 5505 Patrum
636 5449 1014 5505 Hibliotbecis
1050 5447 1342 5519 publicata
1372 5450 1623 5503 fuerunt.

131 5534 403 5593 Martialis
456 5539 776 5595 Maestrzeus
830 5538 1030 5610 plures
1071 5552 1305 5608 quoque
1350 5536 1408 5590 in
1464 5538 1697 5592 easdem

68 5620 589 5683 animadversiones
619 5625 894 5696 vulgavit,
926 5641 1178 5698 quarum
1209 5624 1339 5680 alia:
1369 5624 1439 5680 ad
1473 5628 1693 5679 textum

64 5710 339 5788 Graecum,
369 5716 821 5789 versionemque
866 5730 1035 5774 suam
1088 5713 1383 5787 pertinent
1413 5732 1428 5787 ;
1462 5712 1585 5770 aliae
1618 5713 1691 5771 ad

1818 4732 1891 4788 ad
1924 4731 2056 4786 illas
2083 4734 2315 4786 strenue
2347 4732 2799 4801 propugnandas
2832 4748 3145 4803 aggressus
3179 4742 3285 4791 est.

1888 4821 2188 4875 Postremo
2218 4818 2537 4874 Cotelerius
2568 4818 2627 4873 in
2660 4836 2861 4875 omnes
2894 4821 3097 4887 Ignatii
3123 4826 3303 4879 nostri
3336 4826 3457 4897 epi-

1815 4909 1995 4966 stolas
2027 4914 2194 4964 notas
2227 4908 2422 4963 emisit
2451 4914 2627 4979 atque
2658 4909 3111 4966 observationes.
3145 4912 3300 4974 Quas
3323 4930 3455 4970 vero

1815 5000 1873 5054 in
1907 4999 2189 5071 genuinas
2221 4996 2318 5051 ille
2352 4997 2610 5067 protulit,
2644 5015 2725 5054 ea:
2755 5001 2975 5055 caeteris
3008 5000 3285 5056 omnibus
3319 5010 3455 5057 sunt

1813 5087 2122 5160 longiores,
2156 5085 2346 5156 iisque
2377 5101 2489 5139 non
2522 5085 2712 5141 solum
2744 5093 2936 5144 textus
2968 5087 3317 5158 illustratur,
3353 5100 3454 5147 sed

1812 5178 1899 5232 has
1956 5176 2330 5248 potissimum
2390 5174 2649 5243 epistolas
2686 5176 2909 5247 Ignatio
2956 5178 3346 5235 vindicantur.
3384 5183 3448 5235 In

1812 5266 1943 5321 aliis
1975 5280 2144 5335 porro
2159 5261 2870 5320 adnotationibustextum
2903 5268 3163 5324 auctoris
3186 5284 3252 5324 ex
3284 5270 3456 5325 variis

1812 5356 2058 5411 aliorum
2090 5356 2325 5407 Patrum
2358 5350 2712 5407 testimoniis
2746 5354 3033 5426 praecipue
3064 5359 3351 5427 explanat,
3386 5376 3453 5414 ac

1810 5442 2162 5514 quibusdam
2206 5439 2262 5493 in
2290 5438 2434 5493 locis
2466 5438 2535 5492 de
2569 5439 2918 5510 virginitate,
2954 5444 3023 5498 de
3056 5446 3458 5517 apostolorum

1807 5527 2539 5601 conjugio,nonnullisque
2572 5528 2643 5582 de
2665 5527 2951 5584 haereticis
2982 5547 3311 5589 sermonem
3346 5535 3460 5590 dis-

1810 5620 2291 5694 putationemque
2322 5616 2596 5672 instituit.
2631 5617 2914 5674 Caaterum
2962 5636 3169 5675 omnes
3209 5621 3318 5676 illas
3356 5624 3458 5678 do-

1808 5708 2058 5767 ctissimi
2090 5706 2197 5763 viri
2250 5705 2689 5765 observationes
2714 5706 2975 5778 ejusdem
3034 5712 3175 5765 sunt
3203 5709 3455 5781 generis,
