  <div class='ocr_page' id='page_1' title='image "/cluster/home/n/w/nwhite01/storage/ocr_20150623/5/pst.000005711819/287.png"; bbox 0 0 3942 6302; ppageno 0'>
   <div class='ocr_carea' id='block_1_1' title="bbox 417 410 536 472">
    <p class='ocr_par' dir='ltr' id='par_1_1' title="bbox 417 410 536 472">
     <span class='ocr_line' id='line_1_1' title="bbox 417 410 536 472; baseline -0.017 0"><span class='ocrx_word' id='word_1_1' title='bbox 417 410 536 472; x_wconf 74' lang='lat'><strong>559</strong></span> 
     </span>
    </p>
   </div>
   <div class='ocr_carea' id='block_1_2' title="bbox 413 542 2067 618">
    <p class='ocr_par' dir='ltr' id='par_1_2' title="bbox 413 542 2067 618">
     <span class='ocr_line' id='line_1_2' title="bbox 413 542 2067 618; baseline -0.002 -17"><span class='ocrx_word' id='word_1_2' title='bbox 413 561 481 601; x_wconf 85' lang='lat' dir='ltr'><strong>ac</strong></span> <span class='ocrx_word' id='word_1_3' title='bbox 511 561 588 599; x_wconf 72' lang='grc' dir='ltr'><strong>ϐω</strong></span> <span class='ocrx_word' id='word_1_4' title='bbox 620 560 770 616; x_wconf 89' lang='lat' dir='ltr'><strong>quas</strong></span> <span class='ocrx_word' id='word_1_5' title='bbox 803 545 1165 610; x_wconf 59' lang='lat' dir='ltr'><strong>inBarnabss</strong></span> <span class='ocrx_word' id='word_1_6' title='bbox 1187 544 1775 618; x_wconf 88' lang='lat' dir='ltr'><strong>epistolamedidit.ln</strong></span> <span class='ocrx_word' id='word_1_7' title='bbox 1799 542 2067 614; x_wconf 82' lang='lat' dir='ltr'><strong>utrisque</strong></span> 
     </span>
    </p>
   </div>
   <div class='ocr_carea' id='block_1_3' title="bbox 411 632 2063 705">
    <p class='ocr_par' dir='ltr' id='par_1_3' title="bbox 411 632 2063 705">
     <span class='ocr_line' id='line_1_3' title="bbox 411 632 2063 705; baseline -0.003 -15"><span class='ocrx_word' id='word_1_8' title='bbox 411 638 638 703; x_wconf 86' lang='lat' dir='ltr'><strong>tamen,</strong></span> <span class='ocrx_word' id='word_1_9' title='bbox 691 651 763 690; x_wconf 88' lang='lat' dir='ltr'><strong>ne</strong></span> <span class='ocrx_word' id='word_1_10' title='bbox 789 635 928 705; x_wconf 89' lang='lat' dir='ltr'><strong>quid</strong></span> <span class='ocrx_word' id='word_1_11' title='bbox 980 634 1449 700; x_wconf 80' lang='lat' dir='ltr'><strong>dissimulamus,</strong></span> <span class='ocrx_word' id='word_1_12' title='bbox 1485 635 1626 689; x_wconf 91' lang='lat' dir='ltr'><strong>illud</strong></span> <span class='ocrx_word' id='word_1_13' title='bbox 1658 633 1872 690; x_wconf 81' lang='lat' dir='ltr'><strong>eruditi</strong></span> <span class='ocrx_word' id='word_1_14' title='bbox 1905 632 2063 687; x_wconf 92' lang='lat' dir='ltr'><strong>desi-</strong></span> 
     </span>
    </p>
   </div>
   <div class='ocr_carea' id='block_1_4' title="bbox 413 723 2063 796">
    <p class='ocr_par' dir='ltr' id='par_1_4' title="bbox 413 723 2063 796">
     <span class='ocr_line' id='line_1_4' title="bbox 413 723 2063 796; baseline -0.001 -17"><span class='ocrx_word' id='word_1_15' title='bbox 413 724 715 786; x_wconf 88' lang='lat' dir='ltr'><strong>derant,ut</strong></span> <span class='ocrx_word' id='word_1_16' title='bbox 744 740 778 778; x_wconf 89' lang='lat' dir='ltr'><strong>a</strong></span> <span class='ocrx_word' id='word_1_17' title='bbox 800 723 1096 796; x_wconf 91' lang='lat' dir='ltr'><strong>proposito</strong></span> <span class='ocrx_word' id='word_1_18' title='bbox 1124 724 1378 780; x_wconf 81' lang='lat' dir='ltr'><strong>auctoris</strong></span> <span class='ocrx_word' id='word_1_19' title='bbox 1397 725 1486 779; x_wconf 89' lang='lat' dir='ltr'><strong>sui</strong></span> <span class='ocrx_word' id='word_1_20' title='bbox 1512 729 1675 780; x_wconf 80' lang='lat' dir='ltr'><strong>textu</strong></span> <span class='ocrx_word' id='word_1_21' title='bbox 1697 723 1892 778; x_wconf 90' lang='lat' dir='ltr'><strong>minus</strong></span> <span class='ocrx_word' id='word_1_22' title='bbox 1914 737 2063 792; x_wconf 66' lang='lat' dir='ltr'><strong>saepe</strong></span> 
     </span>
    </p>
   </div>
   <div class='ocr_carea' id='block_1_5' title="bbox 414 810 2064 885">
    <p class='ocr_par' dir='ltr' id='par_1_5' title="bbox 414 810 2064 885">
     <span class='ocr_line' id='line_1_5' title="bbox 414 810 2064 885; baseline -0.002 -16"><span class='ocrx_word' id='word_1_23' title='bbox 414 814 512 869; x_wconf 89' lang='lat' dir='ltr'><strong>ille</strong></span> <span class='ocrx_word' id='word_1_24' title='bbox 545 813 847 885; x_wconf 86' lang='lat' dir='ltr'><strong>digressus</strong></span> <span class='ocrx_word' id='word_1_25' title='bbox 878 813 1220 880; x_wconf 87' lang='lat' dir='ltr'><strong>fuisset,neo</strong></span> <span class='ocrx_word' id='word_1_26' title='bbox 1238 813 1361 869; x_wconf 91' lang='lat' dir='ltr'><strong>suis</strong></span> <span class='ocrx_word' id='word_1_27' title='bbox 1391 818 1510 869; x_wconf 88' lang='lat' dir='ltr'><strong>tam</strong></span> <span class='ocrx_word' id='word_1_28' title='bbox 1527 813 1695 869; x_wconf 78' lang='lat' dir='ltr'><strong>facile</strong></span> <span class='ocrx_word' id='word_1_29' title='bbox 1718 810 2064 868; x_wconf 84' lang='lat' dir='ltr'><strong>indulsisset</strong></span> 
     </span>
    </p>
   </div>
   <div class='ocr_carea' id='block_1_6' title="bbox 415 903 788 976">
    <p class='ocr_par' dir='ltr' id='par_1_6' title="bbox 415 903 788 976">
     <span class='ocr_line' id='line_1_6' title="bbox 415 903 788 976; baseline -0.011 -15"><span class='ocrx_word' id='word_1_30' title='bbox 415 903 788 976; x_wconf 88' lang='lat' dir='ltr'><strong>conjecturis.</strong></span> 
     </span>
    </p>
   </div>
   <div class='ocr_carea' id='block_1_7' title="bbox 1052 1029 1414 1086">
    <p class='ocr_par' dir='ltr' id='par_1_7' title="bbox 1052 1029 1414 1086">
     <span class='ocr_line' id='line_1_7' title="bbox 1052 1029 1414 1086; baseline -0.006 0"><span class='ocrx_word' id='word_1_31' title='bbox 1052 1029 1278 1086; x_wconf 85' lang='lat' dir='ltr'><strong>CAPUT</strong></span> <span class='ocrx_word' id='word_1_32' title='bbox 1319 1029 1414 1084; x_wconf 87' lang='lat' dir='ltr'><strong>Ill.</strong></span> 
     </span>
    </p>
   </div>
   <div class='ocr_carea' id='block_1_8' title="bbox 417 1169 2060 1221">
    <p class='ocr_par' dir='ltr' id='par_1_8' title="bbox 417 1169 2060 1221">
     <span class='ocr_line' id='line_1_8' title="bbox 417 1169 2060 1221; baseline -0.004 -6"><span class='ocrx_word' id='word_1_33' title='bbox 417 1174 668 1221; x_wconf 70' lang='lat' dir='ltr'><strong>QUEDAM</strong></span> <span class='ocrx_word' id='word_1_34' title='bbox 709 1173 875 1213; x_wconf 68' lang='lat' dir='ltr'><strong>NOVE</strong></span> <span class='ocrx_word' id='word_1_35' title='bbox 913 1171 1362 1212; x_wconf 77' lang='lat' dir='ltr'><strong>OBSERVATIONES</strong></span> <span class='ocrx_word' id='word_1_36' title='bbox 1402 1170 1460 1209; x_wconf 79' lang='grc' dir='ltr'><strong>ΙΝ</strong></span> <span class='ocrx_word' id='word_1_37' title='bbox 1500 1169 1710 1209; x_wconf 69' lang='grc' dir='ltr'><strong>ιαΝΑτιι</strong></span> <span class='ocrx_word' id='word_1_38' title='bbox 1750 1169 2060 1209; x_wconf 70' lang='lat' dir='ltr'><strong>EPISTOLLB.</strong></span> 
     </span>
    </p>
   </div>
   <div class='ocr_carea' id='block_1_9' title="bbox 841 1280 1634 1355">
    <p class='ocr_par' dir='ltr' id='par_1_9' title="bbox 841 1280 1634 1355">
     <span class='ocr_line' id='line_1_9' title="bbox 841 1280 1634 1355; baseline -0.006 -16"><span class='ocrx_word' id='word_1_39' title='bbox 841 1283 871 1355; x_wconf 88' lang='lat'>§</span> <span class='ocrx_word' id='word_1_40' title='bbox 904 1283 946 1339; x_wconf 88' lang='grc' dir='ltr'><strong>Ι.</strong></span> <span class='ocrx_word' id='word_1_41' title='bbox 987 1284 1060 1338; x_wconf 83' lang='lat' dir='ltr'><strong>De</strong></span> <span class='ocrx_word' id='word_1_42' title='bbox 1093 1281 1299 1336; x_wconf 78' lang='lat' dir='ltr'><strong>Christi</strong></span> <span class='ocrx_word' id='word_1_43' title='bbox 1325 1280 1634 1336; x_wconf 75' lang='lat' dir='ltr'><strong>divinitate.</strong></span> 
     </span>
    </p>
   </div>
   <div class='ocr_carea' id='block_1_10' title="bbox 483 1405 2065 1465">
    <p class='ocr_par' dir='ltr' id='par_1_10' title="bbox 483 1405 2065 1465">
     <span class='ocr_line' id='line_1_10' title="bbox 483 1405 2065 1465; baseline -0.003 -1"><span class='ocrx_word' id='word_1_44' title='bbox 483 1409 584 1465; x_wconf 87' lang='lat' dir='ltr'><strong>His</strong></span> <span class='ocrx_word' id='word_1_45' title='bbox 637 1409 942 1464; x_wconf 87' lang='lat' dir='ltr'><strong>doctorum</strong></span> <span class='ocrx_word' id='word_1_46' title='bbox 994 1407 1300 1463; x_wconf 86' lang='lat' dir='ltr'><strong>hominum</strong></span> <span class='ocrx_word' id='word_1_47' title='bbox 1334 1406 1842 1464; x_wconf 82' lang='lat' dir='ltr'><strong>observationibus</strong></span> <span class='ocrx_word' id='word_1_48' title='bbox 1884 1406 1931 1461; x_wconf 84' lang='lat' dir='ltr'><strong>si</strong></span> <span class='ocrx_word' id='word_1_49' title='bbox 1965 1405 2065 1461; x_wconf 87' lang='lat' dir='ltr'><strong>ali-</strong></span> 
     </span>
    </p>
   </div>
   <div class='ocr_carea' id='block_1_11' title="bbox 414 1495 2062 1570">
    <p class='ocr_par' dir='ltr' id='par_1_11' title="bbox 414 1495 2062 1570">
     <span class='ocr_line' id='line_1_11' title="bbox 414 1495 2062 1570; baseline -0.002 -17"><span class='ocrx_word' id='word_1_50' title='bbox 414 1499 552 1570; x_wconf 90' lang='lat' dir='ltr'><strong>quid</strong></span> <span class='ocrx_word' id='word_1_51' title='bbox 617 1498 865 1567; x_wconf 85' lang='lat' dir='ltr'><strong>adjicere</strong></span> <span class='ocrx_word' id='word_1_52' title='bbox 923 1496 1094 1552; x_wconf 90' lang='lat' dir='ltr'><strong>nobis</strong></span> <span class='ocrx_word' id='word_1_53' title='bbox 1148 1495 1337 1567; x_wconf 87' lang='lat' dir='ltr'><strong>liceat,</strong></span> <span class='ocrx_word' id='word_1_54' title='bbox 1397 1497 1585 1566; x_wconf 90' lang='lat' dir='ltr'><strong>primo</strong></span> <span class='ocrx_word' id='word_1_55' title='bbox 1645 1495 2062 1550; x_wconf 89' lang='lat' dir='ltr'><strong>adnotabimus</strong></span> 
     </span>
    </p>
   </div>
   <div class='ocr_carea' id='block_1_12' title="bbox 414 1584 2064 1659">
    <p class='ocr_par' dir='ltr' id='par_1_12' title="bbox 414 1584 2064 1659">
     <span class='ocr_line' id='line_1_12' title="bbox 414 1584 2064 1659; baseline -0.002 -14"><span class='ocrx_word' id='word_1_56' title='bbox 414 1603 749 1659; x_wconf 88' lang='lat' dir='ltr'><strong>supremam</strong></span> <span class='ocrx_word' id='word_1_57' title='bbox 799 1585 1012 1642; x_wconf 89' lang='lat' dir='ltr'><strong>Christi</strong></span> <span class='ocrx_word' id='word_1_58' title='bbox 1045 1585 1274 1642; x_wconf 88' lang='lat' dir='ltr'><strong>Domini</strong></span> <span class='ocrx_word' id='word_1_59' title='bbox 1335 1585 1694 1640; x_wconf 86' lang='lat' dir='ltr'><strong>divinitatem</strong></span> <span class='ocrx_word' id='word_1_60' title='bbox 1739 1584 1811 1640; x_wconf 92' lang='lat' dir='ltr'><strong>ab</strong></span> <span class='ocrx_word' id='word_1_61' title='bbox 1845 1585 2064 1656; x_wconf 87' lang='lat' dir='ltr'><strong>lgnatio</strong></span> 
     </span>
    </p>
   </div>
   <div class='ocr_carea' id='block_1_13' title="bbox 418 1675 2062 1748">
    <p class='ocr_par' dir='ltr' id='par_1_13' title="bbox 418 1675 2062 1748">
     <span class='ocr_line' id='line_1_13' title="bbox 418 1675 2062 1748; baseline -0.001 -14"><span class='ocrx_word' id='word_1_62' title='bbox 418 1684 616 1735; x_wconf 90' lang='lat' dir='ltr'><strong>nostro</strong></span> <span class='ocrx_word' id='word_1_63' title='bbox 649 1679 803 1734; x_wconf 88' lang='lat' dir='ltr'><strong>clare</strong></span> <span class='ocrx_word' id='word_1_64' title='bbox 834 1681 891 1732; x_wconf 90' lang='lat' dir='ltr'><strong>et</strong></span> <span class='ocrx_word' id='word_1_65' title='bbox 921 1679 1224 1748; x_wconf 85' lang='lat' dir='ltr'><strong>perspicue</strong></span> <span class='ocrx_word' id='word_1_66' title='bbox 1263 1680 1444 1733; x_wconf 86' lang='lat' dir='ltr'><strong>asseri</strong></span> <span class='ocrx_word' id='word_1_67' title='bbox 1471 1685 1524 1732; x_wconf 87' lang='lat' dir='ltr'><strong>et</strong></span> <span class='ocrx_word' id='word_1_68' title='bbox 1555 1676 1858 1732; x_wconf 82' lang='lat' dir='ltr'><strong>defendi.A</strong></span> <span class='ocrx_word' id='word_1_69' title='bbox 1895 1675 2062 1732; x_wconf 80' lang='lat' dir='ltr'><strong>nobis</strong></span> 
     </span>
    </p>
   </div>
   <div class='ocr_carea' id='block_1_14' title="bbox 415 1765 2062 1838">
    <p class='ocr_par' dir='ltr' id='par_1_14' title="bbox 415 1765 2062 1838">
     <span class='ocr_line' id='line_1_14' title="bbox 415 1765 2062 1838; baseline -0.003 -15"><span class='ocrx_word' id='word_1_70' title='bbox 415 1769 570 1824; x_wconf 91' lang='lat' dir='ltr'><strong>enim</strong></span> <span class='ocrx_word' id='word_1_71' title='bbox 597 1768 720 1838; x_wconf 89' lang='lat' dir='ltr'><strong>jam</strong></span> <span class='ocrx_word' id='word_1_72' title='bbox 752 1767 1218 1822; x_wconf 88' lang='lat' dir='ltr'><strong>demonstratum</strong></span> <span class='ocrx_word' id='word_1_73' title='bbox 1279 1771 1369 1821; x_wconf 88' lang='lat' dir='ltr'><strong>est</strong></span> <span class='ocrx_word' id='word_1_74' title='bbox 1409 1765 1574 1821; x_wconf 88' lang='lat' dir='ltr'><strong>Verbi</strong></span> <span class='ocrx_word' id='word_1_75' title='bbox 1621 1765 1799 1820; x_wconf 84' lang='lat' dir='ltr'><strong>divini</strong></span> <span class='ocrx_word' id='word_1_76' title='bbox 1831 1765 2062 1820; x_wconf 69' lang='lat' dir='ltr'><strong>aeterni-</strong></span> 
     </span>
    </p>
   </div>
   <div class='ocr_carea' id='block_1_15' title="bbox 415 1851 2062 1926">
    <p class='ocr_par' dir='ltr' id='par_1_15' title="bbox 415 1851 2062 1926">
     <span class='ocr_line' id='line_1_15' title="bbox 415 1851 2062 1926; baseline -0.004 -13"><span class='ocrx_word' id='word_1_77' title='bbox 415 1863 590 1913; x_wconf 87' lang='lat' dir='ltr'><strong>tatem</strong></span> <span class='ocrx_word' id='word_1_78' title='bbox 623 1857 692 1912; x_wconf 90' lang='lat' dir='ltr'><strong>ab</strong></span> <span class='ocrx_word' id='word_1_79' title='bbox 723 1855 821 1910; x_wconf 91' lang='lat' dir='ltr'><strong>illo</strong></span> <span class='ocrx_word' id='word_1_80' title='bbox 854 1855 1024 1926; x_wconf 87' lang='lat' dir='ltr'><strong>plane</strong></span> <span class='ocrx_word' id='word_1_81' title='bbox 1055 1858 1295 1910; x_wconf 90' lang='lat' dir='ltr'><strong>omnino</strong></span> <span class='ocrx_word' id='word_1_82' title='bbox 1327 1861 1383 1909; x_wconf 90' lang='lat' dir='ltr'><strong>et</strong></span> <span class='ocrx_word' id='word_1_83' title='bbox 1433 1859 1628 1923; x_wconf 88' lang='lat' dir='ltr'><strong>aperte</strong></span> <span class='ocrx_word' id='word_1_84' title='bbox 1663 1855 1754 1910; x_wconf 92' lang='lat' dir='ltr'><strong>his</strong></span> <span class='ocrx_word' id='word_1_85' title='bbox 1784 1851 2062 1926; x_wconf 72' lang='lat' dir='ltr'><strong>explicari</strong></span> 
     </span>
    </p>
   </div>
   <div class='ocr_carea' id='block_1_16' title="bbox 413 1939 2062 2020">
    <p class='ocr_par' dir='ltr' id='par_1_16' title="bbox 413 1939 2062 2020">
     <span class='ocr_line' id='line_1_16' title="bbox 413 1939 2062 2020; baseline -0.005 -18"><span class='ocrx_word' id='word_1_86' title='bbox 413 1946 605 2002; x_wconf 83' lang='lat' dir='ltr'><strong>verbis</strong></span> <span class='ocrx_word' id='word_1_87' title='bbox 637 1961 650 2000; x_wconf 89' lang='lat'>:</span> <span class='ocrx_word' id='word_1_88' title='bbox 682 1945 781 2003; x_wconf 70' lang='lat' dir='ltr'><strong>&quot;Oc</strong></span> <span class='ocrx_word' id='word_1_89' title='bbox 811 1942 950 1997; x_wconf 77' lang='grc' dir='ltr'><strong>ἐστιν</strong></span> <span class='ocrx_word' id='word_1_90' title='bbox 980 1943 1144 1997; x_wconf 69' lang='grc' dir='ltr'><strong>αἶ)τοῦ</strong></span> <span class='ocrx_word' id='word_1_91' title='bbox 1186 1941 1355 2020; x_wconf 70' lang='grc' dir='ltr'>λόγος</span> <span class='ocrx_word' id='word_1_92' title='bbox 1401 1939 1596 2011; x_wconf 73' lang='grc' dir='ltr'><strong>ἀΐδιος,</strong></span> <span class='ocrx_word' id='word_1_93' title='bbox 1631 1943 1733 1997; x_wconf 84' lang='grc' dir='ltr'>οὐκ</span> <span class='ocrx_word' id='word_1_94' title='bbox 1755 1941 1862 1997; x_wconf 86' lang='grc' dir='ltr'>ἀπὸ</span> <span class='ocrx_word' id='word_1_95' title='bbox 1903 1949 2062 2016; x_wconf 72' lang='grc' dir='ltr'><strong>σιγῆς</strong></span> 
     </span>
    </p>
   </div>
   <div class='ocr_carea' id='block_1_17' title="bbox 415 2031 2065 2108">
    <p class='ocr_par' dir='ltr' id='par_1_17' title="bbox 415 2031 2065 2108">
     <span class='ocr_line' id='line_1_17' title="bbox 415 2031 2065 2108; baseline -0.001 -20"><span class='ocrx_word' id='word_1_96' title='bbox 415 2031 722 2108; x_wconf 79' lang='grc' dir='ltr'><strong>προελθών,</strong></span> <span class='ocrx_word' id='word_1_97' title='bbox 758 2055 786 2083; x_wconf 85' lang='grc'><strong>‹‹</strong></span> <span class='ocrx_word' id='word_1_98' title='bbox 818 2034 914 2104; x_wconf 90' lang='lat' dir='ltr'><strong>qui</strong></span> <span class='ocrx_word' id='word_1_99' title='bbox 938 2040 1027 2088; x_wconf 88' lang='lat' dir='ltr'><strong>est</strong></span> <span class='ocrx_word' id='word_1_100' title='bbox 1056 2033 1246 2104; x_wconf 88' lang='lat' dir='ltr'><strong>ipsius</strong></span> <span class='ocrx_word' id='word_1_101' title='bbox 1276 2034 1518 2088; x_wconf 89' lang='lat' dir='ltr'><strong>verbum</strong></span> <span class='ocrx_word' id='word_1_102' title='bbox 1568 2038 1849 2088; x_wconf 66' lang='lat' dir='ltr'><strong>aeternum</strong></span> <span class='ocrx_word' id='word_1_103' title='bbox 1887 2049 1999 2087; x_wconf 91' lang='lat' dir='ltr'><strong>non</strong></span> <span class='ocrx_word' id='word_1_104' title='bbox 2031 2049 2065 2087; x_wconf 90' lang='lat' dir='ltr'><strong>a</strong></span> 
     </span>
    </p>
   </div>
   <div class='ocr_carea' id='block_1_18' title="bbox 415 2121 2063 2195">
    <p class='ocr_par' dir='ltr' id='par_1_18' title="bbox 415 2121 2063 2195">
     <span class='ocr_line' id='line_1_18' title="bbox 415 2121 2063 2195; baseline -0.002 -16"><span class='ocrx_word' id='word_1_105' title='bbox 415 2123 647 2179; x_wconf 89' lang='lat' dir='ltr'><strong>silentio</strong></span> <span class='ocrx_word' id='word_1_106' title='bbox 679 2123 1057 2195; x_wconf 85' lang='lat' dir='ltr'><strong>progrediens</strong></span> <span class='ocrx_word' id='word_1_107' title='bbox 1083 2121 1148 2177; x_wconf 71' lang='grc'><strong>4⁵.</strong></span> <span class='ocrx_word' id='word_1_108' title='bbox 1186 2145 1214 2171; x_wconf 90' lang='grc'>››</span> <span class='ocrx_word' id='word_1_109' title='bbox 1245 2122 1488 2194; x_wconf 87' lang='lat' dir='ltr'><strong>Atquisi</strong></span> <span class='ocrx_word' id='word_1_110' title='bbox 1518 2122 1786 2177; x_wconf 92' lang='lat' dir='ltr'><strong>Christus</strong></span> <span class='ocrx_word' id='word_1_111' title='bbox 1809 2128 1897 2176; x_wconf 88' lang='lat' dir='ltr'><strong>est</strong></span> <span class='ocrx_word' id='word_1_112' title='bbox 1928 2121 2063 2176; x_wconf 89' lang='lat' dir='ltr'><strong>Ver-</strong></span> 
     </span>
    </p>
   </div>
   <div class='ocr_carea' id='block_1_19' title="bbox 417 2211 2061 2282">
    <p class='ocr_par' dir='ltr' id='par_1_19' title="bbox 417 2211 2061 2282">
     <span class='ocr_line' id='line_1_19' title="bbox 417 2211 2061 2282; baseline -0.003 -13"><span class='ocrx_word' id='word_1_113' title='bbox 417 2214 561 2269; x_wconf 91' lang='lat' dir='ltr'><strong>bum</strong></span> <span class='ocrx_word' id='word_1_114' title='bbox 593 2212 746 2267; x_wconf 90' lang='lat' dir='ltr'><strong>Patri</strong></span> <span class='ocrx_word' id='word_1_115' title='bbox 779 2228 883 2268; x_wconf 92' lang='lat' dir='ltr'><strong>suo</strong></span> <span class='ocrx_word' id='word_1_116' title='bbox 915 2216 1292 2280; x_wconf 74' lang='lat' dir='ltr'><strong>coaeternum,</strong></span> <span class='ocrx_word' id='word_1_117' title='bbox 1317 2212 1368 2266; x_wconf 90' lang='lat' dir='ltr'><strong>is</strong></span> <span class='ocrx_word' id='word_1_118' title='bbox 1400 2212 1523 2282; x_wconf 85' lang='lat' dir='ltr'><strong>ipse</strong></span> <span class='ocrx_word' id='word_1_119' title='bbox 1551 2216 1608 2266; x_wconf 90' lang='lat' dir='ltr'><strong>et</strong></span> <span class='ocrx_word' id='word_1_120' title='bbox 1628 2211 1893 2281; x_wconf 88' lang='lat' dir='ltr'><strong>ejusdem</strong></span> <span class='ocrx_word' id='word_1_121' title='bbox 1926 2227 2061 2265; x_wconf 91' lang='lat' dir='ltr'><strong>cum</strong></span> 
     </span>
    </p>
   </div>
   <div class='ocr_carea' id='block_1_20' title="bbox 422 2299 2061 2373">
    <p class='ocr_par' dir='ltr' id='par_1_20' title="bbox 422 2299 2061 2373">
     <span class='ocr_line' id='line_1_20' title="bbox 422 2299 2061 2373; baseline -0.001 -17"><span class='ocrx_word' id='word_1_122' title='bbox 422 2302 552 2373; x_wconf 90' lang='lat' dir='ltr'><strong>ipso</strong></span> <span class='ocrx_word' id='word_1_123' title='bbox 600 2307 843 2370; x_wconf 63' lang='lat' dir='ltr'><strong>natura,</strong></span> <span class='ocrx_word' id='word_1_124' title='bbox 887 2301 1162 2372; x_wconf 86' lang='lat' dir='ltr'><strong>idemque</strong></span> <span class='ocrx_word' id='word_1_125' title='bbox 1211 2317 1276 2356; x_wconf 89' lang='lat' dir='ltr'><strong>ac</strong></span> <span class='ocrx_word' id='word_1_126' title='bbox 1321 2299 1420 2355; x_wconf 91' lang='lat' dir='ltr'><strong>ille</strong></span> <span class='ocrx_word' id='word_1_127' title='bbox 1475 2299 1555 2356; x_wconf 88' lang='lat' dir='ltr'><strong>sit</strong></span> <span class='ocrx_word' id='word_1_128' title='bbox 1614 2301 1781 2368; x_wconf 90' lang='lat' dir='ltr'><strong>Deus,</strong></span> <span class='ocrx_word' id='word_1_129' title='bbox 1822 2299 2061 2355; x_wconf 90' lang='lat' dir='ltr'><strong>omnino</strong></span> 
     </span>
    </p>
   </div>
   <div class='ocr_carea' id='block_1_21' title="bbox 421 2394 799 2445">
    <p class='ocr_par' dir='ltr' id='par_1_21' title="bbox 421 2394 799 2445">
     <span class='ocr_line' id='line_1_21' title="bbox 421 2394 799 2445; baseline -0.003 -1"><span class='ocrx_word' id='word_1_130' title='bbox 421 2405 660 2445; x_wconf 89' lang='lat' dir='ltr'><strong>necesse</strong></span> <span class='ocrx_word' id='word_1_131' title='bbox 689 2394 799 2444; x_wconf 89' lang='lat' dir='ltr'><strong>est.</strong></span> 
     </span>
    </p>
   </div>
   <div class='ocr_carea' id='block_1_22' title="bbox 487 2478 2060 2552">
    <p class='ocr_par' dir='ltr' id='par_1_22' title="bbox 487 2478 2060 2552">
     <span class='ocr_line' id='line_1_22' title="bbox 487 2478 2060 2552; baseline -0.001 -18"><span class='ocrx_word' id='word_1_132' title='bbox 487 2480 688 2552; x_wconf 88' lang='lat' dir='ltr'><strong>Neque</strong></span> <span class='ocrx_word' id='word_1_133' title='bbox 741 2479 822 2534; x_wconf 91' lang='lat' dir='ltr'><strong>ibi</strong></span> <span class='ocrx_word' id='word_1_134' title='bbox 872 2483 1120 2543; x_wconf 86' lang='lat' dir='ltr'><strong>tantum,</strong></span> <span class='ocrx_word' id='word_1_135' title='bbox 1153 2480 1254 2534; x_wconf 90' lang='lat' dir='ltr'><strong>sed</strong></span> <span class='ocrx_word' id='word_1_136' title='bbox 1305 2479 1362 2534; x_wconf 89' lang='lat' dir='ltr'><strong>in</strong></span> <span class='ocrx_word' id='word_1_137' title='bbox 1415 2479 1548 2535; x_wconf 88' lang='lat' dir='ltr'><strong>aliis</strong></span> <span class='ocrx_word' id='word_1_138' title='bbox 1577 2479 1750 2535; x_wconf 89' lang='lat' dir='ltr'><strong>etiam</strong></span> <span class='ocrx_word' id='word_1_139' title='bbox 1799 2478 2060 2550; x_wconf 86' lang='lat' dir='ltr'><strong>epistolis</strong></span> 
     </span>
    </p>
   </div>
   <div class='ocr_carea' id='block_1_23' title="bbox 415 2566 2060 2624">
    <p class='ocr_par' dir='ltr' id='par_1_23' title="bbox 415 2566 2060 2624">
     <span class='ocr_line' id='line_1_23' title="bbox 415 2566 2060 2624; baseline -0.001 -2"><span class='ocrx_word' id='word_1_140' title='bbox 415 2567 537 2622; x_wconf 86' lang='lat' dir='ltr'><strong>suis</strong></span> <span class='ocrx_word' id='word_1_141' title='bbox 588 2568 854 2624; x_wconf 87' lang='lat' dir='ltr'><strong>eamdem</strong></span> <span class='ocrx_word' id='word_1_142' title='bbox 899 2566 1111 2622; x_wconf 88' lang='lat' dir='ltr'><strong>Christi</strong></span> <span class='ocrx_word' id='word_1_143' title='bbox 1167 2566 1524 2622; x_wconf 83' lang='lat' dir='ltr'><strong>divinitatem</strong></span> <span class='ocrx_word' id='word_1_144' title='bbox 1585 2566 2060 2622; x_wconf 87' lang='lat' dir='ltr'><strong>constantissime</strong></span> 
     </span>
    </p>
   </div>
   <div class='ocr_carea' id='block_1_24' title="bbox 411 2655 2056 2728">
    <p class='ocr_par' dir='ltr' id='par_1_24' title="bbox 411 2655 2056 2728">
     <span class='ocr_line' id='line_1_24' title="bbox 411 2655 2056 2728; baseline 0.002 -19"><span class='ocrx_word' id='word_1_145' title='bbox 411 2656 582 2711; x_wconf 86' lang='lat' dir='ltr'><strong>docet</strong></span> <span class='ocrx_word' id='word_1_146' title='bbox 612 2661 668 2710; x_wconf 92' lang='lat' dir='ltr'><strong>et</strong></span> <span class='ocrx_word' id='word_1_147' title='bbox 727 2656 1046 2728; x_wconf 65' lang='lat' dir='ltr'><strong>praedicat:</strong></span> <span class='ocrx_word' id='word_1_148' title='bbox 1082 2677 1110 2706; x_wconf 88' lang='lat'><strong>«</strong></span> <span class='ocrx_word' id='word_1_149' title='bbox 1143 2656 1434 2727; x_wconf 84' lang='lat' dir='ltr'><strong>Gloriﬁco,</strong></span> <span class='ocrx_word' id='word_1_150' title='bbox 1489 2656 1684 2727; x_wconf 91' lang='lat' dir='ltr'><strong>inquit</strong></span> <span class='ocrx_word' id='word_1_151' title='bbox 1737 2655 1805 2725; x_wconf 72' lang='grc'><strong>⁸⁸,</strong></span> <span class='ocrx_word' id='word_1_152' title='bbox 1852 2657 2056 2712; x_wconf 89' lang='lat' dir='ltr'><strong>Jesum</strong></span> 
     </span>
    </p>
   </div>
   <div class='ocr_carea' id='block_1_25' title="bbox 405 2745 2056 2802">
    <p class='ocr_par' dir='ltr' id='par_1_25' title="bbox 405 2745 2056 2802">
     <span class='ocr_line' id='line_1_25' title="bbox 405 2745 2056 2802; baseline -0.001 0"><span class='ocrx_word' id='word_1_153' title='bbox 405 2745 702 2802; x_wconf 89' lang='lat' dir='ltr'><strong>Christum</strong></span> <span class='ocrx_word' id='word_1_154' title='bbox 739 2747 940 2801; x_wconf 89' lang='lat' dir='ltr'><strong>Deum.</strong></span> <span class='ocrx_word' id='word_1_155' title='bbox 975 2768 1004 2796; x_wconf 84' lang='lat'>»</span> <span class='ocrx_word' id='word_1_156' title='bbox 1037 2745 1191 2802; x_wconf 78' lang='lat' dir='ltr'><strong>Alibi</strong></span> <span class='ocrx_word' id='word_1_157' title='bbox 1225 2763 1396 2802; x_wconf 87' lang='lat' dir='ltr'><strong>vero:</strong></span> <span class='ocrx_word' id='word_1_158' title='bbox 1444 2767 1472 2797; x_wconf 77' lang='grc' dir='ltr'>α</span> <span class='ocrx_word' id='word_1_159' title='bbox 1504 2747 1663 2802; x_wconf 91' lang='lat' dir='ltr'><strong>Unus</strong></span> <span class='ocrx_word' id='word_1_160' title='bbox 1681 2753 1768 2802; x_wconf 90' lang='lat' dir='ltr'><strong>est</strong></span> <span class='ocrx_word' id='word_1_161' title='bbox 1796 2745 2056 2802; x_wconf 84' lang='lat' dir='ltr'><strong>medicus</strong></span> 
     </span>
    </p>
   </div>
   <div class='ocr_carea' id='block_1_26' title="bbox 407 2834 2056 2906">
    <p class='ocr_par' dir='ltr' id='par_1_26' title="bbox 407 2834 2056 2906">
     <span class='ocr_line' id='line_1_26' title="bbox 407 2834 2056 2906; baseline 0.001 -18"><span class='ocrx_word' id='word_1_162' title='bbox 407 2834 661 2890; x_wconf 86' lang='lat' dir='ltr'><strong>carnalis</strong></span> <span class='ocrx_word' id='word_1_163' title='bbox 690 2840 746 2890; x_wconf 90' lang='lat' dir='ltr'><strong>et</strong></span> <span class='ocrx_word' id='word_1_164' title='bbox 766 2834 1111 2906; x_wconf 88' lang='lat' dir='ltr'><strong>spiritualis,</strong></span> <span class='ocrx_word' id='word_1_165' title='bbox 1129 2836 1316 2892; x_wconf 89' lang='lat' dir='ltr'><strong>factus</strong></span> <span class='ocrx_word' id='word_1_166' title='bbox 1345 2840 1402 2890; x_wconf 91' lang='lat' dir='ltr'><strong>et</strong></span> <span class='ocrx_word' id='word_1_167' title='bbox 1433 2852 1547 2891; x_wconf 89' lang='lat' dir='ltr'><strong>non</strong></span> <span class='ocrx_word' id='word_1_168' title='bbox 1581 2837 1859 2901; x_wconf 82' lang='lat' dir='ltr'><strong>tactus,in</strong></span> <span class='ocrx_word' id='word_1_169' title='bbox 1883 2851 2056 2891; x_wconf 90' lang='lat' dir='ltr'><strong>carne</strong></span> 
     </span>
    </p>
   </div>
   <div class='ocr_carea' id='block_1_27' title="bbox 404 2923 2058 2996">
    <p class='ocr_par' dir='ltr' id='par_1_27' title="bbox 404 2923 2058 2996">
     <span class='ocr_line' id='line_1_27' title="bbox 404 2923 2058 2996; baseline 0.002 -19"><span class='ocrx_word' id='word_1_170' title='bbox 404 2928 555 2980; x_wconf 90' lang='lat' dir='ltr'><strong>Deus</strong></span> <span class='ocrx_word' id='word_1_171' title='bbox 586 2923 652 2978; x_wconf 82' lang='grc'><strong>⁴⁷.</strong></span> <span class='ocrx_word' id='word_1_172' title='bbox 686 2945 714 2974; x_wconf 83' lang='grc'><strong>››</strong></span> <span class='ocrx_word' id='word_1_173' title='bbox 748 2928 878 2980; x_wconf 73' lang='lat' dir='ltr'><strong>Haec</strong></span> <span class='ocrx_word' id='word_1_174' title='bbox 898 2924 1115 2996; x_wconf 89' lang='lat' dir='ltr'><strong>quippe</strong></span> <span class='ocrx_word' id='word_1_175' title='bbox 1133 2925 1753 2996; x_wconf 80' lang='lat' dir='ltr'><strong>ultimatgnatiiverba</strong></span> <span class='ocrx_word' id='word_1_176' title='bbox 1784 2926 1858 2980; x_wconf 88' lang='lat' dir='ltr'><strong>ab</strong></span> <span class='ocrx_word' id='word_1_177' title='bbox 1886 2925 2058 2980; x_wconf 84' lang='lat' dir='ltr'><strong>Atha.</strong></span> 
     </span>
    </p>
   </div>
   <div class='ocr_carea' id='block_1_28' title="bbox 399 3013 2055 3086">
    <p class='ocr_par' dir='ltr' id='par_1_28' title="bbox 399 3013 2055 3086">
     <span class='ocr_line' id='line_1_28' title="bbox 399 3013 2055 3086; baseline 0.001 -18"><span class='ocrx_word' id='word_1_178' title='bbox 399 3013 590 3078; x_wconf 89' lang='lat' dir='ltr'><strong>nasie,</strong></span> <span class='ocrx_word' id='word_1_179' title='bbox 653 3013 1032 3080; x_wconf 88' lang='lat' dir='ltr'><strong>Theoderelo,</strong></span> <span class='ocrx_word' id='word_1_180' title='bbox 1073 3013 1304 3070; x_wconf 83' lang='lat' dir='ltr'><strong>Gelasio</strong></span> <span class='ocrx_word' id='word_1_181' title='bbox 1349 3019 1554 3070; x_wconf 89' lang='lat' dir='ltr'><strong>contra</strong></span> <span class='ocrx_word' id='word_1_182' title='bbox 1597 3013 1872 3086; x_wconf 87' lang='lat' dir='ltr'><strong>antiquos</strong></span> <span class='ocrx_word' id='word_1_183' title='bbox 1914 3015 2055 3070; x_wconf 87' lang='lat' dir='ltr'><strong>divi-</strong></span> 
     </span>
    </p>
   </div>
   <div class='ocr_carea' id='block_1_29' title="bbox 400 3102 2053 3174">
    <p class='ocr_par' dir='ltr' id='par_1_29' title="bbox 400 3102 2053 3174">
     <span class='ocr_line' id='line_1_29' title="bbox 400 3102 2053 3174; baseline 0.001 -17"><span class='ocrx_word' id='word_1_184' title='bbox 400 3102 599 3158; x_wconf 88' lang='lat' dir='ltr'><strong>nitatis</strong></span> <span class='ocrx_word' id='word_1_185' title='bbox 628 3103 838 3158; x_wconf 89' lang='lat' dir='ltr'><strong>Christi</strong></span> <span class='ocrx_word' id='word_1_186' title='bbox 873 3103 1316 3174; x_wconf 90' lang='lat' dir='ltr'><strong>impugnatores</strong></span> <span class='ocrx_word' id='word_1_187' title='bbox 1348 3102 1713 3172; x_wconf 89' lang='lat' dir='ltr'><strong>citata,illam</strong></span> <span class='ocrx_word' id='word_1_188' title='bbox 1748 3103 2053 3160; x_wconf 89' lang='lat' dir='ltr'><strong>itainvicte</strong></span> 
     </span>
    </p>
   </div>
   <div class='ocr_carea' id='block_1_30' title="bbox 401 3190 2052 3264">
    <p class='ocr_par' dir='ltr' id='par_1_30' title="bbox 401 3190 2052 3264">
     <span class='ocr_line' id='line_1_30' title="bbox 401 3190 2052 3264; baseline 0.001 -18"><span class='ocrx_word' id='word_1_189' title='bbox 401 3190 712 3262; x_wconf 82' lang='lat' dir='ltr'><strong>explicant,</strong></span> <span class='ocrx_word' id='word_1_190' title='bbox 760 3194 887 3246; x_wconf 87' lang='lat' dir='ltr'><strong>uta</strong></span> <span class='ocrx_word' id='word_1_191' title='bbox 928 3191 1090 3246; x_wconf 92' lang='lat' dir='ltr'><strong>nullo</strong></span> <span class='ocrx_word' id='word_1_192' title='bbox 1139 3191 1424 3246; x_wconf 88' lang='lat' dir='ltr'><strong>hactenus</strong></span> <span class='ocrx_word' id='word_1_193' title='bbox 1473 3191 1758 3247; x_wconf 82' lang='lat' dir='ltr'><strong>inﬁrmari</strong></span> <span class='ocrx_word' id='word_1_194' title='bbox 1791 3209 2052 3264; x_wconf 91' lang='lat' dir='ltr'><strong>unquam</strong></span> 
     </span>
    </p>
   </div>
   <div class='ocr_carea' id='block_1_31' title="bbox 401 3279 722 3351">
    <p class='ocr_par' dir='ltr' id='par_1_31' title="bbox 401 3279 722 3351">
     <span class='ocr_line' id='line_1_31' title="bbox 401 3279 722 3351; baseline 0 -17"><span class='ocrx_word' id='word_1_195' title='bbox 401 3279 722 3351; x_wconf 87' lang='lat' dir='ltr'><strong>potuerint.</strong></span> 
     </span>
    </p>
   </div>
   <div class='ocr_carea' id='block_1_32' title="bbox 473 3365 2048 3438">
    <p class='ocr_par' dir='ltr' id='par_1_32' title="bbox 473 3365 2048 3438">
     <span class='ocr_line' id='line_1_32' title="bbox 473 3365 2048 3438; baseline 0.003 -18"><span class='ocrx_word' id='word_1_196' title='bbox 473 3366 863 3429; x_wconf 89' lang='lat' dir='ltr'><strong>Quamobrem</strong></span> <span class='ocrx_word' id='word_1_197' title='bbox 885 3365 1168 3438; x_wconf 89' lang='lat' dir='ltr'><strong>quideme</strong></span> <span class='ocrx_word' id='word_1_198' title='bbox 1201 3367 1644 3423; x_wconf 88' lang='lat' dir='ltr'><strong>Socinianorum</strong></span> <span class='ocrx_word' id='word_1_199' title='bbox 1677 3373 2048 3438; x_wconf 89' lang='lat' dir='ltr'><strong>secta,neote-</strong></span> 
     </span>
    </p>
   </div>
   <div class='ocr_carea' id='block_1_33' title="bbox 399 3453 2046 3528">
    <p class='ocr_par' dir='ltr' id='par_1_33' title="bbox 399 3453 2046 3528">
     <span class='ocr_line' id='line_1_33' title="bbox 399 3453 2046 3528; baseline 0.003 -20"><span class='ocrx_word' id='word_1_200' title='bbox 399 3453 556 3509; x_wconf 89' lang='lat' dir='ltr'><strong>ricus</strong></span> <span class='ocrx_word' id='word_1_201' title='bbox 588 3457 855 3526; x_wconf 87' lang='lat' dir='ltr'><strong>scriptor,</strong></span> <span class='ocrx_word' id='word_1_202' title='bbox 887 3471 1021 3510; x_wconf 91' lang='lat' dir='ltr'><strong>cum</strong></span> <span class='ocrx_word' id='word_1_203' title='bbox 1073 3455 1398 3512; x_wconf 77' lang='lat' dir='ltr'><strong>claritatem</strong></span> <span class='ocrx_word' id='word_1_204' title='bbox 1431 3457 1678 3528; x_wconf 86' lang='lat' dir='ltr'><strong>hujusce</strong></span> <span class='ocrx_word' id='word_1_205' title='bbox 1726 3459 2046 3515; x_wconf 82' lang='lat' dir='ltr'><strong>testimonii</strong></span> 
     </span>
    </p>
   </div>
   <div class='ocr_carea' id='block_1_34' title="bbox 400 3544 2046 3621">
    <p class='ocr_par' dir='ltr' id='par_1_34' title="bbox 400 3544 2046 3621">
     <span class='ocr_line' id='line_1_34' title="bbox 400 3544 2046 3621; baseline 0.005 -22"><span class='ocrx_word' id='word_1_206' title='bbox 400 3544 582 3600; x_wconf 89' lang='lat' dir='ltr'><strong>nullis</strong></span> <span class='ocrx_word' id='word_1_207' title='bbox 619 3545 812 3616; x_wconf 70' lang='lat' dir='ltr'><strong>impias</strong></span> <span class='ocrx_word' id='word_1_208' title='bbox 863 3547 1077 3602; x_wconf 88' lang='lat' dir='ltr'><strong>mentis</strong></span> <span class='ocrx_word' id='word_1_209' title='bbox 1108 3547 1336 3603; x_wconf 87' lang='lat' dir='ltr'><strong>artibus</strong></span> <span class='ocrx_word' id='word_1_210' title='bbox 1394 3551 1707 3605; x_wconf 84' lang='lat' dir='ltr'><strong>obscurare</strong></span> <span class='ocrx_word' id='word_1_211' title='bbox 1736 3557 1949 3621; x_wconf 87' lang='lat' dir='ltr'><strong>posset,</strong></span> <span class='ocrx_word' id='word_1_212' title='bbox 1980 3568 2046 3608; x_wconf 89' lang='lat' dir='ltr'><strong>eo</strong></span> 
     </span>
    </p>
   </div>
   <div class='ocr_carea' id='block_1_35' title="bbox 399 3634 2044 3712">
    <p class='ocr_par' dir='ltr' id='par_1_35' title="bbox 399 3634 2044 3712">
     <span class='ocr_line' id='line_1_35' title="bbox 399 3634 2044 3712; baseline 0.004 -24"><span class='ocrx_word' id='word_1_213' title='bbox 399 3634 558 3689; x_wconf 91' lang='lat' dir='ltr'><strong>venit</strong></span> <span class='ocrx_word' id='word_1_214' title='bbox 592 3634 1079 3706; x_wconf 72' lang='lat' dir='ltr'><strong>impudentim,ut</strong></span> <span class='ocrx_word' id='word_1_215' title='bbox 1109 3639 1358 3694; x_wconf 85' lang='lat' dir='ltr'><strong>scribere</strong></span> <span class='ocrx_word' id='word_1_216' title='bbox 1392 3655 1571 3694; x_wconf 90' lang='lat' dir='ltr'><strong>ausus</strong></span> <span class='ocrx_word' id='word_1_217' title='bbox 1598 3640 1675 3696; x_wconf 88' lang='lat' dir='ltr'><strong>sit</strong></span> <span class='ocrx_word' id='word_1_218' title='bbox 1708 3641 1804 3696; x_wconf 91' lang='lat' dir='ltr'><strong>:ln</strong></span> <span class='ocrx_word' id='word_1_219' title='bbox 1837 3642 2044 3712; x_wconf 89' lang='lat' dir='ltr'><strong>lgnatii</strong></span> 
     </span>
    </p>
   </div>
   <div class='ocr_carea' id='block_1_36' title="bbox 393 3723 2043 3799">
    <p class='ocr_par' dir='ltr' id='par_1_36' title="bbox 393 3723 2043 3799">
     <span class='ocr_line' id='line_1_36' title="bbox 393 3723 2043 3799; baseline 0.005 -22"><span class='ocrx_word' id='word_1_220' title='bbox 393 3723 659 3793; x_wconf 84' lang='lat' dir='ltr'><strong>epistolis</strong></span> <span class='ocrx_word' id='word_1_221' title='bbox 693 3726 1118 3797; x_wconf 88' lang='lat' dir='ltr'><strong>propositiones</strong></span> <span class='ocrx_word' id='word_1_222' title='bbox 1136 3729 1842 3799; x_wconf 82' lang='lat' dir='ltr'><strong>quasdamincommodas</strong></span> <span class='ocrx_word' id='word_1_223' title='bbox 1872 3736 1927 3785; x_wconf 93' lang='lat' dir='ltr'><strong>et</strong></span> <span class='ocrx_word' id='word_1_224' title='bbox 1954 3732 2043 3785; x_wconf 86' lang='lat' dir='ltr'><strong>in-</strong></span> 
     </span>
    </p>
   </div>
   <div class='ocr_carea' id='block_1_37' title="bbox 392 3810 2043 3886">
    <p class='ocr_par' dir='ltr' id='par_1_37' title="bbox 392 3810 2043 3886">
     <span class='ocr_line' id='line_1_37' title="bbox 392 3810 2043 3886; baseline 0.005 -20"><span class='ocrx_word' id='word_1_225' title='bbox 392 3810 586 3868; x_wconf 87' lang='lat' dir='ltr'><strong>sulsas</strong></span> <span class='ocrx_word' id='word_1_226' title='bbox 638 3814 900 3885; x_wconf 87' lang='lat' dir='ltr'><strong>reperiri,</strong></span> <span class='ocrx_word' id='word_1_227' title='bbox 935 3831 999 3870; x_wconf 88' lang='lat' dir='ltr'><strong>ac</strong></span> <span class='ocrx_word' id='word_1_228' title='bbox 1032 3816 1274 3886; x_wconf 88' lang='lat' dir='ltr'><strong>proinde</strong></span> <span class='ocrx_word' id='word_1_229' title='bbox 1323 3834 1456 3872; x_wconf 92' lang='lat' dir='ltr'><strong>eum</strong></span> <span class='ocrx_word' id='word_1_230' title='bbox 1489 3820 1547 3873; x_wconf 91' lang='lat' dir='ltr'><strong>in</strong></span> <span class='ocrx_word' id='word_1_231' title='bbox 1593 3835 1699 3873; x_wconf 91' lang='lat' dir='ltr'><strong>sua</strong></span> <span class='ocrx_word' id='word_1_232' title='bbox 1726 3819 1795 3874; x_wconf 89' lang='lat' dir='ltr'><strong>de</strong></span> <span class='ocrx_word' id='word_1_233' title='bbox 1827 3819 2043 3875; x_wconf 88' lang='lat' dir='ltr'><strong>Christi</strong></span> 
     </span>
    </p>
   </div>
   <div class='ocr_carea' id='block_1_38' title="bbox 386 3901 2036 3980">
    <p class='ocr_par' dir='ltr' id='par_1_38' title="bbox 386 3901 2036 3980">
     <span class='ocr_line' id='line_1_38' title="bbox 386 3901 2036 3980; baseline 0.005 -25"><span class='ocrx_word' id='word_1_234' title='bbox 386 3901 687 3959; x_wconf 89' lang='lat' dir='ltr'><strong>divinitate</strong></span> <span class='ocrx_word' id='word_1_235' title='bbox 739 3905 1027 3960; x_wconf 86' lang='lat' dir='ltr'><strong>sententia</strong></span> <span class='ocrx_word' id='word_1_236' title='bbox 1075 3905 1244 3961; x_wconf 85' lang='lat' dir='ltr'><strong>facile</strong></span> <span class='ocrx_word' id='word_1_237' title='bbox 1301 3907 1488 3979; x_wconf 90' lang='lat' dir='ltr'><strong>decipi</strong></span> <span class='ocrx_word' id='word_1_238' title='bbox 1564 3908 1824 3980; x_wconf 89' lang='lat' dir='ltr'><strong>potuisse</strong></span> <span class='ocrx_word' id='word_1_239' title='bbox 1882 3929 1910 3958; x_wconf 77' lang='grc' dir='ltr'>α</span> <span class='ocrx_word' id='word_1_240' title='bbox 1972 3925 2036 3964; x_wconf 87' lang='lat' dir='ltr'><strong>ex</strong></span> 
     </span>
    </p>
   </div>
   <div class='ocr_carea' id='block_1_39' title="bbox 383 3989 2040 4069">
    <p class='ocr_par' dir='ltr' id='par_1_39' title="bbox 383 3989 2040 4069">
     <span class='ocr_line' id='line_1_39' title="bbox 383 3989 2040 4069; baseline 0.005 -23"><span class='ocrx_word' id='word_1_241' title='bbox 383 3989 698 4047; x_wconf 84' lang='lat' dir='ltr'><strong>traditione</strong></span> <span class='ocrx_word' id='word_1_242' title='bbox 727 3990 983 4062; x_wconf 88' lang='lat' dir='ltr'><strong>alicujus</strong></span> <span class='ocrx_word' id='word_1_243' title='bbox 1015 3993 1504 4066; x_wconf 89' lang='lat' dir='ltr'><strong>pseudo-Christi,</strong></span> <span class='ocrx_word' id='word_1_244' title='bbox 1537 4001 1594 4052; x_wconf 90' lang='lat' dir='ltr'><strong>et</strong></span> <span class='ocrx_word' id='word_1_245' title='bbox 1640 3996 2040 4069; x_wconf 83' lang='lat' dir='ltr'><strong>pseudo-apo-</strong></span> 
     </span>
    </p>
   </div>
   <div class='ocr_carea' id='block_1_40' title="bbox 387 4075 608 4133">
    <p class='ocr_par' dir='ltr' id='par_1_40' title="bbox 387 4075 608 4133">
     <span class='ocr_line' id='line_1_40' title="bbox 387 4075 608 4133; baseline -0.032 0"><span class='ocrx_word' id='word_1_246' title='bbox 387 4075 544 4133; x_wconf 88' lang='lat' dir='ltr'><strong>stoli.</strong></span> <span class='ocrx_word' id='word_1_247' title='bbox 587 4100 608 4126; x_wconf 74' lang='grc' dir='ltr'><strong><em>ι</em></strong></span> 
     </span>
    </p>
   </div>
   <div class='ocr_carea' id='block_1_41' title="bbox 457 4165 2035 4244">
    <p class='ocr_par' dir='ltr' id='par_1_41' title="bbox 457 4165 2035 4244">
     <span class='ocr_line' id='line_1_41' title="bbox 457 4165 2035 4244; baseline 0.003 -22"><span class='ocrx_word' id='word_1_248' title='bbox 457 4166 568 4222; x_wconf 84' lang='lat' dir='ltr'><strong>Sed</strong></span> <span class='ocrx_word' id='word_1_249' title='bbox 601 4165 804 4222; x_wconf 90' lang='lat' dir='ltr'><strong>nullus</strong></span> <span class='ocrx_word' id='word_1_250' title='bbox 830 4183 1088 4240; x_wconf 90' lang='lat' dir='ltr'><strong>unquam</strong></span> <span class='ocrx_word' id='word_1_251' title='bbox 1122 4168 1182 4224; x_wconf 90' lang='lat' dir='ltr'><strong>in</strong></span> <span class='ocrx_word' id='word_1_252' title='bbox 1214 4168 1533 4241; x_wconf 84' lang='lat' dir='ltr'><strong>Ignatianis</strong></span> <span class='ocrx_word' id='word_1_253' title='bbox 1560 4171 1823 4244; x_wconf 90' lang='lat' dir='ltr'><strong>epistolis</strong></span> <span class='ocrx_word' id='word_1_254' title='bbox 1854 4170 2035 4227; x_wconf 88' lang='lat' dir='ltr'><strong>ullam</strong></span> 
     </span>
    </p>
   </div>
   <div class='ocr_carea' id='block_1_42' title="bbox 388 4253 2038 4333">
    <p class='ocr_par' dir='ltr' id='par_1_42' title="bbox 388 4253 2038 4333">
     <span class='ocr_line' id='line_1_42' title="bbox 388 4253 2038 4333; baseline 0.005 -26"><span class='ocrx_word' id='word_1_255' title='bbox 388 4253 818 4309; x_wconf 88' lang='lat' dir='ltr'><strong>incommodam</strong></span> <span class='ocrx_word' id='word_1_256' title='bbox 852 4256 1258 4314; x_wconf 88' lang='lat' dir='ltr'><strong>autinsulsam</strong></span> <span class='ocrx_word' id='word_1_257' title='bbox 1295 4261 1744 4331; x_wconf 90' lang='lat' dir='ltr'><strong>pr0positionem</strong></span> <span class='ocrx_word' id='word_1_258' title='bbox 1781 4261 2038 4333; x_wconf 88' lang='lat' dir='ltr'><strong>assigna-</strong></span> 
     </span>
    </p>
   </div>
   <div class='ocr_carea' id='block_1_43' title="bbox 387 4341 2034 4416">
    <p class='ocr_par' dir='ltr' id='par_1_43' title="bbox 387 4341 2034 4416">
     <span class='ocr_line' id='line_1_43' title="bbox 387 4341 2034 4416; baseline 0.005 -21"><span class='ocrx_word' id='word_1_259' title='bbox 387 4341 492 4397; x_wconf 88' lang='lat' dir='ltr'><strong>bit.</strong></span> <span class='ocrx_word' id='word_1_260' title='bbox 528 4341 746 4396; x_wconf 88' lang='lat' dir='ltr'><strong>Deinde</strong></span> <span class='ocrx_word' id='word_1_261' title='bbox 779 4345 1048 4413; x_wconf 86' lang='lat' dir='ltr'><strong>quamvis</strong></span> <span class='ocrx_word' id='word_1_262' title='bbox 1081 4347 1343 4416; x_wconf 85' lang='lat' dir='ltr'><strong>Ignatius</strong></span> <span class='ocrx_word' id='word_1_263' title='bbox 1376 4349 1592 4404; x_wconf 88' lang='lat' dir='ltr'><strong>alicubi</strong></span> <span class='ocrx_word' id='word_1_264' title='bbox 1623 4351 1680 4405; x_wconf 90' lang='lat' dir='ltr'><strong>in</strong></span> <span class='ocrx_word' id='word_1_265' title='bbox 1709 4351 1883 4405; x_wconf 89' lang='lat' dir='ltr'><strong>rebus</strong></span> <span class='ocrx_word' id='word_1_266' title='bbox 1913 4349 2034 4404; x_wconf 81' lang='lat' dir='ltr'><strong>exi-</strong></span> 
     </span>
    </p>
   </div>
   <div class='ocr_carea' id='block_1_44' title="bbox 384 4429 2034 4509">
    <p class='ocr_par' dir='ltr' id='par_1_44' title="bbox 384 4429 2034 4509">
     <span class='ocr_line' id='line_1_44' title="bbox 384 4429 2034 4509; baseline 0.008 -27"><span class='ocrx_word' id='word_1_267' title='bbox 384 4431 517 4499; x_wconf 86' lang='lat' dir='ltr'><strong>guis</strong></span> <span class='ocrx_word' id='word_1_268' title='bbox 544 4429 628 4484; x_wconf 86' lang='lat' dir='ltr'><strong>vel</strong></span> <span class='ocrx_word' id='word_1_269' title='bbox 680 4430 900 4488; x_wconf 90' lang='lat' dir='ltr'><strong>nullius</strong></span> <span class='ocrx_word' id='word_1_270' title='bbox 934 4435 1216 4490; x_wconf 84' lang='lat' dir='ltr'><strong>momenti</strong></span> <span class='ocrx_word' id='word_1_271' title='bbox 1263 4437 1485 4508; x_wconf 88' lang='lat' dir='ltr'><strong>aliquid</strong></span> <span class='ocrx_word' id='word_1_272' title='bbox 1547 4438 1788 4494; x_wconf 87' lang='lat' dir='ltr'><strong>humani</strong></span> <span class='ocrx_word' id='word_1_273' title='bbox 1824 4456 2034 4509; x_wconf 88' lang='lat' dir='ltr'><strong>passus</strong></span> 
     </span>
    </p>
   </div>
   <div class='ocr_carea' id='block_1_45' title="bbox 382 4523 2030 4600">
    <p class='ocr_par' dir='ltr' id='par_1_45' title="bbox 382 4523 2030 4600">
     <span class='ocr_line' id='line_1_45' title="bbox 382 4523 2030 4600; baseline 0.007 -28"><span class='ocrx_word' id='word_1_274' title='bbox 382 4523 578 4588; x_wconf 89' lang='lat' dir='ltr'><strong>esset;</strong></span> <span class='ocrx_word' id='word_1_275' title='bbox 611 4525 832 4575; x_wconf 90' lang='lat' dir='ltr'><strong>certum</strong></span> <span class='ocrx_word' id='word_1_276' title='bbox 887 4527 1082 4578; x_wconf 89' lang='lat' dir='ltr'><strong>tamen</strong></span> <span class='ocrx_word' id='word_1_277' title='bbox 1115 4529 1201 4580; x_wconf 87' lang='lat' dir='ltr'><strong>est</strong></span> <span class='ocrx_word' id='word_1_278' title='bbox 1252 4526 1439 4582; x_wconf 88' lang='lat' dir='ltr'><strong>virum</strong></span> <span class='ocrx_word' id='word_1_279' title='bbox 1493 4526 1681 4595; x_wconf 90' lang='lat' dir='ltr'><strong>illum,</strong></span> <span class='ocrx_word' id='word_1_280' title='bbox 1731 4545 1860 4583; x_wconf 88' lang='lat' dir='ltr'><strong>vere</strong></span> <span class='ocrx_word' id='word_1_281' title='bbox 1893 4546 2030 4600; x_wconf 84' lang='lat' dir='ltr'><strong>apo-</strong></span> 
     </span>
    </p>
   </div>
   <div class='ocr_carea' id='block_1_46' title="bbox 380 4607 2028 4687">
    <p class='ocr_par' dir='ltr' id='par_1_46' title="bbox 380 4607 2028 4687">
     <span class='ocr_line' id='line_1_46' title="bbox 380 4607 2028 4687; baseline 0.006 -24"><span class='ocrx_word' id='word_1_282' title='bbox 380 4607 676 4679; x_wconf 82' lang='lat' dir='ltr'><strong>stolicum,</strong></span> <span class='ocrx_word' id='word_1_283' title='bbox 737 4615 795 4666; x_wconf 90' lang='lat' dir='ltr'><strong>et</strong></span> <span class='ocrx_word' id='word_1_284' title='bbox 853 4615 1128 4684; x_wconf 82' lang='lat' dir='ltr'><strong>martyrio</strong></span> <span class='ocrx_word' id='word_1_285' title='bbox 1179 4617 1430 4687; x_wconf 86' lang='lat' dir='ltr'><strong>jamjam</strong></span> <span class='ocrx_word' id='word_1_286' title='bbox 1491 4618 1909 4682; x_wconf 80' lang='lat' dir='ltr'><strong>coronandum,</strong></span> <span class='ocrx_word' id='word_1_287' title='bbox 1969 4618 2028 4674; x_wconf 91' lang='lat' dir='ltr'><strong>in</strong></span> 
     </span>
    </p>
   </div>
   <div class='ocr_carea' id='block_1_47' title="bbox 1500 403 2792 472">
    <p class='ocr_par' dir='ltr' id='par_1_47' title="bbox 1500 403 2792 472">
     <span class='ocr_line' id='line_1_47' title="bbox 1500 403 2792 472; baseline -0.002 -1"><span class='ocrx_word' id='word_1_288' title='bbox 1500 413 1564 471; x_wconf 91' lang='lat' dir='ltr'><strong>S.</strong></span> <span class='ocrx_word' id='word_1_289' title='bbox 1608 405 2006 472; x_wconf 87' lang='lat' dir='ltr'><strong>IGNATIUS.</strong></span> <span class='ocrx_word' id='word_1_290' title='bbox 2053 438 2132 454; x_wconf 89' lang='lat'><strong>—</strong></span> <span class='ocrx_word' id='word_1_291' title='bbox 2174 403 2792 468; x_wconf 79' lang='lat' dir='ltr'><strong>PROLEGOMENA.</strong></span> 
     </span>
    </p>
   </div>
   <div class='ocr_carea' id='block_1_48' title="bbox 3719 406 3843 471">
    <p class='ocr_par' dir='ltr' id='par_1_48' title="bbox 3719 406 3843 471">
     <span class='ocr_line' id='line_1_48' title="bbox 3719 406 3843 471; baseline -0.04 0"><span class='ocrx_word' id='word_1_292' title='bbox 3719 406 3843 471; x_wconf 79' lang='lat'><strong>560</strong></span> 
     </span>
    </p>
   </div>
   <div class='ocr_carea' id='block_1_49' title="bbox 2185 539 3844 613">
    <p class='ocr_par' dir='ltr' id='par_1_49' title="bbox 2185 539 3844 613">
     <span class='ocr_line' id='line_1_49' title="bbox 2185 539 3844 613; baseline 0.001 -17"><span class='ocrx_word' id='word_1_293' title='bbox 2185 540 2358 596; x_wconf 89' lang='lat' dir='ltr'><strong>debet</strong></span> <span class='ocrx_word' id='word_1_294' title='bbox 2390 539 2677 608; x_wconf 87' lang='lat' dir='ltr'><strong>adnotari,</strong></span> <span class='ocrx_word' id='word_1_295' title='bbox 2725 539 2882 611; x_wconf 90' lang='lat' dir='ltr'><strong>quod</strong></span> <span class='ocrx_word' id='word_1_296' title='bbox 2929 540 3194 613; x_wconf 89' lang='lat' dir='ltr'><strong>Ignatius</strong></span> <span class='ocrx_word' id='word_1_297' title='bbox 3226 541 3296 596; x_wconf 84' lang='lat' dir='ltr'><strong>de</strong></span> <span class='ocrx_word' id='word_1_298' title='bbox 3337 555 3504 598; x_wconf 86' lang='lat' dir='ltr'><strong>sacro</strong></span> <span class='ocrx_word' id='word_1_299' title='bbox 3552 541 3844 598; x_wconf 82' lang='lat' dir='ltr'><strong>Christia-</strong></span> 
     </span>
    </p>
   </div>
   <div class='ocr_carea' id='block_1_50' title="bbox 2183 629 3840 703">
    <p class='ocr_par' dir='ltr' id='par_1_50' title="bbox 2183 629 3840 703">
     <span class='ocr_line' id='line_1_50' title="bbox 2183 629 3840 703; baseline 0.002 -18"><span class='ocrx_word' id='word_1_300' title='bbox 2183 647 2389 686; x_wconf 93' lang='lat' dir='ltr'><strong>norum</strong></span> <span class='ocrx_word' id='word_1_301' title='bbox 2422 629 2592 685; x_wconf 88' lang='lat' dir='ltr'><strong>altari</strong></span> <span class='ocrx_word' id='word_1_302' title='bbox 2623 630 2690 683; x_wconf 88' lang='lat' dir='ltr'><strong>ad</strong></span> <span class='ocrx_word' id='word_1_303' title='bbox 2726 629 3004 700; x_wconf 87' lang='lat' dir='ltr'><strong>Ephesios</strong></span> <span class='ocrx_word' id='word_1_304' title='bbox 3037 631 3276 686; x_wconf 88' lang='lat' dir='ltr'><strong>scribit:</strong></span> <span class='ocrx_word' id='word_1_305' title='bbox 3316 651 3343 682; x_wconf 71' lang='grc' dir='ltr'>ι</span> <span class='ocrx_word' id='word_1_306' title='bbox 3368 631 3425 686; x_wconf 93' lang='lat' dir='ltr'><strong>Si</strong></span> <span class='ocrx_word' id='word_1_307' title='bbox 3457 633 3591 703; x_wconf 88' lang='lat' dir='ltr'><strong>quis</strong></span> <span class='ocrx_word' id='word_1_308' title='bbox 3618 649 3733 687; x_wconf 91' lang='lat' dir='ltr'><strong>non</strong></span> <span class='ocrx_word' id='word_1_309' title='bbox 3759 634 3840 688; x_wconf 85' lang='lat' dir='ltr'><strong>sit</strong></span> 
     </span>
    </p>
   </div>
   <div class='ocr_carea' id='block_1_51' title="bbox 2173 717 3832 791">
    <p class='ocr_par' dir='ltr' id='par_1_51' title="bbox 2173 717 3832 791">
     <span class='ocr_line' id='line_1_51' title="bbox 2173 717 3832 791; baseline 0 -17"><span class='ocrx_word' id='word_1_310' title='bbox 2173 720 2329 775; x_wconf 89' lang='lat' dir='ltr'><strong>intra</strong></span> <span class='ocrx_word' id='word_1_311' title='bbox 2361 719 2564 787; x_wconf 88' lang='lat' dir='ltr'><strong>altare,</strong></span> <span class='ocrx_word' id='word_1_312' title='bbox 2589 721 2687 772; x_wconf 82' lang='grc' dir='ltr'><strong>τοῦ</strong></span> <span class='ocrx_word' id='word_1_313' title='bbox 2721 717 3127 791; x_wconf 77' lang='grc' dir='ltr'><strong>Θυσιαστηρίου,</strong></span> <span class='ocrx_word' id='word_1_314' title='bbox 3162 721 3425 791; x_wconf 86' lang='lat' dir='ltr'><strong>privatur</strong></span> <span class='ocrx_word' id='word_1_315' title='bbox 3460 737 3609 791; x_wconf 87' lang='lat' dir='ltr'><strong>pane</strong></span> <span class='ocrx_word' id='word_1_316' title='bbox 3650 723 3780 777; x_wconf 80' lang='lat' dir='ltr'><strong>Dei.</strong></span> <span class='ocrx_word' id='word_1_317' title='bbox 3809 747 3832 774; x_wconf 77' lang='grc' dir='ltr'><strong><em>ι</em></strong></span> 
     </span>
    </p>
   </div>
   <div class='ocr_carea' id='block_1_52' title="bbox 2174 807 3838 880">
    <p class='ocr_par' dir='ltr' id='par_1_52' title="bbox 2174 807 3838 880">
     <span class='ocr_line' id='line_1_52' title="bbox 2174 807 3838 880; baseline 0.001 -16"><span class='ocrx_word' id='word_1_318' title='bbox 2174 810 2245 864; x_wconf 90' lang='lat' dir='ltr'><strong>Et</strong></span> <span class='ocrx_word' id='word_1_319' title='bbox 2288 809 2358 864; x_wconf 91' lang='lat' dir='ltr'><strong>ad</strong></span> <span class='ocrx_word' id='word_1_320' title='bbox 2409 807 2872 880; x_wconf 72' lang='lat' dir='ltr'><strong>Philadelphaeos</strong></span> <span class='ocrx_word' id='word_1_321' title='bbox 2907 827 2923 863; x_wconf 89' lang='lat'><strong><em>:</em></strong></span> <span class='ocrx_word' id='word_1_322' title='bbox 2957 831 2985 859; x_wconf 79' lang='grc' dir='ltr'><strong>(ι</strong></span> <span class='ocrx_word' id='word_1_323' title='bbox 3046 809 3170 864; x_wconf 91' lang='lat' dir='ltr'><strong>Una</strong></span> <span class='ocrx_word' id='word_1_324' title='bbox 3199 809 3356 864; x_wconf 90' lang='lat' dir='ltr'><strong>enim</strong></span> <span class='ocrx_word' id='word_1_325' title='bbox 3413 826 3546 865; x_wconf 88' lang='lat' dir='ltr'><strong>caro</strong></span> <span class='ocrx_word' id='word_1_326' title='bbox 3599 812 3838 866; x_wconf 88' lang='lat' dir='ltr'><strong>Domini</strong></span> 
     </span>
    </p>
   </div>
   <div class='ocr_carea' id='block_1_53' title="bbox 2179 896 3837 964">
    <p class='ocr_par' dir='ltr' id='par_1_53' title="bbox 2179 896 3837 964">
     <span class='ocr_line' id='line_1_53' title="bbox 2179 896 3837 964; baseline 0.002 -12"><span class='ocrx_word' id='word_1_327' title='bbox 2179 898 2362 953; x_wconf 89' lang='lat' dir='ltr'><strong>nostri</strong></span> <span class='ocrx_word' id='word_1_328' title='bbox 2392 897 2532 953; x_wconf 91' lang='lat' dir='ltr'><strong>Jesu</strong></span> <span class='ocrx_word' id='word_1_329' title='bbox 2563 896 2804 964; x_wconf 81' lang='lat' dir='ltr'><strong>Christi,</strong></span> <span class='ocrx_word' id='word_1_330' title='bbox 2837 905 2892 953; x_wconf 89' lang='lat' dir='ltr'><strong>et</strong></span> <span class='ocrx_word' id='word_1_331' title='bbox 2924 913 3073 953; x_wconf 89' lang='lat' dir='ltr'><strong>unus</strong></span> <span class='ocrx_word' id='word_1_332' title='bbox 3104 897 3252 954; x_wconf 84' lang='lat' dir='ltr'><strong>calix</strong></span> <span class='ocrx_word' id='word_1_333' title='bbox 3282 899 3340 954; x_wconf 91' lang='lat' dir='ltr'><strong>in</strong></span> <span class='ocrx_word' id='word_1_334' title='bbox 3383 899 3662 956; x_wconf 90' lang='lat' dir='ltr'><strong>unionem</strong></span> <span class='ocrx_word' id='word_1_335' title='bbox 3695 917 3837 956; x_wconf 88' lang='lat' dir='ltr'><strong>san-</strong></span> 
     </span>
    </p>
   </div>
   <div class='ocr_carea' id='block_1_54' title="bbox 2173 983 3837 1060">
    <p class='ocr_par' dir='ltr' id='par_1_54' title="bbox 2173 983 3837 1060">
     <span class='ocr_line' id='line_1_54' title="bbox 2173 983 3837 1060; baseline 0.002 -18"><span class='ocrx_word' id='word_1_336' title='bbox 2173 986 2370 1060; x_wconf 83' lang='lat' dir='ltr'><strong>guinis</strong></span> <span class='ocrx_word' id='word_1_337' title='bbox 2420 987 2628 1057; x_wconf 89' lang='lat' dir='ltr'><strong>ipsius,</strong></span> <span class='ocrx_word' id='word_1_338' title='bbox 2663 1003 2847 1042; x_wconf 91' lang='lat' dir='ltr'><strong>unum</strong></span> <span class='ocrx_word' id='word_1_339' title='bbox 2891 985 3094 1055; x_wconf 90' lang='lat' dir='ltr'><strong>altare,</strong></span> <span class='ocrx_word' id='word_1_340' title='bbox 3125 983 3180 1040; x_wconf 74' lang='grc' dir='ltr'><strong>ἓν</strong></span> <span class='ocrx_word' id='word_1_341' title='bbox 3227 989 3628 1060; x_wconf 77' lang='grc' dir='ltr'><strong>θυσιαστήριον.</strong></span> <span class='ocrx_word' id='word_1_342' title='bbox 3665 1010 3694 1042; x_wconf 76' lang='grc' dir='ltr'>ι</span> <span class='ocrx_word' id='word_1_343' title='bbox 3730 989 3837 1046; x_wconf 82' lang='lat' dir='ltr'><strong>His</strong></span> 
     </span>
    </p>
   </div>
   <div class='ocr_carea' id='block_1_55' title="bbox 2173 1075 3836 1150">
    <p class='ocr_par' dir='ltr' id='par_1_55' title="bbox 2173 1075 3836 1150">
     <span class='ocr_line' id='line_1_55' title="bbox 2173 1075 3836 1150; baseline 0.002 -20"><span class='ocrx_word' id='word_1_344' title='bbox 2173 1076 2233 1130; x_wconf 89' lang='lat' dir='ltr'><strong>in</strong></span> <span class='ocrx_word' id='word_1_345' title='bbox 2268 1075 2410 1131; x_wconf 90' lang='lat' dir='ltr'><strong>locis</strong></span> <span class='ocrx_word' id='word_1_346' title='bbox 2459 1092 2658 1132; x_wconf 90' lang='lat' dir='ltr'><strong>vocem</strong></span> <span class='ocrx_word' id='word_1_347' title='bbox 2716 1076 3098 1149; x_wconf 80' lang='grc' dir='ltr'><strong>θυσιαστήριον</strong></span> <span class='ocrx_word' id='word_1_348' title='bbox 3148 1076 3208 1131; x_wconf 91' lang='lat' dir='ltr'><strong>in</strong></span> <span class='ocrx_word' id='word_1_349' title='bbox 3239 1093 3347 1133; x_wconf 89' lang='lat' dir='ltr'><strong>sua</strong></span> <span class='ocrx_word' id='word_1_350' title='bbox 3403 1079 3661 1150; x_wconf 88' lang='lat' dir='ltr'><strong>propria,</strong></span> <span class='ocrx_word' id='word_1_351' title='bbox 3696 1095 3836 1134; x_wconf 85' lang='lat' dir='ltr'><strong>vera</strong></span> 
     </span>
    </p>
   </div>
   <div class='ocr_carea' id='block_1_56' title="bbox 2172 1164 3836 1239">
    <p class='ocr_par' dir='ltr' id='par_1_56' title="bbox 2172 1164 3836 1239">
     <span class='ocr_line' id='line_1_56' title="bbox 2172 1164 3836 1239; baseline 0.001 -19"><span class='ocrx_word' id='word_1_352' title='bbox 2172 1182 2237 1220; x_wconf 90' lang='lat' dir='ltr'><strong>ac</strong></span> <span class='ocrx_word' id='word_1_353' title='bbox 2261 1164 2515 1236; x_wconf 85' lang='lat' dir='ltr'><strong>genuina</strong></span> <span class='ocrx_word' id='word_1_354' title='bbox 2532 1165 3266 1237; x_wconf 81' lang='lat' dir='ltr'><strong>significatione,nimirum</strong></span> <span class='ocrx_word' id='word_1_355' title='bbox 3294 1183 3394 1237; x_wconf 90' lang='lat' dir='ltr'><strong>pro</strong></span> <span class='ocrx_word' id='word_1_356' title='bbox 3417 1184 3584 1222; x_wconf 90' lang='lat' dir='ltr'><strong>sacra</strong></span> <span class='ocrx_word' id='word_1_357' title='bbox 3602 1185 3836 1239; x_wconf 83' lang='lat' dir='ltr'><strong>mensa,</strong></span> 
     </span>
    </p>
   </div>
   <div class='ocr_carea' id='block_1_57' title="bbox 2169 1253 3832 1328">
    <p class='ocr_par' dir='ltr' id='par_1_57' title="bbox 2169 1253 3832 1328">
     <span class='ocr_line' id='line_1_57' title="bbox 2169 1253 3832 1328; baseline 0.002 -19"><span class='ocrx_word' id='word_1_358' title='bbox 2169 1253 2230 1310; x_wconf 90' lang='lat' dir='ltr'><strong>in</strong></span> <span class='ocrx_word' id='word_1_359' title='bbox 2263 1271 2381 1326; x_wconf 91' lang='lat' dir='ltr'><strong>qua</strong></span> <span class='ocrx_word' id='word_1_360' title='bbox 2427 1253 2641 1310; x_wconf 88' lang='lat' dir='ltr'><strong>Christi</strong></span> <span class='ocrx_word' id='word_1_361' title='bbox 2673 1269 2888 1326; x_wconf 90' lang='lat' dir='ltr'><strong>corpus</strong></span> <span class='ocrx_word' id='word_1_362' title='bbox 2915 1254 3278 1323; x_wconf 89' lang='lat' dir='ltr'><strong>immolatur,</strong></span> <span class='ocrx_word' id='word_1_363' title='bbox 3311 1255 3581 1328; x_wconf 89' lang='lat' dir='ltr'><strong>usurpari</strong></span> <span class='ocrx_word' id='word_1_364' title='bbox 3613 1259 3832 1313; x_wconf 84' lang='lat' dir='ltr'><strong>certis-</strong></span> 
     </span>
    </p>
   </div>
   <div class='ocr_carea' id='block_1_58' title="bbox 2172 1343 3834 1418">
    <p class='ocr_par' dir='ltr' id='par_1_58' title="bbox 2172 1343 3834 1418">
     <span class='ocr_line' id='line_1_58' title="bbox 2172 1343 3834 1418; baseline 0 -18"><span class='ocrx_word' id='word_1_365' title='bbox 2172 1345 2390 1400; x_wconf 89' lang='lat' dir='ltr'><strong>simum</strong></span> <span class='ocrx_word' id='word_1_366' title='bbox 2443 1352 2546 1400; x_wconf 89' lang='lat' dir='ltr'><strong>est.</strong></span> <span class='ocrx_word' id='word_1_367' title='bbox 2599 1343 2762 1398; x_wconf 91' lang='lat' dir='ltr'><strong>Unde</strong></span> <span class='ocrx_word' id='word_1_368' title='bbox 2806 1344 3058 1414; x_wconf 89' lang='lat' dir='ltr'><strong>profecto</strong></span> <span class='ocrx_word' id='word_1_369' title='bbox 3105 1345 3434 1400; x_wconf 85' lang='lat' dir='ltr'><strong>refutantur</strong></span> <span class='ocrx_word' id='word_1_370' title='bbox 3479 1345 3834 1418; x_wconf 86' lang='lat' dir='ltr'><strong>Calviniani,</strong></span> 
     </span>
    </p>
   </div>
   <div class='ocr_carea' id='block_1_59' title="bbox 2171 1433 3836 1505">
    <p class='ocr_par' dir='ltr' id='par_1_59' title="bbox 2171 1433 3836 1505">
     <span class='ocr_line' id='line_1_59' title="bbox 2171 1433 3836 1505; baseline 0.001 -17"><span class='ocrx_word' id='word_1_371' title='bbox 2171 1435 2270 1505; x_wconf 93' lang='lat' dir='ltr'><strong>qui</strong></span> <span class='ocrx_word' id='word_1_372' title='bbox 2299 1449 2498 1489; x_wconf 91' lang='lat' dir='ltr'><strong>verum</strong></span> <span class='ocrx_word' id='word_1_373' title='bbox 2550 1433 2764 1490; x_wconf 88' lang='lat' dir='ltr'><strong>Christi</strong></span> <span class='ocrx_word' id='word_1_374' title='bbox 2796 1449 3012 1504; x_wconf 89' lang='lat' dir='ltr'><strong>corpus</strong></span> <span class='ocrx_word' id='word_1_375' title='bbox 3054 1433 3110 1488; x_wconf 91' lang='lat' dir='ltr'><strong>in</strong></span> <span class='ocrx_word' id='word_1_376' title='bbox 3169 1433 3524 1490; x_wconf 89' lang='lat' dir='ltr'><strong>eucharistia</strong></span> <span class='ocrx_word' id='word_1_377' title='bbox 3571 1451 3703 1491; x_wconf 88' lang='lat' dir='ltr'><strong>esse</strong></span> <span class='ocrx_word' id='word_1_378' title='bbox 3737 1452 3836 1490; x_wconf 88' lang='lat' dir='ltr'><strong>ne-</strong></span> 
     </span>
    </p>
   </div>
   <div class='ocr_carea' id='block_1_60' title="bbox 2173 1522 3836 1596">
    <p class='ocr_par' dir='ltr' id='par_1_60' title="bbox 2173 1522 3836 1596">
     <span class='ocr_line' id='line_1_60' title="bbox 2173 1522 3836 1596; baseline 0.002 -19"><span class='ocrx_word' id='word_1_379' title='bbox 2173 1527 2402 1595; x_wconf 89' lang='lat' dir='ltr'><strong>gantes,</strong></span> <span class='ocrx_word' id='word_1_380' title='bbox 2435 1538 2632 1578; x_wconf 78' lang='lat' dir='ltr'><strong>vocem</strong></span> <span class='ocrx_word' id='word_1_381' title='bbox 2677 1538 2912 1594; x_wconf 89' lang='lat' dir='ltr'><strong>quoque</strong></span> <span class='ocrx_word' id='word_1_382' title='bbox 2962 1522 3346 1596; x_wconf 77' lang='grc' dir='ltr'><strong>Θυσιαστήριον</strong></span> <span class='ocrx_word' id='word_1_383' title='bbox 3376 1523 3554 1580; x_wconf 77' lang='lat' dir='ltr'><strong>altare</strong></span> <span class='ocrx_word' id='word_1_384' title='bbox 3577 1541 3712 1580; x_wconf 91' lang='lat' dir='ltr'><strong>vero</strong></span> <span class='ocrx_word' id='word_1_385' title='bbox 3768 1543 3836 1581; x_wconf 90' lang='lat' dir='ltr'><strong>ac</strong></span> 
     </span>
    </p>
   </div>
   <div class='ocr_carea' id='block_1_61' title="bbox 2171 1610 3836 1684">
    <p class='ocr_par' dir='ltr' id='par_1_61' title="bbox 2171 1610 3836 1684">
     <span class='ocr_line' id='line_1_61' title="bbox 2171 1610 3836 1684; baseline 0.003 -18"><span class='ocrx_word' id='word_1_386' title='bbox 2171 1612 2410 1684; x_wconf 91' lang='lat' dir='ltr'><strong>proprio</strong></span> <span class='ocrx_word' id='word_1_387' title='bbox 2443 1610 2773 1679; x_wconf 74' lang='lat' dir='ltr'><strong>significatu</strong></span> <span class='ocrx_word' id='word_1_388' title='bbox 2805 1628 2908 1682; x_wconf 90' lang='lat' dir='ltr'><strong>per</strong></span> <span class='ocrx_word' id='word_1_389' title='bbox 2937 1611 3044 1667; x_wconf 85' lang='lat' dir='ltr'><strong>tria</strong></span> <span class='ocrx_word' id='word_1_390' title='bbox 3083 1612 3270 1683; x_wconf 90' lang='lat' dir='ltr'><strong>prima</strong></span> <span class='ocrx_word' id='word_1_391' title='bbox 3311 1612 3580 1669; x_wconf 73' lang='lat' dir='ltr'><strong>Ecclesiae</strong></span> <span class='ocrx_word' id='word_1_392' title='bbox 3613 1616 3836 1671; x_wconf 74' lang='lat' dir='ltr'><strong>saecula</strong></span> 
     </span>
    </p>
   </div>
   <div class='ocr_carea' id='block_1_62' title="bbox 2171 1699 3555 1772">
    <p class='ocr_par' dir='ltr' id='par_1_62' title="bbox 2171 1699 3555 1772">
     <span class='ocr_line' id='line_1_62' title="bbox 2171 1699 3555 1772; baseline -0.001 -16"><span class='ocrx_word' id='word_1_393' title='bbox 2171 1701 2244 1756; x_wconf 85' lang='lat' dir='ltr'><strong>ab</strong></span> <span class='ocrx_word' id='word_1_394' title='bbox 2274 1700 2533 1772; x_wconf 88' lang='lat' dir='ltr'><strong>antiquis</strong></span> <span class='ocrx_word' id='word_1_395' title='bbox 2565 1699 2834 1756; x_wconf 88' lang='lat' dir='ltr'><strong>Patribus</strong></span> <span class='ocrx_word' id='word_1_396' title='bbox 2868 1705 3165 1772; x_wconf 89' lang='lat' dir='ltr'><strong>acceptam</strong></span> <span class='ocrx_word' id='word_1_397' title='bbox 3199 1701 3555 1757; x_wconf 82' lang='lat' dir='ltr'><strong>inﬁciantur.</strong></span> 
     </span>
    </p>
   </div>
   <div class='ocr_carea' id='block_1_63' title="bbox 2245 1808 3830 1880">
    <p class='ocr_par' dir='ltr' id='par_1_63' title="bbox 2245 1808 3830 1880">
     <span class='ocr_line' id='line_1_63' title="bbox 2245 1808 3830 1880; baseline 0.003 -17"><span class='ocrx_word' id='word_1_398' title='bbox 2245 1808 2486 1863; x_wconf 87' lang='lat' dir='ltr'><strong>Frustra</strong></span> <span class='ocrx_word' id='word_1_399' title='bbox 2545 1812 2741 1863; x_wconf 90' lang='lat' dir='ltr'><strong>autem</strong></span> <span class='ocrx_word' id='word_1_400' title='bbox 2798 1808 3000 1880; x_wconf 91' lang='lat' dir='ltr'><strong>objicit</strong></span> <span class='ocrx_word' id='word_1_401' title='bbox 3052 1809 3330 1866; x_wconf 91' lang='lat' dir='ltr'><strong>Vedelius</strong></span> <span class='ocrx_word' id='word_1_402' title='bbox 3405 1810 3830 1868; x_wconf 87' lang='lat' dir='ltr'><strong>eucharistiam</strong></span> 
     </span>
    </p>
   </div>
   <div class='ocr_carea' id='block_1_64' title="bbox 2097 1897 3833 1989">
    <p class='ocr_par' dir='ltr' id='par_1_64' title="bbox 2097 1897 3833 1989">
     <span class='ocr_line' id='line_1_64' title="bbox 2097 1897 3833 1989; baseline 0.004 -38"><span class='ocrx_word' id='word_1_403' title='bbox 2097 1925 2142 1989; x_wconf 78' lang='grc' dir='ltr'><strong>Β</strong></span> <span class='ocrx_word' id='word_1_404' title='bbox 2176 1897 2386 1970; x_wconf 87' lang='lat' dir='ltr'><strong>lgnatii</strong></span> <span class='ocrx_word' id='word_1_405' title='bbox 2418 1902 2680 1968; x_wconf 88' lang='lat' dir='ltr'><strong>tempore</strong></span> <span class='ocrx_word' id='word_1_406' title='bbox 2736 1899 2804 1953; x_wconf 89' lang='lat' dir='ltr'><strong>ad</strong></span> <span class='ocrx_word' id='word_1_407' title='bbox 2839 1915 3096 1954; x_wconf 86' lang='lat' dir='ltr'><strong>mensam</strong></span> <span class='ocrx_word' id='word_1_408' title='bbox 3149 1898 3426 1971; x_wconf 87' lang='lat' dir='ltr'><strong>ligneam,</strong></span> <span class='ocrx_word' id='word_1_409' title='bbox 3456 1918 3584 1971; x_wconf 66' lang='lat' dir='ltr'><strong>quae</strong></span> <span class='ocrx_word' id='word_1_410' title='bbox 3648 1904 3833 1959; x_wconf 87' lang='lat' dir='ltr'><strong>altare</strong></span> 
     </span>
    </p>
   </div>
   <div class='ocr_carea' id='block_1_65' title="bbox 2176 1986 3829 2058">
    <p class='ocr_par' dir='ltr' id='par_1_65' title="bbox 2176 1986 3829 2058">
     <span class='ocr_line' id='line_1_65' title="bbox 2176 1986 3829 2058; baseline 0.002 -16"><span class='ocrx_word' id='word_1_411' title='bbox 2176 1987 2406 2058; x_wconf 90' lang='lat' dir='ltr'><strong>proprie</strong></span> <span class='ocrx_word' id='word_1_412' title='bbox 2456 1986 2677 2041; x_wconf 91' lang='lat' dir='ltr'><strong>dictum</strong></span> <span class='ocrx_word' id='word_1_413' title='bbox 2727 2003 2840 2041; x_wconf 88' lang='lat' dir='ltr'><strong>non</strong></span> <span class='ocrx_word' id='word_1_414' title='bbox 2888 1991 3033 2056; x_wconf 90' lang='lat' dir='ltr'><strong>erat,</strong></span> <span class='ocrx_word' id='word_1_415' title='bbox 3083 1988 3263 2043; x_wconf 90' lang='lat' dir='ltr'><strong>fuisse</strong></span> <span class='ocrx_word' id='word_1_416' title='bbox 3323 1989 3829 2046; x_wconf 87' lang='lat' dir='ltr'><strong>administratam.</strong></span> 
     </span>
    </p>
   </div>
   <div class='ocr_carea' id='block_1_66' title="bbox 2177 2075 3826 2146">
    <p class='ocr_par' dir='ltr' id='par_1_66' title="bbox 2177 2075 3826 2146">
     <span class='ocr_line' id='line_1_66' title="bbox 2177 2075 3826 2146; baseline 0.003 -17"><span class='ocrx_word' id='word_1_417' title='bbox 2177 2075 2473 2130; x_wconf 88' lang='lat' dir='ltr'><strong>Incertum</strong></span> <span class='ocrx_word' id='word_1_418' title='bbox 2519 2091 2772 2146; x_wconf 87' lang='lat' dir='ltr'><strong>namque</strong></span> <span class='ocrx_word' id='word_1_419' title='bbox 2822 2076 3009 2146; x_wconf 89' lang='lat' dir='ltr'><strong>primo</strong></span> <span class='ocrx_word' id='word_1_420' title='bbox 3057 2080 3146 2130; x_wconf 91' lang='lat' dir='ltr'><strong>est</strong></span> <span class='ocrx_word' id='word_1_421' title='bbox 3176 2081 3374 2131; x_wconf 90' lang='lat' dir='ltr'><strong>utrum</strong></span> <span class='ocrx_word' id='word_1_422' title='bbox 3426 2077 3518 2132; x_wconf 87' lang='lat' dir='ltr'><strong>his</strong></span> <span class='ocrx_word' id='word_1_423' title='bbox 3550 2079 3826 2135; x_wconf 70' lang='lat' dir='ltr'><strong>Ecclesia:</strong></span> 
     </span>
    </p>
   </div>
   <div class='ocr_carea' id='block_1_67' title="bbox 2174 2163 3831 2240">
    <p class='ocr_par' dir='ltr' id='par_1_67' title="bbox 2174 2163 3831 2240">
     <span class='ocr_line' id='line_1_67' title="bbox 2174 2163 3831 2240; baseline 0.005 -22"><span class='ocrx_word' id='word_1_424' title='bbox 2174 2163 2539 2236; x_wconf 88' lang='lat' dir='ltr'><strong>temporibus</strong></span> <span class='ocrx_word' id='word_1_425' title='bbox 2586 2164 2896 2220; x_wconf 82' lang='lat' dir='ltr'><strong>Christiani</strong></span> <span class='ocrx_word' id='word_1_426' title='bbox 2945 2165 3147 2220; x_wconf 89' lang='lat' dir='ltr'><strong>tabula</strong></span> <span class='ocrx_word' id='word_1_427' title='bbox 3195 2165 3386 2235; x_wconf 87' lang='lat' dir='ltr'><strong>lignea</strong></span> <span class='ocrx_word' id='word_1_428' title='bbox 3441 2167 3527 2223; x_wconf 92' lang='lat' dir='ltr'><strong>vel</strong></span> <span class='ocrx_word' id='word_1_429' title='bbox 3587 2169 3831 2240; x_wconf 82' lang='lat' dir='ltr'><strong>lapidea</strong></span> 
     </span>
    </p>
   </div>
   <div class='ocr_carea' id='block_1_68' title="bbox 2173 2254 3830 2328">
    <p class='ocr_par' dir='ltr' id='par_1_68' title="bbox 2173 2254 3830 2328">
     <span class='ocr_line' id='line_1_68' title="bbox 2173 2254 3830 2328; baseline 0.004 -20"><span class='ocrx_word' id='word_1_430' title='bbox 2173 2256 2497 2309; x_wconf 88' lang='lat' dir='ltr'><strong>uterentur.</strong></span> <span class='ocrx_word' id='word_1_431' title='bbox 2529 2254 2814 2319; x_wconf 91' lang='lat' dir='ltr'><strong>Secundo,</strong></span> <span class='ocrx_word' id='word_1_432' title='bbox 2877 2270 2991 2308; x_wconf 91' lang='lat' dir='ltr'><strong>non</strong></span> <span class='ocrx_word' id='word_1_433' title='bbox 3028 2255 3296 2311; x_wconf 85' lang='lat' dir='ltr'><strong>materies</strong></span> <span class='ocrx_word' id='word_1_434' title='bbox 3350 2255 3578 2328; x_wconf 90' lang='lat' dir='ltr'><strong>lapidea</strong></span> <span class='ocrx_word' id='word_1_435' title='bbox 3610 2265 3719 2313; x_wconf 86' lang='lat' dir='ltr'><strong>aut</strong></span> <span class='ocrx_word' id='word_1_436' title='bbox 3760 2260 3830 2314; x_wconf 89' lang='lat' dir='ltr'><strong>li-</strong></span> 
     </span>
    </p>
   </div>
   <div class='ocr_carea' id='block_1_69' title="bbox 2171 2341 3831 2418">
    <p class='ocr_par' dir='ltr' id='par_1_69' title="bbox 2171 2341 3831 2418">
     <span class='ocr_line' id='line_1_69' title="bbox 2171 2341 3831 2418; baseline 0.004 -22"><span class='ocrx_word' id='word_1_437' title='bbox 2171 2357 2341 2413; x_wconf 89' lang='lat' dir='ltr'><strong>gnea,</strong></span> <span class='ocrx_word' id='word_1_438' title='bbox 2376 2343 2474 2397; x_wconf 82' lang='lat' dir='ltr'><strong>sed</strong></span> <span class='ocrx_word' id='word_1_439' title='bbox 2507 2341 2862 2397; x_wconf 86' lang='lat' dir='ltr'><strong>sacriﬁcium</strong></span> <span class='ocrx_word' id='word_1_440' title='bbox 2903 2359 3079 2413; x_wconf 91' lang='lat' dir='ltr'><strong>super</strong></span> <span class='ocrx_word' id='word_1_441' title='bbox 3110 2359 3394 2414; x_wconf 88' lang='lat' dir='ltr'><strong>mensam,</strong></span> <span class='ocrx_word' id='word_1_442' title='bbox 3419 2348 3831 2418; x_wconf 77' lang='lat' dir='ltr'><strong>cujuscunque</strong></span> 
     </span>
    </p>
   </div>
   <div class='ocr_carea' id='block_1_70' title="bbox 2175 2431 3831 2501">
    <p class='ocr_par' dir='ltr' id='par_1_70' title="bbox 2175 2431 3831 2501">
     <span class='ocr_line' id='line_1_70' title="bbox 2175 2431 3831 2501; baseline 0.005 -17"><span class='ocrx_word' id='word_1_443' title='bbox 2175 2431 2441 2486; x_wconf 82' lang='lat' dir='ltr'><strong>materiai</strong></span> <span class='ocrx_word' id='word_1_444' title='bbox 2499 2431 2595 2498; x_wconf 89' lang='lat' dir='ltr'><strong>sit,</strong></span> <span class='ocrx_word' id='word_1_445' title='bbox 2656 2433 2729 2486; x_wconf 91' lang='lat' dir='ltr'><strong>ab</strong></span> <span class='ocrx_word' id='word_1_446' title='bbox 2786 2431 3063 2487; x_wconf 90' lang='lat' dir='ltr'><strong>homibus</strong></span> <span class='ocrx_word' id='word_1_447' title='bbox 3121 2433 3238 2488; x_wconf 92' lang='lat' dir='ltr'><strong>Deo</strong></span> <span class='ocrx_word' id='word_1_448' title='bbox 3298 2434 3583 2501; x_wconf 85' lang='lat' dir='ltr'><strong>oblatum,</strong></span> <span class='ocrx_word' id='word_1_449' title='bbox 3641 2436 3831 2493; x_wconf 89' lang='lat' dir='ltr'><strong>altare</strong></span> 
     </span>
    </p>
   </div>
   <div class='ocr_carea' id='block_1_71' title="bbox 2171 2520 3004 2591">
    <p class='ocr_par' dir='ltr' id='par_1_71' title="bbox 2171 2520 3004 2591">
     <span class='ocr_line' id='line_1_71' title="bbox 2171 2520 3004 2591; baseline 0.005 -17"><span class='ocrx_word' id='word_1_450' title='bbox 2171 2520 2402 2591; x_wconf 88' lang='lat' dir='ltr'><strong>preprie</strong></span> <span class='ocrx_word' id='word_1_451' title='bbox 2429 2521 2649 2576; x_wconf 89' lang='lat' dir='ltr'><strong>dictum</strong></span> <span class='ocrx_word' id='word_1_452' title='bbox 2681 2521 3004 2578; x_wconf 87' lang='lat' dir='ltr'><strong>constituit.</strong></span> 
     </span>
    </p>
   </div>
   <div class='ocr_carea' id='block_1_72' title="bbox 2239 2626 3827 2702">
    <p class='ocr_par' dir='ltr' id='par_1_72' title="bbox 2239 2626 3827 2702">
     <span class='ocr_line' id='line_1_72' title="bbox 2239 2626 3827 2702; baseline 0.006 -21"><span class='ocrx_word' id='word_1_453' title='bbox 2239 2626 2438 2698; x_wconf 89' lang='lat' dir='ltr'><strong>Neque</strong></span> <span class='ocrx_word' id='word_1_454' title='bbox 2463 2643 2595 2682; x_wconf 91' lang='lat' dir='ltr'><strong>vero</strong></span> <span class='ocrx_word' id='word_1_455' title='bbox 2639 2627 2696 2682; x_wconf 90' lang='lat' dir='ltr'><strong>id</strong></span> <span class='ocrx_word' id='word_1_456' title='bbox 2732 2628 2970 2698; x_wconf 91' lang='lat' dir='ltr'><strong>majoris</strong></span> <span class='ocrx_word' id='word_1_457' title='bbox 3023 2631 3303 2686; x_wconf 78' lang='lat' dir='ltr'><strong>momenti</strong></span> <span class='ocrx_word' id='word_1_458' title='bbox 3336 2634 3438 2696; x_wconf 90' lang='lat' dir='ltr'><strong>est,</strong></span> <span class='ocrx_word' id='word_1_459' title='bbox 3474 2634 3632 2702; x_wconf 91' lang='lat' dir='ltr'><strong>quod</strong></span> <span class='ocrx_word' id='word_1_460' title='bbox 3667 2633 3827 2691; x_wconf 89' lang='lat' dir='ltr'><strong>idem</strong></span> 
     </span>
    </p>
   </div>
   <div class='ocr_carea' id='block_1_73' title="bbox 2167 2714 3828 2788">
    <p class='ocr_par' dir='ltr' id='par_1_73' title="bbox 2167 2714 3828 2788">
     <span class='ocr_line' id='line_1_73' title="bbox 2167 2714 3828 2788; baseline 0.007 -19"><span class='ocrx_word' id='word_1_461' title='bbox 2167 2714 2441 2771; x_wconf 83' lang='lat' dir='ltr'><strong>Vedelius</strong></span> <span class='ocrx_word' id='word_1_462' title='bbox 2473 2732 2540 2772; x_wconf 90' lang='lat' dir='ltr'><strong>eo</strong></span> <span class='ocrx_word' id='word_1_463' title='bbox 2571 2717 2711 2788; x_wconf 91' lang='lat' dir='ltr'><strong>quia</strong></span> <span class='ocrx_word' id='word_1_464' title='bbox 2769 2716 3135 2786; x_wconf 89' lang='lat' dir='ltr'><strong>mulieribus,</strong></span> <span class='ocrx_word' id='word_1_465' title='bbox 3191 2736 3261 2774; x_wconf 90' lang='lat' dir='ltr'><strong>ne</strong></span> <span class='ocrx_word' id='word_1_466' title='bbox 3315 2720 3386 2776; x_wconf 90' lang='lat' dir='ltr'><strong>ad</strong></span> <span class='ocrx_word' id='word_1_467' title='bbox 3449 2722 3628 2778; x_wconf 88' lang='lat' dir='ltr'><strong>altare</strong></span> <span class='ocrx_word' id='word_1_468' title='bbox 3660 2741 3828 2781; x_wconf 84' lang='lat' dir='ltr'><strong>acce-</strong></span> 
     </span>
    </p>
   </div>
   <div class='ocr_carea' id='block_1_74' title="bbox 2167 2804 3827 2878">
    <p class='ocr_par' dir='ltr' id='par_1_74' title="bbox 2167 2804 3827 2878">
     <span class='ocr_line' id='line_1_74' title="bbox 2167 2804 3827 2878; baseline 0.005 -19"><span class='ocrx_word' id='word_1_469' title='bbox 2167 2804 2393 2873; x_wconf 90' lang='lat' dir='ltr'><strong>derent,</strong></span> <span class='ocrx_word' id='word_1_470' title='bbox 2427 2805 2725 2861; x_wconf 91' lang='lat' dir='ltr'><strong>nonnullis</strong></span> <span class='ocrx_word' id='word_1_471' title='bbox 2755 2807 3082 2862; x_wconf 90' lang='lat' dir='ltr'><strong>canonibus</strong></span> <span class='ocrx_word' id='word_1_472' title='bbox 3123 2809 3363 2864; x_wconf 89' lang='lat' dir='ltr'><strong>vetitum</strong></span> <span class='ocrx_word' id='word_1_473' title='bbox 3397 2817 3552 2865; x_wconf 82' lang='lat' dir='ltr'><strong>esset</strong></span> <span class='ocrx_word' id='word_1_474' title='bbox 3579 2810 3649 2878; x_wconf 74' lang='grc'><strong>⁸⁸,</strong></span> <span class='ocrx_word' id='word_1_475' title='bbox 3686 2813 3827 2869; x_wconf 89' lang='lat' dir='ltr'><strong>inde</strong></span> 
     </span>
    </p>
   </div>
   <div class='ocr_carea' id='block_1_75' title="bbox 2169 2893 3822 2973">
    <p class='ocr_par' dir='ltr' id='par_1_75' title="bbox 2169 2893 3822 2973">
     <span class='ocr_line' id='line_1_75' title="bbox 2169 2893 3822 2973; baseline 0.006 -25"><span class='ocrx_word' id='word_1_476' title='bbox 2169 2893 2460 2965; x_wconf 88' lang='lat' dir='ltr'><strong>lgnatium</strong></span> <span class='ocrx_word' id='word_1_477' title='bbox 2495 2911 2606 2949; x_wconf 89' lang='lat' dir='ltr'><strong>non</strong></span> <span class='ocrx_word' id='word_1_478' title='bbox 2633 2895 2703 2950; x_wconf 93' lang='lat' dir='ltr'><strong>de</strong></span> <span class='ocrx_word' id='word_1_479' title='bbox 2725 2894 2919 2966; x_wconf 88' lang='lat' dir='ltr'><strong>aliquo</strong></span> <span class='ocrx_word' id='word_1_480' title='bbox 2946 2897 3362 2968; x_wconf 88' lang='lat' dir='ltr'><strong>materiali,sed</strong></span> <span class='ocrx_word' id='word_1_481' title='bbox 3393 2899 3463 2954; x_wconf 91' lang='lat' dir='ltr'><strong>de</strong></span> <span class='ocrx_word' id='word_1_482' title='bbox 3495 2901 3822 2973; x_wconf 88' lang='lat' dir='ltr'><strong>spirituali,</strong></span> 
     </span>
    </p>
   </div>
   <div class='ocr_carea' id='block_1_76' title="bbox 2165 2982 3821 3059">
    <p class='ocr_par' dir='ltr' id='par_1_76' title="bbox 2165 2982 3821 3059">
     <span class='ocr_line' id='line_1_76' title="bbox 2165 2982 3821 3059; baseline 0.006 -24"><span class='ocrx_word' id='word_1_483' title='bbox 2165 2997 2404 3053; x_wconf 86' lang='lat' dir='ltr'><strong>precum</strong></span> <span class='ocrx_word' id='word_1_484' title='bbox 2438 2982 2661 3038; x_wconf 90' lang='lat' dir='ltr'><strong>scilicet</strong></span> <span class='ocrx_word' id='word_1_485' title='bbox 2689 2986 2746 3038; x_wconf 90' lang='lat' dir='ltr'><strong>et</strong></span> <span class='ocrx_word' id='word_1_486' title='bbox 2773 2987 3102 3039; x_wconf 90' lang='lat' dir='ltr'><strong>orationum</strong></span> <span class='ocrx_word' id='word_1_487' title='bbox 3134 2985 3326 3058; x_wconf 86' lang='lat' dir='ltr'><strong>altari,</strong></span> <span class='ocrx_word' id='word_1_488' title='bbox 3359 2987 3821 3059; x_wconf 89' lang='lat' dir='ltr'><strong>intelligendum</strong></span> 
     </span>
    </p>
   </div>
   <div class='ocr_carea' id='block_1_77' title="bbox 2165 3071 3820 3146">
    <p class='ocr_par' dir='ltr' id='par_1_77' title="bbox 2165 3071 3820 3146">
     <span class='ocr_line' id='line_1_77' title="bbox 2165 3071 3820 3146; baseline 0.006 -20"><span class='ocrx_word' id='word_1_489' title='bbox 2165 3086 2294 3126; x_wconf 89' lang='lat' dir='ltr'><strong>esse</strong></span> <span class='ocrx_word' id='word_1_490' title='bbox 2326 3071 2646 3126; x_wconf 89' lang='lat' dir='ltr'><strong>contendit.</strong></span> <span class='ocrx_word' id='word_1_491' title='bbox 2680 3073 2983 3128; x_wconf 88' lang='lat' dir='ltr'><strong>Enimvero</strong></span> <span class='ocrx_word' id='word_1_492' title='bbox 3016 3073 3168 3129; x_wconf 90' lang='lat' dir='ltr'><strong>idem</strong></span> <span class='ocrx_word' id='word_1_493' title='bbox 3204 3075 3329 3146; x_wconf 88' lang='lat' dir='ltr'><strong>ipse</strong></span> <span class='ocrx_word' id='word_1_494' title='bbox 3377 3077 3646 3134; x_wconf 86' lang='lat' dir='ltr'><strong>Vedelius</strong></span> <span class='ocrx_word' id='word_1_495' title='bbox 3683 3097 3820 3136; x_wconf 91' lang='lat' dir='ltr'><strong>cum</strong></span> 
     </span>
    </p>
   </div>
   <div class='ocr_carea' id='block_1_78' title="bbox 2164 3159 3828 3241">
    <p class='ocr_par' dir='ltr' id='par_1_78' title="bbox 2164 3159 3828 3241">
     <span class='ocr_line' id='line_1_78' title="bbox 2164 3159 3828 3241; baseline 0.006 -27"><span class='ocrx_word' id='word_1_496' title='bbox 2164 3159 2271 3215; x_wconf 89' lang='lat' dir='ltr'><strong>hos</strong></span> <span class='ocrx_word' id='word_1_497' title='bbox 2302 3161 2439 3215; x_wconf 88' lang='lat' dir='ltr'><strong>citat</strong></span> <span class='ocrx_word' id='word_1_498' title='bbox 2481 3177 2756 3230; x_wconf 88' lang='lat' dir='ltr'><strong>canones,</strong></span> <span class='ocrx_word' id='word_1_499' title='bbox 2789 3162 2890 3234; x_wconf 88' lang='lat' dir='ltr'><strong>qui</strong></span> <span class='ocrx_word' id='word_1_500' title='bbox 2920 3179 3115 3219; x_wconf 88' lang='lat' dir='ltr'><strong>vocem</strong></span> <span class='ocrx_word' id='word_1_501' title='bbox 3175 3166 3378 3220; x_wconf 89' lang='lat' dir='ltr'><strong>altaris</strong></span> <span class='ocrx_word' id='word_1_502' title='bbox 3431 3182 3562 3222; x_wconf 88' lang='lat' dir='ltr'><strong>vero</strong></span> <span class='ocrx_word' id='word_1_503' title='bbox 3596 3185 3662 3223; x_wconf 88' lang='lat' dir='ltr'><strong>ac</strong></span> <span class='ocrx_word' id='word_1_504' title='bbox 3699 3187 3828 3241; x_wconf 82' lang='lat' dir='ltr'><strong>ger-</strong></span> 
     </span>
    </p>
   </div>
   <div class='ocr_carea' id='block_1_79' title="bbox 2163 3253 3822 3326">
    <p class='ocr_par' dir='ltr' id='par_1_79' title="bbox 2163 3253 3822 3326">
     <span class='ocr_line' id='line_1_79' title="bbox 2163 3253 3822 3326; baseline 0.007 -24"><span class='ocrx_word' id='word_1_505' title='bbox 2163 3265 2337 3304; x_wconf 88' lang='lat' dir='ltr'><strong>mano</strong></span> <span class='ocrx_word' id='word_1_506' title='bbox 2369 3266 2546 3306; x_wconf 91' lang='lat' dir='ltr'><strong>sensu</strong></span> <span class='ocrx_word' id='word_1_507' title='bbox 2580 3253 3158 3324; x_wconf 89' lang='lat' dir='ltr'><strong>usurpant,seipsum</strong></span> <span class='ocrx_word' id='word_1_508' title='bbox 3193 3253 3529 3325; x_wconf 88' lang='lat' dir='ltr'><strong>imprudens</strong></span> <span class='ocrx_word' id='word_1_509' title='bbox 3557 3257 3822 3326; x_wconf 86' lang='lat' dir='ltr'><strong>jugulat.</strong></span> 
     </span>
    </p>
   </div>
   <div class='ocr_carea' id='block_1_80' title="bbox 2161 3339 3826 3419">
    <p class='ocr_par' dir='ltr' id='par_1_80' title="bbox 2161 3339 3826 3419">
     <span class='ocr_line' id='line_1_80' title="bbox 2161 3339 3826 3419; baseline 0.007 -25"><span class='ocrx_word' id='word_1_510' title='bbox 2161 3339 2380 3396; x_wconf 89' lang='lat' dir='ltr'><strong>Deinde</strong></span> <span class='ocrx_word' id='word_1_511' title='bbox 2414 3342 2670 3409; x_wconf 76' lang='lat' dir='ltr'><strong>lgnatius</strong></span> <span class='ocrx_word' id='word_1_512' title='bbox 2701 3343 2772 3397; x_wconf 90' lang='lat' dir='ltr'><strong>de</strong></span> <span class='ocrx_word' id='word_1_513' title='bbox 2799 3342 3147 3398; x_wconf 88' lang='lat' dir='ltr'><strong>eucharistia</strong></span> <span class='ocrx_word' id='word_1_514' title='bbox 3172 3343 3539 3416; x_wconf 90' lang='lat' dir='ltr'><strong>loquitur,ac</strong></span> <span class='ocrx_word' id='word_1_515' title='bbox 3572 3351 3826 3419; x_wconf 88' lang='lat' dir='ltr'><strong>proinde</strong></span> 
     </span>
    </p>
   </div>
   <div class='ocr_carea' id='block_1_81' title="bbox 2160 3431 3820 3504">
    <p class='ocr_par' dir='ltr' id='par_1_81' title="bbox 2160 3431 3820 3504">
     <span class='ocr_line' id='line_1_81' title="bbox 2160 3431 3820 3504; baseline 0.007 -21"><span class='ocrx_word' id='word_1_516' title='bbox 2160 3445 2273 3486; x_wconf 91' lang='lat' dir='ltr'><strong>non</strong></span> <span class='ocrx_word' id='word_1_517' title='bbox 2306 3431 2378 3485; x_wconf 91' lang='lat' dir='ltr'><strong>de</strong></span> <span class='ocrx_word' id='word_1_518' title='bbox 2408 3431 2702 3502; x_wconf 89' lang='lat' dir='ltr'><strong>spirituali</strong></span> <span class='ocrx_word' id='word_1_519' title='bbox 2736 3449 2801 3486; x_wconf 90' lang='lat' dir='ltr'><strong>ac</strong></span> <span class='ocrx_word' id='word_1_520' title='bbox 2834 3432 3249 3504; x_wconf 87' lang='lat' dir='ltr'><strong>metaphorico,</strong></span> <span class='ocrx_word' id='word_1_521' title='bbox 3285 3435 3385 3489; x_wconf 89' lang='lat' dir='ltr'><strong>sed</strong></span> <span class='ocrx_word' id='word_1_522' title='bbox 3419 3437 3490 3491; x_wconf 90' lang='lat' dir='ltr'><strong>de</strong></span> <span class='ocrx_word' id='word_1_523' title='bbox 3523 3441 3820 3495; x_wconf 80' lang='lat' dir='ltr'><strong>materiali</strong></span> 
     </span>
    </p>
   </div>
   <div class='ocr_carea' id='block_1_82' title="bbox 2155 3520 3820 3598">
    <p class='ocr_par' dir='ltr' id='par_1_82' title="bbox 2155 3520 3820 3598">
     <span class='ocr_line' id='line_1_82' title="bbox 2155 3520 3820 3598; baseline 0.007 -26"><span class='ocrx_word' id='word_1_524' title='bbox 2155 3524 2212 3573; x_wconf 89' lang='lat' dir='ltr'><strong>et</strong></span> <span class='ocrx_word' id='word_1_525' title='bbox 2241 3534 2373 3574; x_wconf 90' lang='lat' dir='ltr'><strong>vero</strong></span> <span class='ocrx_word' id='word_1_526' title='bbox 2432 3520 2602 3574; x_wconf 86' lang='lat' dir='ltr'><strong>altari</strong></span> <span class='ocrx_word' id='word_1_527' title='bbox 2661 3537 2794 3575; x_wconf 91' lang='lat' dir='ltr'><strong>eum</strong></span> <span class='ocrx_word' id='word_1_528' title='bbox 2828 3520 2988 3594; x_wconf 89' lang='lat' dir='ltr'><strong>loqui</strong></span> <span class='ocrx_word' id='word_1_529' title='bbox 3049 3538 3286 3578; x_wconf 89' lang='lat' dir='ltr'><strong>necesse</strong></span> <span class='ocrx_word' id='word_1_530' title='bbox 3317 3531 3426 3579; x_wconf 89' lang='lat' dir='ltr'><strong>est.</strong></span> <span class='ocrx_word' id='word_1_531' title='bbox 3462 3524 3738 3598; x_wconf 88' lang='lat' dir='ltr'><strong>Denique</strong></span> <span class='ocrx_word' id='word_1_532' title='bbox 3773 3533 3820 3584; x_wconf 82' lang='lat' dir='ltr'><strong>si</strong></span> 
     </span>
    </p>
   </div>
   <div class='ocr_carea' id='block_1_83' title="bbox 2157 3609 3817 3687">
    <p class='ocr_par' dir='ltr' id='par_1_83' title="bbox 2157 3609 3817 3687">
     <span class='ocr_line' id='line_1_83' title="bbox 2157 3609 3817 3687; baseline 0.007 -22"><span class='ocrx_word' id='word_1_533' title='bbox 2157 3609 2507 3667; x_wconf 87' lang='lat' dir='ltr'><strong>mulieribus</strong></span> <span class='ocrx_word' id='word_1_534' title='bbox 2557 3611 2758 3667; x_wconf 87' lang='lat' dir='ltr'><strong>altaris</strong></span> <span class='ocrx_word' id='word_1_535' title='bbox 2831 3629 3067 3669; x_wconf 85' lang='lat' dir='ltr'><strong>accessu</strong></span> <span class='ocrx_word' id='word_1_536' title='bbox 3125 3615 3264 3670; x_wconf 92' lang='lat' dir='ltr'><strong>olim</strong></span> <span class='ocrx_word' id='word_1_537' title='bbox 3327 3616 3817 3687; x_wconf 82' lang='lat' dir='ltr'><strong>interdicebatur,</strong></span> 
     </span>
    </p>
   </div>
   <div class='ocr_carea' id='block_1_84' title="bbox 2154 3699 3812 3775">
    <p class='ocr_par' dir='ltr' id='par_1_84' title="bbox 2154 3699 3812 3775">
     <span class='ocr_line' id='line_1_84' title="bbox 2154 3699 3812 3775; baseline 0.007 -21"><span class='ocrx_word' id='word_1_538' title='bbox 2154 3715 2258 3770; x_wconf 87' lang='lat' dir='ltr'><strong>per</strong></span> <span class='ocrx_word' id='word_1_539' title='bbox 2286 3699 2467 3755; x_wconf 90' lang='lat' dir='ltr'><strong>divini</strong></span> <span class='ocrx_word' id='word_1_540' title='bbox 2502 3705 2731 3755; x_wconf 89' lang='lat' dir='ltr'><strong>tantum</strong></span> <span class='ocrx_word' id='word_1_541' title='bbox 2769 3702 2943 3757; x_wconf 86' lang='lat' dir='ltr'><strong>ofﬁcii</strong></span> <span class='ocrx_word' id='word_1_542' title='bbox 2978 3707 3267 3775; x_wconf 89' lang='lat' dir='ltr'><strong>tempora,</strong></span> <span class='ocrx_word' id='word_1_543' title='bbox 3303 3721 3415 3759; x_wconf 92' lang='lat' dir='ltr'><strong>non</strong></span> <span class='ocrx_word' id='word_1_544' title='bbox 3449 3711 3648 3762; x_wconf 89' lang='lat' dir='ltr'><strong>autem</strong></span> <span class='ocrx_word' id='word_1_545' title='bbox 3684 3726 3812 3764; x_wconf 90' lang='lat' dir='ltr'><strong>cum</strong></span> 
     </span>
    </p>
   </div>
   <div class='ocr_carea' id='block_1_85' title="bbox 2153 3788 3808 3866">
    <p class='ocr_par' dir='ltr' id='par_1_85' title="bbox 2153 3788 3808 3866">
     <span class='ocr_line' id='line_1_85' title="bbox 2153 3788 3808 3866; baseline 0.007 -24"><span class='ocrx_word' id='word_1_546' title='bbox 2153 3788 2509 3846; x_wconf 86' lang='lat' dir='ltr'><strong>eucharistia</strong></span> <span class='ocrx_word' id='word_1_547' title='bbox 2537 3790 2874 3861; x_wconf 86' lang='lat' dir='ltr'><strong>accipienda</strong></span> <span class='ocrx_word' id='word_1_548' title='bbox 2919 3798 3092 3864; x_wconf 88' lang='lat' dir='ltr'><strong>esset,</strong></span> <span class='ocrx_word' id='word_1_549' title='bbox 3126 3792 3266 3849; x_wconf 90' lang='lat' dir='ltr'><strong>illud</strong></span> <span class='ocrx_word' id='word_1_550' title='bbox 3295 3794 3379 3850; x_wconf 88' lang='lat' dir='ltr'><strong>eis</strong></span> <span class='ocrx_word' id='word_1_551' title='bbox 3438 3795 3808 3866; x_wconf 90' lang='lat' dir='ltr'><strong>prohibitum</strong></span> 
     </span>
    </p>
   </div>
   <div class='ocr_carea' id='block_1_86' title="bbox 2150 3877 2280 3932">
    <p class='ocr_par' dir='ltr' id='par_1_86' title="bbox 2150 3877 2280 3932">
     <span class='ocr_line' id='line_1_86' title="bbox 2150 3877 2280 3932; baseline 0.008 -2"><span class='ocrx_word' id='word_1_552' title='bbox 2150 3877 2280 3932; x_wconf 85' lang='lat' dir='ltr'><strong>fuit.</strong></span> 
     </span>
    </p>
   </div>
   <div class='ocr_carea' id='block_1_87' title="bbox 2221 3984 3811 4057">
    <p class='ocr_par' dir='ltr' id='par_1_87' title="bbox 2221 3984 3811 4057">
     <span class='ocr_line' id='line_1_87' title="bbox 2221 3984 3811 4057; baseline 0.006 -17"><span class='ocrx_word' id='word_1_553' title='bbox 2221 3984 2478 4041; x_wconf 90' lang='lat' dir='ltr'><strong>Instabis</strong></span> <span class='ocrx_word' id='word_1_554' title='bbox 2500 3985 2708 4057; x_wconf 90' lang='lat' dir='ltr'><strong>primis</strong></span> <span class='ocrx_word' id='word_1_555' title='bbox 2741 3986 3006 4043; x_wconf 69' lang='lat' dir='ltr'><strong>Ecclesiae</strong></span> <span class='ocrx_word' id='word_1_556' title='bbox 3027 3989 3254 4046; x_wconf 62' lang='lat' dir='ltr'><strong>suculis</strong></span> <span class='ocrx_word' id='word_1_557' title='bbox 3283 4007 3481 4047; x_wconf 86' lang='lat' dir='ltr'><strong>vocem</strong></span> <span class='ocrx_word' id='word_1_558' title='bbox 3507 4015 3534 4041; x_wconf 91' lang='grc'><strong>‹‹</strong></span> <span class='ocrx_word' id='word_1_559' title='bbox 3571 3991 3761 4050; x_wconf 85' lang='lat' dir='ltr'><strong>altare</strong></span> <span class='ocrx_word' id='word_1_560' title='bbox 3786 4018 3811 4044; x_wconf 87' lang='grc'><strong>››</strong></span> 
     </span>
    </p>
   </div>
   <div class='ocr_carea' id='block_1_88' title="bbox 2148 4073 3810 4151">
    <p class='ocr_par' dir='ltr' id='par_1_88' title="bbox 2148 4073 3810 4151">
     <span class='ocr_line' id='line_1_88' title="bbox 2148 4073 3810 4151; baseline 0.007 -23"><span class='ocrx_word' id='word_1_561' title='bbox 2148 4073 2340 4130; x_wconf 89' lang='lat' dir='ltr'><strong>rarius</strong></span> <span class='ocrx_word' id='word_1_562' title='bbox 2388 4075 2712 4132; x_wconf 90' lang='lat' dir='ltr'><strong>adhibitam</strong></span> <span class='ocrx_word' id='word_1_563' title='bbox 2753 4094 2787 4132; x_wconf 93' lang='lat' dir='ltr'><strong>a</strong></span> <span class='ocrx_word' id='word_1_564' title='bbox 2835 4076 3133 4148; x_wconf 87' lang='lat' dir='ltr'><strong>Patribus,</strong></span> <span class='ocrx_word' id='word_1_565' title='bbox 3193 4081 3292 4151; x_wconf 88' lang='lat' dir='ltr'><strong>qui</strong></span> <span class='ocrx_word' id='word_1_566' title='bbox 3325 4097 3460 4136; x_wconf 91' lang='lat' dir='ltr'><strong>cum</strong></span> <span class='ocrx_word' id='word_1_567' title='bbox 3520 4083 3810 4140; x_wconf 86' lang='lat' dir='ltr'><strong>adversus</strong></span> 
     </span>
    </p>
   </div>
   <div class='ocr_carea' id='block_1_89' title="bbox 2148 4163 3808 4238">
    <p class='ocr_par' dir='ltr' id='par_1_89' title="bbox 2148 4163 3808 4238">
     <span class='ocr_line' id='line_1_89' title="bbox 2148 4163 3808 4238; baseline 0.007 -20"><span class='ocrx_word' id='word_1_568' title='bbox 2148 4163 2413 4220; x_wconf 90' lang='lat' dir='ltr'><strong>ethnicos</strong></span> <span class='ocrx_word' id='word_1_569' title='bbox 2445 4166 2832 4238; x_wconf 84' lang='lat' dir='ltr'><strong>disputarent,</strong></span> <span class='ocrx_word' id='word_1_570' title='bbox 2853 4167 2974 4222; x_wconf 90' lang='lat' dir='ltr'><strong>ulla</strong></span> <span class='ocrx_word' id='word_1_571' title='bbox 3002 4167 3349 4226; x_wconf 90' lang='lat' dir='ltr'><strong>Christianis</strong></span> <span class='ocrx_word' id='word_1_572' title='bbox 3381 4171 3591 4228; x_wconf 89' lang='lat' dir='ltr'><strong>altaria</strong></span> <span class='ocrx_word' id='word_1_573' title='bbox 3623 4174 3808 4229; x_wconf 86' lang='lat' dir='ltr'><strong>fuisse</strong></span> 
     </span>
    </p>
   </div>
   <div class='ocr_carea' id='block_1_90' title="bbox 2146 4254 3806 4330">
    <p class='ocr_par' dir='ltr' id='par_1_90' title="bbox 2146 4254 3806 4330">
     <span class='ocr_line' id='line_1_90' title="bbox 2146 4254 3806 4330; baseline 0.007 -27"><span class='ocrx_word' id='word_1_574' title='bbox 2146 4254 2481 4306; x_wconf 87' lang='lat' dir='ltr'><strong>constanter</strong></span> <span class='ocrx_word' id='word_1_575' title='bbox 2513 4255 2931 4323; x_wconf 89' lang='lat' dir='ltr'><strong>pernegabant.</strong></span> <span class='ocrx_word' id='word_1_576' title='bbox 2968 4254 3077 4310; x_wconf 88' lang='lat' dir='ltr'><strong>Sed</strong></span> <span class='ocrx_word' id='word_1_577' title='bbox 3113 4256 3206 4312; x_wconf 90' lang='lat' dir='ltr'><strong>his</strong></span> <span class='ocrx_word' id='word_1_578' title='bbox 3235 4256 3401 4313; x_wconf 89' lang='lat' dir='ltr'><strong>facile</strong></span> <span class='ocrx_word' id='word_1_579' title='bbox 3447 4261 3806 4330; x_wconf 88' lang='lat' dir='ltr'><strong>respondeas</strong></span> 
     </span>
    </p>
   </div>
   <div class='ocr_carea' id='block_1_91' title="bbox 2146 4339 3807 4419">
    <p class='ocr_par' dir='ltr' id='par_1_91' title="bbox 2146 4339 3807 4419">
     <span class='ocr_line' id='line_1_91' title="bbox 2146 4339 3807 4419; baseline 0.008 -27"><span class='ocrx_word' id='word_1_580' title='bbox 2146 4339 2333 4409; x_wconf 86' lang='lat' dir='ltr'><strong>primo</strong></span> <span class='ocrx_word' id='word_1_581' title='bbox 2359 4357 2557 4396; x_wconf 89' lang='lat' dir='ltr'><strong>vocem</strong></span> <span class='ocrx_word' id='word_1_582' title='bbox 2592 4341 2752 4397; x_wconf 91' lang='lat' dir='ltr'><strong>illam</strong></span> <span class='ocrx_word' id='word_1_583' title='bbox 2782 4363 2809 4393; x_wconf 83' lang='lat'>«</span> <span class='ocrx_word' id='word_1_584' title='bbox 2845 4343 3027 4399; x_wconf 86' lang='lat' dir='ltr'><strong>altare</strong></span> <span class='ocrx_word' id='word_1_585' title='bbox 3061 4367 3088 4394; x_wconf 90' lang='grc'><strong>››</strong></span> <span class='ocrx_word' id='word_1_586' title='bbox 3121 4358 3194 4400; x_wconf 85' lang='lat' dir='ltr'><strong>ab</strong></span> <span class='ocrx_word' id='word_1_587' title='bbox 3227 4348 3474 4418; x_wconf 90' lang='lat' dir='ltr'><strong>Ignatio,</strong></span> <span class='ocrx_word' id='word_1_588' title='bbox 3501 4349 3716 4419; x_wconf 90' lang='lat' dir='ltr'><strong>quidni</strong></span> <span class='ocrx_word' id='word_1_589' title='bbox 3753 4356 3807 4405; x_wconf 82' lang='lat' dir='ltr'><strong>et</strong></span> 
     </span>
    </p>
   </div>
   <div class='ocr_carea' id='block_1_92' title="bbox 2145 4428 3802 4504">
    <p class='ocr_par' dir='ltr' id='par_1_92' title="bbox 2145 4428 3802 4504">
     <span class='ocr_line' id='line_1_92' title="bbox 2145 4428 3802 4504; baseline 0.007 -21"><span class='ocrx_word' id='word_1_590' title='bbox 2145 4430 2216 4484; x_wconf 91' lang='lat' dir='ltr'><strong>ab</strong></span> <span class='ocrx_word' id='word_1_591' title='bbox 2249 4428 2383 4484; x_wconf 90' lang='lat' dir='ltr'><strong>aliis</strong></span> <span class='ocrx_word' id='word_1_592' title='bbox 2417 4446 2668 4502; x_wconf 87' lang='lat' dir='ltr'><strong>quorum</strong></span> <span class='ocrx_word' id='word_1_593' title='bbox 2731 4432 2950 4504; x_wconf 87' lang='lat' dir='ltr'><strong>scripta</strong></span> <span class='ocrx_word' id='word_1_594' title='bbox 2983 4435 3303 4504; x_wconf 89' lang='lat' dir='ltr'><strong>perierunt,</strong></span> <span class='ocrx_word' id='word_1_595' title='bbox 3352 4453 3465 4492; x_wconf 90' lang='lat' dir='ltr'><strong>non</strong></span> <span class='ocrx_word' id='word_1_596' title='bbox 3500 4454 3664 4504; x_wconf 90' lang='lat' dir='ltr'><strong>raro,</strong></span> <span class='ocrx_word' id='word_1_597' title='bbox 3706 4440 3802 4495; x_wconf 86' lang='lat' dir='ltr'><strong>sed</strong></span> 
     </span>
    </p>
   </div>
   <div class='ocr_carea' id='block_1_93' title="bbox 2143 4522 3801 4594">
    <p class='ocr_par' dir='ltr' id='par_1_93' title="bbox 2143 4522 3801 4594">
     <span class='ocr_line' id='line_1_93' title="bbox 2143 4522 3801 4594; baseline 0.008 -23"><span class='ocrx_word' id='word_1_598' title='bbox 2143 4534 2296 4589; x_wconf 65' lang='lat' dir='ltr'><strong>saepe</strong></span> <span class='ocrx_word' id='word_1_599' title='bbox 2330 4523 2692 4591; x_wconf 89' lang='lat' dir='ltr'><strong>usurpatam.</strong></span> <span class='ocrx_word' id='word_1_600' title='bbox 2718 4522 3063 4587; x_wconf 83' lang='lat' dir='ltr'><strong>Secundo,si</strong></span> <span class='ocrx_word' id='word_1_601' title='bbox 3096 4524 3270 4594; x_wconf 88' lang='lat' dir='ltr'><strong>primi</strong></span> <span class='ocrx_word' id='word_1_602' title='bbox 3297 4524 3567 4580; x_wconf 68' lang='lat' dir='ltr'><strong>Ecclesia:</strong></span> <span class='ocrx_word' id='word_1_603' title='bbox 3599 4527 3801 4584; x_wconf 85' lang='lat' dir='ltr'><strong>Patres</strong></span> 
     </span>
    </p>
   </div>
   <div class='ocr_carea' id='block_1_94' title="bbox 2144 4606 3800 4684">
    <p class='ocr_par' dir='ltr' id='par_1_94' title="bbox 2144 4606 3800 4684">
     <span class='ocr_line' id='line_1_94' title="bbox 2144 4606 3800 4684; baseline 0.008 -24"><span class='ocrx_word' id='word_1_604' title='bbox 2144 4606 2201 4661; x_wconf 92' lang='lat' dir='ltr'><strong>in</strong></span> <span class='ocrx_word' id='word_1_605' title='bbox 2235 4607 2360 4661; x_wconf 89' lang='lat' dir='ltr'><strong>suis</strong></span> <span class='ocrx_word' id='word_1_606' title='bbox 2391 4613 2590 4662; x_wconf 87' lang='lat' dir='ltr'><strong>contra</strong></span> <span class='ocrx_word' id='word_1_607' title='bbox 2623 4609 2879 4679; x_wconf 69' lang='lat' dir='ltr'><strong>pa‘ganos</strong></span> <span class='ocrx_word' id='word_1_608' title='bbox 2912 4610 3147 4682; x_wconf 87' lang='lat' dir='ltr'><strong>scriptis</strong></span> <span class='ocrx_word' id='word_1_609' title='bbox 3179 4619 3232 4667; x_wconf 89' lang='lat' dir='ltr'><strong>et</strong></span> <span class='ocrx_word' id='word_1_610' title='bbox 3288 4612 3800 4684; x_wconf 89' lang='lat' dir='ltr'><strong>disputationibus</strong></span> 
     </span>
    </p>
   </div>
   <div class='ocr_carea' id='block_1_95' title="bbox 378 4664 3798 4777">
    <p class='ocr_par' dir='ltr' id='par_1_95' title="bbox 378 4664 3798 4777">
     <span class='ocr_line' id='line_1_95' title="bbox 661 4664 3798 4687; baseline 0.001 -8"><span class='ocrx_word' id='word_1_611' title='bbox 661 4664 676 4679; x_wconf 85' lang='lat'><strong>.</strong></span> <span class='ocrx_word' id='word_1_612' title='bbox 747 4664 789 4666; x_wconf 52' lang='grc' dir='ltr'><strong>τ-</strong></span> <span class='ocrx_word' id='word_1_613' title='bbox 854 4664 1123 4684; x_wconf 52' lang='grc' dir='ltr'><strong>--μ-τυ--ν</strong></span> <span class='ocrx_word' id='word_1_614' title='bbox 1179 4664 1430 4687; x_wconf 59' lang='grc' dir='ltr'><strong>..η-..ν-</strong></span> <span class='ocrx_word' id='word_1_615' title='bbox 1495 4664 1909 4682; x_wconf 56' lang='lat' dir='ltr'><strong>&quot;nu-nu...</strong></span> <span class='ocrx_word' id='word_1_616' title='bbox 2623 4664 2639 4679; x_wconf 85' lang='lat'><em>.</em></span> <span class='ocrx_word' id='word_1_617' title='bbox 2699 4664 2728 4678; x_wconf 76' lang='grc' dir='ltr'>υ</span> <span class='ocrx_word' id='word_1_618' title='bbox 2923 4664 2964 4666; x_wconf 50' lang='grc' dir='ltr'>η</span> <span class='ocrx_word' id='word_1_619' title='bbox 3034 4664 3143 4682; x_wconf 52' lang='grc' dir='ltr'><strong>,ε-</strong></span> <span class='ocrx_word' id='word_1_620' title='bbox 3187 4664 3230 4667; x_wconf 59' lang='grc' dir='ltr'><strong>-τ</strong></span> <span class='ocrx_word' id='word_1_621' title='bbox 3295 4664 3798 4684; x_wconf 56' lang='grc' dir='ltr'><strong>--ηττηη-τ---η</strong></span> 
     </span>
     <span class='ocr_line' id='line_1_96' title="bbox 378 4664 3798 4777; baseline 0.004 -30"><span class='ocrx_word' id='word_1_622' title='bbox 378 4713 610 4754; x_wconf 81' lang='lat' dir='ltr'><strong>summo</strong></span> <span class='ocrx_word' id='word_1_623' title='bbox 649 4716 714 4754; x_wconf 70' lang='lat' dir='ltr'><strong>ac</strong></span> <span class='ocrx_word' id='word_1_624' title='bbox 765 4703 1056 4774; x_wconf 54' lang='lat' dir='ltr'><strong>pracipuo</strong></span> <span class='ocrx_word' id='word_1_625' title='bbox 1103 4705 1283 4759; x_wconf 72' lang='lat' dir='ltr'><strong>totius</strong></span> <span class='ocrx_word' id='word_1_626' title='bbox 1332 4704 1672 4759; x_wconf 57' lang='lat' dir='ltr'><strong>Christiana,</strong></span> <span class='ocrx_word' id='word_1_627' title='bbox 1729 4705 2028 4777; x_wconf 67' lang='lat' dir='ltr'><strong>religionis</strong></span> <span class='ocrx_word' id='word_1_628' title='bbox 2062 4664 2106 4730; x_wconf 68' lang='grc' dir='ltr'><strong>Β</strong></span> <span class='ocrx_word' id='word_1_629' title='bbox 2139 4693 2300 4750; x_wconf 90' lang='lat' dir='ltr'><strong>nulla</strong></span> <span class='ocrx_word' id='word_1_630' title='bbox 2339 4695 2690 4752; x_wconf 89' lang='lat' dir='ltr'><strong>Christianis</strong></span> <span class='ocrx_word' id='word_1_631' title='bbox 2748 4699 2954 4753; x_wconf 87' lang='lat' dir='ltr'><strong>altaria</strong></span> <span class='ocrx_word' id='word_1_632' title='bbox 3004 4699 3186 4755; x_wconf 91' lang='lat' dir='ltr'><strong>fuisse</strong></span> <span class='ocrx_word' id='word_1_633' title='bbox 3239 4701 3533 4770; x_wconf 83' lang='lat' dir='ltr'><strong>dixerunt,</strong></span> <span class='ocrx_word' id='word_1_634' title='bbox 3568 4703 3630 4758; x_wconf 89' lang='lat' dir='ltr'><strong>in</strong></span> <span class='ocrx_word' id='word_1_635' title='bbox 3667 4705 3798 4760; x_wconf 90' lang='lat' dir='ltr'><strong>aliis</strong></span> 
     </span>
    </p>
   </div>
   <div class='ocr_carea' id='block_1_96' title="bbox 378 4787 2026 4866">
    <p class='ocr_par' dir='ltr' id='par_1_96' title="bbox 378 4787 2026 4866">
     <span class='ocr_line' id='line_1_97' title="bbox 378 4787 2026 4866; baseline 0.007 -27"><span class='ocrx_word' id='word_1_636' title='bbox 378 4787 561 4856; x_wconf 88' lang='lat' dir='ltr'><strong>capite</strong></span> <span class='ocrx_word' id='word_1_637' title='bbox 593 4805 626 4842; x_wconf 93' lang='lat' dir='ltr'><strong>a</strong></span> <span class='ocrx_word' id='word_1_638' title='bbox 661 4788 820 4845; x_wconf 91' lang='lat' dir='ltr'><strong>nullo</strong></span> <span class='ocrx_word' id='word_1_639' title='bbox 853 4791 1337 4860; x_wconf 88' lang='lat' dir='ltr'><strong>pseudo-Christo</strong></span> <span class='ocrx_word' id='word_1_640' title='bbox 1369 4797 1472 4846; x_wconf 89' lang='lat' dir='ltr'><strong>aut</strong></span> <span class='ocrx_word' id='word_1_641' title='bbox 1520 4793 2026 4866; x_wconf 87' lang='lat' dir='ltr'><strong>pseudo-apostolo</strong></span> 
     </span>
    </p>
   </div>
   <div class='ocr_carea' id='block_1_97' title="bbox 377 4875 2025 4956">
    <p class='ocr_par' dir='ltr' id='par_1_97' title="bbox 377 4875 2025 4956">
     <span class='ocr_line' id='line_1_98' title="bbox 377 4875 2025 4956; baseline 0.009 -28"><span class='ocrx_word' id='word_1_642' title='bbox 377 4875 561 4931; x_wconf 87' lang='lat' dir='ltr'><strong>fuisse</strong></span> <span class='ocrx_word' id='word_1_643' title='bbox 612 4877 943 4950; x_wconf 89' lang='lat' dir='ltr'><strong>deceptum.</strong></span> <span class='ocrx_word' id='word_1_644' title='bbox 975 4879 1316 4935; x_wconf 72' lang='lat' dir='ltr'><strong>Temerarius</strong></span> <span class='ocrx_word' id='word_1_645' title='bbox 1366 4896 1499 4951; x_wconf 91' lang='lat' dir='ltr'><strong>ergo</strong></span> <span class='ocrx_word' id='word_1_646' title='bbox 1548 4881 1658 4936; x_wconf 70' lang='lat' dir='ltr'><strong>illae</strong></span> <span class='ocrx_word' id='word_1_647' title='bbox 1707 4884 2025 4956; x_wconf 90' lang='lat' dir='ltr'><strong>impiorum</strong></span> 
     </span>
    </p>
   </div>
   <div class='ocr_carea' id='block_1_98' title="bbox 383 4964 2024 5048">
    <p class='ocr_par' dir='ltr' id='par_1_98' title="bbox 383 4964 2024 5048">
     <span class='ocr_line' id='line_1_99' title="bbox 383 4964 2024 5048; baseline 0.009 -30"><span class='ocrx_word' id='word_1_648' title='bbox 383 4964 688 5022; x_wconf 83' lang='lat' dir='ltr'><strong>hominum</strong></span> <span class='ocrx_word' id='word_1_649' title='bbox 749 4967 1160 5040; x_wconf 88' lang='lat' dir='ltr'><strong>responsiones</strong></span> <span class='ocrx_word' id='word_1_650' title='bbox 1223 4967 1595 5040; x_wconf 72' lang='lat' dir='ltr'><strong>explodendaa</strong></span> <span class='ocrx_word' id='word_1_651' title='bbox 1652 4983 1805 5045; x_wconf 87' lang='lat' dir='ltr'><strong>sunt,</strong></span> <span class='ocrx_word' id='word_1_652' title='bbox 1855 4976 2024 5048; x_wconf 90' lang='lat' dir='ltr'><strong>eique</strong></span> 
     </span>
    </p>
   </div>
   <div class='ocr_carea' id='block_1_99' title="bbox 378 5051 2020 5135">
    <p class='ocr_par' dir='ltr' id='par_1_99' title="bbox 378 5051 2020 5135">
     <span class='ocr_line' id='line_1_100' title="bbox 378 5051 2020 5135; baseline 0.009 -28"><span class='ocrx_word' id='word_1_653' title='bbox 378 5051 1210 5128; x_wconf 50' lang='lat' dir='ltr'><strong>doctrinasinharendummro</strong></span> <span class='ocrx_word' id='word_1_654' title='bbox 1236 5073 1352 5127; x_wconf 89' lang='lat' dir='ltr'><strong>qua</strong></span> <span class='ocrx_word' id='word_1_655' title='bbox 1375 5075 1490 5114; x_wconf 81' lang='lat' dir='ltr'><strong>non</strong></span> <span class='ocrx_word' id='word_1_656' title='bbox 1521 5059 1710 5117; x_wconf 89' lang='lat' dir='ltr'><strong>solum</strong></span> <span class='ocrx_word' id='word_1_657' title='bbox 1735 5064 2020 5135; x_wconf 88' lang='lat' dir='ltr'><strong>Ignatius,</strong></span> 
     </span>
    </p>
   </div>
   <div class='ocr_carea' id='block_1_100' title="bbox 376 5141 2022 5218">
    <p class='ocr_par' dir='ltr' id='par_1_100' title="bbox 376 5141 2022 5218">
     <span class='ocr_line' id='line_1_101' title="bbox 376 5141 2022 5218; baseline 0.009 -23"><span class='ocrx_word' id='word_1_658' title='bbox 376 5142 472 5196; x_wconf 87' lang='lat' dir='ltr'><strong>sed</strong></span> <span class='ocrx_word' id='word_1_659' title='bbox 507 5141 799 5200; x_wconf 89' lang='lat' dir='ltr'><strong>innumeri</strong></span> <span class='ocrx_word' id='word_1_660' title='bbox 822 5150 1106 5216; x_wconf 83' lang='lat' dir='ltr'><strong>martyres</strong></span> <span class='ocrx_word' id='word_1_661' title='bbox 1129 5148 1475 5218; x_wconf 84' lang='lat' dir='ltr'><strong>sanguinem</strong></span> <span class='ocrx_word' id='word_1_662' title='bbox 1499 5165 1672 5206; x_wconf 89' lang='lat' dir='ltr'><strong>suum</strong></span> <span class='ocrx_word' id='word_1_663' title='bbox 1696 5155 2022 5210; x_wconf 86' lang='lat' dir='ltr'><strong>constantia</strong></span> 
     </span>
    </p>
   </div>
   <div class='ocr_carea' id='block_1_101' title="bbox 378 5229 1700 5306">
    <p class='ocr_par' dir='ltr' id='par_1_101' title="bbox 378 5229 1700 5306">
     <span class='ocr_line' id='line_1_102' title="bbox 378 5229 1700 5306; baseline 0.008 -22"><span class='ocrx_word' id='word_1_664' title='bbox 378 5229 709 5286; x_wconf 89' lang='lat' dir='ltr'><strong>admirabili</strong></span> <span class='ocrx_word' id='word_1_665' title='bbox 741 5232 1035 5304; x_wconf 90' lang='lat' dir='ltr'><strong>planeque</strong></span> <span class='ocrx_word' id='word_1_666' title='bbox 1065 5233 1265 5289; x_wconf 90' lang='lat' dir='ltr'><strong>divina</strong></span> <span class='ocrx_word' id='word_1_667' title='bbox 1295 5237 1700 5306; x_wconf 89' lang='lat' dir='ltr'><strong>profuderunt.</strong></span> 
     </span>
    </p>
   </div>
   <div class='ocr_carea' id='block_1_102' title="bbox 623 5353 1771 5422">
    <p class='ocr_par' dir='ltr' id='par_1_102' title="bbox 623 5353 1771 5422">
     <span class='ocr_line' id='line_1_103' title="bbox 623 5353 1771 5422; baseline 0.011 -14"><span class='ocrx_word' id='word_1_668' title='bbox 623 5356 650 5419; x_wconf 88' lang='lat'><strong>§</strong></span> <span class='ocrx_word' id='word_1_669' title='bbox 679 5353 747 5409; x_wconf 90' lang='lat' dir='ltr'><strong>Il.</strong></span> <span class='ocrx_word' id='word_1_670' title='bbox 785 5355 857 5410; x_wconf 83' lang='lat' dir='ltr'><strong>De</strong></span> <span class='ocrx_word' id='word_1_671' title='bbox 885 5371 1044 5410; x_wconf 72' lang='lat' dir='ltr'><strong>sacro</strong></span> <span class='ocrx_word' id='word_1_672' title='bbox 1099 5355 1538 5416; x_wconf 71' lang='lat' dir='ltr'><strong>Christianorum</strong></span> <span class='ocrx_word' id='word_1_673' title='bbox 1570 5363 1771 5422; x_wconf 78' lang='lat' dir='ltr'><strong>altari.</strong></span> 
     </span>
    </p>
   </div>
   <div class='ocr_carea' id='block_1_103' title="bbox 439 5478 2020 5555">
    <p class='ocr_par' dir='ltr' id='par_1_103' title="bbox 439 5478 2020 5555">
     <span class='ocr_line' id='line_1_104' title="bbox 439 5478 2020 5555; baseline 0.011 -24"><span class='ocrx_word' id='word_1_674' title='bbox 439 5479 638 5548; x_wconf 84' lang='lat' dir='ltr'><strong>Neque</strong></span> <span class='ocrx_word' id='word_1_675' title='bbox 701 5478 850 5535; x_wconf 90' lang='lat' dir='ltr'><strong>illud</strong></span> <span class='ocrx_word' id='word_1_676' title='bbox 909 5479 1088 5536; x_wconf 89' lang='lat' dir='ltr'><strong>etiam</strong></span> <span class='ocrx_word' id='word_1_677' title='bbox 1153 5484 1547 5555; x_wconf 76' lang='lat' dir='ltr'><strong>perfunctorie</strong></span> <span class='ocrx_word' id='word_1_678' title='bbox 1621 5491 2020 5549; x_wconf 81' lang='lat' dir='ltr'><strong>observatione</strong></span> 
     </span>
    </p>
   </div>
   <div class='ocr_carea' id='block_1_104' title="bbox 2137 4785 3795 4860">
    <p class='ocr_par' dir='ltr' id='par_1_104' title="bbox 2137 4785 3795 4860">
     <span class='ocr_line' id='line_1_105' title="bbox 2137 4785 3795 4860; baseline 0.006 -21"><span class='ocrx_word' id='word_1_679' title='bbox 2137 4785 2434 4854; x_wconf 90' lang='lat' dir='ltr'><strong>operibus,</strong></span> <span class='ocrx_word' id='word_1_680' title='bbox 2469 4791 2571 4840; x_wconf 90' lang='lat' dir='ltr'><strong>aut</strong></span> <span class='ocrx_word' id='word_1_681' title='bbox 2600 4788 2970 4842; x_wconf 90' lang='lat' dir='ltr'><strong>sermonibus</strong></span> <span class='ocrx_word' id='word_1_682' title='bbox 3029 4789 3100 4844; x_wconf 91' lang='lat' dir='ltr'><strong>ad</strong></span> <span class='ocrx_word' id='word_1_683' title='bbox 3132 4789 3496 4845; x_wconf 86' lang='lat' dir='ltr'><strong>Christianos</strong></span> <span class='ocrx_word' id='word_1_684' title='bbox 3547 4791 3795 4860; x_wconf 85' lang='lat' dir='ltr'><strong>habitis,</strong></span> 
     </span>
    </p>
   </div>
   <div class='ocr_carea' id='block_1_105' title="bbox 2136 4873 3794 4944">
    <p class='ocr_par' dir='ltr' id='par_1_105' title="bbox 2136 4873 3794 4944">
     <span class='ocr_line' id='line_1_106' title="bbox 2136 4873 3794 4944; baseline 0.007 -18"><span class='ocrx_word' id='word_1_685' title='bbox 2136 4889 2245 4927; x_wconf 90' lang='lat' dir='ltr'><strong>sua</strong></span> <span class='ocrx_word' id='word_1_686' title='bbox 2267 4873 2425 4944; x_wconf 87' lang='lat' dir='ltr'><strong>ipsos</strong></span> <span class='ocrx_word' id='word_1_687' title='bbox 2457 4873 2664 4928; x_wconf 89' lang='lat' dir='ltr'><strong>altaria</strong></span> <span class='ocrx_word' id='word_1_688' title='bbox 2695 4874 2974 4930; x_wconf 85' lang='lat' dir='ltr'><strong>habuisse</strong></span> <span class='ocrx_word' id='word_1_689' title='bbox 3005 4878 3361 4933; x_wconf 88' lang='lat' dir='ltr'><strong>asserebant.</strong></span> <span class='ocrx_word' id='word_1_690' title='bbox 3392 4878 3794 4942; x_wconf 85' lang='lat' dir='ltr'><strong>Quamobrem</strong></span> 
     </span>
    </p>
   </div>
   <div class='ocr_carea' id='block_1_106' title="bbox 2135 4965 3794 5042">
    <p class='ocr_par' dir='ltr' id='par_1_106' title="bbox 2135 4965 3794 5042">
     <span class='ocr_line' id='line_1_107' title="bbox 2135 4965 3794 5042; baseline 0.005 -25"><span class='ocrx_word' id='word_1_691' title='bbox 2135 4979 2268 5018; x_wconf 90' lang='lat' dir='ltr'><strong>cum</strong></span> <span class='ocrx_word' id='word_1_692' title='bbox 2305 4965 2706 5037; x_wconf 88' lang='lat' dir='ltr'><strong>antiquissimi</strong></span> <span class='ocrx_word' id='word_1_693' title='bbox 2737 4966 2821 5021; x_wconf 92' lang='lat' dir='ltr'><strong>illi</strong></span> <span class='ocrx_word' id='word_1_694' title='bbox 2853 4967 3166 5040; x_wconf 88' lang='lat' dir='ltr'><strong>scriptores</strong></span> <span class='ocrx_word' id='word_1_695' title='bbox 3198 4969 3310 5024; x_wconf 90' lang='lat' dir='ltr'><strong>sibi</strong></span> <span class='ocrx_word' id='word_1_696' title='bbox 3332 4969 3476 5042; x_wconf 88' lang='lat' dir='ltr'><strong>ipsis</strong></span> <span class='ocrx_word' id='word_1_697' title='bbox 3510 4975 3794 5029; x_wconf 87' lang='lat' dir='ltr'><strong>contrarii</strong></span> 
     </span>
    </p>
   </div>
   <div class='ocr_carea' id='block_1_107' title="bbox 2133 5055 3796 5127">
    <p class='ocr_par' dir='ltr' id='par_1_107' title="bbox 2133 5055 3796 5127">
     <span class='ocr_line' id='line_1_108' title="bbox 2133 5055 3796 5127; baseline 0.007 -22"><span class='ocrx_word' id='word_1_698' title='bbox 2133 5066 2260 5106; x_wconf 89' lang='lat' dir='ltr'><strong>esse</strong></span> <span class='ocrx_word' id='word_1_699' title='bbox 2290 5069 2401 5108; x_wconf 88' lang='lat' dir='ltr'><strong>non</strong></span> <span class='ocrx_word' id='word_1_700' title='bbox 2435 5055 2871 5124; x_wconf 87' lang='lat' dir='ltr'><strong>possint,iidem</strong></span> <span class='ocrx_word' id='word_1_701' title='bbox 2903 5057 3105 5127; x_wconf 90' lang='lat' dir='ltr'><strong>procul</strong></span> <span class='ocrx_word' id='word_1_702' title='bbox 3139 5057 3318 5114; x_wconf 91' lang='lat' dir='ltr'><strong>dubio</strong></span> <span class='ocrx_word' id='word_1_703' title='bbox 3350 5059 3446 5113; x_wconf 89' lang='lat' dir='ltr'><strong>ubi</strong></span> <span class='ocrx_word' id='word_1_704' title='bbox 3479 5059 3631 5116; x_wconf 88' lang='lat' dir='ltr'><strong>illud</strong></span> <span class='ocrx_word' id='word_1_705' title='bbox 3671 5064 3796 5118; x_wconf 85' lang='lat' dir='ltr'><strong>inti-</strong></span> 
     </span>
    </p>
   </div>
   <div class='ocr_carea' id='block_1_108' title="bbox 2131 5139 3794 5217">
    <p class='ocr_par' dir='ltr' id='par_1_108' title="bbox 2131 5139 3794 5217">
     <span class='ocr_line' id='line_1_109' title="bbox 2131 5139 3794 5217; baseline 0.007 -23"><span class='ocrx_word' id='word_1_706' title='bbox 2131 5139 2469 5208; x_wconf 88' lang='lat' dir='ltr'><strong>ciantur,ibi</strong></span> <span class='ocrx_word' id='word_1_707' title='bbox 2505 5143 2574 5198; x_wconf 85' lang='lat' dir='ltr'><strong>de</strong></span> <span class='ocrx_word' id='word_1_708' title='bbox 2596 5141 2880 5198; x_wconf 85' lang='lat' dir='ltr'><strong>altaribus</strong></span> <span class='ocrx_word' id='word_1_709' title='bbox 2895 5144 3231 5215; x_wconf 88' lang='lat' dir='ltr'><strong>publicis,in</strong></span> <span class='ocrx_word' id='word_1_710' title='bbox 3255 5146 3472 5217; x_wconf 88' lang='lat' dir='ltr'><strong>quibus</strong></span> <span class='ocrx_word' id='word_1_711' title='bbox 3495 5149 3794 5205; x_wconf 78' lang='lat' dir='ltr'><strong>sacrificia</strong></span> 
     </span>
    </p>
   </div>
   <div class='ocr_carea' id='block_1_109' title="bbox 2132 5228 3792 5303">
    <p class='ocr_par' dir='ltr' id='par_1_109' title="bbox 2132 5228 3792 5303">
     <span class='ocr_line' id='line_1_110' title="bbox 2132 5228 3792 5303; baseline 0.007 -23"><span class='ocrx_word' id='word_1_712' title='bbox 2132 5228 2387 5284; x_wconf 85' lang='lat' dir='ltr'><strong>maximo</strong></span> <span class='ocrx_word' id='word_1_713' title='bbox 2419 5234 2700 5300; x_wconf 86' lang='lat' dir='ltr'><strong>apparatu</strong></span> <span class='ocrx_word' id='word_1_714' title='bbox 2736 5235 2794 5285; x_wconf 91' lang='lat' dir='ltr'><strong>et</strong></span> <span class='ocrx_word' id='word_1_715' title='bbox 2823 5247 3185 5303; x_wconf 87' lang='lat' dir='ltr'><strong>paganorum</strong></span> <span class='ocrx_word' id='word_1_716' title='bbox 3221 5249 3379 5289; x_wconf 90' lang='lat' dir='ltr'><strong>more</strong></span> <span class='ocrx_word' id='word_1_717' title='bbox 3408 5234 3792 5302; x_wconf 83' lang='lat' dir='ltr'><strong>ﬂerent,sunt</strong></span> 
     </span>
    </p>
   </div>
   <div class='ocr_carea' id='block_1_110' title="bbox 2129 5315 3788 5393">
    <p class='ocr_par' dir='ltr' id='par_1_110' title="bbox 2129 5315 3788 5393">
     <span class='ocr_line' id='line_1_111' title="bbox 2129 5315 3788 5393; baseline 0.009 -24"><span class='ocrx_word' id='word_1_718' title='bbox 2129 5315 2513 5388; x_wconf 88' lang='lat' dir='ltr'><strong>intelligendi.</strong></span> <span class='ocrx_word' id='word_1_719' title='bbox 2540 5318 2606 5373; x_wconf 88' lang='lat' dir='ltr'><strong>Et</strong></span> <span class='ocrx_word' id='word_1_720' title='bbox 2635 5325 2788 5375; x_wconf 89' lang='lat' dir='ltr'><strong>certe</strong></span> <span class='ocrx_word' id='word_1_721' title='bbox 2819 5335 2953 5376; x_wconf 90' lang='lat' dir='ltr'><strong>cum</strong></span> <span class='ocrx_word' id='word_1_722' title='bbox 2985 5321 3098 5393; x_wconf 91' lang='lat' dir='ltr'><strong>ipsi</strong></span> <span class='ocrx_word' id='word_1_723' title='bbox 3129 5321 3546 5380; x_wconf 88' lang='lat' dir='ltr'><strong>eucharistiam</strong></span> <span class='ocrx_word' id='word_1_724' title='bbox 3578 5342 3788 5383; x_wconf 88' lang='lat' dir='ltr'><strong>verum</strong></span> 
     </span>
    </p>
   </div>
   <div class='ocr_carea' id='block_1_111' title="bbox 2127 5407 3789 5482">
    <p class='ocr_par' dir='ltr' id='par_1_111' title="bbox 2127 5407 3789 5482">
     <span class='ocr_line' id='line_1_112' title="bbox 2127 5407 3789 5482; baseline 0.005 -21"><span class='ocrx_word' id='word_1_725' title='bbox 2127 5407 2388 5477; x_wconf 89' lang='lat' dir='ltr'><strong>corporis</strong></span> <span class='ocrx_word' id='word_1_726' title='bbox 2419 5413 2476 5463; x_wconf 93' lang='lat' dir='ltr'><strong>et</strong></span> <span class='ocrx_word' id='word_1_727' title='bbox 2506 5409 2814 5482; x_wconf 89' lang='lat' dir='ltr'><strong>sanguinis</strong></span> <span class='ocrx_word' id='word_1_728' title='bbox 2838 5409 3054 5467; x_wconf 89' lang='lat' dir='ltr'><strong>Christi</strong></span> <span class='ocrx_word' id='word_1_729' title='bbox 3071 5412 3424 5468; x_wconf 86' lang='lat' dir='ltr'><strong>sacriﬁcium</strong></span> <span class='ocrx_word' id='word_1_730' title='bbox 3457 5431 3591 5470; x_wconf 86' lang='lat' dir='ltr'><strong>esse</strong></span> <span class='ocrx_word' id='word_1_731' title='bbox 3626 5417 3789 5473; x_wconf 91' lang='lat' dir='ltr'><strong>omni</strong></span> 
     </span>
    </p>
   </div>
   <div class='ocr_carea' id='block_1_112' title="bbox 2128 5496 3785 5571">
    <p class='ocr_par' dir='ltr' id='par_1_112' title="bbox 2128 5496 3785 5571">
     <span class='ocr_line' id='line_1_113' title="bbox 2128 5496 3785 5571; baseline 0.006 -21"><span class='ocrx_word' id='word_1_732' title='bbox 2128 5496 2558 5553; x_wconf 87' lang='lat' dir='ltr'><strong>asseveratione</strong></span> <span class='ocrx_word' id='word_1_733' title='bbox 2614 5497 2930 5565; x_wconf 82' lang='lat' dir='ltr'><strong>afﬂrment,</strong></span> <span class='ocrx_word' id='word_1_734' title='bbox 2983 5501 3135 5571; x_wconf 87' lang='lat' dir='ltr'><strong>apud</strong></span> <span class='ocrx_word' id='word_1_735' title='bbox 3167 5501 3528 5559; x_wconf 86' lang='lat' dir='ltr'><strong>Christianos</strong></span> <span class='ocrx_word' id='word_1_736' title='bbox 3577 5521 3785 5562; x_wconf 87' lang='lat' dir='ltr'><strong>verum</strong></span> 
     </span>
    </p>
   </div>
   <div class='ocr_carea' id='block_1_113' title="bbox 430 5652 3496 5746">
    <p class='ocr_par' dir='ltr' id='par_1_113' title="bbox 430 5652 3496 5746">
     <span class='ocr_line' id='line_1_114' title="bbox 430 5652 3496 5746; baseline 0.008 -37"><span class='ocrx_word' id='word_1_737' title='bbox 430 5652 478 5687; x_wconf 81' lang='grc'><strong>⁸⁸</strong></span> <span class='ocrx_word' id='word_1_738' title='bbox 511 5653 654 5726; x_wconf 90' lang='lat' dir='ltr'><strong>Sup.</strong></span> <span class='ocrx_word' id='word_1_739' title='bbox 687 5661 837 5728; x_wconf 90' lang='lat' dir='ltr'><strong>part.</strong></span> <span class='ocrx_word' id='word_1_740' title='bbox 870 5674 914 5727; x_wconf 78' lang='grc' dir='ltr'><strong>ι,</strong></span> <span class='ocrx_word' id='word_1_741' title='bbox 945 5674 1071 5733; x_wconf 85' lang='lat' dir='ltr'><strong>cap.</strong></span> <span class='ocrx_word' id='word_1_742' title='bbox 1098 5661 1186 5730; x_wconf 83' lang='grc'><strong>12,</strong></span> <span class='ocrx_word' id='word_1_743' title='bbox 1219 5660 1249 5735; x_wconf 86' lang='lat'>§</span> <span class='ocrx_word' id='word_1_744' title='bbox 1276 5662 1312 5717; x_wconf 88' lang='grc'><strong>5</strong></span> <span class='ocrx_word' id='word_1_745' title='bbox 1340 5666 1398 5719; x_wconf 89' lang='lat' dir='ltr'><strong>et</strong></span> <span class='ocrx_word' id='word_1_746' title='bbox 1423 5661 1478 5735; x_wconf 76' lang='lat'><strong>6,</strong></span> <span class='ocrx_word' id='word_1_747' title='bbox 1517 5663 1563 5700; x_wconf 73' lang='grc'><strong>⁸⁸</strong></span> <span class='ocrx_word' id='word_1_748' title='bbox 1595 5666 1776 5738; x_wconf 87' lang='lat' dir='ltr'><strong>Epist.</strong></span> <span class='ocrx_word' id='word_1_749' title='bbox 1809 5671 1890 5726; x_wconf 86' lang='lat' dir='ltr'><strong>ad</strong></span> <span class='ocrx_word' id='word_1_750' title='bbox 1921 5669 2100 5744; x_wconf 84' lang='lat' dir='ltr'><strong>Smyr.</strong></span> <span class='ocrx_word' id='word_1_751' title='bbox 2134 5670 2180 5707; x_wconf 85' lang='grc'><strong>⁴¹¹</strong></span> <span class='ocrx_word' id='word_1_752' title='bbox 2213 5673 2394 5744; x_wconf 83' lang='lat' dir='ltr'><strong>Epist.</strong></span> <span class='ocrx_word' id='word_1_753' title='bbox 2419 5672 2488 5729; x_wconf 83' lang='lat' dir='ltr'><strong>ad</strong></span> <span class='ocrx_word' id='word_1_754' title='bbox 2517 5673 2691 5746; x_wconf 78' lang='lat' dir='ltr'><strong>Ephes</strong></span> <span class='ocrx_word' id='word_1_755' title='bbox 2715 5675 2758 5710; x_wconf 76' lang='grc'><strong>⁵⁸</strong></span> <span class='ocrx_word' id='word_1_756' title='bbox 2789 5690 2954 5734; x_wconf 88' lang='lat' dir='ltr'><strong>conc.</strong></span> <span class='ocrx_word' id='word_1_757' title='bbox 2987 5675 3216 5733; x_wconf 87' lang='lat' dir='ltr'><strong>Laodic.</strong></span> <span class='ocrx_word' id='word_1_758' title='bbox 3249 5693 3378 5734; x_wconf 87' lang='lat' dir='ltr'><strong>can.</strong></span> <span class='ocrx_word' id='word_1_759' title='bbox 3407 5678 3496 5734; x_wconf 75' lang='lat' dir='ltr'><strong>u.</strong></span> 
     </span>
    </p>
   </div>
  </div>
