3942 6302
148 369 263 433 561

1075 373 1147 431 D.
1196 370 1543 435 NOURRII
1587 371 2131 438 DISSERTATIO.
2184 412 2255 423 —
2302 378 2499 441 PARS
2541 380 2650 441 III.

3453 376 3574 437 562

151 524 220 563 ac
246 503 549 578 proprium
572 502 755 559 altare
776 501 1006 574 aliquod
1031 502 1437 578 fuissefnegare
1464 522 1578 563 non
1598 509 1805 578 potue-
1836 506 1890 571 Α
1919 510 1945 576 §
1975 508 2064 565 ιν.
2096 510 2361 569 Diaconos
2406 511 2766 569 eucharistia?
2801 527 2912 566 non
2956 511 3210 566 ciborum
3246 513 3299 567 et
3331 513 3560 579 potuum

150 600 320 652 runt.

228 685 257 757 §
299 686 393 740 ΙΙΙ.
432 686 491 738 In
522 684 860 739 eucharistia
892 700 1080 739 verum
1132 700 1244 742 esse
1289 684 1495 742 Christi
1522 701 1737 755 corpus.

224 776 302 829 Ex
326 775 421 829 his
455 781 651 830 autem
687 773 1072 847 scriptoribus
1097 778 1293 830 noster
1321 776 1379 830 in
1408 775 1614 845 primis
1644 777 1812 847 Igna-

153 866 236 919 tiu
254 880 494 919 sverum
520 864 577 917 in
602 863 957 918 eucharistia
980 879 1107 918 esse
1129 863 1345 918 Christi
1373 880 1586 934 corpus
1618 865 1805 919 diser-

159 952 385 1007 tissime
415 951 913 1024 docet.Siquidem
939 953 1037 1007 ubi
1070 953 1137 1007 de
1164 951 1472 1017 haereticis,
1502 953 1604 1023 qui
1637 953 1804 1007 Chri-

157 1047 312 1096 stum
349 1058 464 1096 non
501 1057 723 1109 veram,
755 1042 856 1096 sed
886 1042 1077 1095 ﬁctam
1113 1049 1167 1096 et
1194 1041 1529 1097 simulatam
1567 1058 1803 1096 carnem

157 1131 550 1201 assumpsisse
580 1131 939 1202 garriebant,
984 1146 1314 1186 sermonem
1361 1130 1537 1186 habet
1573 1149 1585 1187 :
1629 1152 1657 1180 «ε
1720 1131 1805 1187 Ab

152 1218 510 1275 eucharistia
540 1218 733 1291 inquit
760 1218 828 1284 ‘9,
862 1219 1182 1285 abstinent,
1216 1223 1449 1291 propter
1477 1237 1592 1275 non
1618 1220 1802 1275 conﬁ-

151 1310 256 1364 teri
287 1325 524 1363 carnem
551 1324 679 1364 esse
713 1308 1032 1365 Salvatoris
1066 1308 1252 1364 nostri
1274 1308 1412 1364 Jesu
1445 1309 1661 1364 Christi
1698 1326 1802 1379 pro

154 1396 399 1467 peccatis
431 1397 646 1451 nostris
669 1412 928 1467 passam,
955 1417 985 1446 »
1008 1402 1117 1453 etc.
1138 1397 1203 1451 Et
1228 1412 1363 1452 vero
1404 1397 1451 1451 si
1474 1402 1615 1451 tunc
1640 1396 1804 1451 Chri-

154 1487 320 1540 stiani
355 1487 416 1540 in
453 1487 654 1541 eadem
691 1501 753 1540 ac
785 1485 1107 1541 Calviniani
1140 1486 1320 1541 nostri
1375 1485 1624 1541 fuissent
1655 1503 1797 1541 sen-

154 1576 348 1642 tentia,
386 1575 805 1630 eucharistiam
841 1576 1100 1646 corporis
1146 1574 1360 1629 Christi
1392 1576 1611 1629 nudam
1646 1576 1798 1629 dun-

157 1668 307 1719 taxat
360 1680 491 1720 esse
524 1666 791 1733 ﬁguram,
824 1665 895 1719 ab
945 1665 1030 1719 eis
1088 1681 1204 1719 non
1256 1664 1449 1735 potius
1500 1662 1597 1719 illa
1636 1664 1795 1735 rejici

154 1753 369 1821 debuit,
390 1769 567 1824 quam
593 1753 944 1824 baptismus,
975 1753 1073 1824 qui
1093 1770 1222 1809 vere
1252 1755 1456 1809 mortis
1485 1753 1700 1809 Christi
1728 1755 1799 1808 ﬁ-

2502 601 2620 641 essc
2648 584 2956 639 ministros.

1992 688 2429 744 Observandum
2457 706 2688 761 quoque
2727 688 3163 744 diaconosinter
3205 702 3406 743 sacros
3435 688 3575 742 ado-

1919 778 2081 831 randi
2115 778 2479 833 eucharistia:
2511 779 2859 834 sacramenti
2891 778 3194 833 ministros
3224 776 3296 831 ab
3330 775 3553 846 Ignatio

1917 867 2241 934 computari
2264 864 2311 899 ⁸³
2336 882 2349 919 :
2384 888 2404 915 α
2442 867 2683 937 Oportet
2704 872 2760 921 et
2779 866 3056 920 diaconos
3081 866 3380 920 ministros
3410 864 3564 919 exsi-

1916 958 2135 1007 stentes
2193 956 2606 1026 mysteriorum
2655 955 2791 1010 Jesu
2850 955 3152 1011 Christi....
3213 954 3339 1009 Non
3396 956 3557 1010 enim

1914 1043 2177 1099 ciborum
2201 1050 2256 1099 et
2282 1051 2525 1115 potuum
2550 1050 2692 1101 sunt
2717 1045 2989 1101 ministri.
3023 1066 3051 1095 ››
3077 1044 3221 1099 Hinc
3235 1044 3409 1099 etiam
3432 1048 3557 1099 Ste-

1913 1130 2169 1202 phanus,
2194 1150 2348 1187 unus
2381 1149 2449 1188 ex
2479 1138 2705 1204 septem
2731 1133 2940 1204 primis
2970 1132 3241 1188 Ecclesiae
3273 1132 3555 1201 diaconis,

1912 1221 1983 1275 ab
2016 1222 2322 1277 Ambrosio
2339 1222 2385 1257 “
2406 1228 2644 1278 vocatur
2667 1239 2680 1278 :
2700 1244 2729 1271 «
2752 1222 3015 1277 Minister
3037 1220 3237 1277 altaris
3263 1238 3321 1287 ς»
3335 1226 3392 1276 et
3405 1222 3555 1276 Lau-

1912 1310 2136 1364 rentius
2165 1312 2318 1382 apud
2350 1313 2617 1367 eumdem
2647 1313 2964 1377 doctorem,
2988 1311 3213 1365 Sixtum
3247 1326 3549 1366 summum

1911 1398 2246 1469 pontiﬁcem
2265 1400 2355 1454 his
2369 1401 2566 1455 verbis
2590 1398 2961 1471 compellat“
2985 1416 2998 1454 :
3021 1418 3044 1448 ι
3060 1399 3330 1470 Experire
3355 1404 3552 1454 utrum

1909 1486 2183 1542 idoneum
2217 1488 2552 1544 ministrum
2586 1489 2949 1559 elegeris,cui
2973 1487 3322 1543 commisisti
3350 1487 3551 1542 Domi-

1909 1575 2023 1629 nici
2055 1578 2360 1649 sanguinis
2378 1579 2894 1634 consecrationem.
2927 1598 2956 1627 »
2990 1578 3100 1633 Sed
3136 1576 3283 1631 illud
3316 1575 3545 1646 potissi-

1906 1680 2065 1720 mum
2098 1665 2159 1719 in
2185 1667 2377 1721 verbis
2397 1666 2604 1738 Ignatii
2628 1667 3396 1737 animadvertendum,quod
3421 1665 3549 1735 ipse

1906 1754 1976 1809 de
2006 1754 2212 1811 iisdem
2246 1755 2503 1811 diaconis
2533 1756 2754 1812 addidit
2779 1774 2791 1811 :
2830 1779 2851 1805 ι
2887 1756 3012 1810 Non
3034 1755 3189 1810 enim
3209 1755 3468 1811 ciborum
3492 1759 3551 1810 et

155 1859 293 1914 gura
323 1858 453 1899 esse
484 1842 721 1898 dicitur.
757 1843 880 1898 Imo
930 1844 1002 1897 ab
1026 1843 1145 1897 illis
1204 1848 1261 1899 et
1287 1844 1646 1900 eucharistia
1679 1861 1794 1900 non
1826 1868 1871 1934 Β
1905 1851 2146 1915 potuum
2171 1844 2606 1900 suntministri.
2632 1866 2660 1894 ››
2682 1845 2909 1899 Etenim
2942 1845 3002 1899 hi
3034 1845 3285 1914 primum
3307 1844 3546 1914 quidem

153 1938 309 1989 secus
334 1952 400 1990 ac
414 1935 748 2006 baptismus
762 1936 1045 1990 ambabus
1062 1935 1218 1991 ulnis
1232 1936 1606 2008 suscipienda
1629 1942 1749 1991 erat
1775 1958 1788 2007 ;

153 2024 361 2096 quippe
392 2041 511 2095 qua
570 2025 867 2079 Christum
910 2025 1139 2090 nullibi,
1175 2025 1288 2080 nisi
1342 2026 1399 2080 in
1434 2028 1639 2095 ﬁgura,
1676 2044 1791 2083 non

151 2114 333 2183 reipsa
363 2112 656 2168 exstitisse
680 2113 1265 2170 concluderent.Cum
1291 2130 1424 2185 ergo
1446 2115 1517 2169 ab
1544 2114 1792 2170 Illaabs-

150 2202 443 2268 tinuerint,
474 2204 534 2257 in
568 2202 769 2257 eadem
802 2203 926 2273 ipsa
957 2218 1157 2257 verum
1184 2219 1393 2273 corpus
1425 2202 1635 2258 Christi
1665 2220 1791 2259 esse

152 2307 497 2361 persuasum
532 2291 845 2346 habebant.

216 2382 459 2453 Objiciet
492 2383 739 2439 forsitan
771 2382 986 2454 aliquis
1016 2383 1459 2452 eucharistiam,
1503 2384 1613 2439 etsi
1668 2402 1785 2440 nu-

151 2472 274 2527 dam
306 2473 570 2544 corporis
601 2472 815 2527 Christi
843 2472 1088 2543 ﬁguram
1103 2473 1250 2539 ,ideo
1267 2477 1465 2529 tamen
1483 2474 1554 2529 ab
1590 2475 1673 2531 eis
1697 2492 1789 2530 re-

143 2561 380 2631 jectam;
415 2563 577 2634 quia,
603 2571 665 2618 ut
697 2563 776 2618 ait
808 2563 1205 2619 Tertullianus
1227 2563 1303 2619 ‘0:
1342 2565 1490 2619 Vana
1511 2580 1614 2632 res,
1647 2564 1789 2636 quod

149 2657 218 2705 est
238 2654 601 2722 phantasma,
632 2651 873 2723 ﬁguram
903 2668 1014 2708 non
1044 2654 1314 2710 admittit.
1348 2654 1463 2709 Sed
1520 2654 1636 2709 huc
1686 2654 1788 2711 illa

144 2740 814 2797 Tertullianiauctoritas
846 2758 1147 2813 perperam
1184 2744 1783 2799 adducetuerienim

145 2831 337 2886 doctus
360 2831 461 2886 ille
492 2832 578 2886 vir
610 2830 1097 2902 Marcionem,qui
1131 2832 1424 2887 Christum
1443 2832 1641 2888 ﬁctum
1678 2833 1779 2888 ho-

145 2918 347 2973 minem
376 2923 432 2974 et
468 2918 819 2989 phantasma
841 2920 1022 2973 fuisse
1054 2919 1357 2988 delirabat,
1377 2920 1484 2975 hoc
1514 2921 1784 2976 testimo-

142 3008 227 3062 nio
254 3008 527 3063 Jeremiaa
547 3007 590 3040 ⁵⁸
625 3008 873 3063 dicentis
902 3023 916 3061 :
954 3008 1170 3073 Venite,
1201 3010 1488 3064 mittamus
1544 3011 1781 3078 tignum,

141 3101 263 3163 etc.,
286 3099 519 3169 egregie
550 3097 1162 3170 refellit,ostenditque
1192 3115 1257 3154 eo
1283 3099 1394 3154 loci
1430 3116 1639 3170 panem
1660 3117 1775 3157 non

141 3186 374 3256 ﬁguram
411 3188 632 3243 Christi
680 3187 1006 3260 simplicem
1039 3194 1096 3243 et
1119 3190 1359 3257 nudam,
1403 3190 1500 3244 sed
1541 3191 1775 3262 prophe-

140 3272 304 3329 ticam
339 3274 645 3347 appellari.
676 3280 749 3330 At
804 3276 862 3330 in
914 3276 1267 3332 eucharistia
1307 3277 1475 3346 juxta
1533 3278 1775 3334 Calvini-

145 3372 349 3421 starum
382 3366 721 3438 opinionem
750 3384 861 3422 non
896 3368 1076 3421 futuri
1127 3369 1386 3440 corporis
1418 3370 1778 3440 prophetica,

145 3456 235 3509 sed
268 3455 531 3528 corporis
559 3472 694 3511 vere
722 3458 1054 3513 exsistentis
1115 3458 1301 3530 figura
1341 3464 1454 3513 est.
1501 3460 1641 3524 Quis
1674 3477 1777 3515 au-

146 3546 251 3598 tem
284 3545 581 3600 revocabit
611 3546 668 3599 in
704 3547 950 3601 dubium
983 3546 1241 3618 aliquam
1301 3550 1581 3619 corporis,
1623 3550 1779 3621 quod

150 3631 408 3690 simulate
440 3638 498 3689 et
528 3634 663 3689 ﬁcte
708 3640 938 3691 tantum
972 3636 1219 3704 exsistit,
1250 3653 1420 3708 posse
1452 3654 1581 3693 esse
1628 3640 1779 3711 ﬁgu-

150 3737 285 3777 ram.
319 3722 586 3778 Haeretici
621 3739 755 3795 ergo
807 3724 893 3778 illi
924 3724 1074 3779 hanc
1100 3725 1172 3781 ob
1204 3741 1441 3781 causam
1479 3727 1778 3784 eucharis—

151 3810 329 3877 stiam,
362 3812 537 3868 sicuti
571 3813 954 3882 baptismum,
984 3830 1157 3884 quem
1197 3816 1338 3869 ﬁctas
1368 3816 1586 3871 Christi
1627 3834 1778 3873 mor-

152 3899 219 3954 tis
248 3900 493 3972 ﬁguram
527 3916 656 3957 esse
678 3904 1094 3969 concedebant,
1118 3918 1392 3973 respuere
1414 3922 1529 3961 non
1561 3906 1781 3962 debue-

153 3992 299 4042 runt.

216 4077 338 4132 Vim
371 4079 621 4151 hujusce
652 4080 982 4152 argumenti
1012 4098 1146 4136 cum
1190 4084 1435 4138 sentiret
1482 4083 1779 4151 Claudius,

152 4166 639 4225 Charentonensis
670 4168 807 4224 olim
841 4170 1128 4237 minister,
1162 4171 1221 4225 in
1254 4171 1426 4227 aliam
1460 4172 1603 4227 abiit
1648 4189 1781 4229 sen-

154 4256 403 4314 tentiam.
453 4259 778 4329 Respondit
807 4260 1003 4331 itaque
1034 4260 1079 4293 "
1113 4260 1220 4316 hos
1277 4261 1577 4319 haereticos
1608 4262 1783 4319 stulto

156 4347 461 4404 credidisse
491 4347 921 4419 Christum,qui
951 4365 1151 4404 verum
1170 4365 1384 4420 corpus
1408 4367 1522 4406 non
1556 4351 1780 4419 habuit,

155 4433 240 4490 his
269 4438 493 4495 verbis:
532 4440 638 4494 Hoc
667 4444 744 4494 cst
792 4454 986 4511 corpus
1040 4455 1243 4506 meum,
1277 4457 1506 4512 panem,
1540 4447 1605 4498 ut
1652 4459 1783 4498 cor-

157 4541 257 4595 pus
290 4544 461 4585 suum
494 4528 679 4597 ﬁeret,
709 4545 904 4585 revera
936 4530 1266 4601 adoptasse.
1301 4531 1365 4586 Id
1388 4547 1521 4587 vero
1554 4535 1619 4587 ut
1650 4548 1781 4604 pro-

158 4614 263 4677 bet,
295 4619 870 4689 Tertullianum,loco
900 4637 935 4676 a
966 4620 1131 4676 nobis
1164 4638 1344 4693 supra
1373 4622 1785 4689 citato,testem

158 4706 429 4773 producit.
470 4709 582 4764 Sed
617 4708 697 4764 ibi
728 4709 1130 4766 Tertullianus
1150 4711 1221 4766 de
1243 4710 1343 4766 illa
1383 4712 1783 4769 hereticorum

161 4794 326 4849 stulta
349 4796 623 4868 opinione
654 4813 723 4853 ne
755 4798 1069 4854 minimum
1096 4799 1335 4870 quidem
1359 4802 1595 4857 verbum
1630 4802 1782 4858 fecit.

224 4883 397 4940 Instat
426 4885 525 4941 ille
573 4904 640 4943 ex
691 4886 1043 4943 Bellarmino
1076 4889 1147 4943 ab
1205 4888 1492 4944 haereticis
1522 4889 1639 4945 illis
1671 4908 1785 4946 non

164 4972 273 5026 tam
319 4979 755 5030 sacramentum
797 4975 1186 5044 eucharistia,
1219 4992 1389 5047 quam
1442 4979 1785 5049 mysterium

167 5058 571 5120 incarnationis
605 5065 783 5121 fuisse
809 5066 1390 5136 impugnatum.0uid
1425 5068 1559 5123 inde
1579 5069 1606 5123 ‘I
1626 5068 1788 5124 Nun-

167 5148 295 5213 quid
326 5153 1106 5223 mysteriumlncarnationis
1121 5153 1282 5210 aliter
1308 5154 1644 5226 impugnari
1672 5173 1787 5210 non

168 5242 382 5308 potest;
417 5240 529 5295 nisi
555 5240 821 5297 Christus
835 5258 1066 5312 panem,
1085 5247 1151 5297 ut
1182 5258 1353 5298 suum
1379 5260 1590 5315 corpus
1612 5250 1787 5312 esset,

167 5324 458 5397 adoptasse
490 5331 718 5386 dicatur
740 5330 769 5385 ‘t
791 5331 919 5387 Haec
946 5346 1083 5386 '~ane
1106 5348 1277 5402 quam
1309 5349 1457 5387 vana
1485 5334 1605 5389 sint
1622 5338 1679 5389 et
1697 5336 1792 5389 fu-

165 5410 302 5481 tilia,
333 5435 502 5475 nemo
525 5437 641 5476 non
665 5420 841 5477 videt.

231 5540 273 5576 ⁴⁹
301 5547 483 5618 Epist.
524 5548 834 5620 ad.Smyr.
911 5548 959 5584 ⁵ο
1017 5547 1116 5604 lib.
1180 5565 1257 5620 1v,
1289 5554 1431 5605 cont.
1466 5551 1734 5607 Marcion.
1784 5565 1849 5605 ca

793 5664 804 5678 .
836 5622 927 5689 21,
960 5620 1250 5693 ρειαί-269.
1326 5620 1376 5656 ⁵³
1405 5622 1587 5693 Epist.
1624 5622 1694 5677 ad
1731 5622 1853 5676 Τναὶ

166 5625 361 5692 ρςζρει.
396 5624 543 5692 part.
579 5637 642 5687 ιι,
679 5635 782 5691 cap

168 5686 326 5765 Olﬁc.,
357 5686 486 5766 cap.
514 5686 723 5763 4297.,“
748 5686 877 5749 can.
907 5686 996 5749 Π.
1037 5686 1119 5725 ’⁵⁷
1140 5707 1286 5750 sese.
1318 5694 1407 5750 23.

1809 3231 1851 3298 C

1904 1940 1965 1987 ut
1994 1933 2303 1988 viduarum
2326 1949 2771 2005 pauperumque
2793 1949 2992 1989 curam
3018 1933 3383 2000 gererent,ab
3406 1949 3545 2003 apo-

1900 2021 2069 2076 stolis
2087 2027 2226 2077 sunt
2256 2022 2533 2078 ordinati.
2566 2027 2781 2077 Verum
2816 2022 3230 2077 secundarium
3265 2020 3415 2076 illud
3442 2037 3543 2076 eo-

1902 2125 2029 2164 rum
2066 2128 2305 2178 munus,
2330 2111 2599 2182 quamvis
2631 2112 2829 2183 primas
2862 2112 3123 2183 ipsorum
3152 2110 3420 2166 electioni
3451 2127 3544 2166 oc-

1898 2200 2195 2255 casionem
2220 2201 2562 2271 praebuisset
2586 2218 2601 2270 ;
2621 2201 2974 2271 quibusdam
2995 2206 3190 2255 tamen
3214 2201 3275 2255 in
3288 2200 3546 2272 regioni—

1898 2289 2010 2344 bus
2044 2289 2215 2359 paulo
2246 2294 2375 2360 post
2409 2291 2520 2345 fuit
2544 2290 2967 2346 mutationibus
2998 2289 3337 2345 obnoxium.
3368 2290 3542 2344 Porro

1898 2376 1943 2432 si
1995 2378 2134 2449 quid
2198 2384 2399 2434 contra
2446 2379 2817 2435 Justinianus
2872 2385 2931 2434 et
2961 2379 3221 2451 synodus
3265 2378 3546 2433 Trullana

1895 2466 2253 2534 deﬁnierint,
2278 2468 2469 2523 hacin
2495 2485 2552 2523 re
2582 2485 2652 2523 ex
2684 2468 2836 2523 male
2868 2467 3201 2535 intellectis,
3238 2482 3369 2523 eum
3392 2466 3541 2522 Neo-

1896 2556 2257 2611 czesariensis
2288 2556 2515 2611 concilii
2542 2556 2610 2623 ⁵⁸,
2642 2563 2767 2611 tum
2814 2556 3209 2629 Chrysostomi
3247 2557 3439 2612 verbis
3470 2555 3543 2611 ab

1896 2647 2140 2717 antiqua
2161 2646 2396 2701 Patrum
2428 2646 2742 2702 traditione
2783 2650 3171 2701 recesserunt.

1897 2753 1924 2825 §
1958 2751 2017 2807 V.
2050 2753 2489 2825 Ecclesiasticam
2512 2752 3081 2825 hicrarchiamtribus
3113 2758 3329 2825 tantum
3356 2754 3537 2808 sacris

1965 2824 2250 2906 ordinibus
2297 2826 2573 2895 componi,
2604 2833 2658 2879 et
2707 2822 2988 2894 episcopos
3041 2823 3374 2896 presbyteris
3422 2839 3542 2879 esse

1962 2910 2290 2966 superiores.

1962 3001 2557 3058 Animadvertendum
2594 3006 2868 3073 praeterea
2900 3000 3191 3073 Ignatium
3223 3017 3315 3056 res
3342 3000 3533 3057 Eccle-

1890 3090 1989 3146 siae
2006 3091 2403 3146 ministrorum
2420 3092 2653 3146 ordines
2667 3107 2771 3146 nec
2788 3090 2982 3160 plures
2996 3088 3155 3144 ullibi
3172 3106 3533 3156 memorasse,

1890 3181 2196 3251 episcopos
2228 3180 2472 3247 scilicet,
2501 3182 2866 3251 presbyteros
2926 3184 2983 3234 et
3029 3179 3327 3235 diaconos.
3362 3178 3529 3234 Unde

1891 3268 2181 3340 intelligas
2203 3268 2651 3324 ecclesiasticam
2676 3268 3067 3323 bierarchiam
3090 3267 3149 3322 in
3178 3268 3270 3323 his
3300 3272 3531 3323 tantum

1888 3359 2075 3413 tribus
2106 3358 2412 3412 ordinibus
2444 3359 2514 3412 ab
2555 3374 2621 3412 eo
2674 3357 2857 3412 fuisse
2904 3359 3304 3412 constitutam.
3364 3357 3528 3422 Quod

1887 3446 2122 3518 quidem
2139 3445 2397 3516 synodus
2419 3444 2761 3500 Tridentina
2782 3443 2891 3499 hoc
2914 3461 3134 3499 canone
3157 3445 3371 3499 diserte
3390 3461 3528 3499 con-

1884 3536 2082 3591 ﬁrmat
2111 3541 2167 3590 et
2188 3536 2391 3590 deﬁnit
2419 3533 2490 3589 I7:
2526 3556 2554 3584 «
2586 3535 2641 3588 Si
2668 3535 2799 3604 quis
2830 3534 3041 3589 dixerit
3062 3533 3121 3588 in
3155 3534 3411 3590 Ecclesia
3432 3550 3524 3589 ca-

1885 3625 2104 3681 tholica
2129 3642 2242 3680 non
2275 3641 2403 3681 esse
2462 3624 2877 3692 hierarchiam,
2909 3623 3107 3679 divina
3164 3624 3531 3679 ordinatione

1886 3715 2239 3782 institutam,
2270 3730 2397 3785 qua:
2431 3717 2659 3767 constat
2699 3729 2769 3767 ex
2798 3712 3107 3782 episCOpis,
3152 3712 3530 3783 presbyteris,

1888 3808 1943 3859 et
1970 3802 2277 3865 ministris,
2310 3800 2624 3856 anathema
2681 3800 2777 3855 sit.
2809 3821 2838 3849 »
2888 3801 3216 3861 Addamus,
3252 3802 3301 3855 ei
3342 3802 3529 3867 lubet,

1887 3890 2173 3963 Ignatium
2188 3890 2408 3961 ubique
2422 3890 2596 3944 etiam
2616 3888 3022 3959 episcoporum
3048 3904 3163 3958 prae
3179 3889 3534 3957 presbyteris

1887 3981 2283 4037 excellentiam
2304 3981 2385 4035 ita
2416 3979 2568 4034 clare
2600 3977 2889 4042 docuisse,
2923 3982 2984 4032 ut
3017 3977 3167 4031 hanc
3197 3978 3270 4032 ob
3293 3993 3535 4033 causam

1888 4070 2213 4125 Calvinistas
2246 4084 2500 4135 omnem,
2538 4066 2619 4122 uti
2646 4068 2771 4122 fuse
2804 4084 2835 4121 a
2868 4066 3034 4121 nobis
3064 4066 3534 4122 demonstratum

1889 4163 1998 4225 est,
2028 4157 2312 4214 moverint
2340 4157 2740 4228 lapidem,quo
2773 4155 2880 4210 has
2911 4153 3186 4226 epistolas
3214 4154 3285 4209 ab
3311 4154 3537 4225 Ignatio

1890 4248 2139 4320 scriptas
2183 4265 2299 4303 non
2335 4246 2515 4301 fuisse
2549 4244 2939 4301 ostenderent.
2974 4244 3085 4299 Sed
3110 4242 3261 4298 irriti
3295 4244 3536 4299 fuerunt

1892 4337 2097 4408 injusti
2128 4353 2328 4393 eorum
2371 4340 2637 4402 conatus,
2671 4351 2736 4390 ac
2782 4333 2989 4389 victrix
3048 4333 3267 4405 ubique
3322 4335 3535 4391 veritas

1892 4442 2122 4497 semper
2151 4424 2553 4496 triumphavit.

1964 4532 2106 4601 §Vl.
2145 4537 2220 4589 Dc
2250 4531 2523 4589 codicibus
2571 4546 2751 4604 manu
2798 4528 3046 4585 exaratis
3092 4530 3291 4586 harum
3339 4531 3537 4604 episto-

2623 4603 2826 4657 larum.

1968 4712 2071 4767 His
2093 4711 2601 4767 observationibus
2633 4713 2689 4766 et
2728 4709 2873 4763 illud
2913 4708 3281 4779 adjiciamus,
3314 4711 3540 4767 nullum

1895 4800 2277 4874 epistularum
2312 4800 2515 4870 Ignatii
2549 4798 2802 4854 codicem
2841 4814 3014 4853 manu
3044 4787 3374 4855 'exaratum
3401 4801 3542 4855 huc-

1897 4907 2084 4962 usque
2106 4895 2399 4961 repertum
2434 4889 2635 4954 fuisse,
2659 4887 2763 4956 qui
2801 4887 3043 4941 omnino
3099 4886 3320 4957 integer
3350 4890 3427 4944 sit
3483 4898 3543 4949 et;

1895 4980 2286 5049 incorruptus.
2314 4976 2421 5039 Qui
2452 4975 2608 5030 enim
2664 4974 2945 5029 hactenus
3001 4976 3134 5030 usui
3192 4977 3447 5047 fuerunt,
3498 4965 3539 5033 ii

1898 5083 2044 5139 pene
2074 5081 2277 5121 omnes
2306 5080 2471 5119 veras
2511 5070 2564 5117 et
2595 5060 2771 5116 falsas
2802 5062 3014 5131 Ignatii
3049 5062 3233 5117 nostri
3262 5066 3542 5137 epistolas

1900 5155 2269 5211 confundunt
2297 5157 2355 5209 et
2386 5151 2760 5223 permiscent.
2796 5152 2859 5204 In
2919 5149 3141 5204 Latinis
3172 5167 3307 5207 vero
3341 5170 3542 5209 exem-

1901 5245 2318 5317 plaribus,quaa
2336 5242 2599 5313 pluribus
2613 5240 2671 5294 in
2686 5236 2830 5293 locis
2848 5242 3122 5309 corrupta
3134 5241 3548 5307 sunt,babetur

1901 5334 2114 5400 versio,
2145 5350 2262 5405 qua
2294 5338 2481 5387 textus
2511 5330 2741 5385 Grecus
2775 5332 2895 5382 tam
2930 5327 3269 5396 scrupulose
3300 5331 3368 5383 ad
3390 5330 3546 5387 litte-

1904 5440 2029 5479 ram
2081 5422 2365 5487 redditur,
2399 5424 2462 5475 ut
2521 5436 2589 5475 ea
2618 5418 2858 5474 omnino
2888 5414 3185 5486 inelegans
3215 5416 3292 5473 sit
3319 5422 3376 5473 et
3412 5419 3546 5475 bar-

1899 5550 2029 5605 .40.
2106 5546 2149 5581 ⁵¹
2212 5564 2341 5619 cap.
2400 5546 2599 5611 xr,19.
2675 5544 2720 5578 ⁸³
2769 5546 3052 5612 Respons.
3111 5541 3185 5596 ad
3242 5546 3411 5599 tract.
3464 5550 3549 5603 De

1856 5566 1897 5677 ἵ
1974 5619 2019 5654 ⁸⁸
2052 5618 2150 5673 lib.
2182 5619 2259 5673 De
2315 5618 2591 5677 virqznit.,
2642 5631 2767 5677 cap.
2804 5612 2950 5677 48,§
2997 5612 3117 5669 119.
3196 5614 3240 5650 ⁵⁸
3270 5614 3370 5670 lib.
3405 5631 3424 5669 ι
3475 5620 3548 5676 οε

1974 5619 2019 5654 ⁸⁸
2052 5618 2150 5673 lib.
2182 5619 2259 5673 De
2285 5612 2591 5686 'virgznit.,
2642 5631 2767 5686 cap.
2804 5614 2891 5683 18,
2920 5612 2950 5685 §
2997 5612 3117 5669 119.
3196 5614 3240 5650 ⁵⁸
3270 5614 3370 5670 lib.
3405 5631 3424 5669 ι
3475 5620 3548 5676 Dc
