3942 6302
391 377 504 436 563

1413 369 1477 430 S.
1525 363 1920 430 lGNA'I‘lUS.
1969 394 2044 408 -
2097 350 2725 420 PROLEGOMENA.

3683 341 3821 400 ⁸64

393 513 556 576 hara,
591 525 655 564 ac
687 523 836 579 saepe
866 503 1079 579 saepius
1111 503 1360 561 obscura
1391 507 1447 558 et
1497 501 1767 558 difﬁcilis.
1801 499 2036 554 Grecus
2069 494 2113 562 Α
2149 497 2208 549 et
2238 491 2534 548 erroribus
2572 487 2776 579 foedato
2820 484 2882 539 in
2941 481 3132 579 lucem
3183 476 3562 579 prodierunt?
3589 475 3812 579 lite-mo

398 615 570 670 porro
603 597 975 654 Florentinus
1032 595 1214 651 codex
1243 599 1300 650 et
1348 593 1542 664 plures
1611 591 1785 646 habet
1825 603 2039 654 naevos,

397 705 505 745 nec
561 689 803 757 integer,
839 691 902 742 ut
933 703 1112 758 supra
1144 685 1503 750 monuimus,
1537 682 1635 738 sed
1672 679 1915 735 mutilus
1933 681 2043 744 est,

399 792 454 834 et
490 778 801 850 epistolam
841 777 911 832 ad
946 777 1232 831 Romanos
1291 791 1403 828 non
1455 774 1849 843 repraesentat.
1884 772 2043 824 Hanc

405 873 603 924 noster
632 866 1026 922 Theodericus
1086 864 1425 927 Ruinartus,
1451 878 1568 918 una
1597 876 1732 916 cum
1794 856 2044 913 sinceris

408 956 612 1028 Ignatii
648 955 906 1027 martyrii
939 955 1101 1010 Actis
1152 970 1220 1008 ex
1276 950 1669 1021 manuscripto
1718 946 2046 1002 Colbertino

405 1046 554 1118 typis
611 1044 826 1100 Graecis
882 1043 1084 1099 edidit.
1145 1043 1302 1098 Duos
1360 1041 1604 1110 insuper
1669 1036 2046 1109 epistolarum

408 1134 620 1208 lgnatii
657 1133 1095 1203 manuscriptos
1127 1132 1353 1186 codices
1394 1147 1462 1185 ex
1519 1128 1721 1183 eadem
1757 1123 2049 1180 ditissima

405 1224 791 1284 illustrissimi
809 1221 1061 1279 Colberti
1085 1220 1440 1276 Bibliotheca
1471 1218 1625 1272 nacti
1657 1211 2050 1271 sumus.Alter

401 1317 640 1373 Grecus
670 1319 777 1383 est,
809 1314 906 1368 sed
952 1327 1332 1382 papyraceus,
1370 1325 1472 1364 nec
1521 1312 1762 1362 vetustas
1795 1317 2045 1360 manus:

410 1408 556 1463 alter
586 1405 1012 1477 pergaminzeus
1035 1407 1167 1457 ante
1199 1417 1384 1456 annos
1404 1400 1759 1470 quingentos
1780 1397 2049 1452 exaratus

411 1494 777 1564 est.Uterque
803 1508 936 1546 vero
953 1507 1156 1546 omnes
1187 1489 1394 1561 Ignatii
1418 1486 1698 1559 epistolas
1717 1498 2048 1557 germanas,

411 1584 766 1655 suppositas,
828 1580 1208 1647 adulterinas,
1269 1576 1666 1648 interpolatae,
1699 1575 1942 1630 confuse
1998 1575 2055 1624 et

414 1675 689 1745 permiste
719 1671 996 1728 continet.
1023 1669 1282 1740 Denique
1303 1666 1651 1724 Pearsonius
1681 1665 1855 1721 alium
1900 1664 2054 1718 Grae-

413 1779 544 1819 cum
579 1762 860 1830 codicem,
895 1768 1114 1831 septem
1172 1756 1454 1828 genuinas
1517 1754 1724 1826 lgnatii
1775 1750 2054 1822 epistolas

2152 599 2314 650 sane,
2349 582 2447 653 qui
2482 579 2572 634 vel
2606 578 2911 633 minimam
2944 573 3003 628 in
3060 568 3466 627 examinandis
3501 566 3819 622 codicibus

2154 671 2580 742 manuscriptis
2610 683 2845 739 operam
2877 665 3199 730 collocavit,
3231 662 3468 718 difﬁteri
3519 665 3717 733 potest
3756 661 3822 714 in

2153 779 2368 833 paucos
2399 761 2716 815 admodum
2751 774 2812 813 se
2836 756 3108 810 incidisse
3135 751 3474 824 hujusmodi
3508 750 3716 818 libros,
3758 751 3822 804 in

2153 851 2368 922 quibus
2405 849 2576 904 nulla;
2607 848 2727 903 sint
2754 845 2841 901 vel
2882 845 3173 899 breviores
3203 841 3288 896 vel
3321 839 3613 912 longiores
3645 839 3821 894 lacu-

2155 958 2260 1010 nis,
2295 940 2354 994 in
2389 939 2604 1010 quibus
2637 935 2781 992 nulli
2814 935 2931 991 sint
2959 931 3338 990 oscitantium
3383 929 3470 984 vel
3500 928 3824 1001 imperito-

2157 1046 2287 1085 rum
2313 1027 2684 1084 librariorum
2709 1025 2928 1096 lapsus,
2955 1023 3012 1076 in
3048 1021 3265 1092 quibus
3289 1019 3434 1074 nihil
3457 1018 3705 1074 omnino
3724 1018 3826 1072 de-

2157 1119 2466 1173 sideretur.
2498 1117 2599 1171 Cui
2628 1131 2762 1170 vero
2794 1112 3025 1184 aliquos
3059 1111 3178 1165 sive
3205 1113 3405 1165 Graeca
3435 1109 3553 1164 sive
3604 1108 3824 1162 Latina

2157 1223 2334 1263 manu
2368 1209 2634 1262 exaratos
2665 1204 2896 1260 codices
2924 1203 3010 1256 fas
3033 1217 3148 1255 non
3172 1199 3280 1254 fuit
3300 1197 3514 1270 legere,
3546 1198 3746 1262 adeat,
3775 1197 3827 1251 si

2156 1295 2408 1366 velit,vel
2441 1295 2632 1351 solum
2667 1292 3203 1363 manuscriptorum
3235 1287 3518 1344 librorum
3542 1287 3602 1340 in
3628 1287 3828 1341 Atha-

2161 1385 2335 1450 nasii,
2370 1383 2708 1455 Augustini,
2743 1381 3112 1449 aliorumque
3141 1378 3376 1432 Patrum
3412 1376 3576 1432 novis
3607 1377 3832 1430 editio-

2158 1475 2332 1529 nibus
2356 1473 2686 1536 elenchum,
2713 1476 2771 1525 et
2799 1486 2866 1525 ex
2891 1486 2956 1525 eo
3007 1468 3194 1522 discet
3225 1465 3416 1536 plures
3445 1481 3650 1519 eorum
3691 1470 3824 1518 tra-

2158 1569 2370 1628 ctatus,
2405 1560 2686 1634 epistolas
2724 1565 2781 1614 et
2810 1573 3064 1615 canones
3095 1573 3165 1612 ex
3195 1572 3313 1611 uno
3353 1560 3584 1609 tantum
3629 1570 3823 1608 manu

2158 1659 2394 1709 exarato
2418 1652 2616 1707 codice
2649 1648 2867 1722 publici
2898 1649 3078 1703 factos
3111 1645 3294 1700 fuisse
3315 1645 3491 1716 juris.
3526 1643 3820 1716 Nunquid

2161 1742 2443 1813 igiturest
2477 1740 2692 1795 idcirco
2721 1737 3049 1809 negandum
3078 1735 3184 1790 hos
3220 1738 3455 1789 Patrum
3484 1732 3832 1798 libros,ser-

413 1854 782 1910 exhibentem
814 1822 881 1916 δέ,
926 1822 981 1904 et
1010 1847 1058 1903 ei
1101 1822 1215 1918 quo
1255 1822 1917 1908 Gobarus,‘Anastasius
1949 1854 2052 1908 pa-
2083 1843 2130 1912 Β
2162 1847 2365 1886 mones
2395 1835 2450 1884 et
2475 1827 2776 1899 epistolas.
2809 1842 3012 1881 verum
3067 1822 3509 1896 genuinumque
3541 1822 3830 1876 exhibere

413 1941 662 1998 triarcha
693 1937 1113 2002 Antiochenus,
1146 1939 1320 2006 atque
1375 1929 1748 1988 Alexandrini
1781 1924 2054 1984 Chronici

413 2037 614 2089 auctor
634 2029 722 2085 usi
754 2024 1158 2095 sunt,omnino
1191 2022 1442 2078 similem
1476 2037 1538 2076 se
1566 2019 1783 2075 vidisse
1804 2021 2054 2074 testatus

411 2131 516 2180 68L

415 2247 585 2317 §VII.
619 2245 931 2316 Singularis
981 2241 1205 2317 Ernesti
1255 2235 1620 2317 Tentzelii
1677 2237 1821 2290 veris
1853 2232 2057 2303 lgiiatii

801 2315 1044 2387 epistolis
1073 2312 1351 2368 sententia
1380 2309 1681 2381 refellitur.

488 2447 800 2517 Postquam
820 2460 886 2498 ea
918 2458 1048 2514 quas
1077 2441 1149 2496 de
1170 2437 1320 2494 veris
1353 2447 1405 2491 et
1439 2435 1599 2492 falsis
1632 2433 1836 2508 lgnatii
1869 2434 2054 2490 nostri

416 2536 702 2609 epistolis,
735 2553 769 2591 a
805 2533 970 2590 nobis
1000 2532 1280 2586 hactenus
1330 2527 1649 2600 disputata,
1666 2525 1818 2599 typis
1847 2541 2058 2580 excusa

419 2628 689 2691 fuissent,
750 2625 808 2680 in
881 2639 1095 2678 manus
1141 2625 1370 2676 nostras
1437 2622 1721 2674 venerunt
1779 2615 2054 2672 Willelmi

416 2716 642 2772 Ernesti
669 2712 946 2769 Tentzelii
979 2711 1204 2766 selectae
1233 2707 1692 2774 exercitationes,
1727 2705 2054 2777 quarumin

417 2807 583 2862 tertia
615 2803 708 2870 ille
740 2818 982 2876 prorsus
1016 2799 1376 2871 singularem
1400 2797 1469 2852 de
1500 2793 1904 2868 genuinisillis
1933 2793 2056 2864 epi-

417 2894 585 2950 stolis
617 2891 962 2948 sententiam
996 2887 1360 2959 amplexatus
1398 2889 1506 2940 est.
1541 2885 1684 2940 Cum
1743 2883 1897 2938 enim
1930 2882 2056 2938 Flo-

417 2983 713 3040 rentinum
774 2996 878 3035 seu
934 2979 1250 3033 Mediceum
1311 2975 1590 3041 codicem,
1632 2988 1808 3044 quem
1867 2971 2057 3027 solum

419 3074 648 3129 Graecas
688 3069 896 3142 Ignatii
944 3067 1169 3122 litteras
1227 3065 1449 3134 absque
1509 3061 2058 3133 interpolationibus

419 3161 692 3216 exhibere
735 3158 1015 3222 diximus,
1048 3156 1340 3224 integrum
1392 3169 1503 3206 non
1562 3167 1712 3218 esse,
1745 3151 1842 3206 sed
1882 3149 2056 3206 sicuti

423 3252 786 3315 monuimus,
821 3243 1116 3306 mutilum,
1150 3243 1652 3309 detruncatum,ac
1683 3239 1855 3295 variis
1885 3238 2064 3294 libra-

422 3341 644 3396 riorum
682 3333 912 3392 mendis
942 3337 998 3388 et
1055 3330 1351 3386 erroribus
1392 3333 1729 3400 corruptum
1779 3329 2063 3396 vidisset;

419 3430 556 3486 hinc
588 3428 684 3483 ille
716 3442 890 3481 suum
925 3422 1158 3477 induxit
1184 3422 1242 3475 in
1273 3420 1536 3475 animum
1563 3421 1619 3474 in
1653 3436 1718 3475 eo
1743 3436 1845 3474 nec
1877 3436 2062 3489 veras,

424 3534 530 3574 nec
561 3515 849 3588 genuinas
873 3509 1297 3584 repraesentari,
1331 3525 1545 3579 easque
1597 3507 1806 3563 nullibi
1838 3517 2063 3565 exstare

422 3605 771 3676 amplius.In
802 3602 980 3670 hujus
1011 3604 1206 3654 autem
1230 3597 1545 3670 opinionis,
1567 3615 1599 3652 a
1629 3597 1851 3653 caeteris
1882 3600 2065 3653 omni-

421 3697 530 3751 bus
563 3694 706 3749 adeo
739 3688 1130 3756 abhorrentis,
1161 3687 1661 3744 conﬁrmationem
1722 3687 1881 3742 varia
1928 3707 2056 3760 pro-

417 3785 526 3840 fert
559 3779 984 3843 testimonia,ex
1015 3777 1108 3833 bis
1137 3777 1343 3832 litteris
1370 3794 1403 3832 a
1423 3776 2060 3848 Theodoreto,aliisque

415 3872 768 3944 quibusdam
803 3869 1234 3940 antiquissimis
1273 3867 1658 3938 scriptoribus
1690 3866 2054 3940 deprompta,

415 3980 539 4035 quae
590 3977 702 4017 non
732 3960 933 4015 eodem
980 3974 1218 4029 prorsus
1263 3957 1432 4011 modo
1466 3961 1640 4027 atque
1673 3955 1730 4010 in
1765 3954 1865 4011 illo
1927 3955 2056 4011 Flo-

412 4051 637 4108 rentino
659 4049 857 4106 codice
897 4045 1275 4119 leguntur.Ex
1323 4044 1537 4116 quibus
1588 4045 1798 4109 doctus
1834 4043 1932 4099 ille
1971 4044 2057 4098 vir

411 4141 709 4197 concludit
739 4153 844 4192 nos
878 4153 979 4207 pro
1011 4152 1141 4191 vere
1173 4135 1478 4207 Ignatiano
1512 4134 1657 4190 nihil
1687 4151 1926 4206 prorsus
1955 4134 2055 4189 ha-

409 4229 564 4297 bere,
599 4229 710 4284 nisi
742 4227 896 4298 quod
928 4227 1000 4282 ab
1033 4225 1303 4281 Ecclesiae
1335 4226 1622 4293 Patribus,
1658 4211 1759 4297 qui
1801 4230 2055 4297 quatuor

410 4318 620 4389 primis
643 4323 772 4388 post
804 4315 1019 4388 lgnatii
1054 4320 1304 4370 mortem
1328 4315 1554 4371 seculis
1571 4315 2054 4383 ﬂoruerunt,con-

407 4421 617 4474 gruum
651 4404 726 4458 sit
755 4407 812 4458 et
842 4404 1216 4459 conveniens.

479 4495 589 4548 Sed
623 4493 743 4547 haec
775 4507 934 4546 mera
971 4496 1128 4557 sunt,
1176 4491 1325 4547 absit
1385 4499 1577 4549 tamen
1605 4495 1778 4549 verbo
1810 4493 2048 4563 invidia,

2165 1919 2398 1974 illorum
2424 1934 2572 1989 opus
2597 1923 2653 1972 et
2685 1915 3170 1971 commentarium
3195 1913 3222 1967 ‘I
3275 1911 3553 1983 Nunquid
3601 1913 3834 1966 idcirco

2164 2008 2310 2065 nihil
2337 2008 2494 2064 aliud
2530 2008 2585 2062 in
2639 2007 2722 2062 eis
2769 2005 2885 2060 veri
2935 2010 2991 2060 et
3021 2003 3230 2059 sinceri
3265 2019 3388 2058 esse
3421 2001 3676 2070 dicetur,
3718 2001 3841 2057 nisi

2165 2099 2317 2170 quod
2341 2097 2495 2152 intra
2522 2095 2982 2166 quadringentos
3015 2093 3086 2148 ab
3120 2092 3375 2148 auctoris
3411 2097 3598 2146 morte
3629 2109 3834 2147 annos

2164 2190 2234 2243 ab
2258 2187 2389 2242 aliis
2412 2184 2798 2257 scriptoribus
2822 2185 3062 2238 citatum
3087 2181 3336 2253 legimus
3356 2180 3546 2246 ?Quid
3565 2197 3710 2236 vero
3729 2181 3830 2236 ?Si

2167 2281 2478 2350 scriptores
2509 2276 2689 2345 illi,ut
2723 2293 2836 2330 non
2871 2275 2952 2330 ita
2982 2291 3112 2329 raro
3141 2291 3249 2329 usu
3277 2273 3454 2341 venit,
3474 2272 3620 2327 nihil
3647 2274 3833 2329 exhis

2168 2365 2758 2425 commentationibus
2775 2361 3438 2434 laudaverint,nunquid
3457 2362 3679 2418 idcirco
3705 2363 3828 2417 haec

2169 2457 2510 2514 veneranda:
2533 2457 2913 2510 monumenta
2947 2451 3316 2522 antiquitatis
3340 2450 3664 2521 rejicienda
3688 2456 3831 2506 sunt

2167 2564 2233 2602 ac
2266 2546 2502 2619 penitus
2532 2542 2948 2616 proscribenda
2969 2541 2996 2595 ‘I

2243 2659 2362 2725 Age
2384 2668 2537 2720 vero,
2571 2649 2732 2721 quid,
2768 2665 2986 2720 quaeso,
3014 2663 3084 2704 ex
3106 2647 3216 2704 hac
3247 2649 3710 2719 argumentandi
3747 2665 3832 2702 ra-

2170 2744 2326 2799 tione
2345 2743 2416 2797 de
2439 2740 2572 2796 aliis
2604 2741 2702 2794 ﬁet
2737 2739 2972 2794 Patrum
2995 2738 3424 2809 operibusque;
3457 2739 3741 2809 quamvis
3764 2756 3830 2794 ex

2166 2832 2440 2903 pluribus
2493 2827 2912 2899 manuscriptis
2952 2827 3252 2884 codicibus
3301 2843 3516 2882 excusa
3575 2833 3636 2883 et
3669 2829 3829 2900 typis

2167 2921 2342 2990 edita,
2378 2917 2575 2976 nullus
2630 2921 2826 2974 tamen
2880 2933 2948 2972 ex
2977 2915 3184 2972 iisdem
3230 2916 3532 2973 codicibus
3593 2916 3827 2988 integer

2168 3008 2521 3074 omnino,uti
2554 3023 2708 3077 saepe
2726 3005 2943 3078 saepius
2971 3005 3265 3073 accidit,et
3297 3005 3529 3061 incorru
3540 3010 3680 3077 ptu
3695 3013 3787 3061 est
3813 3025 3826 3072 ;

2167 3098 2268 3154 sed
2302 3097 2361 3153 in
2392 3095 2486 3152 his
2519 3095 2795 3151 omnibus
2827 3095 3040 3150 menda
3061 3097 3397 3161 occurrunt,
3430 3094 3826 3166 lapsus,erro-

2172 3203 2284 3253 res,
2317 3185 2512 3240 hiatus
2543 3189 2600 3239 et
2631 3184 2874 3251 lacunas,
2910 3199 3035 3255 qua?
3066 3199 3134 3238 ex
3164 3182 3319 3238 nullo
3353 3199 3558 3239 eorum
3597 3199 3709 3239 nec
3729 3201 3825 3238 sa-

2173 3275 2296 3331 nari
2312 3278 2560 3346 possunt
2574 3289 2674 3328 nec
2689 3271 3035 3328 emendari?
3055 3271 3329 3342 Nunquid
3349 3288 3483 3341 ergo
3500 3271 3714 3327 dicend
3727 3289 3823 3327 um

2169 3369 2258 3420 est
2287 3362 2485 3419 omnia
2509 3360 3117 3432 ejuscemodiPatrum
3151 3377 3348 3431 opera,
3383 3361 3577 3415 dubia
3611 3361 3819 3415 tandiu

2168 3469 2296 3510 esse
2327 3451 2753 3522 fidei,quandiu
2781 3449 3268 3521 aliquodillorum
3298 3448 3604 3520 exemplar
3625 3451 3825 3505 omni-

2167 3543 2278 3598 bus
2311 3541 2436 3596 suis
2458 3539 2722 3596 numeris
2753 3539 3112 3607 absolutum,
3147 3547 3204 3593 et
3235 3538 3688 3609 integerrimum
3714 3555 3825 3594 non

2167 3627 2536 3704 reperietur?
2561 3629 2740 3684 Nemo
2768 3632 2922 3684 certe
2946 3643 3058 3682 non
3077 3626 3230 3682 videt
3251 3631 3544 3698 quantum
3560 3627 3824 3684 hiecom-

2165 3735 2264 3775 nia
2292 3717 2547 3775 absurda
2577 3721 2631 3774 et
2688 3717 2758 3772 ab
2810 3717 2967 3773 omni
3001 3733 3246 3788 prorsus
3299 3715 3827 3772 verisimilitudine

2165 3809 2285 3865 sint
2308 3808 2519 3866 aliena.

2232 3934 2469 3989 Certum
2501 3931 2681 4005 igitur
2711 3936 3021 4003 ratumque
3051 3947 3179 3988 esse
3209 3931 3380 3988 debet
3410 3930 3544 3987 illas
3578 3937 3819 3988 Patrum

2163 4025 2690 4079 commentationes
2713 4037 2876 4077 veras
2907 4027 2964 4076 et
2986 4021 3275 4092 genuinas
3304 4037 3434 4077 esse
3464 4024 3822 4087 censendas,

2163 4129 2290 4183 quis
2321 4128 2390 4168 ex
2422 4113 2667 4179 uno,sed
2700 4110 2940 4182 antiquo
2973 4117 3029 4165 et
3053 4111 3285 4180 optimae
3319 4115 3467 4165 notas
3493 4111 3822 4184 exemplari

2161 4201 2240 4255 ita
2268 4205 2579 4268 eruuntur,
2614 4205 2679 4254 ut
2708 4200 2765 4254 in
2793 4198 2892 4254 illo
2926 4216 3038 4254 non
3070 4215 3138 4254 ea
3171 4203 3423 4269 tantum,
3447 4216 3582 4271 qua:
3613 4203 3693 4255 ab
3723 4218 3822 4256 an-

2164 4289 2346 4360 tiquis
2378 4289 2768 4360 scriptoribus
2801 4287 2936 4343 inde
2965 4288 3203 4344 laudata
3227 4287 3503 4358 legimus,
3542 4291 3650 4345 sed
3683 4289 3823 4345 nihil

2160 4375 2362 4445 etiam,
2397 4377 2508 4432 nisi
2541 4381 2774 4432 auctore
2815 4392 2922 4432 suo
2953 4377 3374 4449 dignissimum
3421 4381 3814 4434 contineatur.

2155 4466 2331 4537 Atqui
2365 4466 2575 4538 lgnatii
2614 4466 2794 4522 nostri
2828 4464 3126 4537 epistolas,
3152 4483 3220 4522 ex
3255 4466 3584 4523 Florentino
3619 4469 3819 4524 codice

411 4581 668 4638 hominis
715 4580 1009 4652 vigilantis
1065 4581 1315 4648 somnia,
1357 4597 1634 4652 vanaque
1681 4599 1747 4636 ac
1809 4554 2050 4652 prora“;
2081 4569 2126 4634 D
2158 4555 2508 4652 divulgatas,
2541 4555 2687 4610 tales
2721 4571 2850 4652 esse
2885 4554 3312 4621 invictissimis,
3338 4554 3421 4610 uti
3455 4555 3705 4625 quidem
3731 4574 3819 4612 ar-

413 4669 626 4727 frivolas
657 4669 958 4740 opiniones
989 4675 1047 4724 et
1081 4671 1596 4740 conjecturae.Nam
1629 4669 1677 4725 si
1709 4686 1777 4725 ex
1807 4687 1872 4726 eo
1893 4672 2045 4741 quod

411 4777 514 4817 nec
535 4759 773 4816 omnino
831 4758 1236 4831 incorruptum
1296 4774 1399 4814 nec
1445 4758 1614 4829 plane
1644 4757 1934 4829 integrum
1977 4761 2051 4815 sit

406 4849 617 4906 veteris
646 4848 895 4918 alicujus
927 4847 1476 4919 antiquissimorum
1511 4845 1781 4902 Ecclesiae
1809 4850 2047 4904 Patrum

407 4938 830 4994 lucubrationis
885 4935 1202 5006 exemplar,
1253 4933 1394 4989 illud
1455 4933 1670 4990 idcirco
1728 4938 2048 5008 genuinum

409 5027 564 5082 illius
596 5044 744 5098 opus
777 5041 1149 5096 nequaquam
1180 5029 1595 5094 reprasentare
1624 5026 2050 5100 dicatur,pluri-

408 5133 517 5172 mie
549 5133 688 5172 sane
721 5131 786 5170 ac
818 5113 1240 5186 propemodum
1287 5111 1533 5166 inﬁnitae
1595 5122 1764 5170 erunt
1810 5117 2049 5174 illorum

407 5222 532 5262 com
543 5202 1055 5272 mentationes,qui
1067 5203 1173 5255 bus
1187 5202 1385 5255 eadem
1410 5201 1680 5258 falsitatis
1696 5213 1826 5260 nota
1847 5207 2051 5265 debeat

407 5295 582 5350 inuri.
615 5296 764 5358 Quot
793 5292 973 5356 enim,
1007 5289 1162 5344 Deus
1220 5289 1390 5354 bone,
1424 5293 1761 5349 eorumdem
1810 5295 2046 5354 Patrum

411 5384 650 5454 scripta,
681 5386 992 5443 tractatus,
1026 5377 1158 5432 libri
1193 5381 1249 5434 et
1273 5376 1388 5432 alia
1420 5379 1965 5455 ejuscemodiopera
1985 5404 2054 5442 ex

408 5492 523 5530 uno
563 5479 793 5530 tantum
846 5468 1248 5539 manuscripto
1302 5469 1500 5526 codice
1557 5474 1784 5540 mutilo,
1827 5477 2051 5533 lacunis

411 5559 928 5632 hiante,variisque
959 5558 1409 5616 amanuensium
1428 5559 1800 5623 librariorum
1821 5570 2051 5626 mendis

586 5689 630 5726 ⁸³
653 5688 862 5746 Vindic.
887 5687 1057 5762 Epist.
1089 5686 1266 5760 Ignat.
1299 5701 1424 5759 pag.
1444 5689 1532 5746 48.

2158 4644 2467 4714 bitramur,
2499 4644 2884 4716 argumentis,
2907 4644 3178 4715 superius
3198 4645 3670 4702 demonstratum
3706 4653 3813 4702 est.

2156 4735 2436 4790 Caeterum
2471 4732 2580 4788 illas
2610 4733 2820 4805 Ignatii
2850 4733 3106 4804 epistolae
3157 4749 3271 4790 non
3331 4734 3391 4788 in
3441 4732 3562 4790 solo
3615 4737 3812 4792 codice

2161 4820 2489 4877 Florentino
2505 4826 2743 4893 repertae
2775 4827 2915 4878 unt
2931 4827 2950 4875 ξ
2966 4821 3238 4878 Usserius
3252 4823 3408 4878 enim
3432 4822 3580 4879 alios
3600 4830 3812 4880 nactus

2159 4915 2267 4977 est,
2293 4910 2390 4980 qui
2415 4911 2690 4980 quamvis
2721 4911 2909 4965 Latini
2944 4910 3083 4980 sint,
3108 4911 3242 4981 quia
3298 4916 3494 4968 tamen
3538 4915 3816 4969 eumdem

2160 5015 2228 5054 ac
2260 4998 2630 5056 Florentinus
2679 4999 2891 5070 Ignatii
2924 5004 3145 5054 textum
3173 5000 3472 5069 exhibent,
3495 5000 3558 5056 in
3591 5003 3671 5059 iis
3703 5003 3818 5060 sin-

2161 5106 2322 5145 ceras
2343 5089 2918 5162 genuinasqueillius
2946 5090 3225 5161 epistolas
3251 5096 3662 5162 repraesentari
3694 5093 3817 5150 nul-

2159 5179 2258 5236 lus
2290 5181 2462 5253 plane
2491 5179 2988 5237 dubitandilocus
3022 5187 3131 5236 est.

2233 5305 2316 5360 Ad
2351 5305 2632 5362 Tentzelii
2653 5305 2852 5377 itaque
2874 5307 3244 5377 conjecturas
3275 5307 3429 5380 quod
3462 5309 3818 5378 attinet,illa:

2162 5393 2340 5449 dubio
2366 5393 2759 5466 procul,nullo
2779 5394 3036 5466 amplius
3067 5395 3304 5452 feriente
3331 5401 3434 5450 aut
3457 5396 3821 5471 impellente,

2160 5485 2261 5538 sed
2290 5500 2351 5539 se
2383 5485 2527 5555 ipsis
2557 5489 2742 5540 ruunt
2771 5494 2820 5540 et
2856 5491 3230 5542 evanescunt.
3268 5486 3335 5541 Et
3354 5502 3490 5542 vero
3523 5488 3572 5542 si
3609 5508 3743 5562 quae
3774 5490 3825 5544 in

2163 5573 2505 5630 memoratis
2533 5573 2840 5631 codicibus
2873 5575 3169 5631 variantes
3202 5575 3506 5644 lectiones,
3542 5587 3652 5636 aut
3681 5579 3824 5636 leves
