  <div class='ocr_page' id='page_1' title='image "/cluster/home/n/w/nwhite01/storage/ocr_20150623/5/pst.000005711819/290.png"; bbox 0 0 3942 6302; ppageno 0'>
   <div class='ocr_carea' id='block_1_1' title="bbox 180 359 310 422">
    <p class='ocr_par' dir='ltr' id='par_1_1' title="bbox 180 359 310 422">
     <span class='ocr_line' id='line_1_1' title="bbox 180 359 310 422; baseline 0.008 -1"><span class='ocrx_word' id='word_1_1' title='bbox 180 359 310 422; x_wconf 65' lang='lat'><strong>565</strong></span> 
     </span>
    </p>
   </div>
   <div class='ocr_carea' id='block_1_2' title="bbox 1267 362 2535 429">
    <p class='ocr_par' dir='ltr' id='par_1_2' title="bbox 1267 362 2535 429">
     <span class='ocr_line' id='line_1_2' title="bbox 1267 362 2535 429; baseline -0.001 -3"><span class='ocrx_word' id='word_1_2' title='bbox 1267 366 1609 429; x_wconf 71' lang='grc' dir='ltr'><strong>ΑΝΒΒΕΔΞ</strong></span> <span class='ocrx_word' id='word_1_3' title='bbox 1652 362 2073 427; x_wconf 82' lang='lat' dir='ltr'><strong>GALLANDII</strong></span> <span class='ocrx_word' id='word_1_4' title='bbox 2119 362 2535 427; x_wconf 74' lang='lat' dir='ltr'><strong>PROCEMIA.</strong></span> 
     </span>
    </p>
   </div>
   <div class='ocr_carea' id='block_1_3' title="bbox 3488 375 3611 439">
    <p class='ocr_par' dir='ltr' id='par_1_3' title="bbox 3488 375 3611 439">
     <span class='ocr_line' id='line_1_3' title="bbox 3488 375 3611 439; baseline 0.033 -4"><span class='ocrx_word' id='word_1_5' title='bbox 3488 375 3611 439; x_wconf 73' lang='lat'>566</span> 
     </span>
    </p>
   </div>
   <div class='ocr_carea' id='block_1_4' title="bbox 189 486 3608 576">
    <p class='ocr_par' dir='ltr' id='par_1_4' title="bbox 189 486 3608 576">
     <span class='ocr_line' id='line_1_4' title="bbox 189 486 3608 576; baseline 0.004 -23"><span class='ocrx_word' id='word_1_6' title='bbox 189 497 475 565; x_wconf 90' lang='lat' dir='ltr'><strong>hiatus,et</strong></span> <span class='ocrx_word' id='word_1_7' title='bbox 502 497 735 555; x_wconf 65' lang='lat' dir='ltr'><strong>lacunae</strong></span> <span class='ocrx_word' id='word_1_8' title='bbox 764 504 1261 572; x_wconf 87' lang='lat' dir='ltr'><strong>occurrunt,certe</strong></span> <span class='ocrx_word' id='word_1_9' title='bbox 1293 504 1555 576; x_wconf 80' lang='lat' dir='ltr'><strong>plerique</strong></span> <span class='ocrx_word' id='word_1_10' title='bbox 1587 503 1838 569; x_wconf 81' lang='lat' dir='ltr'><strong>codices,</strong></span> <span class='ocrx_word' id='word_1_11' title='bbox 1871 505 1923 571; x_wconf 74' lang='grc' dir='ltr'><strong>Α</strong></span> <span class='ocrx_word' id='word_1_12' title='bbox 1958 502 2277 573; x_wconf 87' lang='lat' dir='ltr'><strong>ditatisque</strong></span> <span class='ocrx_word' id='word_1_13' title='bbox 2306 502 2685 572; x_wconf 86' lang='lat' dir='ltr'><strong>devenerunt,</strong></span> <span class='ocrx_word' id='word_1_14' title='bbox 2716 505 2780 558; x_wconf 90' lang='lat' dir='ltr'><strong>ut</strong></span> <span class='ocrx_word' id='word_1_15' title='bbox 2800 502 2935 557; x_wconf 89' lang='lat' dir='ltr'><strong>inde</strong></span> <span class='ocrx_word' id='word_1_16' title='bbox 2986 486 3423 575; x_wconf 85' lang='lat' dir='ltr'><strong>lgnatlanarum</strong></span> <span class='ocrx_word' id='word_1_17' title='bbox 3449 507 3608 566; x_wconf 87' lang='lat' dir='ltr'><strong>litte-</strong></span> 
     </span>
    </p>
   </div>
   <div class='ocr_carea' id='block_1_5' title="bbox 185 589 1847 667">
    <p class='ocr_par' dir='ltr' id='par_1_5' title="bbox 185 589 1847 667">
     <span class='ocr_line' id='line_1_5' title="bbox 185 589 1847 667; baseline 0.002 -23"><span class='ocrx_word' id='word_1_18' title='bbox 185 604 259 644; x_wconf 85' lang='lat' dir='ltr'><strong>ex</strong></span> <span class='ocrx_word' id='word_1_19' title='bbox 290 589 512 660; x_wconf 77' lang='lat' dir='ltr'><strong>quibus</strong></span> <span class='ocrx_word' id='word_1_20' title='bbox 542 590 659 646; x_wconf 91' lang='lat' dir='ltr'><strong>alia</strong></span> <span class='ocrx_word' id='word_1_21' title='bbox 675 594 914 647; x_wconf 81' lang='lat' dir='ltr'><strong>Patrum</strong></span> <span class='ocrx_word' id='word_1_22' title='bbox 945 609 1121 664; x_wconf 81' lang='lat' dir='ltr'><strong>opera</strong></span> <span class='ocrx_word' id='word_1_23' title='bbox 1154 593 1210 649; x_wconf 90' lang='lat' dir='ltr'><strong>in</strong></span> <span class='ocrx_word' id='word_1_24' title='bbox 1242 593 1451 667; x_wconf 86' lang='lat' dir='ltr'><strong>vulgus</strong></span> <span class='ocrx_word' id='word_1_25' title='bbox 1482 593 1847 666; x_wconf 89' lang='lat' dir='ltr'><strong>prodierunt,</strong></span> 
     </span>
    </p>
   </div>
   <div class='ocr_carea' id='block_1_6' title="bbox 191 680 1848 755">
    <p class='ocr_par' dir='ltr' id='par_1_6' title="bbox 191 680 1848 755">
     <span class='ocr_line' id='line_1_6' title="bbox 191 680 1848 755; baseline 0.002 -22"><span class='ocrx_word' id='word_1_26' title='bbox 191 696 299 734; x_wconf 89' lang='lat' dir='ltr'><strong>nee</strong></span> <span class='ocrx_word' id='word_1_27' title='bbox 330 680 656 736; x_wconf 81' lang='lat' dir='ltr'><strong>levioribus</strong></span> <span class='ocrx_word' id='word_1_28' title='bbox 687 698 792 737; x_wconf 89' lang='lat' dir='ltr'><strong>nec</strong></span> <span class='ocrx_word' id='word_1_29' title='bbox 840 682 1405 753; x_wconf 83' lang='lat' dir='ltr'><strong>infrequentioribus</strong></span> <span class='ocrx_word' id='word_1_30' title='bbox 1459 684 1848 755; x_wconf 82' lang='lat' dir='ltr'><strong>inquinentur</strong></span> 
     </span>
    </p>
   </div>
   <div class='ocr_carea' id='block_1_7' title="bbox 190 770 1845 845">
    <p class='ocr_par' dir='ltr' id='par_1_7' title="bbox 190 770 1845 845">
     <span class='ocr_line' id='line_1_7' title="bbox 190 770 1845 845; baseline 0.002 -21"><span class='ocrx_word' id='word_1_31' title='bbox 190 771 539 824; x_wconf 86' lang='lat' dir='ltr'><strong>erratis.sAt</strong></span> <span class='ocrx_word' id='word_1_32' title='bbox 559 770 681 826; x_wconf 68' lang='lat' dir='ltr'><strong>haec</strong></span> <span class='ocrx_word' id='word_1_33' title='bbox 713 777 915 827; x_wconf 88' lang='lat' dir='ltr'><strong>contra</strong></span> <span class='ocrx_word' id='word_1_34' title='bbox 934 774 1275 829; x_wconf 84' lang='lat' dir='ltr'><strong>earumdem</strong></span> <span class='ocrx_word' id='word_1_35' title='bbox 1289 791 1530 845; x_wconf 80' lang='lat' dir='ltr'><strong>operum</strong></span> <span class='ocrx_word' id='word_1_36' title='bbox 1548 774 1845 830; x_wconf 78' lang='lat' dir='ltr'><strong>veritatem</strong></span> 
     </span>
    </p>
   </div>
   <div class='ocr_carea' id='block_1_8' title="bbox 194 857 1846 935">
    <p class='ocr_par' dir='ltr' id='par_1_8' title="bbox 194 857 1846 935">
     <span class='ocr_line' id='line_1_8' title="bbox 194 857 1846 935; baseline 0.002 -22"><span class='ocrx_word' id='word_1_37' title='bbox 194 866 251 913; x_wconf 88' lang='lat' dir='ltr'><strong>et</strong></span> <span class='ocrx_word' id='word_1_38' title='bbox 281 857 630 931; x_wconf 80' lang='grc' dir='ltr'><strong>γνησιότητα</strong></span> <span class='ocrx_word' id='word_1_39' title='bbox 661 876 920 931; x_wconf 89' lang='lat' dir='ltr'><strong>pugnare</strong></span> <span class='ocrx_word' id='word_1_40' title='bbox 942 860 1142 918; x_wconf 90' lang='lat' dir='ltr'><strong>nullus</strong></span> <span class='ocrx_word' id='word_1_41' title='bbox 1176 864 1384 919; x_wconf 87' lang='lat' dir='ltr'><strong>merito</strong></span> <span class='ocrx_word' id='word_1_42' title='bbox 1429 879 1689 935; x_wconf 85' lang='lat' dir='ltr'><strong>unquam</strong></span> <span class='ocrx_word' id='word_1_43' title='bbox 1712 862 1846 932; x_wconf 85' lang='lat' dir='ltr'><strong>jure</strong></span> 
     </span>
    </p>
   </div>
   <div class='ocr_carea' id='block_1_9' title="bbox 190 947 424 1003">
    <p class='ocr_par' dir='ltr' id='par_1_9' title="bbox 190 947 424 1003">
     <span class='ocr_line' id='line_1_9' title="bbox 190 947 424 1003; baseline -0.009 0"><span class='ocrx_word' id='word_1_44' title='bbox 190 947 424 1003; x_wconf 90' lang='lat' dir='ltr'><strong>dixerit.</strong></span> 
     </span>
    </p>
   </div>
   <div class='ocr_carea' id='block_1_10' title="bbox 260 1040 1845 1099">
    <p class='ocr_par' dir='ltr' id='par_1_10' title="bbox 260 1040 1845 1099">
     <span class='ocr_line' id='line_1_10' title="bbox 260 1040 1845 1099; baseline 0.003 -5"><span class='ocrx_word' id='word_1_45' title='bbox 260 1040 485 1095; x_wconf 87' lang='lat' dir='ltr'><strong>Deinde</strong></span> <span class='ocrx_word' id='word_1_46' title='bbox 518 1056 651 1097; x_wconf 83' lang='lat' dir='ltr'><strong>vero</strong></span> <span class='ocrx_word' id='word_1_47' title='bbox 674 1057 788 1097; x_wconf 94' lang='lat' dir='ltr'><strong>non</strong></span> <span class='ocrx_word' id='word_1_48' title='bbox 822 1040 969 1098; x_wconf 89' lang='lat' dir='ltr'><strong>alios</strong></span> <span class='ocrx_word' id='word_1_49' title='bbox 1002 1042 1319 1099; x_wconf 85' lang='lat' dir='ltr'><strong>Florentini</strong></span> <span class='ocrx_word' id='word_1_50' title='bbox 1346 1043 1564 1099; x_wconf 90' lang='lat' dir='ltr'><strong>codicis</strong></span> <span class='ocrx_word' id='word_1_51' title='bbox 1617 1058 1845 1099; x_wconf 89' lang='lat' dir='ltr'><strong>errores</strong></span> 
     </span>
    </p>
   </div>
   <div class='ocr_carea' id='block_1_11' title="bbox 187 1127 1843 1203">
    <p class='ocr_par' dir='ltr' id='par_1_11' title="bbox 187 1127 1843 1203">
     <span class='ocr_line' id='line_1_11' title="bbox 187 1127 1843 1203; baseline 0.001 -20"><span class='ocrx_word' id='word_1_52' title='bbox 187 1127 524 1184; x_wconf 87' lang='lat' dir='ltr'><strong>Tentzelius</strong></span> <span class='ocrx_word' id='word_1_53' title='bbox 556 1129 725 1185; x_wconf 89' lang='lat' dir='ltr'><strong>nobis</strong></span> <span class='ocrx_word' id='word_1_54' title='bbox 747 1129 966 1201; x_wconf 82' lang='lat' dir='ltr'><strong>objicit,</strong></span> <span class='ocrx_word' id='word_1_55' title='bbox 1009 1148 1186 1203; x_wconf 88' lang='lat' dir='ltr'><strong>quam</strong></span> <span class='ocrx_word' id='word_1_56' title='bbox 1248 1132 1382 1189; x_wconf 87' lang='lat' dir='ltr'><strong>illos</strong></span> <span class='ocrx_word' id='word_1_57' title='bbox 1430 1133 1531 1203; x_wconf 90' lang='lat' dir='ltr'><strong>qui</strong></span> <span class='ocrx_word' id='word_1_58' title='bbox 1582 1132 1744 1203; x_wconf 88' lang='lat' dir='ltr'><strong>prius</strong></span> <span class='ocrx_word' id='word_1_59' title='bbox 1771 1131 1843 1186; x_wconf 90' lang='lat' dir='ltr'><strong>ab</strong></span> 
     </span>
    </p>
   </div>
   <div class='ocr_carea' id='block_1_12' title="bbox 192 1216 1843 1287">
    <p class='ocr_par' dir='ltr' id='par_1_12' title="bbox 192 1216 1843 1287">
     <span class='ocr_line' id='line_1_12' title="bbox 192 1216 1843 1287; baseline 0.002 -14"><span class='ocrx_word' id='word_1_60' title='bbox 192 1216 451 1281; x_wconf 88' lang='lat' dir='ltr'><strong>Usserio,</strong></span> <span class='ocrx_word' id='word_1_61' title='bbox 481 1217 690 1274; x_wconf 89' lang='lat' dir='ltr'><strong>Vossio</strong></span> <span class='ocrx_word' id='word_1_62' title='bbox 722 1223 779 1274; x_wconf 89' lang='lat' dir='ltr'><strong>et</strong></span> <span class='ocrx_word' id='word_1_63' title='bbox 808 1221 1122 1277; x_wconf 88' lang='lat' dir='ltr'><strong>Pearsonio</strong></span> <span class='ocrx_word' id='word_1_64' title='bbox 1153 1221 1393 1277; x_wconf 83' lang='lat' dir='ltr'><strong>indicati</strong></span> <span class='ocrx_word' id='word_1_65' title='bbox 1424 1222 1843 1287; x_wconf 80' lang='lat' dir='ltr'><strong>fuerunt.Quo-</strong></span> 
     </span>
    </p>
   </div>
   <div class='ocr_carea' id='block_1_13' title="bbox 186 1306 1841 1380">
    <p class='ocr_par' dir='ltr' id='par_1_13' title="bbox 186 1306 1841 1380">
     <span class='ocr_line' id='line_1_13' title="bbox 186 1306 1841 1380; baseline 0.002 -19"><span class='ocrx_word' id='word_1_66' title='bbox 186 1307 361 1361; x_wconf 91' lang='lat' dir='ltr'><strong>modo</strong></span> <span class='ocrx_word' id='word_1_67' title='bbox 392 1306 577 1378; x_wconf 88' lang='lat' dir='ltr'><strong>igitur</strong></span> <span class='ocrx_word' id='word_1_68' title='bbox 608 1307 923 1379; x_wconf 90' lang='lat' dir='ltr'><strong>scriptores</strong></span> <span class='ocrx_word' id='word_1_69' title='bbox 944 1308 1055 1378; x_wconf 88' lang='lat' dir='ltr'><strong>illi,</strong></span> <span class='ocrx_word' id='word_1_70' title='bbox 1086 1326 1236 1380; x_wconf 89' lang='lat' dir='ltr'><strong>quos</strong></span> <span class='ocrx_word' id='word_1_71' title='bbox 1288 1311 1444 1366; x_wconf 89' lang='lat' dir='ltr'><strong>idem</strong></span> <span class='ocrx_word' id='word_1_72' title='bbox 1505 1309 1841 1366; x_wconf 85' lang='lat' dir='ltr'><strong>Tentzelius</strong></span> 
     </span>
    </p>
   </div>
   <div class='ocr_carea' id='block_1_14' title="bbox 180 1395 1838 1471">
    <p class='ocr_par' dir='ltr' id='par_1_14' title="bbox 180 1395 1838 1471">
     <span class='ocr_line' id='line_1_14' title="bbox 180 1395 1838 1471; baseline 0.002 -21"><span class='ocrx_word' id='word_1_73' title='bbox 180 1395 420 1467; x_wconf 82' lang='lat' dir='ltr'><strong>lynceos</strong></span> <span class='ocrx_word' id='word_1_74' title='bbox 440 1397 773 1453; x_wconf 90' lang='lat' dir='ltr'><strong>etoculatos</strong></span> <span class='ocrx_word' id='word_1_75' title='bbox 787 1397 994 1454; x_wconf 90' lang='lat' dir='ltr'><strong>merito</strong></span> <span class='ocrx_word' id='word_1_76' title='bbox 1034 1398 1383 1471; x_wconf 90' lang='lat' dir='ltr'><strong>appellat,eo</strong></span> <span class='ocrx_word' id='word_1_77' title='bbox 1405 1400 1683 1456; x_wconf 63' lang='lat' dir='ltr'><strong>cacitatis</strong></span> <span class='ocrx_word' id='word_1_78' title='bbox 1707 1404 1838 1455; x_wconf 89' lang='lat' dir='ltr'><strong>tar-</strong></span> 
     </span>
    </p>
   </div>
   <div class='ocr_carea' id='block_1_15' title="bbox 179 1548 2532 1584">
    <p class='ocr_par' dir='ltr' id='par_1_15' title="bbox 179 1548 2532 1584">
     <span class='ocr_line' id='line_1_15' title="bbox 179 1548 2532 1584; baseline -0.001 -4"><span class='ocrx_word' id='word_1_79' title='bbox 179 1548 2532 1584; x_wconf 54' lang='grc' dir='ltr'>Μ</span> 
     </span>
    </p>
   </div>
   <div class='ocr_carea' id='block_1_16' title="bbox 1960 590 3607 655">
    <p class='ocr_par' dir='ltr' id='par_1_16' title="bbox 1960 590 3607 655">
     <span class='ocr_line' id='line_1_16' title="bbox 1960 590 3607 655; baseline 0.004 -7"><span class='ocrx_word' id='word_1_80' title='bbox 1960 609 2155 648; x_wconf 91' lang='lat' dir='ltr'><strong>rarum</strong></span> <span class='ocrx_word' id='word_1_81' title='bbox 2184 591 2357 646; x_wconf 83' lang='lat' dir='ltr'><strong>ﬁdem</strong></span> <span class='ocrx_word' id='word_1_82' title='bbox 2389 590 2660 648; x_wconf 83' lang='lat' dir='ltr'><strong>vacillare</strong></span> <span class='ocrx_word' id='word_1_83' title='bbox 2691 595 2748 647; x_wconf 92' lang='lat' dir='ltr'><strong>et</strong></span> <span class='ocrx_word' id='word_1_84' title='bbox 2777 592 3009 649; x_wconf 86' lang='lat' dir='ltr'><strong>concuti</strong></span> <span class='ocrx_word' id='word_1_85' title='bbox 3034 610 3150 650; x_wconf 90' lang='lat' dir='ltr'><strong>non</strong></span> <span class='ocrx_word' id='word_1_86' title='bbox 3178 595 3607 655; x_wconf 80' lang='lat' dir='ltr'><strong>animadverte-</strong></span> 
     </span>
    </p>
   </div>
   <div class='ocr_carea' id='block_1_17' title="bbox 1959 680 3606 756">
    <p class='ocr_par' dir='ltr' id='par_1_17' title="bbox 1959 680 3606 756">
     <span class='ocr_line' id='line_1_17' title="bbox 1959 680 3606 756; baseline 0.005 -21"><span class='ocrx_word' id='word_1_87' title='bbox 1959 681 2123 737; x_wconf 83' lang='lat' dir='ltr'><strong>rint?</strong></span> <span class='ocrx_word' id='word_1_88' title='bbox 2150 680 2323 737; x_wconf 90' lang='lat' dir='ltr'><strong>Nulla</strong></span> <span class='ocrx_word' id='word_1_89' title='bbox 2340 698 2480 737; x_wconf 89' lang='lat' dir='ltr'><strong>sane</strong></span> <span class='ocrx_word' id='word_1_90' title='bbox 2511 681 2625 737; x_wconf 84' lang='lat' dir='ltr'><strong>alia</strong></span> <span class='ocrx_word' id='word_1_91' title='bbox 2648 698 2826 737; x_wconf 87' lang='lat' dir='ltr'><strong>causa</strong></span> <span class='ocrx_word' id='word_1_92' title='bbox 2848 682 2977 749; x_wconf 80' lang='lat' dir='ltr'><strong>fuit,</strong></span> <span class='ocrx_word' id='word_1_93' title='bbox 3004 683 3112 738; x_wconf 84' lang='lat' dir='ltr'><strong>nisi</strong></span> <span class='ocrx_word' id='word_1_94' title='bbox 3170 685 3305 756; x_wconf 85' lang='lat' dir='ltr'><strong>quia</strong></span> <span class='ocrx_word' id='word_1_95' title='bbox 3365 688 3606 743; x_wconf 89' lang='lat' dir='ltr'><strong>acrioris</strong></span> 
     </span>
    </p>
   </div>
   <div class='ocr_carea' id='block_1_18' title="bbox 1957 770 3606 847">
    <p class='ocr_par' dir='ltr' id='par_1_18' title="bbox 1957 770 3606 847">
     <span class='ocr_line' id='line_1_18' title="bbox 1957 770 3606 847; baseline 0.004 -21"><span class='ocrx_word' id='word_1_96' title='bbox 1957 771 2340 842; x_wconf 71' lang='lat' dir='ltr'><strong>aequiorisque</strong></span> <span class='ocrx_word' id='word_1_97' title='bbox 2369 770 2480 842; x_wconf 90' lang='lat' dir='ltr'><strong>ipsi</strong></span> <span class='ocrx_word' id='word_1_98' title='bbox 2519 772 3117 843; x_wconf 82' lang='lat' dir='ltr'><strong>eraatjudicii,quam</strong></span> <span class='ocrx_word' id='word_1_99' title='bbox 3151 780 3213 828; x_wconf 90' lang='lat' dir='ltr'><strong>ut</strong></span> <span class='ocrx_word' id='word_1_100' title='bbox 3237 787 3469 847; x_wconf 90' lang='lat' dir='ltr'><strong>propter</strong></span> <span class='ocrx_word' id='word_1_101' title='bbox 3515 794 3606 833; x_wconf 87' lang='lat' dir='ltr'><strong>va-</strong></span> 
     </span>
    </p>
   </div>
   <div class='ocr_carea' id='block_1_19' title="bbox 1956 860 3600 930">
    <p class='ocr_par' dir='ltr' id='par_1_19' title="bbox 1956 860 3600 930">
     <span class='ocr_line' id='line_1_19' title="bbox 1956 860 3600 930; baseline 0.005 -15"><span class='ocrx_word' id='word_1_102' title='bbox 1956 861 2074 916; x_wconf 90' lang='lat' dir='ltr'><strong>rios</strong></span> <span class='ocrx_word' id='word_1_103' title='bbox 2106 862 2390 929; x_wconf 82' lang='lat' dir='ltr'><strong>quosdam</strong></span> <span class='ocrx_word' id='word_1_104' title='bbox 2414 860 2779 915; x_wconf 88' lang='lat' dir='ltr'><strong>librariorum</strong></span> <span class='ocrx_word' id='word_1_105' title='bbox 2809 868 3282 930; x_wconf 87' lang='lat' dir='ltr'><strong>errores,certam</strong></span> <span class='ocrx_word' id='word_1_106' title='bbox 3315 864 3600 923; x_wconf 86' lang='lat' dir='ltr'><strong>harumce</strong></span> 
     </span>
    </p>
   </div>
   <div class='ocr_carea' id='block_1_20' title="bbox 1955 949 3595 1022">
    <p class='ocr_par' dir='ltr' id='par_1_20' title="bbox 1955 949 3595 1022">
     <span class='ocr_line' id='line_1_20' title="bbox 1955 949 3595 1022; baseline 0.003 -16"><span class='ocrx_word' id='word_1_107' title='bbox 1955 951 2357 1021; x_wconf 82' lang='lat' dir='ltr'><strong>epistolarum,</strong></span> <span class='ocrx_word' id='word_1_108' title='bbox 2390 949 2738 1006; x_wconf 88' lang='lat' dir='ltr'><strong>velalterius</strong></span> <span class='ocrx_word' id='word_1_109' title='bbox 2789 951 3103 1022; x_wconf 87' lang='lat' dir='ltr'><strong>cujuslibet</strong></span> <span class='ocrx_word' id='word_1_110' title='bbox 3170 954 3595 1012; x_wconf 86' lang='lat' dir='ltr'><strong>lucubrationis</strong></span> 
     </span>
    </p>
   </div>
   <div class='ocr_carea' id='block_1_21' title="bbox 1954 1039 3592 1117">
    <p class='ocr_par' dir='ltr' id='par_1_21' title="bbox 1954 1039 3592 1117">
     <span class='ocr_line' id='line_1_21' title="bbox 1954 1039 3592 1117; baseline 0.004 -22"><span class='ocrx_word' id='word_1_111' title='bbox 1954 1040 2251 1097; x_wconf 87' lang='lat' dir='ltr'><strong>veritatem</strong></span> <span class='ocrx_word' id='word_1_112' title='bbox 2268 1044 2472 1095; x_wconf 91' lang='lat' dir='ltr'><strong>nutare</strong></span> <span class='ocrx_word' id='word_1_113' title='bbox 2493 1039 2931 1096; x_wconf 62' lang='lat' dir='ltr'><strong>crederentﬁed</strong></span> <span class='ocrx_word' id='word_1_114' title='bbox 2945 1041 3065 1097; x_wconf 66' lang='lat' dir='ltr'><strong>haec</strong></span> <span class='ocrx_word' id='word_1_115' title='bbox 3088 1042 3277 1100; x_wconf 81' lang='lat' dir='ltr'><strong>fusius</strong></span> <span class='ocrx_word' id='word_1_116' title='bbox 3295 1047 3592 1117; x_wconf 87' lang='lat' dir='ltr'><strong>prosequi,</strong></span> 
     </span>
    </p>
   </div>
   <div class='ocr_carea' id='block_1_22' title="bbox 1952 1129 3592 1203">
    <p class='ocr_par' dir='ltr' id='par_1_22' title="bbox 1952 1129 3592 1203">
     <span class='ocr_line' id='line_1_22' title="bbox 1952 1129 3592 1203; baseline 0.004 -18"><span class='ocrx_word' id='word_1_117' title='bbox 1952 1134 2009 1185; x_wconf 89' lang='lat' dir='ltr'><strong>et</strong></span> <span class='ocrx_word' id='word_1_118' title='bbox 2039 1129 2097 1186; x_wconf 89' lang='lat' dir='ltr'><strong>in</strong></span> <span class='ocrx_word' id='word_1_119' title='bbox 2120 1130 2228 1185; x_wconf 91' lang='lat' dir='ltr'><strong>hac</strong></span> <span class='ocrx_word' id='word_1_120' title='bbox 2257 1129 2686 1201; x_wconf 81' lang='lat' dir='ltr'><strong>opinione,quee</strong></span> <span class='ocrx_word' id='word_1_121' title='bbox 2710 1132 2831 1184; x_wconf 90' lang='lat' dir='ltr'><strong>tam</strong></span> <span class='ocrx_word' id='word_1_122' title='bbox 2865 1130 2936 1185; x_wconf 90' lang='lat' dir='ltr'><strong>ab</strong></span> <span class='ocrx_word' id='word_1_123' title='bbox 2970 1130 3218 1187; x_wconf 89' lang='lat' dir='ltr'><strong>aliorum</strong></span> <span class='ocrx_word' id='word_1_124' title='bbox 3259 1136 3592 1203; x_wconf 77' lang='lat' dir='ltr'><strong>sententiis,</strong></span> 
     </span>
    </p>
   </div>
   <div class='ocr_carea' id='block_1_23' title="bbox 1952 1218 3592 1291">
    <p class='ocr_par' dir='ltr' id='par_1_23' title="bbox 1952 1218 3592 1291">
     <span class='ocr_line' id='line_1_23' title="bbox 1952 1218 3592 1291; baseline 0.002 -16"><span class='ocrx_word' id='word_1_125' title='bbox 1952 1235 2128 1289; x_wconf 87' lang='lat' dir='ltr'><strong>quam</strong></span> <span class='ocrx_word' id='word_1_126' title='bbox 2160 1220 2231 1275; x_wconf 91' lang='lat' dir='ltr'><strong>ab</strong></span> <span class='ocrx_word' id='word_1_127' title='bbox 2263 1218 2389 1291; x_wconf 90' lang='lat' dir='ltr'><strong>ipsa</strong></span> <span class='ocrx_word' id='word_1_128' title='bbox 2412 1220 2649 1275; x_wconf 82' lang='lat' dir='ltr'><strong>veritate</strong></span> <span class='ocrx_word' id='word_1_129' title='bbox 2678 1219 2822 1274; x_wconf 90' lang='lat' dir='ltr'><strong>adeo</strong></span> <span class='ocrx_word' id='word_1_130' title='bbox 2849 1218 3141 1291; x_wconf 86' lang='lat' dir='ltr'><strong>abhorret,</strong></span> <span class='ocrx_word' id='word_1_131' title='bbox 3174 1222 3397 1279; x_wconf 88' lang='lat' dir='ltr'><strong>diutius</strong></span> <span class='ocrx_word' id='word_1_132' title='bbox 3424 1225 3592 1281; x_wconf 84' lang='lat' dir='ltr'><strong>refel-</strong></span> 
     </span>
    </p>
   </div>
   <div class='ocr_carea' id='block_1_24' title="bbox 1950 1305 3593 1378">
    <p class='ocr_par' dir='ltr' id='par_1_24' title="bbox 1950 1305 3593 1378">
     <span class='ocr_line' id='line_1_24' title="bbox 1950 1305 3593 1378; baseline 0.004 -17"><span class='ocrx_word' id='word_1_133' title='bbox 1950 1305 2123 1363; x_wconf 87' lang='lat' dir='ltr'><strong>lenda</strong></span> <span class='ocrx_word' id='word_1_134' title='bbox 2152 1305 2841 1378; x_wconf 85' lang='lat' dir='ltr'><strong>immorari,superﬂuum</strong></span> <span class='ocrx_word' id='word_1_135' title='bbox 2855 1305 3093 1363; x_wconf 89' lang='lat' dir='ltr'><strong>omnino</strong></span> <span class='ocrx_word' id='word_1_136' title='bbox 3116 1308 3392 1366; x_wconf 89' lang='lat' dir='ltr'><strong>etinutile</strong></span> <span class='ocrx_word' id='word_1_137' title='bbox 3423 1312 3593 1368; x_wconf 91' lang='lat' dir='ltr'><strong>nobis</strong></span> 
     </span>
    </p>
   </div>
   <div class='ocr_carea' id='block_1_25' title="bbox 1951 1397 2200 1453">
    <p class='ocr_par' dir='ltr' id='par_1_25' title="bbox 1951 1397 2200 1453">
     <span class='ocr_line' id='line_1_25' title="bbox 1951 1397 2200 1453; baseline -0.008 0"><span class='ocrx_word' id='word_1_138' title='bbox 1951 1397 2200 1453; x_wconf 88' lang='lat' dir='ltr'><strong>videtur.</strong></span> 
     </span>
    </p>
   </div>
   <div class='ocr_carea' id='block_1_26' title="bbox 2544 1545 3583 1584">
    <p class='ocr_par' dir='ltr' id='par_1_26' title="bbox 2544 1545 3583 1584">
     <span class='ocr_line' id='line_1_26' title="bbox 2544 1545 3583 1584; baseline 0.003 -3"><span class='ocrx_word' id='word_1_139' title='bbox 2544 1545 3583 1584; x_wconf 62' lang='grc' dir='ltr'>Μ</span> 
     </span>
    </p>
   </div>
   <div class='ocr_carea' id='block_1_27' title="bbox 996 1731 2785 1834">
    <p class='ocr_par' dir='ltr' id='par_1_27' title="bbox 996 1731 2785 1834">
     <span class='ocr_line' id='line_1_27' title="bbox 996 1731 2785 1834; baseline 0.001 -5"><span class='ocrx_word' id='word_1_140' title='bbox 996 1731 1744 1833; x_wconf 66' lang='lat' dir='ltr'><strong>ANDRBE</strong></span> <span class='ocrx_word' id='word_1_141' title='bbox 1848 1731 2785 1834; x_wconf 74' lang='lat' dir='ltr'><strong>GALLANDII</strong></span> 
     </span>
    </p>
   </div>
   <div class='ocr_carea' id='block_1_28' title="bbox 1575 1970 2199 2069">
    <p class='ocr_par' dir='ltr' id='par_1_28' title="bbox 1575 1970 2199 2069">
     <span class='ocr_line' id='line_1_28' title="bbox 1575 1970 2199 2069; baseline 0.003 -2"><span class='ocrx_word' id='word_1_142' title='bbox 1575 1970 2199 2069; x_wconf 81' lang='lat' dir='ltr'><strong>PROCEMIA</strong></span> 
     </span>
    </p>
   </div>
   <div class='ocr_carea' id='block_1_29' title="bbox 925 2188 2811 2248">
    <p class='ocr_par' dir='ltr' id='par_1_29' title="bbox 925 2188 2811 2248">
     <span class='ocr_line' id='line_1_29' title="bbox 925 2188 2811 2248; baseline -0.001 -1"><span class='ocrx_word' id='word_1_143' title='bbox 925 2193 1020 2247; x_wconf 81' lang='lat' dir='ltr'><strong>AD</strong></span> <span class='ocrx_word' id='word_1_144' title='bbox 1052 2188 1423 2247; x_wconf 83' lang='lat' dir='ltr'><strong>EPISTOLAS</strong></span> <span class='ocrx_word' id='word_1_145' title='bbox 1452 2188 1707 2248; x_wconf 84' lang='lat' dir='ltr'><strong>SANCTI</strong></span> <span class='ocrx_word' id='word_1_146' title='bbox 1738 2190 1829 2245; x_wconf 87' lang='lat' dir='ltr'><strong>ET</strong></span> <span class='ocrx_word' id='word_1_147' title='bbox 1857 2190 2042 2247; x_wconf 79' lang='lat' dir='ltr'><strong>ACTA</strong></span> <span class='ocrx_word' id='word_1_148' title='bbox 2083 2189 2433 2247; x_wconf 76' lang='lat' dir='ltr'><strong>MARTYRII</strong></span> <span class='ocrx_word' id='word_1_149' title='bbox 2469 2189 2811 2248; x_wconf 81' lang='lat' dir='ltr'><strong>EJUSDEM.</strong></span> 
     </span>
    </p>
   </div>
   <div class='ocr_carea' id='block_1_30' title="bbox 849 2345 2900 2423">
    <p class='ocr_par' dir='ltr' id='par_1_30' title="bbox 849 2345 2900 2423">
     <span class='ocr_line' id='line_1_30' title="bbox 849 2345 2900 2423; baseline 0 -19"><span class='ocrx_word' id='word_1_150' title='bbox 849 2351 1129 2419; x_wconf 76' lang='lat' dir='ltr'><strong>(Veterum</strong></span> <span class='ocrx_word' id='word_1_151' title='bbox 1160 2348 1393 2403; x_wconf 88' lang='lat' dir='ltr'><strong>Patrum</strong></span> <span class='ocrx_word' id='word_1_152' title='bbox 1422 2345 1723 2416; x_wconf 77' lang='lat' dir='ltr'><strong>Biblioth.,</strong></span> <span class='ocrx_word' id='word_1_153' title='bbox 1756 2350 1801 2420; x_wconf 91' lang='lat' dir='ltr'><strong>t,</strong></span> <span class='ocrx_word' id='word_1_154' title='bbox 1831 2347 1875 2420; x_wconf 87' lang='grc' dir='ltr'><strong>Ι,</strong></span> <span class='ocrx_word' id='word_1_155' title='bbox 1904 2347 2165 2404; x_wconf 83' lang='lat' dir='ltr'><strong>Venetiis</strong></span> <span class='ocrx_word' id='word_1_156' title='bbox 2216 2347 2374 2421; x_wconf 83' lang='lat'>1765,</span> <span class='ocrx_word' id='word_1_157' title='bbox 2393 2347 2642 2421; x_wconf 86' lang='lat' dir='ltr'><strong>Proleg.,</strong></span> <span class='ocrx_word' id='word_1_158' title='bbox 2672 2364 2731 2423; x_wconf 93' lang='lat' dir='ltr'><strong>p.</strong></span> <span class='ocrx_word' id='word_1_159' title='bbox 2765 2349 2900 2422; x_wconf 79' lang='lat' dir='ltr'><strong>LIV.)</strong></span> 
     </span>
    </p>
   </div>
   <div class='ocr_carea' id='block_1_31' title="bbox 711 2552 1280 2610">
    <p class='ocr_par' dir='ltr' id='par_1_31' title="bbox 711 2552 1280 2610">
     <span class='ocr_line' id='line_1_31' title="bbox 711 2552 1280 2610; baseline -0.002 0"><span class='ocrx_word' id='word_1_160' title='bbox 711 2552 945 2610; x_wconf 85' lang='lat' dir='ltr'><strong>CAPUT</strong></span> <span class='ocrx_word' id='word_1_161' title='bbox 976 2553 1280 2610; x_wconf 83' lang='lat' dir='ltr'><strong>PRIMUM.</strong></span> 
     </span>
    </p>
   </div>
   <div class='ocr_carea' id='block_1_32' title="bbox 169 2659 1821 2741">
    <p class='ocr_par' dir='ltr' id='par_1_32' title="bbox 169 2659 1821 2741">
     <span class='ocr_line' id='line_1_32' title="bbox 169 2659 1821 2741; baseline -0.001 -17"><span class='ocrx_word' id='word_1_162' title='bbox 169 2666 294 2740; x_wconf 87' lang='lat' dir='ltr'><strong>Sep</strong></span> <span class='ocrx_word' id='word_1_163' title='bbox 302 2670 415 2719; x_wconf 87' lang='lat' dir='ltr'><strong>tem</strong></span> <span class='ocrx_word' id='word_1_164' title='bbox 431 2659 707 2741; x_wconf 75' lang='lat' dir='ltr'><strong>epistolas</strong></span> <span class='ocrx_word' id='word_1_165' title='bbox 724 2665 965 2739; x_wconf 77' lang='lat' dir='ltr'><strong>scripsit</strong></span> <span class='ocrx_word' id='word_1_166' title='bbox 978 2660 1343 2740; x_wconf 77' lang='lat' dir='ltr'><strong>SJgnatius.</strong></span> <span class='ocrx_word' id='word_1_167' title='bbox 1354 2664 1584 2721; x_wconf 88' lang='lat' dir='ltr'><strong>Darum</strong></span> <span class='ocrx_word' id='word_1_168' title='bbox 1596 2660 1821 2741; x_wconf 71' lang='lat' dir='ltr'><strong>duplex</strong></span> 
     </span>
    </p>
   </div>
   <div class='ocr_carea' id='block_1_33' title="bbox 249 2738 1818 2822">
    <p class='ocr_par' dir='ltr' id='par_1_33' title="bbox 249 2738 1818 2822">
     <span class='ocr_line' id='line_1_33' title="bbox 249 2738 1818 2822; baseline 0.003 -23"><span class='ocrx_word' id='word_1_169' title='bbox 249 2738 560 2819; x_wconf 73' lang='lat' dir='ltr'><strong>exemplar</strong></span> <span class='ocrx_word' id='word_1_170' title='bbox 595 2738 871 2813; x_wconf 48' lang='lat' dir='ltr'><strong>;‘alterum</strong></span> <span class='ocrx_word' id='word_1_171' title='bbox 891 2738 1468 2822; x_wconf 77' lang='lat' dir='ltr'><strong>sincerum,alterum</strong></span> <span class='ocrx_word' id='word_1_172' title='bbox 1492 2738 1818 2822; x_wconf 77' lang='lat' dir='ltr'><strong>interpola-</strong></span> 
     </span>
    </p>
   </div>
   <div class='ocr_carea' id='block_1_34' title="bbox 247 2821 1817 2901">
    <p class='ocr_par' dir='ltr' id='par_1_34' title="bbox 247 2821 1817 2901">
     <span class='ocr_line' id='line_1_34' title="bbox 247 2821 1817 2901; baseline 0 -20"><span class='ocrx_word' id='word_1_173' title='bbox 247 2831 405 2881; x_wconf 88' lang='lat' dir='ltr'><strong>tum.</strong></span> <span class='ocrx_word' id='word_1_174' title='bbox 446 2822 629 2881; x_wconf 81' lang='lat' dir='ltr'><strong>Misso</strong></span> <span class='ocrx_word' id='word_1_175' title='bbox 654 2828 1005 2901; x_wconf 70' lang='lat' dir='ltr'><strong>posteriore,</strong></span> <span class='ocrx_word' id='word_1_176' title='bbox 1037 2824 1250 2899; x_wconf 76' lang='lat' dir='ltr'><strong>agitur</strong></span> <span class='ocrx_word' id='word_1_177' title='bbox 1292 2821 1362 2882; x_wconf 88' lang='lat' dir='ltr'><strong>de</strong></span> <span class='ocrx_word' id='word_1_178' title='bbox 1385 2824 1609 2899; x_wconf 76' lang='lat' dir='ltr'><strong>priore,</strong></span> <span class='ocrx_word' id='word_1_179' title='bbox 1643 2821 1817 2900; x_wconf 70' lang='lat' dir='ltr'><strong>cuius</strong></span> 
     </span>
    </p>
   </div>
   <div class='ocr_carea' id='block_1_35' title="bbox 251 2902 1819 2983">
    <p class='ocr_par' dir='ltr' id='par_1_35' title="bbox 251 2902 1819 2983">
     <span class='ocr_line' id='line_1_35' title="bbox 251 2902 1819 2983; baseline 0.002 -24"><span class='ocrx_word' id='word_1_180' title='bbox 251 2912 682 2983; x_wconf 83' lang='lat' dir='ltr'><strong>proponuntur</strong></span> <span class='ocrx_word' id='word_1_181' title='bbox 699 2902 988 2983; x_wconf 67' lang='lat' dir='ltr'><strong>editiones</strong></span> <span class='ocrx_word' id='word_1_182' title='bbox 1015 2903 1635 2983; x_wconf 65' lang='lat' dir='ltr'><strong>pram&#39;puarﬂmm&#39;um</strong></span> <span class='ocrx_word' id='word_1_183' title='bbox 1664 2905 1819 2983; x_wconf 73' lang='lat' dir='ltr'><strong>Opti-</strong></span> 
     </span>
    </p>
   </div>
   <div class='ocr_carea' id='block_1_36' title="bbox 246 2982 1213 3063">
    <p class='ocr_par' dir='ltr' id='par_1_36' title="bbox 246 2982 1213 3063">
     <span class='ocr_line' id='line_1_36' title="bbox 246 2982 1213 3063; baseline 0.001 -21"><span class='ocrx_word' id='word_1_184' title='bbox 246 2982 377 3056; x_wconf 84' lang='lat' dir='ltr'><strong>ma,</strong></span> <span class='ocrx_word' id='word_1_185' title='bbox 410 3002 541 3063; x_wconf 59' lang='lat' dir='ltr'><strong>qua</strong></span> <span class='ocrx_word' id='word_1_186' title='bbox 572 2992 651 3043; x_wconf 84' lang='lat' dir='ltr'><strong>est</strong></span> <span class='ocrx_word' id='word_1_187' title='bbox 688 2982 925 3044; x_wconf 75' lang='lat' dir='ltr'><strong>Thema:</strong></span> <span class='ocrx_word' id='word_1_188' title='bbox 953 2982 1213 3044; x_wconf 84' lang='lat' dir='ltr'><strong>Smithi.</strong></span> 
     </span>
    </p>
   </div>
   <div class='ocr_carea' id='block_1_37' title="bbox 240 3098 1818 3169">
    <p class='ocr_par' dir='ltr' id='par_1_37' title="bbox 240 3098 1818 3169">
     <span class='ocr_line' id='line_1_37' title="bbox 240 3098 1818 3169; baseline 0.003 -17"><span class='ocrx_word' id='word_1_189' title='bbox 240 3098 607 3169; x_wconf 89' lang='lat' dir='ltr'><strong>Scriptorum</strong></span> <span class='ocrx_word' id='word_1_190' title='bbox 641 3099 1166 3156; x_wconf 86' lang='lat' dir='ltr'><strong>ecclesiasticorum</strong></span> <span class='ocrx_word' id='word_1_191' title='bbox 1200 3100 1481 3156; x_wconf 63' lang='lat' dir='ltr'><strong>saeculum</strong></span> <span class='ocrx_word' id='word_1_192' title='bbox 1505 3118 1547 3156; x_wconf 75' lang='grc' dir='ltr'><strong>ιι</strong></span> <span class='ocrx_word' id='word_1_193' title='bbox 1578 3100 1818 3157; x_wconf 90' lang='lat' dir='ltr'><strong>inchoat</strong></span> 
     </span>
    </p>
   </div>
   <div class='ocr_carea' id='block_1_38' title="bbox 158 3188 1819 3259">
    <p class='ocr_par' dir='ltr' id='par_1_38' title="bbox 158 3188 1819 3259">
     <span class='ocr_line' id='line_1_38' title="bbox 158 3188 1819 3259; baseline 0.003 -18"><span class='ocrx_word' id='word_1_194' title='bbox 158 3191 218 3241; x_wconf 84' lang='lat'><strong>8.</strong></span> <span class='ocrx_word' id='word_1_195' title='bbox 256 3188 545 3258; x_wconf 83' lang='lat' dir='ltr'><strong>Ignatius,</strong></span> <span class='ocrx_word' id='word_1_196' title='bbox 577 3189 888 3259; x_wconf 91' lang='lat' dir='ltr'><strong>episcopus</strong></span> <span class='ocrx_word' id='word_1_197' title='bbox 924 3188 1323 3245; x_wconf 84' lang='lat' dir='ltr'><strong>Antiochenus</strong></span> <span class='ocrx_word' id='word_1_198' title='bbox 1379 3194 1436 3245; x_wconf 90' lang='lat' dir='ltr'><strong>et</strong></span> <span class='ocrx_word' id='word_1_199' title='bbox 1494 3194 1749 3259; x_wconf 80' lang='lat' dir='ltr'><strong>martyr;</strong></span> <span class='ocrx_word' id='word_1_200' title='bbox 1785 3208 1819 3246; x_wconf 92' lang='lat' dir='ltr'><strong>a</strong></span> 
     </span>
    </p>
   </div>
   <div class='ocr_carea' id='block_1_39' title="bbox 156 3277 1813 3351">
    <p class='ocr_par' dir='ltr' id='par_1_39' title="bbox 156 3277 1813 3351">
     <span class='ocr_line' id='line_1_39' title="bbox 156 3277 1813 3351; baseline 0.001 -19"><span class='ocrx_word' id='word_1_201' title='bbox 156 3294 273 3347; x_wconf 90' lang='lat' dir='ltr'><strong>quo</strong></span> <span class='ocrx_word' id='word_1_202' title='bbox 296 3277 560 3348; x_wconf 68' lang='lat' dir='ltr'><strong>epistolae</strong></span> <span class='ocrx_word' id='word_1_203' title='bbox 589 3277 693 3347; x_wconf 63' lang='lat' dir='ltr'><strong>v1“,</strong></span> <span class='ocrx_word' id='word_1_204' title='bbox 741 3278 1050 3350; x_wconf 81' lang='lat' dir='ltr'><strong>Smyrneis,</strong></span> <span class='ocrx_word' id='word_1_205' title='bbox 1138 3279 1465 3350; x_wconf 84' lang='lat' dir='ltr'><strong>Polycarpo,</strong></span> <span class='ocrx_word' id='word_1_206' title='bbox 1543 3279 1813 3351; x_wconf 81' lang='lat' dir='ltr'><strong>Ephesiis,</strong></span> 
     </span>
    </p>
   </div>
   <div class='ocr_carea' id='block_1_40' title="bbox 158 3366 1815 3439">
    <p class='ocr_par' dir='ltr' id='par_1_40' title="bbox 158 3366 1815 3439">
     <span class='ocr_line' id='line_1_40' title="bbox 158 3366 1815 3439; baseline 0.003 -19"><span class='ocrx_word' id='word_1_207' title='bbox 158 3366 482 3435; x_wconf 71' lang='lat' dir='ltr'><strong>Magnesits,</strong></span> <span class='ocrx_word' id='word_1_208' title='bbox 513 3366 1105 3437; x_wconf 81' lang='lat' dir='ltr'><strong>Philadelphiensibus,</strong></span> <span class='ocrx_word' id='word_1_209' title='bbox 1148 3369 1445 3423; x_wconf 81' lang='lat' dir='ltr'><strong>Trallianis</strong></span> <span class='ocrx_word' id='word_1_210' title='bbox 1497 3379 1672 3439; x_wconf 89' lang='lat' dir='ltr'><strong>atque</strong></span> <span class='ocrx_word' id='word_1_211' title='bbox 1713 3370 1815 3425; x_wconf 83' lang='lat' dir='ltr'><strong>Ro-</strong></span> 
     </span>
    </p>
   </div>
   <div class='ocr_carea' id='block_1_41' title="bbox 156 3455 1817 3528">
    <p class='ocr_par' dir='ltr' id='par_1_41' title="bbox 156 3455 1817 3528">
     <span class='ocr_line' id='line_1_41' title="bbox 156 3455 1817 3528; baseline 0.001 -17"><span class='ocrx_word' id='word_1_212' title='bbox 156 3455 357 3511; x_wconf 82' lang='lat' dir='ltr'><strong>manis</strong></span> <span class='ocrx_word' id='word_1_213' title='bbox 389 3455 686 3528; x_wconf 69' lang='lat' dir='ltr'><strong>inscriptis</strong></span> <span class='ocrx_word' id='word_1_214' title='bbox 712 3462 1054 3512; x_wconf 89' lang='lat' dir='ltr'><strong>noscuntur.</strong></span> <span class='ocrx_word' id='word_1_215' title='bbox 1089 3456 1307 3511; x_wconf 88' lang='lat' dir='ltr'><strong>Harum</strong></span> <span class='ocrx_word' id='word_1_216' title='bbox 1359 3458 1573 3527; x_wconf 82' lang='lat' dir='ltr'><strong>duplex</strong></span> <span class='ocrx_word' id='word_1_217' title='bbox 1628 3462 1817 3513; x_wconf 87' lang='lat' dir='ltr'><strong>exstat</strong></span> 
     </span>
    </p>
   </div>
   <div class='ocr_carea' id='block_1_42' title="bbox 162 3544 1814 3617">
    <p class='ocr_par' dir='ltr' id='par_1_42' title="bbox 162 3544 1814 3617">
     <span class='ocr_line' id='line_1_42' title="bbox 162 3544 1814 3617; baseline 0.002 -18"><span class='ocrx_word' id='word_1_218' title='bbox 162 3546 438 3599; x_wconf 69' lang='lat' dir='ltr'><strong>Graecum</strong></span> <span class='ocrx_word' id='word_1_219' title='bbox 472 3545 815 3616; x_wconf 84' lang='lat' dir='ltr'><strong>exemplar:</strong></span> <span class='ocrx_word' id='word_1_220' title='bbox 856 3545 1107 3601; x_wconf 90' lang='lat' dir='ltr'><strong>alterum</strong></span> <span class='ocrx_word' id='word_1_221' title='bbox 1157 3544 1413 3614; x_wconf 83' lang='lat' dir='ltr'><strong>brevius,</strong></span> <span class='ocrx_word' id='word_1_222' title='bbox 1467 3562 1814 3617; x_wconf 88' lang='lat' dir='ltr'><strong>germanum</strong></span> 
     </span>
    </p>
   </div>
   <div class='ocr_carea' id='block_1_43' title="bbox 160 3633 1811 3706">
    <p class='ocr_par' dir='ltr' id='par_1_43' title="bbox 160 3633 1811 3706">
     <span class='ocr_line' id='line_1_43' title="bbox 160 3633 1811 3706; baseline 0.001 -17"><span class='ocrx_word' id='word_1_223' title='bbox 160 3638 345 3705; x_wconf 86' lang='lat' dir='ltr'><strong>atque</strong></span> <span class='ocrx_word' id='word_1_224' title='bbox 371 3633 664 3689; x_wconf 90' lang='lat' dir='ltr'><strong>sincerum</strong></span> <span class='ocrx_word' id='word_1_225' title='bbox 719 3651 733 3702; x_wconf 90' lang='lat'><strong>;</strong></span> <span class='ocrx_word' id='word_1_226' title='bbox 780 3633 1027 3689; x_wconf 87' lang='lat' dir='ltr'><strong>alterum</strong></span> <span class='ocrx_word' id='word_1_227' title='bbox 1068 3633 1319 3703; x_wconf 73' lang='lat' dir='ltr'><strong>longius.</strong></span> <span class='ocrx_word' id='word_1_228' title='bbox 1377 3634 1811 3706; x_wconf 88' lang='lat' dir='ltr'><strong>interpolatum.</strong></span> 
     </span>
    </p>
   </div>
   <div class='ocr_carea' id='block_1_44' title="bbox 166 3722 1813 3796">
    <p class='ocr_par' dir='ltr' id='par_1_44' title="bbox 166 3722 1813 3796">
     <span class='ocr_line' id='line_1_44' title="bbox 166 3722 1813 3796; baseline 0.002 -19"><span class='ocrx_word' id='word_1_229' title='bbox 166 3722 350 3778; x_wconf 80' lang='lat' dir='ltr'><strong>Misso</strong></span> <span class='ocrx_word' id='word_1_230' title='bbox 384 3722 798 3794; x_wconf 89' lang='lat' dir='ltr'><strong>posteriore,ad</strong></span> <span class='ocrx_word' id='word_1_231' title='bbox 830 3723 1453 3779; x_wconf 85' lang='lat' dir='ltr'><strong>nostruminstitutum</strong></span> <span class='ocrx_word' id='word_1_232' title='bbox 1487 3724 1643 3780; x_wconf 87' lang='lat' dir='ltr'><strong>haud</strong></span> <span class='ocrx_word' id='word_1_233' title='bbox 1684 3741 1813 3796; x_wconf 92' lang='lat' dir='ltr'><strong>per-</strong></span> 
     </span>
    </p>
   </div>
   <div class='ocr_carea' id='block_1_45' title="bbox 161 3812 1507 3882">
    <p class='ocr_par' dir='ltr' id='par_1_45' title="bbox 161 3812 1507 3882">
     <span class='ocr_line' id='line_1_45' title="bbox 161 3812 1507 3882; baseline 0.002 -16"><span class='ocrx_word' id='word_1_234' title='bbox 161 3812 414 3873; x_wconf 85' lang='lat' dir='ltr'><strong>tinente,</strong></span> <span class='ocrx_word' id='word_1_235' title='bbox 449 3812 519 3867; x_wconf 90' lang='lat' dir='ltr'><strong>de</strong></span> <span class='ocrx_word' id='word_1_236' title='bbox 544 3812 734 3882; x_wconf 89' lang='lat' dir='ltr'><strong>priore</strong></span> <span class='ocrx_word' id='word_1_237' title='bbox 766 3829 921 3868; x_wconf 90' lang='lat' dir='ltr'><strong>nunc</strong></span> <span class='ocrx_word' id='word_1_238' title='bbox 952 3829 1146 3868; x_wconf 88' lang='lat' dir='ltr'><strong>sermo</strong></span> <span class='ocrx_word' id='word_1_239' title='bbox 1179 3813 1507 3869; x_wconf 85' lang='lat' dir='ltr'><strong>habendus.</strong></span> 
     </span>
    </p>
   </div>
   <div class='ocr_carea' id='block_1_46' title="bbox 1852 2554 3572 2630">
    <p class='ocr_par' dir='ltr' id='par_1_46' title="bbox 1852 2554 3572 2630">
     <span class='ocr_line' id='line_1_46' title="bbox 1852 2554 3572 2630; baseline 0.008 -21"><span class='ocrx_word' id='word_1_240' title='bbox 1852 2558 1899 2623; x_wconf 89' lang='grc' dir='ltr'><strong>Β</strong></span> <span class='ocrx_word' id='word_1_241' title='bbox 1930 2554 2050 2611; x_wconf 89' lang='lat' dir='ltr'><strong>tine</strong></span> <span class='ocrx_word' id='word_1_242' title='bbox 2066 2554 2391 2611; x_wconf 86' lang='lat' dir='ltr'><strong>redditam:</strong></span> <span class='ocrx_word' id='word_1_243' title='bbox 2428 2572 2605 2627; x_wconf 90' lang='lat' dir='ltr'><strong>quam</strong></span> <span class='ocrx_word' id='word_1_244' title='bbox 2646 2556 2922 2630; x_wconf 86' lang='lat' dir='ltr'><strong>deinceps</strong></span> <span class='ocrx_word' id='word_1_245' title='bbox 2982 2576 3183 2630; x_wconf 85' lang='lat' dir='ltr'><strong>unam,</strong></span> <span class='ocrx_word' id='word_1_246' title='bbox 3222 2577 3354 2617; x_wconf 89' lang='lat' dir='ltr'><strong>cum</strong></span> <span class='ocrx_word' id='word_1_247' title='bbox 3412 2564 3572 2625; x_wconf 83' lang='lat' dir='ltr'><strong>Actis</strong></span> 
     </span>
    </p>
   </div>
   <div class='ocr_carea' id='block_1_47' title="bbox 1932 2646 3578 2722">
    <p class='ocr_par' dir='ltr' id='par_1_47' title="bbox 1932 2646 3578 2722">
     <span class='ocr_line' id='line_1_47' title="bbox 1932 2646 3578 2722; baseline 0.007 -21"><span class='ocrx_word' id='word_1_248' title='bbox 1932 2646 2210 2718; x_wconf 84' lang='lat' dir='ltr'><strong>lgnatiani</strong></span> <span class='ocrx_word' id='word_1_249' title='bbox 2246 2646 2686 2719; x_wconf 81' lang='lat' dir='ltr'><strong>martyrii,anno</strong></span> <span class='ocrx_word' id='word_1_250' title='bbox 2720 2649 2857 2703; x_wconf 86' lang='lat'>1699</span> <span class='ocrx_word' id='word_1_251' title='bbox 2885 2648 2944 2704; x_wconf 89' lang='lat' dir='ltr'><strong>in</strong></span> <span class='ocrx_word' id='word_1_252' title='bbox 2975 2650 3262 2722; x_wconf 78' lang='lat' dir='ltr'><strong>Spicilegii</strong></span> <span class='ocrx_word' id='word_1_253' title='bbox 3306 2653 3401 2710; x_wconf 86' lang='lat' dir='ltr'><strong>SS.</strong></span> <span class='ocrx_word' id='word_1_254' title='bbox 3453 2662 3578 2712; x_wconf 90' lang='lat' dir='ltr'><strong>Pa-</strong></span> 
     </span>
    </p>
   </div>
   <div class='ocr_carea' id='block_1_48' title="bbox 1931 2734 3579 2803">
    <p class='ocr_par' dir='ltr' id='par_1_48' title="bbox 1931 2734 3579 2803">
     <span class='ocr_line' id='line_1_48' title="bbox 1931 2734 3579 2803; baseline 0.007 -13"><span class='ocrx_word' id='word_1_255' title='bbox 1931 2740 2082 2790; x_wconf 84' lang='lat' dir='ltr'><strong>trum</strong></span> <span class='ocrx_word' id='word_1_256' title='bbox 2111 2734 2405 2791; x_wconf 90' lang='lat' dir='ltr'><strong>volumine</strong></span> <span class='ocrx_word' id='word_1_257' title='bbox 2437 2737 2486 2791; x_wconf 91' lang='lat' dir='ltr'><strong>Il</strong></span> <span class='ocrx_word' id='word_1_258' title='bbox 2516 2735 2773 2791; x_wconf 86' lang='lat' dir='ltr'><strong>Joannes</strong></span> <span class='ocrx_word' id='word_1_259' title='bbox 2803 2739 3347 2798; x_wconf 81' lang='lat' dir='ltr'><strong>ErnestusGrahius</strong></span> <span class='ocrx_word' id='word_1_260' title='bbox 3369 2744 3579 2803; x_wconf 89' lang='lat' dir='ltr'><strong>Oxonii</strong></span> 
     </span>
    </p>
   </div>
   <div class='ocr_carea' id='block_1_49' title="bbox 1930 2824 3571 2895">
    <p class='ocr_par' dir='ltr' id='par_1_49' title="bbox 1930 2824 3571 2895">
     <span class='ocr_line' id='line_1_49' title="bbox 1930 2824 3571 2895; baseline 0.006 -16"><span class='ocrx_word' id='word_1_261' title='bbox 1930 2824 2160 2895; x_wconf 89' lang='lat' dir='ltr'><strong>prodire</strong></span> <span class='ocrx_word' id='word_1_262' title='bbox 2198 2825 2399 2893; x_wconf 87' lang='lat' dir='ltr'><strong>jussit.</strong></span> <span class='ocrx_word' id='word_1_263' title='bbox 2444 2824 2590 2879; x_wconf 89' lang='lat' dir='ltr'><strong>Hinc</strong></span> <span class='ocrx_word' id='word_1_264' title='bbox 2647 2829 2844 2881; x_wconf 90' lang='lat' dir='ltr'><strong>autem</strong></span> <span class='ocrx_word' id='word_1_265' title='bbox 2898 2825 3153 2884; x_wconf 87' lang='lat' dir='ltr'><strong>Joannes</strong></span> <span class='ocrx_word' id='word_1_266' title='bbox 3204 2829 3462 2887; x_wconf 86' lang='lat' dir='ltr'><strong>Clericus</strong></span> <span class='ocrx_word' id='word_1_267' title='bbox 3512 2834 3571 2889; x_wconf 91' lang='lat' dir='ltr'><strong>in</strong></span> 
     </span>
    </p>
   </div>
   <div class='ocr_carea' id='block_1_50' title="bbox 1928 2913 3575 2988">
    <p class='ocr_par' dir='ltr' id='par_1_50' title="bbox 1928 2913 3575 2988">
     <span class='ocr_line' id='line_1_50' title="bbox 1928 2913 3575 2988; baseline 0.006 -20"><span class='ocrx_word' id='word_1_268' title='bbox 1928 2913 2185 2969; x_wconf 78' lang='lat' dir='ltr'><strong>editione</strong></span> <span class='ocrx_word' id='word_1_269' title='bbox 2213 2913 2594 2982; x_wconf 86' lang='lat' dir='ltr'><strong>Coteleriana,</strong></span> <span class='ocrx_word' id='word_1_270' title='bbox 2613 2915 2791 2971; x_wconf 90' lang='lat' dir='ltr'><strong>semel</strong></span> <span class='ocrx_word' id='word_1_271' title='bbox 2822 2915 3155 2988; x_wconf 87' lang='lat' dir='ltr'><strong>iterumque</strong></span> <span class='ocrx_word' id='word_1_272' title='bbox 3183 2935 3321 2975; x_wconf 87' lang='lat' dir='ltr'><strong>ann.</strong></span> <span class='ocrx_word' id='word_1_273' title='bbox 3347 2921 3485 2976; x_wconf 86' lang='lat'>1698</span> <span class='ocrx_word' id='word_1_274' title='bbox 3516 2928 3575 2979; x_wconf 88' lang='lat' dir='ltr'><strong>et</strong></span> 
     </span>
    </p>
   </div>
   <div class='ocr_carea' id='block_1_51' title="bbox 1930 3002 3572 3076">
    <p class='ocr_par' dir='ltr' id='par_1_51' title="bbox 1930 3002 3572 3076">
     <span class='ocr_line' id='line_1_51' title="bbox 1930 3002 3572 3076; baseline 0.005 -17"><span class='ocrx_word' id='word_1_275' title='bbox 1930 3003 2065 3059; x_wconf 81' lang='grc'>1724</span> <span class='ocrx_word' id='word_1_276' title='bbox 2100 3002 2519 3059; x_wconf 83' lang='lat' dir='ltr'><strong>Amstelodami</strong></span> <span class='ocrx_word' id='word_1_277' title='bbox 2552 3006 2815 3076; x_wconf 90' lang='lat' dir='ltr'><strong>repetita,</strong></span> <span class='ocrx_word' id='word_1_278' title='bbox 2858 3008 3124 3063; x_wconf 88' lang='lat' dir='ltr'><strong>eamdem</strong></span> <span class='ocrx_word' id='word_1_279' title='bbox 3157 3009 3227 3063; x_wconf 92' lang='lat' dir='ltr'><strong>ad</strong></span> <span class='ocrx_word' id='word_1_280' title='bbox 3277 3009 3572 3068; x_wconf 84' lang='lat' dir='ltr'><strong>Romanos</strong></span> 
     </span>
    </p>
   </div>
   <div class='ocr_carea' id='block_1_52' title="bbox 1928 3092 3570 3165">
    <p class='ocr_par' dir='ltr' id='par_1_52' title="bbox 1928 3092 3570 3165">
     <span class='ocr_line' id='line_1_52' title="bbox 1928 3092 3570 3165; baseline 0.005 -17"><span class='ocrx_word' id='word_1_281' title='bbox 1928 3092 2258 3163; x_wconf 86' lang='lat' dir='ltr'><strong>epistolam,</strong></span> <span class='ocrx_word' id='word_1_282' title='bbox 2290 3094 2557 3150; x_wconf 86' lang='lat' dir='ltr'><strong>versione</strong></span> <span class='ocrx_word' id='word_1_283' title='bbox 2587 3093 2969 3151; x_wconf 80' lang='lat' dir='ltr'><strong>Ruinartiana</strong></span> <span class='ocrx_word' id='word_1_284' title='bbox 2998 3095 3232 3165; x_wconf 83' lang='lat' dir='ltr'><strong>refecta,</strong></span> <span class='ocrx_word' id='word_1_285' title='bbox 3284 3114 3385 3154; x_wconf 89' lang='lat' dir='ltr'><strong>sex</strong></span> <span class='ocrx_word' id='word_1_286' title='bbox 3432 3100 3570 3157; x_wconf 92' lang='lat' dir='ltr'><strong>reli-</strong></span> 
     </span>
    </p>
   </div>
   <div class='ocr_carea' id='block_1_53' title="bbox 1926 3183 3567 3259">
    <p class='ocr_par' dir='ltr' id='par_1_53' title="bbox 1926 3183 3567 3259">
     <span class='ocr_line' id='line_1_53' title="bbox 1926 3183 3567 3259; baseline 0.006 -22"><span class='ocrx_word' id='word_1_287' title='bbox 1926 3184 2056 3253; x_wconf 91' lang='lat' dir='ltr'><strong>quis</strong></span> <span class='ocrx_word' id='word_1_288' title='bbox 2088 3184 2332 3241; x_wconf 88' lang='lat' dir='ltr'><strong>sinceris</strong></span> <span class='ocrx_word' id='word_1_289' title='bbox 2371 3183 2671 3239; x_wconf 88' lang='lat' dir='ltr'><strong>addidisse</strong></span> <span class='ocrx_word' id='word_1_290' title='bbox 2715 3184 3110 3256; x_wconf 89' lang='lat' dir='ltr'><strong>comperitur:</strong></span> <span class='ocrx_word' id='word_1_291' title='bbox 3144 3185 3203 3241; x_wconf 92' lang='lat' dir='ltr'><strong>in</strong></span> <span class='ocrx_word' id='word_1_292' title='bbox 3234 3203 3350 3259; x_wconf 89' lang='lat' dir='ltr'><strong>qua</strong></span> <span class='ocrx_word' id='word_1_293' title='bbox 3367 3192 3567 3248; x_wconf 83' lang='lat' dir='ltr'><strong>tamen</strong></span> 
     </span>
    </p>
   </div>
   <div class='ocr_carea' id='block_1_54' title="bbox 1925 3272 3564 3347">
    <p class='ocr_par' dir='ltr' id='par_1_54' title="bbox 1925 3272 3564 3347">
     <span class='ocr_line' id='line_1_54' title="bbox 1925 3272 3564 3347; baseline 0.005 -20"><span class='ocrx_word' id='word_1_294' title='bbox 1925 3273 2169 3341; x_wconf 88' lang='lat' dir='ltr'><strong>edenda,</strong></span> <span class='ocrx_word' id='word_1_295' title='bbox 2202 3288 2267 3329; x_wconf 93' lang='lat' dir='ltr'><strong>ea</strong></span> <span class='ocrx_word' id='word_1_296' title='bbox 2296 3272 2561 3329; x_wconf 76' lang='lat' dir='ltr'><strong>libertate</strong></span> <span class='ocrx_word' id='word_1_297' title='bbox 2593 3289 2761 3329; x_wconf 90' lang='lat' dir='ltr'><strong>usum</strong></span> <span class='ocrx_word' id='word_1_298' title='bbox 2794 3274 3088 3344; x_wconf 50' lang='lat' dir='ltr'><strong>movimus</strong></span> <span class='ocrx_word' id='word_1_299' title='bbox 3144 3293 3272 3347; x_wconf 67' lang='lat' dir='ltr'><strong>quas</strong></span> <span class='ocrx_word' id='word_1_300' title='bbox 3323 3278 3564 3336; x_wconf 88' lang='lat' dir='ltr'><strong>minime</strong></span> 
     </span>
    </p>
   </div>
   <div class='ocr_carea' id='block_1_55' title="bbox 1926 3362 3415 3437">
    <p class='ocr_par' dir='ltr' id='par_1_55' title="bbox 1926 3362 3415 3437">
     <span class='ocr_line' id='line_1_55' title="bbox 1926 3362 3415 3437; baseline 0.005 -22"><span class='ocrx_word' id='word_1_301' title='bbox 1926 3362 2227 3432; x_wconf 91' lang='lat' dir='ltr'><strong>probanda</strong></span> <span class='ocrx_word' id='word_1_302' title='bbox 2255 3362 2502 3429; x_wconf 90' lang='lat' dir='ltr'><strong>videtur,</strong></span> <span class='ocrx_word' id='word_1_303' title='bbox 2528 3365 2591 3418; x_wconf 91' lang='lat' dir='ltr'><strong>ut</strong></span> <span class='ocrx_word' id='word_1_304' title='bbox 2614 3378 2683 3417; x_wconf 92' lang='lat' dir='ltr'><strong>ex</strong></span> <span class='ocrx_word' id='word_1_305' title='bbox 2712 3379 2845 3419; x_wconf 93' lang='lat' dir='ltr'><strong>mox</strong></span> <span class='ocrx_word' id='word_1_306' title='bbox 2875 3363 3137 3420; x_wconf 79' lang='lat' dir='ltr'><strong>dicendis</strong></span> <span class='ocrx_word' id='word_1_307' title='bbox 3160 3367 3415 3437; x_wconf 89' lang='lat' dir='ltr'><strong>patebit.</strong></span> 
     </span>
    </p>
   </div>
   <div class='ocr_carea' id='block_1_56' title="bbox 1997 3448 3557 3529">
    <p class='ocr_par' dir='ltr' id='par_1_56' title="bbox 1997 3448 3557 3529">
     <span class='ocr_line' id='line_1_56' title="bbox 1997 3448 3557 3529; baseline 0.008 -26"><span class='ocrx_word' id='word_1_308' title='bbox 1997 3448 2215 3505; x_wconf 89' lang='lat' dir='ltr'><strong>Exinde</strong></span> <span class='ocrx_word' id='word_1_309' title='bbox 2242 3467 2397 3519; x_wconf 91' lang='lat' dir='ltr'><strong>vero,</strong></span> <span class='ocrx_word' id='word_1_310' title='bbox 2429 3467 2460 3506; x_wconf 93' lang='lat' dir='ltr'><strong>e</strong></span> <span class='ocrx_word' id='word_1_311' title='bbox 2502 3450 2743 3508; x_wconf 86' lang='lat' dir='ltr'><strong>Medicei</strong></span> <span class='ocrx_word' id='word_1_312' title='bbox 2774 3452 2993 3509; x_wconf 91' lang='lat' dir='ltr'><strong>codicis</strong></span> <span class='ocrx_word' id='word_1_313' title='bbox 3034 3454 3371 3526; x_wconf 89' lang='lat' dir='ltr'><strong>exemplari,</strong></span> <span class='ocrx_word' id='word_1_314' title='bbox 3401 3460 3557 3529; x_wconf 89' lang='lat' dir='ltr'><strong>quod</strong></span> 
     </span>
    </p>
   </div>
   <div class='ocr_carea' id='block_1_57' title="bbox 1926 3539 3562 3615">
    <p class='ocr_par' dir='ltr' id='par_1_57' title="bbox 1926 3539 3562 3615">
     <span class='ocr_line' id='line_1_57' title="bbox 1926 3539 3562 3615; baseline 0.007 -23"><span class='ocrx_word' id='word_1_315' title='bbox 1926 3554 2072 3593; x_wconf 90' lang='lat' dir='ltr'><strong>novo</strong></span> <span class='ocrx_word' id='word_1_316' title='bbox 2103 3548 2155 3593; x_wconf 90' lang='lat' dir='ltr'><strong>et</strong></span> <span class='ocrx_word' id='word_1_317' title='bbox 2186 3539 2632 3595; x_wconf 86' lang='lat' dir='ltr'><strong>accuratissime</strong></span> <span class='ocrx_word' id='word_1_318' title='bbox 2664 3541 2855 3596; x_wconf 90' lang='lat' dir='ltr'><strong>studio</strong></span> <span class='ocrx_word' id='word_1_319' title='bbox 2890 3543 3279 3615; x_wconf 86' lang='lat' dir='ltr'><strong>exscripserat</strong></span> <span class='ocrx_word' id='word_1_320' title='bbox 3296 3545 3562 3604; x_wconf 79' lang='lat' dir='ltr'><strong>V.G.An-</strong></span> 
     </span>
    </p>
   </div>
   <div class='ocr_carea' id='block_1_58' title="bbox 1924 3629 3568 3697">
    <p class='ocr_par' dir='ltr' id='par_1_58' title="bbox 1924 3629 3568 3697">
     <span class='ocr_line' id='line_1_58' title="bbox 1924 3629 3568 3697; baseline 0.006 -14"><span class='ocrx_word' id='word_1_321' title='bbox 1924 3630 2123 3686; x_wconf 88' lang='lat' dir='ltr'><strong>tonius</strong></span> <span class='ocrx_word' id='word_1_322' title='bbox 2179 3630 2359 3685; x_wconf 89' lang='lat' dir='ltr'><strong>Maria</strong></span> <span class='ocrx_word' id='word_1_323' title='bbox 2408 3629 2723 3697; x_wconf 89' lang='lat' dir='ltr'><strong>Salvinius,</strong></span> <span class='ocrx_word' id='word_1_324' title='bbox 2760 3630 2936 3687; x_wconf 89' lang='lat' dir='ltr'><strong>aliam</strong></span> <span class='ocrx_word' id='word_1_325' title='bbox 2993 3635 3312 3692; x_wconf 89' lang='lat' dir='ltr'><strong>editionem</strong></span> <span class='ocrx_word' id='word_1_326' title='bbox 3370 3637 3568 3693; x_wconf 83' lang='lat' dir='ltr'><strong>emisit</strong></span> 
     </span>
    </p>
   </div>
   <div class='ocr_carea' id='block_1_59' title="bbox 1925 3718 3563 3792">
    <p class='ocr_par' dir='ltr' id='par_1_59' title="bbox 1925 3718 3563 3792">
     <span class='ocr_line' id='line_1_59' title="bbox 1925 3718 3563 3792; baseline 0.006 -19"><span class='ocrx_word' id='word_1_327' title='bbox 1925 3718 2130 3775; x_wconf 85' lang='lat' dir='ltr'><strong>Oxonii</strong></span> <span class='ocrx_word' id='word_1_328' title='bbox 2167 3719 2301 3773; x_wconf 87' lang='grc'><strong>1708</strong></span> <span class='ocrx_word' id='word_1_329' title='bbox 2331 3719 2393 3773; x_wconf 84' lang='lat' dir='ltr'><strong>C.</strong></span> <span class='ocrx_word' id='word_1_330' title='bbox 2438 3718 2794 3790; x_wconf 88' lang='lat' dir='ltr'><strong>Aldrichius,</strong></span> <span class='ocrx_word' id='word_1_331' title='bbox 2865 3723 2966 3792; x_wconf 91' lang='lat' dir='ltr'><strong>qui</strong></span> <span class='ocrx_word' id='word_1_332' title='bbox 3026 3728 3247 3780; x_wconf 81' lang='lat' dir='ltr'><strong>textum</strong></span> <span class='ocrx_word' id='word_1_333' title='bbox 3297 3724 3563 3783; x_wconf 70' lang='lat' dir='ltr'><strong>Graecum</strong></span> 
     </span>
    </p>
   </div>
   <div class='ocr_carea' id='block_1_60' title="bbox 1926 3809 3575 3890">
    <p class='ocr_par' dir='ltr' id='par_1_60' title="bbox 1926 3809 3575 3890">
     <span class='ocr_line' id='line_1_60' title="bbox 1926 3809 3575 3890; baseline 0.006 -25"><span class='ocrx_word' id='word_1_334' title='bbox 1926 3815 2098 3882; x_wconf 90' lang='lat' dir='ltr'><strong>prout</strong></span> <span class='ocrx_word' id='word_1_335' title='bbox 2126 3809 2295 3866; x_wconf 91' lang='lat' dir='ltr'><strong>illum</strong></span> <span class='ocrx_word' id='word_1_336' title='bbox 2327 3809 2561 3867; x_wconf 87' lang='lat' dir='ltr'><strong>exhibet</strong></span> <span class='ocrx_word' id='word_1_337' title='bbox 2591 3828 2704 3868; x_wconf 92' lang='lat' dir='ltr'><strong>ms.</strong></span> <span class='ocrx_word' id='word_1_338' title='bbox 2738 3818 2937 3870; x_wconf 84' lang='lat' dir='ltr'><strong>exacte</strong></span> <span class='ocrx_word' id='word_1_339' title='bbox 2964 3831 3068 3885; x_wconf 90' lang='lat' dir='ltr'><strong>pro</strong></span> <span class='ocrx_word' id='word_1_340' title='bbox 3106 3816 3333 3873; x_wconf 90' lang='lat' dir='ltr'><strong>viribus</strong></span> <span class='ocrx_word' id='word_1_341' title='bbox 3371 3818 3575 3890; x_wconf 92' lang='lat' dir='ltr'><strong>impri-</strong></span> 
     </span>
    </p>
   </div>
   <div class='ocr_carea' id='block_1_61' title="bbox 243 3899 3571 3997">
    <p class='ocr_par' dir='ltr' id='par_1_61' title="bbox 243 3899 3571 3997">
     <span class='ocr_line' id='line_1_61' title="bbox 243 3899 3571 3997; baseline 0.003 -42"><span class='ocrx_word' id='word_1_342' title='bbox 243 3900 541 3956; x_wconf 86' lang='lat' dir='ltr'><strong>Breviores</strong></span> <span class='ocrx_word' id='word_1_343' title='bbox 575 3901 748 3971; x_wconf 81' lang='lat' dir='ltr'><strong>igitur</strong></span> <span class='ocrx_word' id='word_1_344' title='bbox 776 3902 1231 3973; x_wconf 89' lang='lat' dir='ltr'><strong>epistolas,quas</strong></span> <span class='ocrx_word' id='word_1_345' title='bbox 1260 3902 1463 3958; x_wconf 89' lang='lat' dir='ltr'><strong>habuit</strong></span> <span class='ocrx_word' id='word_1_346' title='bbox 1500 3903 1811 3972; x_wconf 88' lang='lat' dir='ltr'><strong>Eusebius,</strong></span> <span class='ocrx_word' id='word_1_347' title='bbox 1848 3930 1892 3997; x_wconf 64' lang='grc' dir='ltr'>α</span> <span class='ocrx_word' id='word_1_348' title='bbox 1933 3900 2209 3997; x_wconf 43' lang='lat' dir='ltr'><strong>tne-udum</strong></span> <span class='ocrx_word' id='word_1_349' title='bbox 2233 3899 2475 3997; x_wconf 60' lang='lat' dir='ltr'><strong>curavit.</strong></span> <span class='ocrx_word' id='word_1_350' title='bbox 2512 3904 2587 3954; x_wconf 92' lang='lat' dir='ltr'><strong>De</strong></span> <span class='ocrx_word' id='word_1_351' title='bbox 2610 3899 2716 3997; x_wconf 47' lang='lat' dir='ltr'><strong>hat-3</strong></span> <span class='ocrx_word' id='word_1_352' title='bbox 2782 3904 3289 3997; x_wconf 29' lang='lat' dir='ltr'><strong>autem-editione-</strong></span> <span class='ocrx_word' id='word_1_353' title='bbox 3333 3922 3571 3976; x_wconf 91' lang='lat' dir='ltr'><strong>peracre</strong></span> 
     </span>
    </p>
   </div>
   <div class='ocr_carea' id='block_1_62' title="bbox 169 3987 3577 4064">
    <p class='ocr_par' dir='ltr' id='par_1_62' title="bbox 169 3987 3577 4064">
     <span class='ocr_line' id='line_1_62' title="bbox 169 3987 3577 4064; baseline 0.002 -20"><span class='ocrx_word' id='word_1_354' title='bbox 169 4006 322 4061; x_wconf 88' lang='lat' dir='ltr'><strong>quas</strong></span> <span class='ocrx_word' id='word_1_355' title='bbox 352 3990 537 4045; x_wconf 90' lang='lat' dir='ltr'><strong>edidit</strong></span> <span class='ocrx_word' id='word_1_356' title='bbox 556 3989 933 4063; x_wconf 80' lang='lat' dir='ltr'><strong>Polycarpus,</strong></span> <span class='ocrx_word' id='word_1_357' title='bbox 958 4009 1105 4063; x_wconf 88' lang='lat' dir='ltr'><strong>quas</strong></span> <span class='ocrx_word' id='word_1_358' title='bbox 1156 3990 1384 4063; x_wconf 87' lang='lat' dir='ltr'><strong>scripsit</strong></span> <span class='ocrx_word' id='word_1_359' title='bbox 1432 3993 1715 4064; x_wconf 87' lang='lat' dir='ltr'><strong>Ignatius,</strong></span> <span class='ocrx_word' id='word_1_360' title='bbox 1756 3997 1820 4049; x_wconf 91' lang='lat' dir='ltr'><strong>ut</strong></span> <span class='ocrx_word' id='word_1_361' title='bbox 1854 3987 1892 3997; x_wconf 78' lang='grc'><strong>“”</strong></span> <span class='ocrx_word' id='word_1_362' title='bbox 1922 3988 2212 4058; x_wconf 84' lang='lat' dir='ltr'><strong>judicium</strong></span> <span class='ocrx_word' id='word_1_363' title='bbox 2246 3987 2373 4043; x_wconf 88' lang='lat' dir='ltr'><strong>tulit</strong></span> <span class='ocrx_word' id='word_1_364' title='bbox 2403 3989 2659 4044; x_wconf 91' lang='lat' dir='ltr'><strong>Thomas</strong></span> <span class='ocrx_word' id='word_1_365' title='bbox 2681 3990 2947 4046; x_wconf 88' lang='lat' dir='ltr'><strong>Smithus</strong></span> <span class='ocrx_word' id='word_1_366' title='bbox 2991 3990 3050 4047; x_wconf 91' lang='lat' dir='ltr'><strong>in</strong></span> <span class='ocrx_word' id='word_1_367' title='bbox 3082 3991 3328 4063; x_wconf 86' lang='lat' dir='ltr'><strong>epistola</strong></span> <span class='ocrx_word' id='word_1_368' title='bbox 3390 3998 3577 4052; x_wconf 87' lang='lat' dir='ltr'><strong>West-</strong></span> 
     </span>
    </p>
   </div>
   <div class='ocr_carea' id='block_1_63' title="bbox 158 4079 1821 4152">
    <p class='ocr_par' dir='ltr' id='par_1_63' title="bbox 158 4079 1821 4152">
     <span class='ocr_line' id='line_1_63' title="bbox 158 4079 1821 4152; baseline 0.003 -20"><span class='ocrx_word' id='word_1_369' title='bbox 158 4094 301 4133; x_wconf 90' lang='lat' dir='ltr'><strong>cum</strong></span> <span class='ocrx_word' id='word_1_370' title='bbox 335 4079 649 4135; x_wconf 88' lang='lat' dir='ltr'><strong>Pearsonio</strong></span> <span class='ocrx_word' id='word_1_371' title='bbox 693 4080 921 4151; x_wconf 88' lang='lat' dir='ltr'><strong>loquar,</strong></span> <span class='ocrx_word' id='word_1_372' title='bbox 966 4079 1194 4152; x_wconf 90' lang='lat' dir='ltr'><strong>primus</strong></span> <span class='ocrx_word' id='word_1_373' title='bbox 1255 4079 1312 4135; x_wconf 92' lang='lat' dir='ltr'><strong>in</strong></span> <span class='ocrx_word' id='word_1_374' title='bbox 1373 4080 1564 4136; x_wconf 90' lang='lat' dir='ltr'><strong>lucem</strong></span> <span class='ocrx_word' id='word_1_375' title='bbox 1615 4083 1821 4137; x_wconf 84' lang='lat' dir='ltr'><strong>extulit</strong></span> 
     </span>
    </p>
   </div>
   <div class='ocr_carea' id='block_1_64' title="bbox 164 4165 1820 4239">
    <p class='ocr_par' dir='ltr' id='par_1_64' title="bbox 164 4165 1820 4239">
     <span class='ocr_line' id='line_1_64' title="bbox 164 4165 1820 4239; baseline 0.002 -16"><span class='ocrx_word' id='word_1_376' title='bbox 164 4167 597 4223; x_wconf 79' lang='lat' dir='ltr'><strong>Amstelodami</strong></span> <span class='ocrx_word' id='word_1_377' title='bbox 632 4168 787 4239; x_wconf 77' lang='grc'>1646,</span> <span class='ocrx_word' id='word_1_378' title='bbox 817 4168 896 4237; x_wconf 79' lang='grc' dir='ltr'><strong>4ο,</strong></span> <span class='ocrx_word' id='word_1_379' title='bbox 930 4169 1167 4224; x_wconf 87' lang='lat' dir='ltr'><strong>Isaacus</strong></span> <span class='ocrx_word' id='word_1_380' title='bbox 1197 4165 1440 4224; x_wconf 83' lang='lat' dir='ltr'><strong>Vossius</strong></span> <span class='ocrx_word' id='word_1_381' title='bbox 1473 4186 1541 4225; x_wconf 87' lang='lat' dir='ltr'><strong>ex</strong></span> <span class='ocrx_word' id='word_1_382' title='bbox 1566 4186 1678 4227; x_wconf 90' lang='lat' dir='ltr'><strong>uno</strong></span> <span class='ocrx_word' id='word_1_383' title='bbox 1725 4188 1820 4227; x_wconf 88' lang='lat' dir='ltr'><strong>su-</strong></span> 
     </span>
    </p>
   </div>
   <div class='ocr_carea' id='block_1_65' title="bbox 160 4256 1818 4331">
    <p class='ocr_par' dir='ltr' id='par_1_65' title="bbox 160 4256 1818 4331">
     <span class='ocr_line' id='line_1_65' title="bbox 160 4256 1818 4331; baseline 0.004 -20"><span class='ocrx_word' id='word_1_384' title='bbox 160 4258 410 4328; x_wconf 88' lang='lat' dir='ltr'><strong>perstite</strong></span> <span class='ocrx_word' id='word_1_385' title='bbox 428 4256 791 4313; x_wconf 66' lang='lat' dir='ltr'><strong>bibliothecae</strong></span> <span class='ocrx_word' id='word_1_386' title='bbox 822 4258 1093 4314; x_wconf 71' lang='lat' dir='ltr'><strong>Mediceaa</strong></span> <span class='ocrx_word' id='word_1_387' title='bbox 1115 4258 1313 4314; x_wconf 92' lang='lat' dir='ltr'><strong>codice</strong></span> <span class='ocrx_word' id='word_1_388' title='bbox 1332 4266 1818 4331; x_wconf 89' lang='lat' dir='ltr'><strong>ms.veteremque</strong></span> 
     </span>
    </p>
   </div>
   <div class='ocr_carea' id='block_1_66' title="bbox 163 4344 1819 4418">
    <p class='ocr_par' dir='ltr' id='par_1_66' title="bbox 163 4344 1819 4418">
     <span class='ocr_line' id='line_1_66' title="bbox 163 4344 1819 4418; baseline 0.002 -17"><span class='ocrx_word' id='word_1_389' title='bbox 163 4344 437 4401; x_wconf 83' lang='lat' dir='ltr'><strong>Latinam</strong></span> <span class='ocrx_word' id='word_1_390' title='bbox 464 4347 789 4401; x_wconf 86' lang='lat' dir='ltr'><strong>versionem</strong></span> <span class='ocrx_word' id='word_1_391' title='bbox 833 4346 1084 4414; x_wconf 87' lang='lat' dir='ltr'><strong>addidit,</strong></span> <span class='ocrx_word' id='word_1_392' title='bbox 1136 4363 1313 4418; x_wconf 88' lang='lat' dir='ltr'><strong>quam</strong></span> <span class='ocrx_word' id='word_1_393' title='bbox 1371 4347 1569 4403; x_wconf 68' lang='lat' dir='ltr'><strong>Graeco</strong></span> <span class='ocrx_word' id='word_1_394' title='bbox 1627 4364 1819 4404; x_wconf 57' lang='lat' dir='ltr'><strong>errem-</strong></span> 
     </span>
    </p>
   </div>
   <div class='ocr_carea' id='block_1_67' title="bbox 162 4438 1793 4510">
    <p class='ocr_par' dir='ltr' id='par_1_67' title="bbox 162 4438 1793 4510">
     <span class='ocr_line' id='line_1_67' title="bbox 162 4438 1793 4510; baseline 0.001 -18"><span class='ocrx_word' id='word_1_395' title='bbox 162 4439 315 4510; x_wconf 86' lang='lat' dir='ltr'><strong>piari</strong></span> <span class='ocrx_word' id='word_1_396' title='bbox 338 4439 756 4509; x_wconf 88' lang='lat' dir='ltr'><strong>propemodum</strong></span> <span class='ocrx_word' id='word_1_397' title='bbox 773 4439 830 4493; x_wconf 91' lang='lat' dir='ltr'><strong>in</strong></span> <span class='ocrx_word' id='word_1_398' title='bbox 845 4438 1120 4494; x_wconf 84' lang='lat' dir='ltr'><strong>omnibus</strong></span> <span class='ocrx_word' id='word_1_399' title='bbox 1137 4439 1587 4510; x_wconf 85' lang='lat' dir='ltr'><strong>respondentem</strong></span> <span class='ocrx_word' id='word_1_400' title='bbox 1610 4439 1793 4495; x_wconf 91' lang='lat' dir='ltr'><strong>Oxoni</strong></span> 
     </span>
    </p>
   </div>
   <div class='ocr_carea' id='block_1_68' title="bbox 166 4526 1815 4598">
    <p class='ocr_par' dir='ltr' id='par_1_68' title="bbox 166 4526 1815 4598">
     <span class='ocr_line' id='line_1_68' title="bbox 166 4526 1815 4598; baseline 0.001 -15"><span class='ocrx_word' id='word_1_401' title='bbox 166 4529 312 4583; x_wconf 80' lang='grc'>1644</span> <span class='ocrx_word' id='word_1_402' title='bbox 346 4527 620 4598; x_wconf 79' lang='lat' dir='ltr'><strong>vulgarat</strong></span> <span class='ocrx_word' id='word_1_403' title='bbox 674 4526 931 4583; x_wconf 85' lang='lat' dir='ltr'><strong>Jacobus</strong></span> <span class='ocrx_word' id='word_1_404' title='bbox 980 4526 1274 4585; x_wconf 82' lang='lat' dir='ltr'><strong>Usserius.</strong></span> <span class='ocrx_word' id='word_1_405' title='bbox 1342 4528 1551 4584; x_wconf 83' lang='lat' dir='ltr'><strong>Verum</strong></span> <span class='ocrx_word' id='word_1_406' title='bbox 1590 4545 1723 4583; x_wconf 87' lang='lat' dir='ltr'><strong>cum</strong></span> <span class='ocrx_word' id='word_1_407' title='bbox 1756 4530 1815 4585; x_wconf 91' lang='lat' dir='ltr'><strong>in</strong></span> 
     </span>
    </p>
   </div>
   <div class='ocr_carea' id='block_1_69' title="bbox 162 4615 1814 4688">
    <p class='ocr_par' dir='ltr' id='par_1_69' title="bbox 162 4615 1814 4688">
     <span class='ocr_line' id='line_1_69' title="bbox 162 4615 1814 4688; baseline 0 -15"><span class='ocrx_word' id='word_1_408' title='bbox 162 4634 229 4673; x_wconf 88' lang='lat' dir='ltr'><strong>eo</strong></span> <span class='ocrx_word' id='word_1_409' title='bbox 262 4617 465 4672; x_wconf 88' lang='lat' dir='ltr'><strong>codice</strong></span> <span class='ocrx_word' id='word_1_410' title='bbox 497 4616 831 4673; x_wconf 89' lang='lat' dir='ltr'><strong>Florentino</strong></span> <span class='ocrx_word' id='word_1_411' title='bbox 858 4618 1084 4671; x_wconf 86' lang='lat' dir='ltr'><strong>deesset</strong></span> <span class='ocrx_word' id='word_1_412' title='bbox 1114 4615 1361 4688; x_wconf 89' lang='lat' dir='ltr'><strong>epistola</strong></span> <span class='ocrx_word' id='word_1_413' title='bbox 1391 4617 1461 4672; x_wconf 91' lang='lat' dir='ltr'><strong>ad</strong></span> <span class='ocrx_word' id='word_1_414' title='bbox 1495 4617 1814 4685; x_wconf 83' lang='lat' dir='ltr'><strong>Romanos,</strong></span> 
     </span>
    </p>
   </div>
   <div class='ocr_carea' id='block_1_70' title="bbox 161 4706 1819 4778">
    <p class='ocr_par' dir='ltr' id='par_1_70' title="bbox 161 4706 1819 4778">
     <span class='ocr_line' id='line_1_70' title="bbox 161 4706 1819 4778; baseline 0.001 -17"><span class='ocrx_word' id='word_1_415' title='bbox 161 4706 328 4762; x_wconf 78' lang='lat' dir='ltr'><strong>illam</strong></span> <span class='ocrx_word' id='word_1_416' title='bbox 359 4722 427 4761; x_wconf 90' lang='lat' dir='ltr'><strong>ex</strong></span> <span class='ocrx_word' id='word_1_417' title='bbox 450 4706 937 4777; x_wconf 89' lang='lat' dir='ltr'><strong>interpolatarum</strong></span> <span class='ocrx_word' id='word_1_418' title='bbox 962 4706 1217 4761; x_wconf 88' lang='lat' dir='ltr'><strong>editione</strong></span> <span class='ocrx_word' id='word_1_419' title='bbox 1272 4707 1671 4778; x_wconf 88' lang='lat' dir='ltr'><strong>desumptam,</strong></span> <span class='ocrx_word' id='word_1_420' title='bbox 1707 4709 1819 4763; x_wconf 92' lang='lat' dir='ltr'><strong>du-</strong></span> 
     </span>
    </p>
   </div>
   <div class='ocr_carea' id='block_1_71' title="bbox 162 4794 1815 4867">
    <p class='ocr_par' dir='ltr' id='par_1_71' title="bbox 162 4794 1815 4867">
     <span class='ocr_line' id='line_1_71' title="bbox 162 4794 1815 4867; baseline 0.001 -16"><span class='ocrx_word' id='word_1_421' title='bbox 162 4802 323 4851; x_wconf 88' lang='lat' dir='ltr'><strong>ctore</strong></span> <span class='ocrx_word' id='word_1_422' title='bbox 354 4803 541 4850; x_wconf 89' lang='lat' dir='ltr'><strong>vetere</strong></span> <span class='ocrx_word' id='word_1_423' title='bbox 563 4794 903 4867; x_wconf 89' lang='lat' dir='ltr'><strong>interprete,</strong></span> <span class='ocrx_word' id='word_1_424' title='bbox 962 4811 1080 4850; x_wconf 74' lang='lat' dir='ltr'><strong>sues</strong></span> <span class='ocrx_word' id='word_1_425' title='bbox 1141 4795 1460 4865; x_wconf 73' lang='lat' dir='ltr'><strong>integritati</strong></span> <span class='ocrx_word' id='word_1_426' title='bbox 1509 4798 1815 4853; x_wconf 88' lang='lat' dir='ltr'><strong>restituere</strong></span> 
     </span>
    </p>
   </div>
   <div class='ocr_carea' id='block_1_72' title="bbox 159 4884 1811 4953">
    <p class='ocr_par' dir='ltr' id='par_1_72' title="bbox 159 4884 1811 4953">
     <span class='ocr_line' id='line_1_72' title="bbox 159 4884 1811 4953; baseline 0.002 -14"><span class='ocrx_word' id='word_1_427' title='bbox 159 4885 403 4940; x_wconf 84' lang='lat' dir='ltr'><strong>adortus</strong></span> <span class='ocrx_word' id='word_1_428' title='bbox 445 4888 553 4939; x_wconf 88' lang='lat' dir='ltr'><strong>est.</strong></span> <span class='ocrx_word' id='word_1_429' title='bbox 604 4885 763 4940; x_wconf 81' lang='lat' dir='ltr'><strong>Hanc</strong></span> <span class='ocrx_word' id='word_1_430' title='bbox 822 4889 1020 4939; x_wconf 91' lang='lat' dir='ltr'><strong>autem</strong></span> <span class='ocrx_word' id='word_1_431' title='bbox 1080 4884 1425 4940; x_wconf 87' lang='lat' dir='ltr'><strong>Vossianam</strong></span> <span class='ocrx_word' id='word_1_432' title='bbox 1472 4885 1811 4953; x_wconf 88' lang='lat' dir='ltr'><strong>editionem,</strong></span> 
     </span>
    </p>
   </div>
   <div class='ocr_carea' id='block_1_73' title="bbox 163 4977 1815 5051">
    <p class='ocr_par' dir='ltr' id='par_1_73' title="bbox 163 4977 1815 5051">
     <span class='ocr_line' id='line_1_73' title="bbox 163 4977 1815 5051; baseline 0.001 -17"><span class='ocrx_word' id='word_1_433' title='bbox 163 4984 221 5035; x_wconf 89' lang='lat' dir='ltr'><strong>et</strong></span> <span class='ocrx_word' id='word_1_434' title='bbox 243 4980 485 5049; x_wconf 87' lang='lat' dir='ltr'><strong>quidem</strong></span> <span class='ocrx_word' id='word_1_435' title='bbox 507 4978 967 5051; x_wconf 87' lang='lat' dir='ltr'><strong>castlgatiorem,</strong></span> <span class='ocrx_word' id='word_1_436' title='bbox 1008 4978 1221 5034; x_wconf 88' lang='lat' dir='ltr'><strong>iterum</strong></span> <span class='ocrx_word' id='word_1_437' title='bbox 1254 4977 1622 5050; x_wconf 88' lang='lat' dir='ltr'><strong>evulgarunt,</strong></span> <span class='ocrx_word' id='word_1_438' title='bbox 1644 4979 1815 5037; x_wconf 87' lang='lat' dir='ltr'><strong>Usse-</strong></span> 
     </span>
    </p>
   </div>
   <div class='ocr_carea' id='block_1_74' title="bbox 161 5066 1815 5140">
    <p class='ocr_par' dir='ltr' id='par_1_74' title="bbox 161 5066 1815 5140">
     <span class='ocr_line' id='line_1_74' title="bbox 161 5066 1815 5140; baseline 0.002 -17"><span class='ocrx_word' id='word_1_439' title='bbox 161 5070 287 5123; x_wconf 88' lang='lat' dir='ltr'><strong>rius</strong></span> <span class='ocrx_word' id='word_1_440' title='bbox 316 5066 572 5140; x_wconf 89' lang='lat' dir='ltr'><strong>primum</strong></span> <span class='ocrx_word' id='word_1_441' title='bbox 608 5066 852 5123; x_wconf 82' lang='lat' dir='ltr'><strong>Londini</strong></span> <span class='ocrx_word' id='word_1_442' title='bbox 886 5067 1056 5135; x_wconf 82' lang='grc'>1647,</span> <span class='ocrx_word' id='word_1_443' title='bbox 1101 5067 1312 5123; x_wconf 87' lang='lat' dir='ltr'><strong>deinde</strong></span> <span class='ocrx_word' id='word_1_444' title='bbox 1366 5068 1683 5125; x_wconf 87' lang='lat' dir='ltr'><strong>Cotelerius</strong></span> <span class='ocrx_word' id='word_1_445' title='bbox 1715 5076 1815 5126; x_wconf 88' lang='lat' dir='ltr'><strong>Pa-</strong></span> 
     </span>
    </p>
   </div>
   <div class='ocr_carea' id='block_1_75' title="bbox 163 5158 506 5213">
    <p class='ocr_par' dir='ltr' id='par_1_75' title="bbox 163 5158 506 5213">
     <span class='ocr_line' id='line_1_75' title="bbox 163 5158 506 5213; baseline -0.003 0"><span class='ocrx_word' id='word_1_446' title='bbox 163 5158 321 5213; x_wconf 84' lang='lat' dir='ltr'><strong>risiis</strong></span> <span class='ocrx_word' id='word_1_447' title='bbox 346 5158 506 5212; x_wconf 85' lang='lat'>1672.</span> 
     </span>
    </p>
   </div>
   <div class='ocr_carea' id='block_1_76' title="bbox 1929 4077 3574 4141">
    <p class='ocr_par' dir='ltr' id='par_1_76' title="bbox 1929 4077 3574 4141">
     <span class='ocr_line' id='line_1_76' title="bbox 1929 4077 3574 4141; baseline 0.004 -7"><span class='ocrx_word' id='word_1_448' title='bbox 1929 4077 2283 4135; x_wconf 83' lang='lat' dir='ltr'><strong>monasterio</strong></span> <span class='ocrx_word' id='word_1_449' title='bbox 2306 4078 2399 4133; x_wconf 88' lang='lat' dir='ltr'><strong>die</strong></span> <span class='ocrx_word' id='word_1_450' title='bbox 2427 4078 2460 4133; x_wconf 89' lang='lat'><strong>3</strong></span> <span class='ocrx_word' id='word_1_451' title='bbox 2490 4078 2681 4135; x_wconf 80' lang='lat' dir='ltr'><strong>Martii</strong></span> <span class='ocrx_word' id='word_1_452' title='bbox 2705 4080 2901 4133; x_wconf 86' lang='lat'><strong>1708-9</strong></span> <span class='ocrx_word' id='word_1_453' title='bbox 2932 4080 3005 4136; x_wconf 92' lang='lat' dir='ltr'><strong>ad</strong></span> <span class='ocrx_word' id='word_1_454' title='bbox 3054 4080 3344 4138; x_wconf 89' lang='lat' dir='ltr'><strong>Thomam</strong></span> <span class='ocrx_word' id='word_1_455' title='bbox 3393 4087 3574 4141; x_wconf 85' lang='lat' dir='ltr'><strong>Hear-</strong></span> 
     </span>
    </p>
   </div>
   <div class='ocr_carea' id='block_1_77' title="bbox 1929 4166 3570 4239">
    <p class='ocr_par' dir='ltr' id='par_1_77' title="bbox 1929 4166 3570 4239">
     <span class='ocr_line' id='line_1_77' title="bbox 1929 4166 3570 4239; baseline 0.005 -18"><span class='ocrx_word' id='word_1_456' title='bbox 1929 4166 2091 4222; x_wconf 85' lang='lat' dir='ltr'><strong>nium</strong></span> <span class='ocrx_word' id='word_1_457' title='bbox 2126 4168 2295 4223; x_wconf 81' lang='lat' dir='ltr'><strong>data:</strong></span> <span class='ocrx_word' id='word_1_458' title='bbox 2328 4167 2386 4223; x_wconf 89' lang='lat' dir='ltr'><strong>in</strong></span> <span class='ocrx_word' id='word_1_459' title='bbox 2418 4184 2485 4224; x_wconf 90' lang='lat' dir='ltr'><strong>ea</strong></span> <span class='ocrx_word' id='word_1_460' title='bbox 2519 4167 2809 4239; x_wconf 89' lang='lat' dir='ltr'><strong>siquidem</strong></span> <span class='ocrx_word' id='word_1_461' title='bbox 2842 4185 2959 4225; x_wconf 90' lang='lat' dir='ltr'><strong>non</strong></span> <span class='ocrx_word' id='word_1_462' title='bbox 3007 4168 3196 4225; x_wconf 91' lang='lat' dir='ltr'><strong>solum</strong></span> <span class='ocrx_word' id='word_1_463' title='bbox 3244 4176 3429 4227; x_wconf 87' lang='lat' dir='ltr'><strong>errata</strong></span> <span class='ocrx_word' id='word_1_464' title='bbox 3486 4173 3570 4230; x_wconf 90' lang='lat' dir='ltr'><strong>le-</strong></span> 
     </span>
    </p>
   </div>
   <div class='ocr_carea' id='block_1_78' title="bbox 1927 4256 3572 4332">
    <p class='ocr_par' dir='ltr' id='par_1_78' title="bbox 1927 4256 3572 4332">
     <span class='ocr_line' id='line_1_78' title="bbox 1927 4256 3572 4332; baseline 0.005 -21"><span class='ocrx_word' id='word_1_465' title='bbox 1927 4256 2087 4312; x_wconf 91' lang='lat' dir='ltr'><strong>viora</strong></span> <span class='ocrx_word' id='word_1_466' title='bbox 2119 4260 2276 4313; x_wconf 86' lang='lat' dir='ltr'><strong>notat</strong></span> <span class='ocrx_word' id='word_1_467' title='bbox 2301 4256 2518 4327; x_wconf 90' lang='lat' dir='ltr'><strong>quibus</strong></span> <span class='ocrx_word' id='word_1_468' title='bbox 2549 4257 2788 4327; x_wconf 64' lang='lat' dir='ltr'><strong>singula:</strong></span> <span class='ocrx_word' id='word_1_469' title='bbox 2846 4258 3069 4331; x_wconf 68' lang='lat' dir='ltr'><strong>pagina)</strong></span> <span class='ocrx_word' id='word_1_470' title='bbox 3119 4263 3365 4332; x_wconf 89' lang='lat' dir='ltr'><strong>scatent,</strong></span> <span class='ocrx_word' id='word_1_471' title='bbox 3418 4262 3572 4321; x_wconf 91' lang='lat' dir='ltr'><strong>unde</strong></span> 
     </span>
    </p>
   </div>
   <div class='ocr_carea' id='block_1_79' title="bbox 1927 4345 3574 4423">
    <p class='ocr_par' dir='ltr' id='par_1_79' title="bbox 1927 4345 3574 4423">
     <span class='ocr_line' id='line_1_79' title="bbox 1927 4345 3574 4423; baseline 0.005 -22"><span class='ocrx_word' id='word_1_472' title='bbox 1927 4363 2157 4418; x_wconf 87' lang='lat' dir='ltr'><strong>quoque</strong></span> <span class='ocrx_word' id='word_1_473' title='bbox 2179 4345 2397 4416; x_wconf 91' lang='lat' dir='ltr'><strong>pluries</strong></span> <span class='ocrx_word' id='word_1_474' title='bbox 2420 4348 2739 4403; x_wconf 81' lang='lat' dir='ltr'><strong>deformata</strong></span> <span class='ocrx_word' id='word_1_475' title='bbox 2752 4346 2921 4405; x_wconf 90' lang='lat' dir='ltr'><strong>lectio</strong></span> <span class='ocrx_word' id='word_1_476' title='bbox 2938 4365 2951 4417; x_wconf 90' lang='lat'><strong>;</strong></span> <span class='ocrx_word' id='word_1_477' title='bbox 2967 4365 3167 4406; x_wconf 90' lang='lat' dir='ltr'><strong>verum</strong></span> <span class='ocrx_word' id='word_1_478' title='bbox 3187 4351 3362 4408; x_wconf 88' lang='lat' dir='ltr'><strong>etiam</strong></span> <span class='ocrx_word' id='word_1_479' title='bbox 3388 4368 3574 4423; x_wconf 84' lang='lat' dir='ltr'><strong>pauca</strong></span> 
     </span>
    </p>
   </div>
   <div class='ocr_carea' id='block_1_80' title="bbox 1925 4434 3576 4512">
    <p class='ocr_par' dir='ltr' id='par_1_80' title="bbox 1925 4434 3576 4512">
     <span class='ocr_line' id='line_1_80' title="bbox 1925 4434 3576 4512; baseline 0.005 -20"><span class='ocrx_word' id='word_1_480' title='bbox 1925 4453 1955 4492; x_wconf 90' lang='lat' dir='ltr'><strong>e</strong></span> <span class='ocrx_word' id='word_1_481' title='bbox 1989 4434 2187 4491; x_wconf 87' lang='lat' dir='ltr'><strong>multis</strong></span> <span class='ocrx_word' id='word_1_482' title='bbox 2219 4435 2334 4492; x_wconf 85' lang='lat' dir='ltr'><strong>alia</strong></span> <span class='ocrx_word' id='word_1_483' title='bbox 2353 4435 2413 4491; x_wconf 89' lang='lat' dir='ltr'><strong>in</strong></span> <span class='ocrx_word' id='word_1_484' title='bbox 2441 4437 2701 4492; x_wconf 91' lang='lat' dir='ltr'><strong>medium</strong></span> <span class='ocrx_word' id='word_1_485' title='bbox 2728 4438 3098 4511; x_wconf 78' lang='lat' dir='ltr'><strong>profert,qute</strong></span> <span class='ocrx_word' id='word_1_486' title='bbox 3130 4440 3249 4495; x_wconf 88' lang='lat' dir='ltr'><strong>sive</strong></span> <span class='ocrx_word' id='word_1_487' title='bbox 3276 4456 3576 4512; x_wconf 88' lang='lat' dir='ltr'><strong>gramma-</strong></span> 
     </span>
    </p>
   </div>
   <div class='ocr_carea' id='block_1_81' title="bbox 1924 4524 3573 4601">
    <p class='ocr_par' dir='ltr' id='par_1_81' title="bbox 1924 4524 3573 4601">
     <span class='ocr_line' id='line_1_81' title="bbox 1924 4524 3573 4601; baseline 0.005 -20"><span class='ocrx_word' id='word_1_488' title='bbox 1924 4525 2050 4581; x_wconf 77' lang='lat' dir='ltr'><strong>ticaa</strong></span> <span class='ocrx_word' id='word_1_489' title='bbox 2082 4524 2310 4596; x_wconf 85' lang='lat' dir='ltr'><strong>legibus</strong></span> <span class='ocrx_word' id='word_1_490' title='bbox 2341 4525 2462 4581; x_wconf 83' lang='lat' dir='ltr'><strong>sive</strong></span> <span class='ocrx_word' id='word_1_491' title='bbox 2490 4526 2745 4582; x_wconf 85' lang='lat' dir='ltr'><strong>auctoris</strong></span> <span class='ocrx_word' id='word_1_492' title='bbox 2770 4528 2950 4583; x_wconf 89' lang='lat' dir='ltr'><strong>menti</strong></span> <span class='ocrx_word' id='word_1_493' title='bbox 3003 4536 3354 4601; x_wconf 87' lang='lat' dir='ltr'><strong>repugnant.</strong></span> <span class='ocrx_word' id='word_1_494' title='bbox 3412 4531 3573 4589; x_wconf 83' lang='lat' dir='ltr'><strong>Hanc</strong></span> 
     </span>
    </p>
   </div>
   <div class='ocr_carea' id='block_1_82' title="bbox 1924 4614 3569 4693">
    <p class='ocr_par' dir='ltr' id='par_1_82' title="bbox 1924 4614 3569 4693">
     <span class='ocr_line' id='line_1_82' title="bbox 1924 4614 3569 4693; baseline 0.007 -25"><span class='ocrx_word' id='word_1_495' title='bbox 1924 4618 2120 4669; x_wconf 88' lang='lat' dir='ltr'><strong>autem</strong></span> <span class='ocrx_word' id='word_1_496' title='bbox 2156 4614 2369 4670; x_wconf 90' lang='lat' dir='ltr'><strong>Smithi</strong></span> <span class='ocrx_word' id='word_1_497' title='bbox 2411 4615 2719 4686; x_wconf 87' lang='lat' dir='ltr'><strong>epistolam</strong></span> <span class='ocrx_word' id='word_1_498' title='bbox 2770 4633 2904 4674; x_wconf 92' lang='lat' dir='ltr'><strong>cum</strong></span> <span class='ocrx_word' id='word_1_499' title='bbox 2931 4617 3065 4675; x_wconf 84' lang='lat' dir='ltr'><strong>aliis</strong></span> <span class='ocrx_word' id='word_1_500' title='bbox 3108 4620 3179 4675; x_wconf 91' lang='lat' dir='ltr'><strong>ad</strong></span> <span class='ocrx_word' id='word_1_501' title='bbox 3233 4620 3569 4693; x_wconf 88' lang='lat' dir='ltr'><strong>Ignatianas</strong></span> 
     </span>
    </p>
   </div>
   <div class='ocr_carea' id='block_1_83' title="bbox 1924 4702 3576 4774">
    <p class='ocr_par' dir='ltr' id='par_1_83' title="bbox 1924 4702 3576 4774">
     <span class='ocr_line' id='line_1_83' title="bbox 1924 4702 3576 4774; baseline 0.007 -18"><span class='ocrx_word' id='word_1_502' title='bbox 1924 4702 2211 4773; x_wconf 85' lang='lat' dir='ltr'><strong>Epistolas</strong></span> <span class='ocrx_word' id='word_1_503' title='bbox 2243 4704 2695 4774; x_wconf 89' lang='lat' dir='ltr'><strong>pertinentibus,</strong></span> <span class='ocrx_word' id='word_1_504' title='bbox 2721 4705 2779 4759; x_wconf 89' lang='lat' dir='ltr'><strong>in</strong></span> <span class='ocrx_word' id='word_1_505' title='bbox 2812 4704 3001 4761; x_wconf 90' lang='lat' dir='ltr'><strong>lucem</strong></span> <span class='ocrx_word' id='word_1_506' title='bbox 3025 4706 3406 4766; x_wconf 81' lang='lat' dir='ltr'><strong>amittendam</strong></span> <span class='ocrx_word' id='word_1_507' title='bbox 3435 4727 3576 4767; x_wconf 89' lang='lat' dir='ltr'><strong>cen-</strong></span> 
     </span>
    </p>
   </div>
   <div class='ocr_carea' id='block_1_84' title="bbox 1922 4791 3573 4864">
    <p class='ocr_par' dir='ltr' id='par_1_84' title="bbox 1922 4791 3573 4864">
     <span class='ocr_line' id='line_1_84' title="bbox 1922 4791 3573 4864; baseline 0.006 -17"><span class='ocrx_word' id='word_1_508' title='bbox 1922 4791 2039 4847; x_wconf 87' lang='lat' dir='ltr'><strong>suit</strong></span> <span class='ocrx_word' id='word_1_509' title='bbox 2070 4792 2319 4862; x_wconf 89' lang='lat' dir='ltr'><strong>ipsemet</strong></span> <span class='ocrx_word' id='word_1_510' title='bbox 2342 4792 2625 4849; x_wconf 86' lang='lat' dir='ltr'><strong>Hearnius</strong></span> <span class='ocrx_word' id='word_1_511' title='bbox 2647 4794 2707 4849; x_wconf 90' lang='lat' dir='ltr'><strong>in</strong></span> <span class='ocrx_word' id='word_1_512' title='bbox 2739 4794 3066 4864; x_wconf 82' lang='lat' dir='ltr'><strong>Appendice</strong></span> <span class='ocrx_word' id='word_1_513' title='bbox 3096 4797 3168 4851; x_wconf 91' lang='lat' dir='ltr'><strong>ad</strong></span> <span class='ocrx_word' id='word_1_514' title='bbox 3212 4798 3486 4856; x_wconf 89' lang='lat' dir='ltr'><strong>volumen</strong></span> <span class='ocrx_word' id='word_1_515' title='bbox 3527 4802 3573 4857; x_wconf 92' lang='lat' dir='ltr'><strong>Il</strong></span> 
     </span>
    </p>
   </div>
   <div class='ocr_carea' id='block_1_85' title="bbox 1926 4881 3568 4958">
    <p class='ocr_par' dir='ltr' id='par_1_85' title="bbox 1926 4881 3568 4958">
     <span class='ocr_line' id='line_1_85' title="bbox 1926 4881 3568 4958; baseline 0.007 -23"><span class='ocrx_word' id='word_1_516' title='bbox 1926 4881 2183 4937; x_wconf 81' lang='lat' dir='ltr'><strong>Chronici</strong></span> <span class='ocrx_word' id='word_1_517' title='bbox 2208 4881 2439 4937; x_wconf 80' lang='lat' dir='ltr'><strong>Joannis</strong></span> <span class='ocrx_word' id='word_1_518' title='bbox 2462 4881 2871 4938; x_wconf 78' lang='lat' dir='ltr'><strong>Glastoniensis</strong></span> <span class='ocrx_word' id='word_1_519' title='bbox 2918 4887 3195 4954; x_wconf 77' lang='lat' dir='ltr'><strong>monachi,</strong></span> <span class='ocrx_word' id='word_1_520' title='bbox 3228 4904 3392 4958; x_wconf 89' lang='lat' dir='ltr'><strong>pagg.</strong></span> <span class='ocrx_word' id='word_1_521' title='bbox 3442 4888 3568 4946; x_wconf 83' lang='grc'>461.</span> 
     </span>
    </p>
   </div>
   <div class='ocr_carea' id='block_1_86' title="bbox 1920 4970 2699 5042">
    <p class='ocr_par' dir='ltr' id='par_1_86' title="bbox 1920 4970 2699 5042">
     <span class='ocr_line' id='line_1_86' title="bbox 1920 4970 2699 5042; baseline 0.003 -17"><span class='ocrx_word' id='word_1_522' title='bbox 1920 4971 2047 5039; x_wconf 77' lang='grc'><strong>469,</strong></span> <span class='ocrx_word' id='word_1_523' title='bbox 2080 4986 2215 5026; x_wconf 88' lang='lat' dir='ltr'><strong>ann.</strong></span> <span class='ocrx_word' id='word_1_524' title='bbox 2252 4970 2394 5025; x_wconf 88' lang='lat'>1726</span> <span class='ocrx_word' id='word_1_525' title='bbox 2424 4971 2699 5042; x_wconf 87' lang='lat' dir='ltr'><strong>evulgati.</strong></span> 
     </span>
    </p>
   </div>
   <div class='ocr_carea' id='block_1_87' title="bbox 1992 5162 3566 5237">
    <p class='ocr_par' dir='ltr' id='par_1_87' title="bbox 1992 5162 3566 5237">
     <span class='ocr_line' id='line_1_87' title="bbox 1992 5162 3566 5237; baseline 0.007 -20"><span class='ocrx_word' id='word_1_526' title='bbox 1992 5162 2343 5234; x_wconf 89' lang='lat' dir='ltr'><strong>lnsequente</strong></span> <span class='ocrx_word' id='word_1_527' title='bbox 2372 5166 2566 5217; x_wconf 89' lang='lat' dir='ltr'><strong>autem</strong></span> <span class='ocrx_word' id='word_1_528' title='bbox 2595 5178 2730 5219; x_wconf 88' lang='lat' dir='ltr'><strong>ann.</strong></span> <span class='ocrx_word' id='word_1_529' title='bbox 2766 5163 2906 5218; x_wconf 84' lang='lat' dir='ltr'><strong>l709</strong></span> <span class='ocrx_word' id='word_1_530' title='bbox 2927 5165 3144 5237; x_wconf 91' lang='lat' dir='ltr'><strong>prodiit</strong></span> <span class='ocrx_word' id='word_1_531' title='bbox 3168 5166 3310 5225; x_wconf 91' lang='lat' dir='ltr'><strong>item</strong></span> <span class='ocrx_word' id='word_1_532' title='bbox 3356 5173 3566 5228; x_wconf 89' lang='lat' dir='ltr'><strong>Oxonii</strong></span> 
     </span>
    </p>
   </div>
   <div class='ocr_carea' id='block_1_88' title="bbox 234 5245 3567 5361">
    <p class='ocr_par' dir='ltr' id='par_1_88' title="bbox 234 5245 3567 5361">
     <span class='ocr_line' id='line_1_88' title="bbox 234 5245 3567 5361; baseline 0.005 -62"><span class='ocrx_word' id='word_1_533' title='bbox 234 5255 405 5361; x_wconf 42' lang='grc' dir='ltr'><strong>ἔτιηο</strong></span> <span class='ocrx_word' id='word_1_534' title='bbox 426 5245 1126 5361; x_wconf 36' lang='lat' dir='ltr'><strong>autzmll1689‘epist&#39;olam</strong></span> <span class='ocrx_word' id='word_1_535' title='bbox 1161 5246 1239 5361; x_wconf 70' lang='lat' dir='ltr'><strong>ad</strong></span> <span class='ocrx_word' id='word_1_536' title='bbox 1274 5247 1567 5361; x_wconf 61' lang='lat' dir='ltr'><strong>Rompnos,</strong></span> <span class='ocrx_word' id='word_1_537' title='bbox 1601 5264 1728 5319; x_wconf 70' lang='lat' dir='ltr'><strong>que</strong></span> <span class='ocrx_word' id='word_1_538' title='bbox 1752 5250 1808 5305; x_wconf 91' lang='lat' dir='ltr'><strong>in</strong></span> <span class='ocrx_word' id='word_1_539' title='bbox 1842 5298 1887 5361; x_wconf 83' lang='lat' dir='ltr'>D</span> <span class='ocrx_word' id='word_1_540' title='bbox 1921 5250 3324 5361; x_wconf 46' lang='lat' dir='ltr'><strong>praestantissimallaudatiThomseLsmithieditio</strong></span> <span class='ocrx_word' id='word_1_541' title='bbox 3357 5275 3567 5330; x_wconf 73' lang='lat' dir='ltr'><strong>:quam</strong></span> 
     </span>
    </p>
   </div>
   <div class='ocr_carea' id='block_1_89' title="bbox 160 5334 1804 5408">
    <p class='ocr_par' dir='ltr' id='par_1_89' title="bbox 160 5334 1804 5408">
     <span class='ocr_line' id='line_1_89' title="bbox 160 5334 1804 5408; baseline 0 -15"><span class='ocrx_word' id='word_1_542' title='bbox 160 5337 357 5393; x_wconf 86' lang='lat' dir='ltr'><strong>codice</strong></span> <span class='ocrx_word' id='word_1_543' title='bbox 387 5352 497 5391; x_wconf 90' lang='lat' dir='ltr'><strong>ms.</strong></span> <span class='ocrx_word' id='word_1_544' title='bbox 529 5334 787 5391; x_wconf 82' lang='lat' dir='ltr'><strong>Mediceo</strong></span> <span class='ocrx_word' id='word_1_545' title='bbox 818 5335 1285 5402; x_wconf 89' lang='lat' dir='ltr'><strong>desiderabatur,</strong></span> <span class='ocrx_word' id='word_1_546' title='bbox 1333 5335 1624 5391; x_wconf 88' lang='lat' dir='ltr'><strong>intextum</strong></span> <span class='ocrx_word' id='word_1_547' title='bbox 1658 5355 1804 5408; x_wconf 89' lang='lat' dir='ltr'><strong>quo-</strong></span> 
     </span>
    </p>
   </div>
   <div class='ocr_carea' id='block_1_90' title="bbox 157 5424 1803 5497">
    <p class='ocr_par' dir='ltr' id='par_1_90' title="bbox 157 5424 1803 5497">
     <span class='ocr_line' id='line_1_90' title="bbox 157 5424 1803 5497; baseline 0.001 -17"><span class='ocrx_word' id='word_1_548' title='bbox 157 5443 270 5497; x_wconf 87' lang='lat' dir='ltr'><strong>que</strong></span> <span class='ocrx_word' id='word_1_549' title='bbox 292 5426 345 5481; x_wconf 91' lang='lat' dir='ltr'><strong>S.</strong></span> <span class='ocrx_word' id='word_1_550' title='bbox 382 5424 593 5494; x_wconf 83' lang='lat' dir='ltr'><strong>Ignatii</strong></span> <span class='ocrx_word' id='word_1_551' title='bbox 619 5425 960 5495; x_wconf 78' lang='lat' dir='ltr'><strong>martyrium</strong></span> <span class='ocrx_word' id='word_1_552' title='bbox 990 5425 1599 5497; x_wconf 62' lang='lat' dir='ltr'><strong>praeferentem,atque</strong></span> <span class='ocrx_word' id='word_1_553' title='bbox 1631 5428 1803 5483; x_wconf 90' lang='lat' dir='ltr'><strong>veteri</strong></span> 
     </span>
    </p>
   </div>
   <div class='ocr_carea' id='block_1_91' title="bbox 150 5512 1802 5587">
    <p class='ocr_par' dir='ltr' id='par_1_91' title="bbox 150 5512 1802 5587">
     <span class='ocr_line' id='line_1_91' title="bbox 150 5512 1802 5587; baseline 0 -16"><span class='ocrx_word' id='word_1_554' title='bbox 150 5515 457 5586; x_wconf 88' lang='lat' dir='ltr'><strong>interpreti</strong></span> <span class='ocrx_word' id='word_1_555' title='bbox 520 5513 831 5571; x_wconf 86' lang='lat' dir='ltr'><strong>Usseriano</strong></span> <span class='ocrx_word' id='word_1_556' title='bbox 907 5512 1271 5568; x_wconf 86' lang='lat' dir='ltr'><strong>adamussim</strong></span> <span class='ocrx_word' id='word_1_557' title='bbox 1356 5514 1802 5587; x_wconf 67' lang='lat' dir='ltr'><strong>aequiperatum,</strong></span> 
     </span>
    </p>
   </div>
   <div class='ocr_carea' id='block_1_92' title="bbox 1918 5339 3570 5412">
    <p class='ocr_par' dir='ltr' id='par_1_92' title="bbox 1918 5339 3570 5412">
     <span class='ocr_line' id='line_1_92' title="bbox 1918 5339 3570 5412; baseline 0.007 -20"><span class='ocrx_word' id='word_1_558' title='bbox 1918 5339 2157 5410; x_wconf 88' lang='lat' dir='ltr'><strong>quidem</strong></span> <span class='ocrx_word' id='word_1_559' title='bbox 2188 5339 2323 5395; x_wconf 83' lang='lat' dir='ltr'><strong>licet</strong></span> <span class='ocrx_word' id='word_1_560' title='bbox 2351 5358 2383 5396; x_wconf 90' lang='lat' dir='ltr'><strong>a</strong></span> <span class='ocrx_word' id='word_1_561' title='bbox 2404 5340 2621 5397; x_wconf 89' lang='lat' dir='ltr'><strong>Clerico</strong></span> <span class='ocrx_word' id='word_1_562' title='bbox 2651 5340 2889 5412; x_wconf 88' lang='lat' dir='ltr'><strong>insuper</strong></span> <span class='ocrx_word' id='word_1_563' title='bbox 2906 5342 3169 5400; x_wconf 85' lang='lat' dir='ltr'><strong>habitam</strong></span> <span class='ocrx_word' id='word_1_564' title='bbox 3218 5344 3278 5401; x_wconf 90' lang='lat' dir='ltr'><strong>in</strong></span> <span class='ocrx_word' id='word_1_565' title='bbox 3311 5350 3570 5404; x_wconf 89' lang='lat' dir='ltr'><strong>secunda</strong></span> 
     </span>
    </p>
   </div>
   <div class='ocr_carea' id='block_1_93' title="bbox 1912 5428 3569 5501">
    <p class='ocr_par' dir='ltr' id='par_1_93' title="bbox 1912 5428 3569 5501">
     <span class='ocr_line' id='line_1_93' title="bbox 1912 5428 3569 5501; baseline 0.007 -19"><span class='ocrx_word' id='word_1_566' title='bbox 1912 5428 2291 5496; x_wconf 80' lang='lat' dir='ltr'><strong>Coteleriana,</strong></span> <span class='ocrx_word' id='word_1_567' title='bbox 2312 5430 2590 5501; x_wconf 89' lang='lat' dir='ltr'><strong>deinceps</strong></span> <span class='ocrx_word' id='word_1_568' title='bbox 2640 5438 2833 5486; x_wconf 89' lang='lat' dir='ltr'><strong>tamen</strong></span> <span class='ocrx_word' id='word_1_569' title='bbox 2888 5439 3025 5487; x_wconf 90' lang='lat' dir='ltr'><strong>sunt</strong></span> <span class='ocrx_word' id='word_1_570' title='bbox 3083 5436 3268 5489; x_wconf 88' lang='lat' dir='ltr'><strong>secuti</strong></span> <span class='ocrx_word' id='word_1_571' title='bbox 3312 5436 3569 5494; x_wconf 86' lang='lat' dir='ltr'><strong>Joannes</strong></span> 
     </span>
    </p>
   </div>
   <div class='ocr_carea' id='block_1_94' title="bbox 1912 5516 3561 5596">
    <p class='ocr_par' dir='ltr' id='par_1_94' title="bbox 1912 5516 3561 5596">
     <span class='ocr_line' id='line_1_94' title="bbox 1912 5516 3561 5596; baseline 0.008 -26"><span class='ocrx_word' id='word_1_572' title='bbox 1912 5516 2239 5571; x_wconf 84' lang='lat' dir='ltr'><strong>Ludovicus</strong></span> <span class='ocrx_word' id='word_1_573' title='bbox 2264 5518 2815 5590; x_wconf 84' lang='lat' dir='ltr'><strong>FreyetRichardus</strong></span> <span class='ocrx_word' id='word_1_574' title='bbox 2847 5519 3055 5575; x_wconf 80' lang='lat' dir='ltr'><strong>Russel</strong></span> <span class='ocrx_word' id='word_1_575' title='bbox 3079 5537 3091 5575; x_wconf 88' lang='lat'>:</span> <span class='ocrx_word' id='word_1_576' title='bbox 3116 5528 3173 5577; x_wconf 89' lang='lat' dir='ltr'><strong>et</strong></span> <span class='ocrx_word' id='word_1_577' title='bbox 3193 5522 3291 5578; x_wconf 90' lang='lat' dir='ltr'><strong>ille</strong></span> <span class='ocrx_word' id='word_1_578' title='bbox 3322 5525 3561 5596; x_wconf 90' lang='lat' dir='ltr'><strong>quidem</strong></span> 
     </span>
    </p>
   </div>
   <div class='ocr_carea' id='block_1_95' title="bbox 149 5600 3561 5685">
    <p class='ocr_par' dir='ltr' id='par_1_95' title="bbox 149 5600 3561 5685">
     <span class='ocr_line' id='line_1_95' title="bbox 149 5600 3561 5685; baseline 0.004 -24"><span class='ocrx_word' id='word_1_579' title='bbox 149 5604 396 5661; x_wconf 87' lang='lat' dir='ltr'><strong>Parisiis</strong></span> <span class='ocrx_word' id='word_1_580' title='bbox 429 5600 822 5676; x_wconf 87' lang='lat' dir='ltr'><strong>publicijuris</strong></span> <span class='ocrx_word' id='word_1_581' title='bbox 845 5600 979 5657; x_wconf 83' lang='lat' dir='ltr'><strong>fecit</strong></span> <span class='ocrx_word' id='word_1_582' title='bbox 1025 5600 1419 5659; x_wconf 88' lang='lat' dir='ltr'><strong>Theodericus</strong></span> <span class='ocrx_word' id='word_1_583' title='bbox 1492 5602 1802 5663; x_wconf 81' lang='lat' dir='ltr'><strong>Ruinatius</strong></span> <span class='ocrx_word' id='word_1_584' title='bbox 1910 5605 1971 5661; x_wconf 88' lang='lat' dir='ltr'><strong>in</strong></span> <span class='ocrx_word' id='word_1_585' title='bbox 2001 5606 2262 5677; x_wconf 82' lang='lat' dir='ltr'><strong>Epistolis</strong></span> <span class='ocrx_word' id='word_1_586' title='bbox 2291 5607 2387 5662; x_wconf 82' lang='lat' dir='ltr'><strong>SS.</strong></span> <span class='ocrx_word' id='word_1_587' title='bbox 2448 5609 2678 5664; x_wconf 85' lang='lat' dir='ltr'><strong>Patrum</strong></span> <span class='ocrx_word' id='word_1_588' title='bbox 2736 5610 3186 5682; x_wconf 82' lang='lat' dir='ltr'><strong>apostolicorum,</strong></span> <span class='ocrx_word' id='word_1_589' title='bbox 3244 5631 3372 5685; x_wconf 63' lang='lat' dir='ltr'><strong>qua</strong></span> <span class='ocrx_word' id='word_1_590' title='bbox 3408 5632 3561 5675; x_wconf 86' lang='lat' dir='ltr'><strong>anno</strong></span> 
     </span>
    </p>
   </div>
   <div class='ocr_carea' id='block_1_96' title="bbox 145 5689 1799 5765">
    <p class='ocr_par' dir='ltr' id='par_1_96' title="bbox 145 5689 1799 5765">
     <span class='ocr_line' id='line_1_96' title="bbox 145 5689 1799 5765; baseline 0.001 -15"><span class='ocrx_word' id='word_1_591' title='bbox 145 5696 201 5752; x_wconf 92' lang='lat' dir='ltr'><strong>in</strong></span> <span class='ocrx_word' id='word_1_592' title='bbox 224 5694 377 5754; x_wconf 73' lang='lat' dir='ltr'><strong>Actis</strong></span> <span class='ocrx_word' id='word_1_593' title='bbox 408 5700 725 5765; x_wconf 88' lang='lat' dir='ltr'><strong>martyrum</strong></span> <span class='ocrx_word' id='word_1_594' title='bbox 753 5691 1008 5763; x_wconf 78' lang='lat' dir='ltr'><strong>sinceris,</strong></span> <span class='ocrx_word' id='word_1_595' title='bbox 1036 5691 1109 5747; x_wconf 89' lang='lat' dir='ltr'><strong>ab</strong></span> <span class='ocrx_word' id='word_1_596' title='bbox 1138 5689 1267 5763; x_wconf 89' lang='lat' dir='ltr'><strong>ipso</strong></span> <span class='ocrx_word' id='word_1_597' title='bbox 1289 5690 1363 5747; x_wconf 90' lang='lat' dir='ltr'><strong>cl.</strong></span> <span class='ocrx_word' id='word_1_598' title='bbox 1424 5691 1642 5751; x_wconf 86' lang='lat' dir='ltr'><strong>editore</strong></span> <span class='ocrx_word' id='word_1_599' title='bbox 1689 5696 1799 5752; x_wconf 84' lang='lat' dir='ltr'><strong>La-</strong></span> 
     </span>
    </p>
   </div>
   <div class='ocr_carea' id='block_1_97' title="bbox 1914 5694 3568 5771">
    <p class='ocr_par' dir='ltr' id='par_1_97' title="bbox 1914 5694 3568 5771">
     <span class='ocr_line' id='line_1_97' title="bbox 1914 5694 3568 5771; baseline 0.008 -20"><span class='ocrx_word' id='word_1_600' title='bbox 1914 5695 2053 5751; x_wconf 73' lang='grc'>1742</span> <span class='ocrx_word' id='word_1_601' title='bbox 2084 5694 2319 5753; x_wconf 78' lang='lat' dir='ltr'><strong>Basilese</strong></span> <span class='ocrx_word' id='word_1_602' title='bbox 2352 5697 2507 5768; x_wconf 86' lang='lat' dir='ltr'><strong>typis</strong></span> <span class='ocrx_word' id='word_1_603' title='bbox 2559 5714 2782 5756; x_wconf 67' lang='lat' dir='ltr'><strong>excusa:</strong></span> <span class='ocrx_word' id='word_1_604' title='bbox 2827 5699 3033 5771; x_wconf 79' lang='lat' dir='ltr'><strong>fuere;</strong></span> <span class='ocrx_word' id='word_1_605' title='bbox 3062 5700 3156 5761; x_wconf 90' lang='lat' dir='ltr'><strong>hic</strong></span> <span class='ocrx_word' id='word_1_606' title='bbox 3182 5717 3319 5761; x_wconf 81' lang='lat' dir='ltr'><strong>vero</strong></span> <span class='ocrx_word' id='word_1_607' title='bbox 3366 5703 3425 5761; x_wconf 90' lang='lat' dir='ltr'><strong>in</strong></span> <span class='ocrx_word' id='word_1_608' title='bbox 3475 5722 3568 5765; x_wconf 91' lang='lat' dir='ltr'><strong>eo—</strong></span> 
     </span>
    </p>
   </div>
  </div>
