3942 6302
373 369 492 434 567

1431 370 1494 432 S.
1542 367 1940 434 IGNATIUS.
1989 403 2065 416 -
2109 363 2728 431 PBOLEGOMINA.

3666 369 3794 432 568

379 507 652 563 rumdem
683 506 779 562 SS.
811 507 1041 562 Patrum
1069 505 1496 573 apostolicorum
1527 507 1784 578 operibus
1815 507 2014 576 genui-
2053 506 2099 574 Α
2132 506 2379 576 scriptis.
2443 505 2764 577 Septimum
2822 519 2978 571 vero,
3027 502 3098 558 ad
3153 504 3438 572 Romanos,
3483 521 3602 561 una
3655 521 3794 560 cum

382 600 489 665 nis,
527 597 769 653 Londini
801 614 936 652 ann.
971 596 1110 652 4746
1143 597 1202 652 in
1226 596 1434 668 vulgus
1481 597 1734 653 emissis.
1769 597 2036 661 Quando.
2141 596 2285 650 Actis
2314 594 2583 666 martyrii
2611 594 2666 649 S.
2716 594 2936 664 lgnatii,
2968 609 3034 648 ex
3092 593 3347 648 editione
3406 593 3794 648 Ruinartiana

386 687 623 758 quidem
661 703 790 743 vero
822 687 970 741 hanc
1003 686 1214 742 Smithi
1261 686 1580 742 editionem
1642 704 1756 758 pm
1815 686 2036 740 caeteris
2140 687 2407 741 Smithns
2432 685 2792 756 desumpsit;
2825 700 3068 754 eamque
3091 683 3508 740 nimiscuriose
3531 689 3792 740 assecta-

384 778 498 849 ipsi
532 794 764 850 quoque
813 776 1175 848 sequendam
1224 777 1532 844 duximus;
1587 781 1896 848 propterea
1946 775 2037 829 hic
2143 781 2260 844 tus,
2307 775 2376 829 ad
2425 775 2678 830 litteram
2722 775 2839 830 fere
2896 774 3202 845 expressit,
3236 790 3306 830 ne
3354 775 3674 845 quidquam
3733 776 3792 830 in

393 868 719 923 describere
752 871 1009 938 prestat,
1036 883 1159 938 quae
1217 868 1288 923 de
1345 883 1452 922 suo
1499 867 1763 922 instituto
1807 882 1939 920 cum
1978 866 2037 918 in

403 956 738 1028 prmfatione
771 966 895 1011 tum
919 956 978 1011 in
1010 957 1254 1026 epistola
1278 957 1347 1012 ad
1379 957 1698 1012 Hearnium
1715 956 1886 1011 modo
1917 954 2040 1010 lau-

401 1050 536 1104 data
556 1049 827 1105 edisserit
858 1050 930 1104 cl.
966 1049 1170 1105 editor.

471 1140 748 1195 Testatur
804 1139 1001 1209 itaque
1057 1138 1322 1194 Smithus
1377 1141 1808 1210 peropportune
1874 1136 1947 1192 ad
1979 1150 2042 1190 se

400 1229 779 1284 transmissae
825 1227 1068 1282 Joannis
1147 1227 1429 1298 Ledgardi
1477 1227 1742 1296 schedas,
1774 1223 2044 1282 editionis

400 1318 694 1373 Vossianae
729 1317 1099 1372 collationem
1135 1334 1268 1372 cum
1287 1318 1541 1373 Mediceo
1571 1319 1768 1374 codice
1798 1315 2045 1386 comple-

401 1413 644 1473 ctentes,
681 1423 856 1475 quam
892 1406 988 1460 ille
1019 1413 1157 1460 dum
1205 1407 1507 1462 Florentiae
1551 1410 1745 1474 ageret
1798 1404 2043 1460 Joannis

402 1494 697 1550 Pearsonii
727 1502 920 1564 rogatu
947 1495 1307 1563 confecerat;
1372 1501 1682 1566 monetque
1731 1493 2042 1550 consilium

402 1583 692 1652 ejusmodi
716 1584 1029 1639 Pearsonio
1055 1586 1421 1655 suggessisse
1442 1584 1700 1656 ipsumet
1731 1586 1999 1639 Vossium
2028 1599 2041 1638 :

404 1671 504 1742 qui
535 1674 676 1727 dum
737 1673 793 1727 in
847 1673 1230 1728 exscribendo
1277 1690 1342 1730 eo
1390 1673 1586 1729 codice
1642 1676 2044 1744 occuparetur,

402 1761 653 1831 paucula
687 1763 956 1832 quedam
988 1779 1291 1833 perperam
1331 1761 1567 1834 legisse,
1621 1761 1855 1832 aliaque
1901 1778 2044 1816 non-

2145 870 2306 921 textu
2338 869 2554 920 temere
2587 869 2847 919 mutasse
2878 863 3195 920 videretur:
3259 866 3501 919 mendas
3549 865 3792 920 interim

2147 971 2272 1025 quae
2304 954 2360 1008 in
2413 952 2610 1009 oculos
2644 953 2937 1021 insiliunt,
2990 952 3048 1008 in
3081 953 3233 1008 notis
3265 954 3640 1024 corrigendae
3678 954 3795 1009 sibi

2147 1058 2412 1100 rcservan
2421 1059 2465 1098 8.

2219 1133 2301 1188 Ad
2331 1133 2454 1189 hec
2483 1133 2664 1189 textui
2696 1133 2891 1190 Graeco
2948 1139 3199 1188 veterem
3261 1133 3526 1189 Latinam
3579 1134 3800 1190 versio-

2149 1238 2304 1293 nem,
2339 1224 2641 1279 barbaram
2677 1223 2914 1294 quidem
2939 1222 3237 1292 illam,sed
3266 1223 3336 1278 ad
3369 1223 3612 1278 verbum
3647 1224 3801 1279 ﬁde-

2149 1312 2282 1367 liter
2311 1329 2646 1385 expressam
2677 1322 3076 1383 exactamque,
3109 1313 3322 1383 adjecit
3379 1313 3529 1368 idem
3564 1314 3758 1368 editor
3786 1331 3799 1381 ;

2148 1417 2322 1470 quam
2355 1406 2413 1456 et
2445 1418 2588 1456 novo
2619 1403 2813 1457 studio
2845 1399 3097 1457 contulit
3128 1417 3262 1456 cum
3296 1418 3405 1458 ms.
3430 1404 3633 1458 codice
3655 1406 3804 1457 Can-

2150 1492 2512 1562 tabrigiensi,
2546 1493 2819 1547 correctis
2842 1492 3084 1564 insuper
3114 1491 3272 1548 illius
3305 1493 3803 1559 aberrationibus,

2150 1583 2318 1650 cujus
2349 1598 2524 1652 opera
2554 1599 2697 1636 usus
2729 1581 2917 1637 fuerat
2944 1580 3220 1637 Usserius
3264 1581 3363 1652 qui
3423 1597 3547 1636 eam
3580 1582 3805 1653 primus

2152 1670 2210 1724 in
2245 1670 2432 1726 lucem
2463 1671 2676 1728 emisit.

2223 1759 2382 1815 Licet
2431 1765 2626 1816 autem
2661 1761 2718 1816 in
2778 1779 2886 1817 sua
2933 1762 3233 1834 Ignaliana
3263 1762 3516 1817 editione
3562 1761 3806 1815 concin-

403 1850 564 1905 nulla
594 1867 711 1920 prae
743 1851 1123 1908 festinatione
1147 1868 1213 1906 ac
1245 1853 1416 1906 taedio
1477 1850 1922 1923 praetermisisse
1945 1867 2041 1906 su-
2076 1877 2122 1942 B
2153 1849 2346 1904 nanda
2373 1849 2617 1905 multam
2650 1850 2912 1906 Smithus
2945 1851 3301 1923 diligentiam
3349 1850 3714 1915 adhibuerit,
3746 1856 3810 1906 ut

402 1939 762 2010 spicabatur.
798 1943 920 2005 Quo
953 1941 1190 2012 quidem
1224 1941 1619 2012 munere,pari
1643 1941 1940 1997 oculorum
1974 1955 2050 2013 ac.

400 2029 619 2099 ingenii
643 2030 784 2098 acie,
811 2031 1034 2100 optima
1064 2031 1176 2085 ﬁde
1208 2033 1550 2101 perfunctus
1592 2030 1771 2086 fuisse
1806 2045 2044 2100 compe-

401 2117 548 2173 ritur
574 2119 1061 2190 Ledgardus;cui
1086 2136 1154 2175 ex
1204 2120 1317 2175 otio
1371 2121 1658 2176 maturior
1701 2118 2041 2174 deliberatio

400 2212 458 2262 et
487 2207 711 2263 facilior
750 2225 1032 2263 excusum
1068 2209 1368 2280 exemplar
1449 2225 1587 2264 cum
1641 2208 2043 2279 manuscripto

401 2297 773 2366 comparandi
797 2313 966 2366 opera
998 2298 1374 2370 obtingebat:
1410 2313 1476 2354 eo
1509 2315 1696 2370 usque
1753 2297 2042 2368 siquidem

403 2385 712 2455 processit,
735 2390 798 2440 ut
827 2385 1179 2441 variationes
1203 2387 1648 2458 perexiguas,ne
1708 2386 1895 2440 dicam
1925 2386 2045 2440 tili—

403 2473 606 2535 vititia,
638 2489 783 2545 pene
813 2475 882 2528 ad
918 2491 1196 2530 nauseam
1229 2475 1435 2530 litteris
1473 2475 1850 2546 consignarit.
1885 2475 2043 2529 Hanc

403 2568 596 2617 autem
624 2563 906 2633 integram
940 2562 1305 2618 collationem
1325 2564 1783 2636 Ledgardianam
1813 2563 2043 2618 duabus

403 2651 670 2720 ejusdem
693 2651 904 2705 Smithi
926 2651 1192 2722 epistolis
1215 2654 1284 2708 ad
1302 2653 1603 2725 lgnatiana
1620 2653 2044 2724 spectantibus,

403 2740 442 2794 1.
476 2757 524 2794 c.
561 2740 810 2811 subjecit
831 2741 1138 2797 Hearnius.

474 2829 589 2884 Hoc
613 2829 791 2900 igitur
812 2831 964 2886 haud
999 2847 1140 2886 sane
1165 2832 1444 2887 mediocri
1494 2833 1758 2888 subsidio
1807 2833 2043 2904 adjutus

399 2918 568 2973 virin
603 2918 710 2974 hoc
770 2919 1101 2974 studiorum
1154 2935 1364 2992 genere
1399 2921 1940 2986 exercitatissimus,
1974 2922 2043 2976 ad

402 3023 569 3062 suam
607 3007 914 3062 editionem
977 3010 1373 3064 adornandum
1424 3026 1485 3066 se
1529 3010 1794 3065 contulit.
1829 3011 2043 3075 Quaain

402 3096 686 3152 Vossiana
711 3098 940 3152 fuerant
963 3098 1082 3152 sive
1115 3103 1332 3153 temere
1389 3101 1610 3155 omissa
1662 3099 1780 3155 sive
1830 3115 2044 3170 praepo-

404 3191 557 3241 stcre
601 3187 910 3255 exscripta,
967 3203 1033 3240 ex
1093 3202 1241 3242 nova
1279 3190 1393 3242 ista
1420 3188 1696 3260 Ledgardi
1734 3189 2046 3244 collatione

404 3273 696 3346 supplevit
727 3275 1196 3346 emendavitque,
1229 3276 1446 3331 additis
1465 3293 1693 3348 quoque
1719 3277 1936 3348 passim
1970 3278 2043 3333 ad

404 3363 626 3435 paginae
660 3363 908 3418 limbum
937 3363 1248 3420 breviculis
1282 3363 1518 3420 echoiiis
1562 3370 1618 3420 et
1672 3367 2046 3436 conjecturis,

405 3451 702 3520 quibusin
734 3450 932 3508 oculos
960 3451 1128 3506 facile
1175 3453 1610 3509 incurrentibus
1661 3458 1854 3509 textus
1879 3454 2047 3511 lectio

406 3539 688 3593 reddatur
713 3538 943 3609 planior
968 3543 1141 3611 atque
1175 3541 1554 3598 emendatior.

475 3627 672 3698 Neque
693 3627 787 3682 hic
811 3628 1198 3684 omittendu'n
1233 3630 1386 3700 quod
1413 3633 1688 3687 admonet
1706 3632 1891 3688 solere
1935 3631 2050 3687 edi-

405 3719 497 3770 tor
519 3721 714 3772 noster
743 3717 801 3771 in
838 3719 1074 3788 praefata
1091 3719 1162 3772 ad
1194 3720 1512 3775 Hearnium
1573 3721 1943 3792 epistola,ubi
1979 3721 2050 3777 de

406 3803 675 3860 iisverba
733 3805 870 3861 facit
919 3807 1019 3877 qui
1053 3807 1292 3862 editioni
1349 3808 1735 3865 Aldrichianae
1775 3810 2049 3865 curandae

405 3893 798 3964 praefuerunt:
839 3918 859 3943 ι
898 3895 1290 3966 Bigidlssimis
1313 3898 1909 3969 censoribus,inquit,
1942 3915 2048 3970 pa-

402 3999 534 4038 rum
563 3984 933 4039 excusandus
964 3985 1198 4040 videtur
1219 3986 1284 4040 D.
1320 3986 1574 4054 Vossius,
1609 3987 1705 4059 qui
1757 3987 1817 4043 in
1875 3989 2045 4058 epist.

401 4072 482 4127 ad
509 4072 566 4129 S.
599 4074 994 4145 Polycarpum,
1027 4079 1167 4129 sect.
1189 4075 1245 4142 5,
1309 4076 1655 4146 particulam
1717 4077 2046 4147 negativam

406 4162 482 4230 μή
535 4162 684 4218 inter
713 4167 770 4217 et
791 4159 1018 4233 ὁμιλίαν
1061 4169 1118 4218 et
1147 4166 1310 4216 ποιοῦ
1343 4165 1606 4232 inseruit,
1629 4181 1760 4220 cum
1790 4181 1820 4220 e
1850 4166 2050 4220 codice

404 4250 737 4305 Florentino
769 4250 938 4322 plane
963 4253 1226 4321 absit,ut
1251 4254 1374 4326 ipse
1407 4254 1465 4308 in
1509 4254 1803 4310 adnotatis
1849 4256 2046 4310 obser-

403 4338 550 4405 vavi,
579 4355 682 4394 nec
709 4341 768 4394 in
793 4356 895 4396 suo
948 4342 1146 4397 codice
1185 4342 1414 4414 legebat
1467 4349 1633 4399 vetus
1693 4343 2047 4400 Usserianus

403 4425 690 4497 interpres
716 4445 729 4483 :
759 4430 930 4499 cujus
961 4431 1280 4487 reverentia
1294 4436 1352 4487 et
1375 4433 1716 4489 auctoritate
1734 4438 1931 4489 motus
1980 4449 2047 4490 ex

406 4515 603 4572 codice
633 4533 762 4572 meo
794 4517 953 4574 illam
975 4518 1182 4588 delevi,
1206 4520 1295 4576 vel
1319 4522 1545 4584 saltem,
1590 4527 1654 4576 ut
1695 4522 1923 4578 uncinis
1945 4523 2047 4594 qui

2154 1955 2221 1993 ex
2250 1938 2532 1995 hactenus
2563 1939 2734 1995 dictis
2766 1942 2910 1996 satis
2935 1945 3297 2012 compertum
3324 1940 3531 2004 ﬁt,non
3566 1941 3810 1995 defuere

2152 2033 2343 2083 tamen
2379 2027 2477 2099 qui
2509 2044 2640 2083 eum
2677 2030 2873 2085 minus
2913 2035 3181 2085 accurate
3211 2030 3466 2085 codicem
3521 2029 3813 2084 Florenti-

2155 2133 2295 2171 num
2329 2117 2686 2188 expressisse
2731 2118 3101 2173 afﬁrmarint.
3144 2119 3470 2174 Gronovius
3504 2118 3810 2173 enimvero

2154 2204 2340 2260 dicam
2369 2205 2418 2260 ei
2451 2207 2731 2277 grandem
2764 2206 3037 2277 impingit
3063 2207 3162 2278 (1),
3195 2209 3333 2262 dum
3395 2207 3677 2262 Vossium
3732 2223 3816 2261 re-

2156 2295 2504 2364 prehendit:
2541 2296 2784 2367 perinde
2813 2313 2878 2350 ac
2909 2295 2958 2351 si
2989 2296 3170 2367 hujus
3223 2298 3399 2352 ductu
3455 2296 3544 2351 vel
3595 2298 3653 2351 in
3690 2313 3810 2352 sua:

2154 2383 2502 2440 Oxoniensis
2533 2385 2806 2441 editionis
2845 2387 3100 2455 exordio,
3138 2387 3195 2442 in
3239 2386 3367 2457 ipsa
3396 2385 3624 2441 scilicet
3685 2386 3812 2457 epi-

2155 2473 2318 2528 stolae
2338 2473 2408 2528 ad
2439 2475 2758 2546 Smyrnaea:
2781 2474 3180 2546 inscriptione,
3214 2485 3548 2545 corruptam
3602 2474 3810 2530 istius-

2157 2565 2310 2620 modi
2369 2565 2698 2633 lectionem,
2741 2563 3009 2636 πνεύματι
3067 2562 3158 2617 καὶ
3208 2561 3364 2638 λόγῳ
3422 2570 3581 2632 Θεοῦ,
3636 2565 3809 2620 nobis

2155 2654 2505 2710 obstruserit
2534 2654 2628 2712 ille
2659 2671 2830 2722 ;cum
2862 2658 3084 2725 tamen,
3107 2654 3155 2709 si
3187 2655 3377 2709 virum
3393 2655 3672 2710 criticum
3705 2671 3811 2708 au-

2154 2744 2299 2808 dias,
2331 2751 2466 2800 nota
2486 2763 2594 2801 ms.
2629 2745 2868 2800 Medicei
2902 2746 3337 2816 compendiaria
3379 2746 3588 2802 fuisset
3613 2745 3813 2801 mani—

2154 2833 2298 2889 feste
2344 2833 2606 2906 legenda,
2638 2837 2993 2905 πνευματικῷ
3027 2831 3180 2908 λόγῳ
3224 2836 3378 2889 Θεοῦ.
3410 2837 3483 2889 At
3514 2834 3812 2901 Smithus,

2155 2921 2524 2978 collationem
2559 2923 3022 2991 Ledgardianam
3056 2928 3311 2992 secutus,
3345 2923 3402 2979 in
3435 2923 3685 2979 scholiis
3739 2924 3812 2978 ad

2154 3012 2416 3067 eamdem
2449 3011 2763 3083 epistolam
2798 3012 3029 3068 obviam
3064 3012 3356 3085 praaivlsse
3378 3013 3676 3068 Gronovio
3727 3012 3816 3065 vi-

2156 3099 2324 3155 detur
2357 3100 2445 3156 bis
2476 3101 2665 3157 verbis
2693 3121 2707 3165 ;
2748 3124 2775 3151 «
2801 3100 2900 3154 Καὶ
2933 3099 3088 3176 λόγῳ
3120 3105 3278 3156 Θεοῦ.
3313 3103 3400 3158 Ita
3427 3118 3672 3173 quoque
3728 3100 3814 3156 le-

2156 3191 2370 3259 gebant
2388 3195 2552 3246 vetus
2572 3195 2774 3248 noster
2791 3191 3078 3263 interpres
3098 3196 3156 3247 et
3186 3189 3815 3262 interpolator,distin-

2158 3279 2297 3334 ctim
2322 3285 2379 3335 et
2399 3281 2740 3352 separatim,
2771 3297 2890 3337 non
2932 3297 3031 3350 per
3079 3281 3532 3352 appositionem,
3564 3288 3627 3334 ut
3679 3280 3820 3352 qui-

2155 3375 2289 3430 dam
2311 3374 2401 3429 vir
2427 3375 2628 3429 doctus
2660 3390 2730 3429 ex
2753 3373 2993 3430 fortuita
3025 3375 3200 3445 hujus
3234 3373 3530 3445 particulae
3553 3374 3816 3445 conjun-

2155 3463 2316 3519 ctivaa
2373 3463 2691 3519 emissione
2749 3463 2808 3518 in
2879 3463 3145 3518 versione
3215 3462 3497 3518 Vossiaua
3573 3462 3811 3532 (vetere)

2153 3553 2587 3623 interpretatur.
2622 3573 2650 3602 »
2677 3552 2808 3608 Hec
2839 3552 2935 3608 ille
2968 3571 2981 3608 :
3018 3556 3082 3608 ut
3114 3552 3355 3625 proinde
3385 3552 3686 3608 immerito
3718 3568 3810 3606 su-

2153 3645 2436 3712 spectam,
2467 3657 2580 3696 non
2614 3641 2801 3697 solum
2834 3658 2961 3698 eam
2995 3641 3324 3707 lectionem,
3359 3641 3460 3696 sed
3511 3641 3806 3713 integram

2154 3747 2386 3802 quoque
2417 3731 2607 3802 ipsam
2631 3731 3022 3787 Smithianam
3061 3731 3399 3799 editionem,
3425 3730 3675 3787 reddere
3699 3748 3803 3787 vo-

2152 3821 2335 3876 luisse
2359 3822 2443 3874 vir
2463 3819 2730 3876 eruditus
2748 3828 3072 3876 censeatur.

2807 3927 3038 3984 CAPUT
3069 3931 3140 3983 II.

2161 4017 2397 4080 Thomas
2420 4016 2844 4098 Smithieditio
2860 4018 3022 4098 typis
3041 4015 3542 4089 tradita,scl¢oliis
3563 4016 3810 4077 edito-ris

2233 4098 2460 4158 omissis
2479 4116 2493 4158 :
2511 4118 2762 4178 quorum
2777 4097 2905 4158 loco
2913 4144 2925 4168 ,
2931 4117 3057 4177 prae
3067 4099 3240 4157 missa
3247 4099 3516 4178 primum
3530 4108 3809 4177 excerpta

2233 4189 2488 4270 veterum
2503 4179 2597 4238 Pa
2605 4188 2763 4270 trum
2781 4181 3012 4270 integra
3023 4198 3117 4250 ,ex
3127 4180 3395 4270 epistolis
3404 4181 3696 4270 geuuirtis
3705 4178 3803 4237 de-

2233 4262 2463 4339 scripta
2487 4280 2503 4319 :
2536 4259 2801 4339 subjecta
2820 4257 3030 4319 deinde
3049 4257 3386 4339 earumdem
3409 4260 3806 4339 epistolarum

2230 4337 2894 4420 fragmentum—umqum
2907 4350 3139 4400 exstant
3159 4341 3220 4400 in
3242 4337 3566 4420 Paralieiis
3585 4339 3809 4400 Dama-

2231 4422 2471 4482 scenicis
2501 4419 3011 4500 Rupe/ucaidinis.
3045 4422 3284 4480 Horum
3313 4419 3594 4500 subsidio,
3614 4429 3806 4479 textus

2231 4501 2498 4562 sincerus
2528 4499 2621 4562 vel
2643 4501 2953 4580 ﬁrmatur,
2987 4500 3081 4561 vel
3108 4500 3464 4580 corrigitur,
3499 4499 3596 4561 uel
3622 4503 3808 4561 etiam

405 4603 876 4662 additamentum
899 4607 1047 4663 illud
1078 4580 1402 4666 indicarent
1449 4580 1864 4677 includeretur,
1922 4580 2044 4667 oin-
2077 4614 2125 4679 Ι)
2234 4581 2583 4662 quandoque
2610 4580 2937 4661 suppletur-

406 4693 545 4750 nino
597 4695 861 4751 volebam
891 4712 904 4752 :
938 4699 1034 4753 sed
1068 4699 1264 4755 nescio
1287 4715 1403 4769 quo
1434 4714 1572 4754 casu
1631 4699 1907 4754 correctio
1938 4701 2052 4758 ista

404 4783 619 4840 omissa
647 4789 792 4840 erat.
826 4787 890 4840 In
923 4786 1125 4843 eadem
1157 4787 1294 4843 item
1322 4785 1570 4856 epist.ad
1598 4785 2049 4860 S.Potycarpum,

405 4876 544 4928 sect.
577 4875 633 4939 7,
664 4873 809 4930 etin
855 4874 1026 4946 epist.
1086 4876 1164 4930 ad
1223 4874 1758 4946 Philadelphienses,
1816 4879 2050 4933 sect.l0

405 4961 571 5032 (qua
605 4963 884 5019 correctio
914 4965 983 5018 ad
1005 4964 1179 5020 ﬁnem
1217 4964 1440 5034 paginae
1473 4963 1553 5018 ibi
1591 4964 1606 5036 )
1666 4963 1914 5020 habetur
1934 4965 2048 5022 ἐπεὶ

403 5046 459 5102 δέ
482 5067 583 5121 pro
608 5047 819 5121 ἐπειδή,
856 5056 919 5106 ut
944 5067 1012 5107 ex
1042 5051 1271 5108 schedis
1309 5051 1374 5106 D.
1444 5053 1725 5125 Ledgardi
1783 5057 2002 5111 correxi
2029 5066 2044 5115 ;

402 5150 504 5205 sed
530 5149 678 5206 inter
698 5149 993 5206 tumultus
1025 5149 1170 5222 preli
1203 5149 1624 5222 negligebatur.
1672 5174 1700 5201 »
1752 5152 2046 5211 Hactenus

403 5237 476 5295 cl.
505 5238 771 5294 Smithus
797 5254 810 5292 :
834 5238 928 5294 cui
960 5239 1196 5309 quidem
1219 5239 1556 5294 sdmonenti
1590 5256 1809 5296 morem
1839 5257 2045 5313 geren-

402 5331 510 5396 tes,
534 5325 846 5398 utrobique
879 5328 1155 5382 mendum
1186 5326 1561 5393 sustulimus,
1615 5344 1681 5384 ac
1737 5335 2043 5401 negantem

403 5414 749 5488 particulam
785 5415 860 5486 μή
894 5414 1194 5471 uncinulis
1247 5417 1824 5489 circumscripsimus
1867 5420 2039 5490 :quod

403 5521 543 5562 sane
577 5505 1043 5577 praecedentibus
1074 5505 1432 5563 editionibus
1457 5524 1751 5580 nusquam
1797 5508 2040 5565 factum.

475 5594 599 5650 Huc
620 5609 807 5665 usque
837 5595 910 5650 de
930 5610 1028 5652 sex
1051 5594 1316 5667 epistolis
1345 5613 1373 5652 e
1405 5598 1601 5654 codice
1642 5598 1894 5656 Mediceo
1945 5598 2043 5655 de-

472 5722 550 5795 (1)
583 5723 832 5778 Gronov.
864 5724 1094 5795 Prae/at.
1122 5723 1194 5780 ad
1223 5723 1506 5795 Herodot,
1535 5739 1669 5797 pag.
1702 5725 1754 5783 1.

2235 4695 2383 4750 Dum
2415 4711 2549 4751 vero
2580 4693 2750 4766 Angli
2781 4695 2958 4765 hujus
2991 4693 3230 4750 editoris
3275 4695 3611 4750 institutum
3646 4693 3706 4749 in
3752 4697 3807 4748 S.

2162 4783 2370 4858 Ignatii
2401 4783 2664 4856 epistolis
2696 4783 2937 4841 sinceris
2967 4783 3208 4839 edendis
3243 4800 3452 4839 sumus
3491 4783 3808 4854 persecuti,

2160 4881 2426 4931 nostrum
2451 4875 2589 4931 item
2615 4875 3048 4945 quodammodo
3067 4874 3539 4947 exposuimus,ut
3555 4874 3658 4944 qui
3682 4875 3811 4945 ejus

2159 4969 2456 5040 exemplar
2521 4984 2640 5040 pre
2695 4967 2914 5023 caeteris
2980 4969 3380 5024 excudendum
3461 4966 3810 5038 selegimus.

2157 5056 2386 5113 Scholia
2415 5061 2608 5112 tamen
2650 5072 2783 5112 cum
2818 5055 3085 5126 ejusdem
3117 5056 3335 5112 Smithi
3358 5060 3482 5112 tum
3510 5054 3811 5110 Pearsonii

2157 5150 2519 5221 aliorumque
2561 5149 2817 5204 virorum
2863 5149 3229 5205 eruditorum
3284 5148 3810 5221 pretermittenda,

2156 5258 2227 5297 ne
2259 5258 2403 5313 opus
2446 5240 2623 5295 nimis
2667 5244 3043 5308 excresceret,
3087 5239 3574 5294 existimavimus.
3610 5238 3813 5302 Quan-

2155 5346 2327 5403 quam
2378 5329 2628 5385 fortasse
2679 5327 3020 5398 hujusmodi
3053 5329 3366 5384 consilium
3403 5327 3652 5383 moleste
3680 5326 3812 5399 quis

2149 5424 2462 5488 ferat,cum
2492 5417 2813 5490 praesertim
2846 5422 3040 5472 textus
3059 5417 3275 5472 alicubi
3300 5417 3531 5473 mendis
3561 5417 3805 5473 obsitus

2170 5514 2458 5576 occurrat,
2491 5524 2632 5579 qum
2664 5509 2917 5578 proiecto
2966 5506 3172 5564 saltem
3224 5509 3281 5564 in
3322 5509 3476 5564 notis
3516 5509 3813 5566 emacula-

2151 5603 2273 5654 tum
2306 5605 2576 5671 praestare
2616 5597 2898 5669 portabat.
2931 5596 3079 5660 Quid
3135 5596 3386 5669 loquar?
3428 5597 3508 5655 Eo
3574 5599 3810 5674 quidem
