3942 6302
172 427 293 488 569

1235 413 1589 481 ANDREE
1632 408 2054 481 GALLANDII
2095 410 2511 479 PROCEMIA.

3467 409 3587 477 8'10

179 573 426 613 ωυοθνθ
460 572 565 628 Pro
596 553 819 610 Viribus
850 552 1137 624 Perfuncti
1161 552 1453 608 fueramus
1477 551 1533 607 ίη
1558 552 1829 608 Observa“
1859 552 1913 619 Α
1948 566 2187 638 proinde
2217 582 2285 622 ea
2315 565 2538 621 ratione
2567 564 2832 621 emollire
2862 563 3152 621 studebat.
3200 567 3266 619 Et
3287 563 3423 635 jure
3454 564 3591 635 qui-

178 647 446 703 tionibus
487 643 896 714 subiiciendis,
956 644 1159 698 eadem
1212 644 1391 698 ferme
1433 642 1657 698 ratione
1687 657 1831 695 con-

178 744 384 811 textis,
416 760 533 813 que
566 742 653 796 usi
715 756 920 795 sumus
954 741 1022 796 ad
1075 740 1468 796 Clementinas
1516 739 1829 810 epistolas:

164 834 418 903 jamque
451 828 892 886 observationes
923 828 1070 897 ista,
1116 829 1689 899 cujusmodicunque
1711 827 1830 880 fue-

174 923 325 985 rint,
358 920 415 974 in
454 924 725 991 promptu
749 922 947 985 erant;
976 934 1175 973 verum
1209 918 1341 972 illas
1366 914 1834 983 novimus,nobis

174 1012 355 1083 plane
386 1008 611 1076 invitis,
656 1008 852 1063 nescio
905 1022 1016 1077 quo
1047 1023 1182 1063 casu
1236 1007 1511 1076 omissas,
1545 1006 1685 1060 dum
1717 1002 1836 1074 epi-

174 1100 346 1157 stolae
382 1099 699 1171 lgnatianze
730 1098 889 1168 prelo
922 1097 1464 1153 committebantur.
1496 1099 1569 1150 At
1592 1094 1834 1150 huicin-

176 1189 513 1254 commodo,
543 1192 833 1259 quantum
889 1187 948 1241 in
996 1187 1164 1242 nobis
1198 1186 1323 1253 fuit,
1374 1183 1704 1241 consultum
1735 1199 1831 1237 vo-

178 1279 428 1344 luimus,
456 1294 559 1333 nec
609 1277 811 1332 leviter
846 1276 1164 1344 enimvero,
1210 1282 1274 1331 ut
1303 1276 1539 1347 quidem
1581 1276 1834 1331 arbitra-

184 1387 343 1424 mur.
371 1368 629 1422 Primum
665 1366 954 1438 siquidem
988 1367 1142 1422 inter
1186 1370 1443 1422 veterum
1474 1364 1830 1427 testimonia,

179 1459 412 1527 integra
432 1458 535 1513 illa
568 1457 992 1528 descripsimus
1014 1474 1083 1512 ex
1110 1462 1346 1525 Irenaeo,
1375 1455 1836 1522 Eusebio,Theo—

177 1549 375 1603 dorito
406 1546 650 1616 aliisque
690 1547 937 1601 vetustis
995 1547 1354 1614 auctoribus,
1395 1547 1451 1600 in
1485 1546 1695 1613 quibus
1728 1543 1832 1598 ali-

180 1636 322 1709 quis
372 1640 566 1691 textus
607 1637 894 1707 lgnatiani
951 1635 1113 1690 locus
1171 1642 1394 1690 exstare
1434 1635 1829 1707 comperitur:

172 1742 296 1797 quo
332 1726 613 1781 nimirum
660 1724 842 1781 lector
890 1742 959 1780 ex
987 1724 1200 1779 Smithi
1233 1725 1454 1781 notulis
1494 1723 1833 1781 admonitus

166 1817 491 1885 confugere
523 1815 732 1886 possit,
768 1815 867 1869 ubi
896 1816 1111 1871 haerere
1143 1815 1463 1887 contingat.

251 1905 329 1961 Ut
360 1911 556 1961 autem
594 1906 768 1976 hujus
799 1907 1051 1961 subsidii
1103 1908 1353 1977 pretium
1402 1906 1833 1977 quodammodo
1867 1926 1913 1991 Β

176 2000 433 2061 constet,
467 2012 651 2050 unum
686 1994 772 2050 vel
820 1994 1069 2051 alterum
1107 1996 1435 2066 exemplum
1470 1996 1527 2050 in
1576 1995 1827 2051 medium

171 2087 568 2158 proferamus.
596 2088 659 2141 In
691 2087 939 2157 epistola
969 2088 1011 2152 Ι,
1066 2086 1384 2159 Smyrnaeis
1410 2086 1713 2157 inscripta,
1745 2086 1830 2141 sic

172 2176 434 2247 legimus
485 2176 586 2247 (:2):
656 2172 1267 2251 Ηεπληροφορημένους
1354 2174 1430 2236 εἷς
1494 2175 1588 2230 τὸν
1631 2175 1831 2246 Κύριον

172 2267 363 2337 ἡμῶν,
433 2263 656 2334 ἀληθῶς
725 2262 924 2322 ὅντα...
994 2265 1115 2318 rte»
1200 2269 1334 2319 Θεοῦ
1401 2264 1539 2319 κατὰ
1612 2263 1832 2336 θέλημα

168 2354 264 2409 καὶ
310 2351 535 2426 δύναμιν
600 2357 753 2409 Θεοῦ.
812 2354 920 2410 Ubi
972 2355 1299 2412 Theodorit.
1371 2357 1566 2411 Dial.1
1623 2355 1833 2410 excitat

171 2444 399 2516 Anglus
431 2444 704 2499 editor.Si
736 2461 869 2500 vero
892 2449 1152 2500 veterum
1185 2445 1525 2500 testimonia
1567 2443 1832 2516 epistolis

175 2532 508 2605 lgnatianis
533 2534 838 2603 praemissa
850 2533 1152 2588 consulere
1168 2533 1330 2601 velis,
1365 2538 1575 2604 praesto
1598 2533 1702 2589 tibi
1723 2531 1834 2588 erit

172 2621 350 2677 lectio
404 2623 643 2687 codicis,
702 2639 816 2693 quo
851 2628 984 2677 ante
1034 2621 1192 2677 mille
1222 2628 1280 2677 et
1326 2627 1615 2678 trecentos
1647 2638 1832 2677 annos

177 2727 327 2765 usus
359 2715 449 2766 est
476 2709 886 2766 Tbeodoritus.
918 2710 1016 2766 Sic
1040 2715 1237 2766 autem
1271 2728 1333 2766 se
1363 2711 1569 2767 habet:
1606 2710 1830 2778 Πεπλη-

178 2799 600 2875 ροφορημὲνους
663 2796 887 2867 ἀληθῶς
955 2798 1030 2860 εἷς
1107 2798 1199 2853 τὸν
1245 2798 1438 2874 Κύριον
1481 2802 1665 2872 ἡμῶν,
1707 2793 1833 2853 ὄντα

179 2888 376 2946 Υἱὸν...
466 2891 600 2941 Θεοῦ
692 2888 829 2942 κατὰ
919 2887 1148 2957 θεότητα
1214 2889 1308 2943 παὶ
1376 2887 1622 2961 δύναμιν.
1684 2889 1832 2945 Hine

180 2979 400 3044 disces,
440 2979 726 3049 quomodo
786 2978 995 3051 legerit
1026 2979 1123 3033 hic
1168 2979 1298 3051 Cyri
1347 2979 1696 3051 episcopus;
1732 2979 1830 3049 qui

178 3068 549 3138 transposita
576 3083 713 3122 voce
744 3064 1054 3136 ἀληθῶς,ρῐ
1084 3068 1303 3123 omissa
1336 3073 1633 3138 postrema
1675 3070 1829 3133 Θεοῦ,

184 3173 291 3228 pro
340 3154 479 3208 κατὰ
518 3152 735 3228 θέλημα
767 3172 879 3211 ms.
913 3156 1171 3223 Medicei,
1217 3155 1351 3209 κατὰ
1411 3155 1639 3225 θεότητα
1670 3156 1827 3227 legit.

178 3255 368 3310 Probe
400 3258 597 3309 autem
663 3256 922 3310 notanda
968 3255 1127 3311 varia
1174 3255 1513 3326 hujusmodi
1564 3254 1831 3324 lectio;a
1861 3291 1903 3358 α

178 3361 298 3416 qua
327 3361 464 3400 cum
509 3350 761 3400 veterem
795 3346 1197 3417 interpretem,
1225 3350 1375 3415 {tum
1408 3346 1664 3401 codicem
1702 3346 1828 3401 Flo-

175 3438 476 3489 rentinum
513 3433 1015 3505 dissidereliquet.
1050 3435 1180 3490 Eam
1217 3434 1602 3490 nihilominus
1632 3440 1831 3490 tuetur

177 3521 606 3593 Wesselingius
636 3522 715 3593 (3)
771 3521 838 3577 V.
872 3526 930 3577 C.
983 3526 1279 3593 permotus
1328 3521 1641 3594 exemplari
1678 3526 1827 3578 anti-

174 3612 470 3683 quissimo
496 3611 651 3682 quod
685 3611 1076 3667 Theodoritus
1110 3628 1224 3683 prae
1257 3612 1442 3668 oculis
1480 3613 1707 3683 habuit,
1737 3613 1829 3684 ip-

174 3701 428 3771 siusque
461 3699 516 3754 in
552 3699 756 3771 primis
784 3700 992 3771 lgnatii
1018 3701 1330 3769 sententia,
1356 3701 1510 3756 unde
1540 3701 1687 3756 nihil
1720 3700 1829 3756 hoc

173 3788 337 3843 abit:
373 3788 589 3859 quibus
623 3789 866 3859 accedit,
928 3788 1172 3859 exprimi
1194 3789 1336 3844 satis
1374 3795 1644 3845 accurate
1671 3789 1832 3844 hisce

178 3878 399 3945 verbis,
433 3878 587 3947 quod
644 3876 856 3932 Paulus
887 3877 956 3931 ad
1009 3876 1299 3933 Romanos
1357 3878 1701 3950 perscripsit
1729 3878 1828 3949 (4).

179 3971 457 4020 Attamen
492 3965 751 4021 Smitbus
781 3964 1264 4031 ams.Florentini
1287 3966 1534 4023 lectione
1551 3972 1667 4023 stat
1695 3983 1832 4022 oon-

176 4061 382 4123 stans;
417 4054 711 4124 simulque
760 4055 1059 4111 existimat
1107 4057 1345 4127 genium
1405 4074 1576 4113 suum
1638 4060 1832 4130 potius

173 4160 355 4215 quam
379 4143 635 4198 codicem
669 4144 851 4199 fuisse
884 4143 1302 4199 Theodoritum
1336 4148 1632 4213 secutum,
1663 4145 1831 4216 quasi

171 4233 432 4288 nimium
462 4232 645 4287 cruda
700 4230 786 4285 illi
846 4232 1138 4288 videretur
1169 4231 1353 4288 altera
1406 4233 1595 4303 lectio,
1652 4249 1830 4305 quam

1938 658 2106 714 dem:
2163 654 2369 726 lgnalii
2401 655 2583 721 enim,
2632 654 2874 725 Justini,
2925 654 3181 721 Tatiani,
3236 653 3588 709 Tertulliani

1939 745 2304 816 aliorumque
2346 745 2879 800 vetustissimorum
2916 745 3151 799 Patrum
3195 744 3487 800 sententia
3517 744 3589 798 de

1938 833 2081 888 Filio
2114 833 2212 887 Dei
2260 834 2456 906 genito
2510 832 2647 886 κατᾶ
2687 830 2903 905 θέλημα
2943 836 3098 900 Θεοῦ,
3166 850 3232 889 eo
3264 849 3440 888 sensu
3492 836 3583 887 est

1940 923 2299 994 accipienda,
2328 940 2442 994 quo
2466 922 2625 979 illam
2652 930 2889 979 strenue
2910 924 3167 977 defendit
3190 923 3474 992 docteque
3496 937 3590 976 ex-

1937 1012 2114 1085 plicat
2144 1013 2231 1068 vir
2245 1016 2538 1069 maximus
2558 1014 2814 1070 Jacobus
2833 1014 3123 1084 Benignus
3142 1018 3462 1070 Bossuetus
3480 1013 3583 1084 (5).

2020 1102 2335 1173 Pergamus
2368 1106 2631 1173 porro.In
2647 1103 2845 1158 eadem
2868 1104 2937 1157 ad
2970 1103 3300 1175 Smyrnieos
3315 1102 3586 1173 epistola,

1939 1190 2062 1246 haec
2091 1191 2271 1245 verba
2328 1195 2646 1247 occurrunt
2675 1192 2752 1262 (6)
2781 1209 2795 1247 :
2828 1189 3177 1263 εὐχαριστίας
3234 1189 3325 1244 καὶ
3356 1208 3590 1263 προσευ-

1939 1280 2049 1352 χῆς
2090 1275 2419 1353 ἀπέχονται.
2446 1280 2552 1345 Qui
2587 1279 2821 1351 quidem
2873 1280 3036 1335 locus
3069 1280 3153 1336 sic
3211 1280 3361 1352 apud
3397 1279 3590 1335 Theo-

1939 1368 2197 1425 doritum
2257 1369 2648 1441 eii'ertur(7):
2711 1367 3058 1443 εὐχαριστίας
3112 1369 3201 1422 καὶ
3268 1368 3585 1444 προσφορὰς

1940 1454 2040 1510 οὒκ
2071 1453 2462 1529 ἀποδέχονται.
2514 1461 2585 1512 At
2616 1458 2834 1514 codicis
2896 1460 3133 1515 Medicei
3164 1459 3399 1515 lectioni
3447 1464 3600 1519 favet

1941 1552 2105 1603 vetus
2135 1547 2426 1620 interpres
2468 1548 2849 1616 Usserianus;
2911 1566 3038 1620 quae
3074 1550 3317 1621 proinde
3344 1569 3458 1622 prae
3491 1553 3593 1609 illa

1940 1637 2275 1692 Theodoriti
2329 1637 2634 1692 retinenda
2681 1638 2929 1693 videtur.
3006 1640 3154 1694 Huic
3205 1644 3401 1695 autem
3462 1640 3590 1698 loco

1941 1741 2126 1780 unum
2157 1725 2351 1781 adhuc
2374 1725 2667 1796 insignem
2688 1726 3000 1797 addamus,
3021 1744 3193 1799 quem
3226 1731 3442 1799 praebet
3465 1730 3587 1801 epi-

1942 1815 2096 1871 stola
2123 1814 2195 1869 ad
2228 1814 2754 1886 Ephesios.Estque
2777 1815 3119 1885 hujusmodi
3141 1816 3255 1885 (8):
3288 1817 3385 1877 Εἷς
3410 1817 3597 1891 ἰατρὸς

1940 1901 2165 1959 ἐστιν...
2250 1901 2304 1956 ἐν
2365 1902 2519 1977 σαρκὶ
2606 1901 2901 1976 γενόμενος
2989 1903 3141 1973 Θεὸς,
3201 1901 3254 1957 ἐν
3338 1904 3590 1979 ἀθανάτῳ

1944 1990 2056 2065 ζωῇ
2093 1990 2333 2064 ἀληθινῇ
2358 2008 2371 2047 :
2398 2010 2523 2064 quas
2555 2009 2693 2050 sane
2724 1999 3034 2064 postrema
3064 1993 3146 2049 ita
3177 2010 3409 2068 quoque
3441 1996 3596 2068 lege-

1940 2082 2039 2137 bat
2070 2082 2128 2137 in
2161 2100 2268 2138 suo
2303 2082 2617 2155 exemplari
2644 2088 2811 2139 vetus
2855 2084 3176 2156 interpres:
3211 2087 3383 2141 vertit
3403 2087 3559 2142 enim
3585 2131 3600 2155 ,

1942 2173 2005 2227 in
2032 2173 2346 2228 immortali
2376 2176 2487 2229 vita
2509 2188 2657 2229 vera.
2685 2173 2794 2229 Sed
2819 2178 3123 2230 contextus
3146 2182 3439 2247 repugnat
3465 2194 3477 2243 ;
3509 2193 3599 2231 re-

1945 2262 2438 2333 scribendumque
2489 2264 2749 2333 omnino,
2818 2261 2868 2315 ἐν
2910 2260 3123 2334 θανάτῳ
3164 2264 3276 2332 ζωὴ
3328 2261 3595 2333 ἀληθινή,

1945 2353 2006 2405 in
2034 2359 2204 2407 morte
2224 2354 2340 2407 vita
2362 2367 2497 2407 vera
2522 2370 2535 2407 :
2563 2352 2854 2423 quomodo
2878 2354 2933 2408 in
2970 2354 3096 2409 suis
3123 2353 3422 2409 codicibus
3445 2355 3604 2425 lege-

1942 2440 2084 2494 bant
2114 2441 2331 2497 vetusti
2360 2445 2584 2510 Patres,
2609 2442 2986 2509 Athanasius,
3017 2442 3397 2498 Tbeodoritus
3416 2448 3590 2514 atque

1943 2528 2239 2596 Gelasius,
2262 2536 2411 2585 utcx
2433 2531 2626 2586 allatis
2650 2532 2801 2587 infra
2828 2548 3030 2587 eorum
3053 2531 3194 2589 locis
3226 2539 3586 2605 compertum

1944 2619 2027 2675 ﬁt.
2060 2624 2135 2674 At
2158 2619 2279 2675 haec
2307 2621 2453 2674 satis
2483 2624 2692 2689 sunto;
2729 2639 2793 2676 ex
2817 2622 3031 2692 quibus
3061 2622 3381 2693 perspicias
3401 2639 3594 2695 quan-

1943 2712 2068 2761 tum
2094 2708 2229 2763 hinc
2262 2708 2511 2764 subsidii
2534 2710 2772 2764 accedat
2792 2711 2973 2765 textui
3005 2710 3471 2778 emaculando,si
3496 2713 3594 2767 cui

1944 2796 2012 2851 de
2033 2796 2193 2852 illius
2222 2796 2557 2869 integritate
2587 2799 2844 2869 suspicio
2871 2798 3068 2870 aliqua
3090 2800 3593 2869 iuresuboriatur.

2019 2888 2229 2944 Verum
2261 2888 2318 2942 in
2362 2889 2514 2945 idem
2565 2889 2869 2945 consilium
2929 2890 3175 2947 ulterius
3226 2893 3416 2947 adhuc
3472 2910 3599 2965 pro-

1942 2994 2146 3050 gressa
2174 2984 2265 3034 est
2297 2996 2436 3034 cura
2462 2984 2682 3035 nostra.
2734 2982 3046 3052 Nimirum,
3096 2982 3439 3053 fragmentis
3470 2983 3592 3039 illis

1942 3084 2071 3139 quae
2105 3067 2312 3137 Ignatii
2346 3068 2622 3138 epistolas
2644 3071 3105 3142 subsequuntur,
3130 3078 3399 3143 excerpta
3428 3088 3587 3143 quae-

1942 3158 2075 3211 dam
2110 3157 2473 3227 subjecimus
2499 3174 2566 3213 ex
2595 3165 2829 3215 auctore
2860 3160 3277 3215 Paraltelorum
3326 3161 3585 3232 Ruperu-

1945 3247 2334 3317 caldinorum,
2359 3264 2531 3318 quem
2565 3248 2638 3303 cl.
2676 3249 3026 3320 Lequienius
3058 3249 3258 3305 merito
3292 3251 3587 3307 existimat

1942 3335 2165 3408 integro
2192 3338 2401 3393 saeculo
2419 3338 2777 3394 Damasceno
2792 3339 3201 3410 antiquiorem.
3235 3339 3362 3394 Haec
3385 3345 3583 3395 autem

1944 3430 2217 3496 excerpta
2248 3443 2418 3483 nemo
2441 3444 2582 3484 sane
2618 3428 2829 3483 dixerit
2858 3428 3015 3483 haud
3049 3429 3243 3499 magni
3279 3430 3584 3498 facienda;

1941 3532 2075 3571 cum
2112 3521 2265 3572 certo
2290 3523 2517 3573 constet
2541 3518 2884 3589 scriptorem
2910 3519 3099 3588 illum,
3122 3520 3459 3592 quicunque
3490 3521 3592 3577 de-

1953 3621 2115 3660 mum
2150 3606 2346 3672 fuerit,
2379 3624 2447 3661 ex
2494 3606 2739 3662 sinceris
2772 3609 2980 3679 Ignatii
3037 3608 3324 3678 epistolis,
3378 3608 3427 3664 si
3458 3625 3588 3666 eam

1941 3696 2197 3765 excipias
2222 3713 2347 3764 quin
2382 3697 2657 3752 Romanis
2682 3697 3153 3768 inscribitur,illa
3173 3699 3585 3771 descripsisse,

1942 3784 2319 3856 codicemque
2352 3786 2604 3841 Mediceo
2636 3787 3089 3843 emendatiorem
3124 3788 3502 3844 adhibuisse:
3522 3792 3583 3843 ut

1943 3876 2185 3945 proinde
2216 3879 2403 3930 textus
2425 3874 2646 3946 vulgati
2678 3876 2846 3930 lectio
2876 3893 2944 3931 ex
2975 3876 3046 3931 iis
3080 3894 3192 3931 non
3225 3877 3415 3933 solum
3442 3895 3578 3934 con-

1942 3963 2226 4031 ﬁrmetur,
2253 3980 2455 4019 verum
2488 3965 2665 4020 etiam
2692 3965 3039 4019 emendetur
3070 3964 3369 4035 multoque
3401 3966 3580 4021 casti-

1944 4055 2134 4126 gatior
2177 4056 2522 4127 plerumque
2605 4057 2904 4111 reddatur.
2959 4056 3081 4119 Quo
3132 4062 3325 4110 autem
3368 4057 3585 4126 aliquot

1943 4145 2226 4216 exemplis
2258 4161 2352 4200 res
2375 4146 2804 4218 comprobetur,
2826 4147 2951 4201 loca
2974 4144 3254 4200 nonnulla
3276 4162 3409 4200 cum
3432 4146 3585 4202 edito

1942 4232 2154 4290 collata
2175 4233 2270 4291 hic
2302 4235 2507 4291 sistere
2532 4234 2769 4306 juverit.

1515 4372 1777 4412 EPISTOLA
1806 4373 1878 4413 AD
1909 4374 2223 4415 SMYRNEOS
2233 4399 2244 4413 .

656 4482 799 4538 Edit.
832 4498 901 4538 ea:
938 4480 1056 4539 cod.
1088 4481 1342 4539 Mediceo.

254 4605 395 4673 Cap.
430 4600 526 4659 IX.
563 4599 860 4673 Ἀνανῆψαι
893 4641 905 4655 .
943 4642 958 4655 .
990 4642 1003 4656 .
1036 4593 1261 4674 ἔχομεν.

254 4693 393 4763 Cap.
428 4691 523 4745 XI.
551 4686 810 4746 Θέλουσιν
838 4689 937 4764 γὰρ
970 4690 1103 4761 ἡμῖν
1148 4687 1487 4764 εὐπράσσειν,
1519 4689 1648 4750 Θεὸς
1689 4689 1835 4744 ’ἐτοι-

182 4802 286 4855 μος
328 4777 407 4841 εἷς
438 4779 501 4833 τὸ
530 4784 854 4857 παρασχεῖν.

1857 4486 1903 4551 D

2365 4482 2441 4543 Ex
2476 4488 2743 4544 Parallet.
2790 4490 3153 4562 Rupefucald.

2015 4602 2309 4678 Ἀνανῆψαι
2340 4607 2508 4679 ἡμᾶς.
2546 4648 2559 4663 .
2599 4648 2611 4662 .
2643 4650 2656 4662 .
2687 4598 2913 4679 ἔχομεν.

2015 4688 2243 4749 Θέλουσι
2309 4694 2411 4771 γὰρ
2468 4696 2603 4767 ἡμῖν
2651 4694 2706 4748 εὗ
2762 4696 3041 4769 πράττειν,
3093 4697 3222 4757 Θεὸς
3262 4694 3480 4772 ἕτοιμος
3512 4697 3589 4764 εἷς

1942 4780 2004 4833 τὸ
2034 4780 2318 4861 παρέχειν.

1627 4897 1700 4935 ΑΙ)
1735 4897 2136 4937 POLYCARPUM.

256 4980 394 5049 Cap.
430 4978 472 5033 Ι.
526 4976 813 5051 Γρηγόρει,
864 4974 1167 5047 ἀκοίμητον
1219 4979 1431 5049 πνεῦμα
1478 4978 1833 5050 κεκτημένος.

2020 4979 2305 5054 Γρηγόρει,
2338 4978 2641 5054 ἀκοίμητον
2662 4978 2817 5057 ὄμμα
2846 4980 3194 5055 κεκτημένος.

1694 5124 1765 5162 ΑΙ)
1799 5119 2084 5165 ΕΡΗΕΒΙΟΒ.

254 5205 393 5275 Cap.
428 5204 518 5257 VI.
554 5199 789 5265 Εἰώθασί
820 5220 962 5263 τινες
997 5197 1149 5273 δόλῳ
1178 5202 1407 5277 πονηρῷ
1435 5201 1498 5256 τὸ
1531 5200 1707 5277 ὄνομα
1737 5224 1830 5258 πει

185 5312 444 5372 ριφερειν.

252 5454 329 5528 (2)
361 5448 1139 5528 lgnat.{$pist._ad_5mgni.,_
1168 5408 1295 5528 cap.
1332 5448 1383 5501 1.

250 5519 329 5597 (3)
363 5519 714 5592 Wesseling.
747 5521 1036 5578 Probabil.
1074 5520 1168 5575 lib.
1205 5519 1375 5589 sing.,
1410 5535 1536 5590 cap.
1571 5519 1661 5586 33,
1695 5534 1828 5591 pag.

181 5596 303 5653 196.

251 5670 330 5737 (4)
362 5673 522 5723 Rom.
549 5680 591 5731 ι,
624 5664 677 5729 3,
711 5664 763 5717 4.

275 5670 330 5737 4)
362 5673 522 5723 Rom.
549 5680 591 5731 ι,
624 5670 677 5729 3,
711 5670 763 5717 4.

251 5670 325 5815 ἓὸ)
360 5740 638 5807 Bossuet,
682 5747 763 5790 νι·
809 5735 1065 5792 Αυθνιίεε.
1097 5750 1214 5793 aux
1268 5736 1525 5805 Protut.,
1585 5750 1603 5788 1
1657 5736 1831 5805 part.,

2012 5203 2246 5260 Εἰώθασί
2304 5225 2443 5267 τινες
2502 5203 2651 5278 δόλῳ
2715 5212 2948 5283 πονηρῷ
3007 5209 3071 5263 τὸ
3126 5203 3297 5281 ὄνομα
3349 5211 3585 5283 Χριστοῦ

1944 5294 2272 5372 περιφέρειν.

1940 5452 2048 5505 art.
2082 5466 2137 5517 v,
2169 5450 2311 5519 §34.

2122 5524 2311 5596 lgnat.
2336 5524 2509 5596 Epist.
2536 5524 2613 5579 ad
2654 5524 2900 5596 Smym.,
2924 5542 3052 5596 cap.
3083 5525 3141 5582 7.

2011 5593 2090 5669 (Ἰ)
2120 5593 2455 5669 :I‘heodorit.
2490 5596 2637 5669 Dial.
2664 5593 2763 5669 in,
2782 5612 2913 5669 pag.
2950 5593 3069 5653 154.

2013 5665 2086 5734 (8)
2119 5665 2304 5736 lgnat.
2340 5666 2509 5735 Epist.
2544 5665 3006 5743 adEpheiq'cap.
3029 5672 3080 5725 7.
