3942 6302
155 364 294 426 .573

1213 439 1219 444 ,
1265 364 1609 428 ANDBEE
1647 363 2076 429 GALLANDII
2126 366 2546 430 PBOCEMIA.

3473 363 3602 429 ’574

180 506 390 559 auctor
403 501 872 575 prolegomenwn
895 502 964 559 ad
987 504 1214 559 tomum
1243 504 1322 559 III
1341 503 1850 560 versionisLxx-vi-
1873 506 1931 572 Α
2034 503 2180 568 Quid
2214 506 2425 578 quavis
2456 505 2484 561 ‘l
2515 504 2708 561 Mirari
2742 503 2903 561 subit
2925 503 3226 560 enimvero
3258 518 3448 574 neque
3479 501 3604 558 Til-

181 593 329 648 ralis
359 592 640 650 editionis
669 593 974 648 Grabianze
1009 593 1141 664 (18),
1175 593 1274 664 qui
1305 593 1599 650 Nobilium
1641 593 1843 661 seculi,

187 683 261 738 ad
298 681 442 738 illud
478 682 694 755 pariter
724 682 887 740 Isaiae
941 699 1020 750 rx,
1051 683 1106 751 6,
1141 683 1413 739 eumdem
1446 682 1638 740 locum
1684 699 1752 737 ex
1778 698 1849 738 ea

186 772 444 844 epistola
467 772 983 845 pseudepigrapha
1006 779 1284 843 tanquam
1309 788 1444 830 vere
1474 772 1844 844 Ignatianum

188 862 550 918 excitarunt.

261 952 382 1008 Hac
403 952 542 1007 item
564 956 794 1022 arrepta
820 952 1124 1008 occasione
1147 951 1302 1008 haud
1324 952 1580 1009 otiosum
1605 952 1848 1007 fortasse

189 1042 378 1098 fuerit
428 1039 770 1097 meminisse
799 1039 958 1097 illius
1008 1041 1341 1113 fragmenti,
1369 1042 1521 1112 quod
1545 1058 1575 1097 e
1603 1039 1846 1096 Ioannis

182 1130 587 1204 Chrysostomi
624 1130 863 1187 homilia
898 1132 969 1186 De
996 1147 1104 1188 non
1137 1131 1674 1188 anathematimndis
1703 1129 1846 1188 vivis

190 1220 285 1276 vel
317 1219 591 1289 defunctis
618 1219 734 1291 (19)
766 1219 1172 1291 desumptum,
1203 1221 1471 1292 epistolis
1526 1217 1847 1292 Ignatianis

183 1312 382 1382 primo
413 1308 537 1366 loco
569 1309 955 1378 subjecimus.
987 1309 1079 1365 Sic
1097 1317 1294 1366 aulem
1329 1309 1506 1366 habet
1537 1327 1549 1366 :
1580 1309 1676 1364 Ὃν
1706 1307 1843 1383 τρό-

185 1420 292 1454 πον
327 1399 355 1452 ὁ
400 1395 638 1472 περιθεὶς
689 1397 862 1469 ἑαυτῷ
919 1394 1224 1474 ἁλουργίδα
1283 1397 1575 1472 βασιλικὴν
1615 1395 1844 1466 ἰδιώτης

187 1488 511 1564 τυγχάνων,
542 1485 703 1548 αὐτός
735 1507 792 1544 τε
839 1486 929 1541 καὶ
989 1486 1040 1540 οἱ
1097 1485 1246 1559 αὐτῷ
1287 1488 1734 1564 συνεργήσαντες,
1769 1486 1844 1548 ὡς

186 1577 447 1650 τύραννοι
502 1576 873 1650 ἀναιροῦνται·
935 1575 1130 1645 οὕτως,
1188 1570 1314 1652 ἔφη,
1345 1577 1397 1631 οἱ
1445 1575 1514 1650 τῇ
1548 1573 1842 1650 δεσποτικῇ

185 1667 464 1740 ἀποφάσει
498 1666 864 1740 χρησάμενοι,
921 1663 1011 1721 καὶ
1070 1664 1328 1738 ἀνάθημα
1356 1667 1456 1734 τῆς
1515 1664 1844 1737 Ἐκκλησίας

188 1757 524 1826 ποιήσαντες
555 1753 867 1830 ἄνθρωπον,
911 1754 986 1816 εἰς
1043 1753 1285 1823 παντελῆ
1342 1754 1570 1829 ὄλεθρον
1599 1754 1840 1828 ἀπάγου-

1960 593 2047 648 Ien
2075 595 2298 650 ontium
2334 611 2519 667 neque
2566 593 3091 660 Montfauconium,
3126 591 3227 664 qui
3275 598 3333 649 et
3381 595 3602 647 textum

1959 682 2220 740 Grazcum
2249 685 2648 756 Ignatianum,
2680 689 2744 740 ut
2774 683 3013 756 quidem
3039 686 3226 754 putat,
3262 682 3318 737 in
3344 682 3604 737 medium

1957 777 2194 846 profert,
2222 776 2281 831 in
2340 777 2737 848 suspicionem
2789 775 2944 831 haud
2991 773 3240 838 venisse,
3273 773 3450 828 verba
3508 770 3612 826 illa

1958 881 2074 920 non
2108 865 2180 921 ab
2219 867 2465 937 lgnatio,
2500 866 2602 922 sed
2633 866 2705 920 ab
2748 864 3099 937 Ignatiastro
3131 861 3314 917 fuisse
3347 860 3606 916 conscri-

1957 957 2077 1024 pta,
2099 971 2202 1011 nec
2223 955 2282 1011 in
2310 955 2558 1021 sincera,
2577 955 2684 1011 sed
2701 955 2764 1009 in
2785 952 3135 1026 interpolata
3159 952 3231 1006 ad
3263 951 3604 1023 Smyrnteos

1953 1043 2200 1116 epistola
2213 1049 2456 1102 exstare.
2477 1043 2720 1101 Baronio
2736 1043 2939 1115 utique
2954 1041 3381 1113 indulgendum
3406 1039 3606 1095 eodem

1957 1135 2215 1202 nomine,
2237 1152 2352 1208 quo
2374 1135 2550 1208 paulo
2577 1139 2710 1191 ante
2727 1133 3029 1191 Nobilium
3055 1135 3396 1188 excusatum
3422 1129 3605 1186 volui-

1958 1241 2110 1279 mus.
2136 1225 2282 1290 Quid
2307 1223 2774 1297 igitur,inquies,
2800 1223 2868 1279 de
2885 1222 3298 1294 Chrysostomo
3321 1224 3584 1276 statuen-

1955 1313 2096 1368 dum
2129 1312 2302 1369 fuerit
2332 1317 2355 1370 Ρ
2384 1320 2465 1369 De
2495 1329 2561 1369 eo
2585 1313 2865 1367 nimirum
2892 1313 2972 1366 ita
2997 1309 3374 1366 sentiendum
3407 1307 3606 1364 existi-

1955 1404 2352 1460 mamus:vel
2411 1403 2651 1475 aliquod
2695 1403 2754 1458 S.
2803 1399 3078 1473 martyris
3131 1399 3418 1471 scriptum
3479 1398 3607 1454 sive

1955 1491 2327 1564 epistolicum
2351 1494 2473 1549 sive
2502 1493 2655 1550 alius
2676 1492 2906 1565 generis
2933 1506 3090 1546 nunc
3113 1487 3486 1560 deperditum
3511 1503 3604 1543 re-

1957 1583 2218 1654 spexisse
2239 1583 2298 1638 S.
2357 1583 2655 1640 doctorem
2692 1599 2705 1638 :
2737 1581 2850 1649 vel,
2885 1581 2934 1637 si
2984 1579 3192 1646 mavis,
3222 1577 3433 1648 Ignatii
3481 1577 3606 1648 epi-

1955 1671 2231 1728 stolarum
2261 1672 2520 1728 codicem
2553 1671 2967 1744 interpolatum
3000 1669 3060 1724 in
3093 1667 3222 1738 ejus
3245 1683 3456 1722 manus
3487 1665 3601 1720 ali-

1956 1761 2191 1832 quando
2222 1761 2524 1831 incidisse,
2557 1776 2729 1832 quem
2761 1759 2993 1832 ’putarit
3024 1772 3152 1813 esse
3203 1771 3550 1828 germanum
3589 1771 3602 1823 ;

185 1863 272 1897 σιν
332 1841 577 1914 ἑαυτοὺς,
635 1844 735 1911 τὴν
819 1844 967 1916 ἀξίαν
1043 1847 1143 1899 τοῦ
1233 1843 1356 1899 ficii
1414 1843 1839 1919 ἀφαρπάζοντες.

1983 1851 2111 1922 ιυοᾶ
2160 1856 2356 1907 tamen
2407 1851 2499 1907 vix
2525 1849 2870 1907 crediderim
2901 1865 2921 1904 :
2951 1847 3039 1903 vel
3096 1846 3352 1916 denique
3401 1845 3600 1916 ipsum

187 1933 254 1989 Id
317 1939 449 1990 est:
483 1933 946 2003 Quemadmodum
972 1935 1021 1988 si
1076 1934 1224 2004 quis,
1269 1935 1522 2005 privatus
1567 1951 1696 1992 cum
1746 1936 1842 2004 sit,

186 2025 406 2095 regiam
430 2041 746 2097 purpuram
781 2023 1060 2093 induerit,
1081 2027 1196 2079 tum
1229 2026 1346 2094 ipse
1366 2033 1484 2080 tum
1514 2025 1845 2082 commilito-

179 2129 279 2169 nes
309 2114 448 2184 ejus,
479 2113 640 2187 quasi
659 2115 892 2184 tyranni
917 2113 1336 2184 interﬁciuntur
1360 2131 1373 2170 :
1396 2117 1497 2182 sic,
1518 2116 1574 2170 in
1588 2116 1726 2189 quit,
1752 2115 1848 2185 qui

177 2203 466 2260 Dominico
497 2210 732 2260 utuntur
759 2203 994 2273 decreto,
1023 2209 1078 2259 et
1114 2202 1397 2261 hominem
1421 2203 1682 2262 Ecclesia
1703 2221 1844 2261 ana-

183 2294 367 2348 thema
393 2295 630 2364 faciunt,
663 2296 723 2348 in
751 2302 1052 2350 extremam
1094 2309 1153 2349 se
1198 2296 1505 2365 perniciem
1538 2294 1841 2362 abducunt,

187 2381 326 2436 Filii
352 2381 683 2451 dignitatem
711 2389 1062 2453 usurpantes.
1083 2386 1202 2437 Hoc
1225 2387 1422 2440 autem
1447 2383 1668 2440 dictum
1697 2384 1847 2438 inter

191 2470 420 2542 reliqua
451 2470 749 2541 Ignatiana
790 2487 918 2542 quae
965 2471 1023 2526 in
1077 2471 1342 2544 epistolis
1385 2471 1632 2529 sinceris
1685 2474 1843 2529 haud

189 2565 447 2626 exstant,
485 2561 888 2632 reponendum
917 2561 1278 2630 censuimus,
1309 2566 1366 2618 8.
1400 2563 1654 2619 doctoris
1685 2579 1843 2619 reve-

192 2652 383 2705 rentia
415 2655 471 2705 et
502 2649 848 2706 auctoritate
864 2651 1110 2722 permoti
1132 2669 1146 2719 ;
1171 2652 1580 2722 quiejusmodi
1605 2652 1842 2708 effatum

193 2740 638 2805 enuntiaturus,
666 2757 806 2796 suos
823 2742 1119 2796 auditores
1142 2741 1233 2796 his
1257 2742 1450 2797 verbis
1477 2743 1842 2812 alloquitur:

191 2853 218 2879 ι(
248 2827 524 2884 Βούλεσθε
559 2834 768 2901 μαθεῖν,
804 2828 899 2883 οἷά
952 2849 1033 2890 τις
1065 2827 1356 2906 ἐφθέγξατο
1417 2831 1572 2905 ἅγιος
1601 2836 1709 2886 τῶν
1738 2833 1844 2906 πρὸ

189 2921 356 2989 ἡμῶν
416 2925 517 2986 τῆς
578 2914 843 2992 διαδοχῆς
899 2922 1007 2972 τῶν
1035 2918 1360 2975 ἀποστόλων
1418 2921 1732 2996 γενόμενος,
1785 2920 1842 2984 ὅς

183 3009 275 3062 καὶ
327 3006 630 3082 μαρτυρίου
677 3006 877 3079 ἠξίωτο
912 3025 926 3076 ;
960 3030 988 3059 ››
1025 3009 1197 3066 Vultis
1247 3009 1454 3066 discere
1501 3010 1639 3084 quid
1695 3012 1850 3067 disce-

182 3097 260 3149 rit
292 3094 382 3150 vir
411 3096 656 3167 quidam,
690 3097 790 3166 qui
809 3105 942 3152 ante
968 3111 1067 3151 nos
1087 3105 1140 3153 et
1170 3096 1238 3153 de
1267 3101 1598 3154 successione
1622 3103 1844 3170 aposto-

185 3184 370 3240 lorum
399 3186 532 3254 luit,
564 3198 630 3240 ac
674 3186 946 3256 martyrio
994 3184 1270 3254 dignatus
1298 3190 1377 3242 est
1405 3190 1431 3241 Ρ
1456 3189 1636 3250 Quem
1686 3189 1842 3244 enim

187 3273 372 3330 alium
411 3277 723 3345 martyrem
756 3289 824 3329 ex
856 3272 1257 3346 apostolorum
1291 3277 1683 3346 successione,
1717 3293 1847 3348 pro-

191 3361 394 3416 tulerit
451 3360 874 3433 Chrysotomus
949 3362 1268 3420 Antiochiae
1339 3363 1606 3436 loquens,
1668 3381 1845 3436 quam

193 3449 492 3520 lgnatium
521 3449 948 3506 Antiochenam
981 3452 1320 3524 episcopum
1353 3453 1380 3508 ?
1413 3455 1625 3525 uljure
1649 3455 1846 3526 arguit

195 3538 270 3595 cl.
307 3537 784 3594 Montfauconius
805 3539 941 3611 (20).
971 3541 1260 3598 Baronius
1277 3542 1376 3612 qui
1403 3543 1629 3614 primus
1652 3543 1844 3599 locum

193 3628 411 3682 detexit
439 3628 574 3696 ('21),
605 3627 917 3698 epistolam
948 3630 1019 3684 ad
1055 3629 1386 3702 Smyrntnos
1415 3634 1472 3685 S.
1521 3633 1678 3688 Patri
1711 3637 1846 3689 ante

192 3716 396 3774 oculos
427 3717 792 3772 obversatam
827 3717 1005 3773 fuisse
1037 3718 1307 3788 conjecit,
1342 3719 1442 3774 ubi
1484 3719 1606 3778 haec
1638 3719 1844 3792 legun-

191 3813 290 3863 tur
315 3809 424 3878 (22)
457 3822 471 3864 :
508 3830 528 3857 ι
566 3805 630 3861 Εἰ
671 3806 775 3880 γὰρ
807 3806 835 3860 ὁ
884 3805 1198 3881 βασιλεῦσιν
1259 3806 1698 3883 ἑπεγειρόμενος,
1745 3831 1845 3866 κο-

191 3895 410 3958 λάσεως
447 3893 593 3968 ἄξιος
653 3892 880 3959 δικαίως
939 3899 1246 3970 γενήσεται,
1303 3898 1378 3962 ὥς
1423 3919 1488 3974 γε
1545 3899 1839 3972 παραλύων

185 3986 289 4054 τήν
321 3985 512 4052 κοινήν
546 3983 822 4056 εὐνομίαν·
855 3985 1010 4058 πόσῳ
1041 3983 1250 4042 δοκεῖτε
1305 3986 1556 4063 χείρονος
1613 3989 1844 4061 ἀξιωθή-

191 4096 339 4131 σεται
372 4075 668 4150 τιμωρίας,
700 4075 728 4129 ὁ
791 4073 914 4130 ἄνευ
975 4073 1276 4132 ἐπισκόπου
1329 4079 1384 4131 τὶ
1440 4082 1620 4134 ποιεῖν
1645 4099 1842 4152 προαι-

188 4164 486 4241 ρούμενος,
546 4165 639 4218 καὶ
691 4166 792 4234 τὴν
851 4164 1115 4237 ὁμόνοιαν
1144 4163 1411 4236 διασπῶν,
1434 4169 1522 4223 καὶ
1554 4169 1654 4238 τήν
1686 4169 1842 4224 εὐτα-

186 4256 303 4327 ξίαν
337 4252 579 4330 συγχέων
614 4271 628 4323 ;
659 4275 686 4306 ιι
721 4256 784 4310 Si
803 4258 949 4312 enim
964 4258 1090 4325 iure
1108 4260 1214 4314 erit
1233 4275 1393 4329 paena
1407 4258 1725 4332 dignusqui
1741 4262 1840 4317 ad-

185 4363 378 4404 versus
431 4362 584 4418 reges
625 4349 886 4415 insurgit,
946 4353 1008 4402 ut
1055 4350 1153 4419 qui
1198 4350 1434 4406 resolvat
1495 4366 1841 4408 communem

184 4437 430 4508 quietem
460 4452 480 4490 :
512 4439 718 4507 quanto
755 4433 967 4506 putatis
1013 4439 1240 4505 gravius
1292 4440 1608 4496 merebitur.
1638 4442 1842 4512 suppli-

183 4524 356 4593 cium,
386 4523 485 4596 qui
513 4525 637 4580 sine
652 4525 902 4596 episcopo
936 4525 1068 4596 quid
1098 4525 1243 4583 volet
1277 4545 1464 4600 agere,
1495 4530 1840 4586 concordiam

182 4629 445 4686 rumpens
473 4623 529 4669 et
552 4614 751 4670 bonum
781 4614 1037 4672 ordinem
1065 4618 1407 4688 con/andem
1436 4622 1462 4673 .9
1489 4621 1669 4690 Cujus
1701 4619 1835 4692 qui-
1867 4621 1912 4686 D

183 4707 320 4761 dem
378 4703 491 4759 loci
526 4705 666 4770 vim,
701 4721 820 4760 non
892 4707 1067 4761 verba
1128 4708 1455 4766 reddidisse
1485 4710 1837 4783 Chrysosto-

185 4809 378 4857 mum,
407 4797 581 4863 atque
608 4793 680 4847 ad
727 4793 1087 4864 prepositum
1120 4794 1263 4851 illud
1297 4814 1468 4854 suum
1510 4799 1831 4871 inflexisse,

186 4882 397 4938 statuit
419 4881 575 4936 idem
600 4881 912 4938 Annalium
933 4883 1464 4943 ecclesiasticorum
1481 4905 1713 4962 parens.
1733 4892 1836 4946 Se-

185 4989 291 5028 cus
321 4987 456 5026 vero
484 4969 802 5026 arbitratur
821 4971 1236 5030 Tillemontius
1259 4977 1394 5048 (23),
1428 4978 1521 5033 cui
1547 4979 1712 5036 locus
1739 4979 1835 5035 hic

186 5060 532 5133 Ignatianus
563 5076 698 5116 eum
725 5059 824 5117 illo
855 5061 1252 5135 Chrysostomi
1281 5066 1372 5121 vix
1392 5067 1836 5141 quidpiamjaffi-

184 5149 389 5204 uitatis
438 5148 652 5204 habere
695 5149 942 5205 videtur.
1002 5151 1476 5212 Montf‘aucenius
1521 5165 1716 5214 tamen
1774 5157 1834 5212 in

180 5236 416 5295 Baronii
449 5237 800 5295 sententiam
831 5241 1119 5297 concedit.

254 5426 372 5502 (18)
398 5423 527 5479 Vet.
551 5423 709 5479 Teet.
736 5438 806 5478 ex
836 5441 988 5502 v_ers_.
1012 5427 1155 5502 LXX
1175 5429 1313 5484 edit.
1336 5429 1538 5497 Grab.,
1559 5435 1702 5486 tom.
1731 5431 1834 5502 III,

181 5499 504 5570 prolegom.
568 5512 626 5550 n.
659 5510 736 5560 ιν,
792 5497 904 5552 sub
944 5498 1044 5556 ﬂn.
1082 5501 1140 5568 §§
1165 5502 1287 5557 Jam
1307 5518 1376 5558 ea:
1405 5502 1506 5558 hoc
1542 5497 1834 5570 schemate,

181 5575 242 5626 et
276 5572 401 5624 Duo
431 5577 620 5624 tamen
649 5574 798 5626 sunt.

179 5639 372 5771 Ρέέἱῗ)
397 5640 569 5769 ἒοέοο.
604 5637 905 5709 Chrysost.
940 5640 1088 5714 Opp.
1121 5649 1262 5702 tom.
1298 5645 1341 5714 Ι,
1375 5661 1508 5718 pag.
1555 5646 1664 5702 393
1693 5645 1830 5702 edit.

1959 1940 2279 1996 fortassein
2296 1940 2483 1996 alium
2505 1941 2577 1997 ab
2598 1938 2821 2011 Ignatio
2843 1933 3229 2009 apostolicum
3248 1933 3442 1989 virum
3462 1950 3567 1989 ocu

1955 2028 2045 2085 los
2076 2028 2421 2086 intendisse.
2457 2030 2524 2084 At
2557 2029 2624 2084 de
2655 2027 2749 2083 his
2796 2025 2940 2082 satis
2973 2041 2987 2080 :
3025 2040 3150 2096 qua
3197 2021 3436 2095 quidem
3486 2036 3602 2076 non

1957 2117 2149 2175 solum
2171 2123 2478 2191 eaprOpter
2503 2118 2838 2175 adnotanda
2859 2114 3221 2181 censuimus,
3244 2128 3317 2168 ne
3339 2111 3602 2167 virorum

1955 2210 2432 2266 doctissimorum
2454 2208 2772 2266 auctoritas
2802 2205 3112 2262 incuriosis
3158 2202 3473 2260 lectoribus
3505 2202 3564 2256 fu
3584 2229 3597 2241 -

1955 2317 2089 2356 cum
2135 2301 2328 2370 faciat,
2358 2302 2458 2357 sed
2491 2300 2664 2356 etiam
2715 2298 2775 2353 in
2839 2296 3037 2369 primis
3068 2298 3133 2349 ut
3190 2291 3456 2365 epistolis
3509 2305 3603 2362 ge-

1956 2390 2155 2447 nuinis
2190 2391 2423 2447 debitus
2454 2390 2639 2447 honor
2668 2389 2728 2444 in
2775 2393 2897 2443 tulo
2928 2385 3152 2458 positus
3203 2381 3430 2438 firmius
3459 2397 3599 2437 con-

1958 2479 2148 2537 sistat.

2033 2573 2246 2626 Verum
2314 2575 2634 2642 antequam
2697 2567 2809 2623 alio
2841 2582 2902 2622 se
2935 2567 3234 2621 convertat
3260 2561 3468 2628 oratio,
3527 2561 3600 2616 de

1955 2660 2161 2732 Ignatii
2196 2659 2444 2732 epistola
2475 2658 2754 2715 Romanis
2799 2654 3080 2727 inscripta
3119 2669 3246 2724 quae.
3299 2651 3359 2706 in
3409 2650 3603 2706 codice

1955 2751 2207 2806 Mediceo
2234 2749 2618 2816 desideratur,
2657 2745 2937 2803 nonnulla
2969 2744 3062 2799 hic
3107 2740 3478 2796 admonenda
3507 2755 3608 2794 oc-

1955 2844 2224 2902 currunt,
2256 2838 2445 2909 iisque
2486 2837 2772 2904 addenda,
2809 2851 2934 2906 quis
2980 2830 3254 2904 superius
3302 2847 3368 2885 ea
3420 2829 3492 2883 de
3538 2843 3600 2884 re

1955 2927 2274 2998 attigimus.
2307 2932 2472 2983 Hanc
2524 2925 2703 2999 igitur
2732 2922 3039 2995 epistolam
3092 2922 3243 2992 typis
3290 2919 3598 2985 consigna-

1957 3017 2096 3085 turi,
2127 3017 2336 3072 Smilhi
2359 3016 2656 3088 exemplar
2687 3018 2754 3070 ad
2780 3009 3070 3070 Ruinartii
3094 3009 3315 3064 editum
3349 3006 3601 3077 diligen-

1959 3114 2044 3162 ter
2075 3111 2342 3162 exactum
2377 3105 2693 3177 selegimus
2729 3119 2743 3158 :
2777 3115 2966 3172 neque
3010 3098 3166 3155 enim
3220 3095 3508 3151 Clericum
3543 3093 3601 3148 in

1957 3212 2090 3253 secu
2102 3197 2212 3251 nda
2233 3194 2593 3251 Coteleriana
2616 3195 2784 3250 Patru
2796 3207 2850 3245 m
2876 3185 3326 3260 apostolicorum
3342 3183 3558 3238 edition
3573 3198 3605 3238 e

1957 3291 2122 3366 sequi
2173 3287 2412 3364 placuit,
2449 3285 2570 3357 qui,
2605 3298 2676 3337 ne
2729 3282 2940 3336 lectore
2988 3275 3226 3347 quidem
3275 3272 3601 3366 admonito,

1953 3359 2192 3439 textum—
2209 3383 2329 3438 sive
2361 3377 2547 3450 ipsius
2575 3371 2834 3444 epistolae
2866 3367 2987 3422 sive
3031 3366 3305 3419 Actorum
3335 3359 3599 3450 martyrii

1954 3471 2241 3545 Ignatiani
2276 3448 2522 3526 subinde
2553 3460 2807 3526 reﬁnxit,
2839 3457 3149 3527 eidemque
3181 3455 3354 3545 prout
3381 3449 3494 3545 sibi
3526 3448 3598 3504 li-

1954 3539 2078 3618 buit
2092 3562 2400 3616 immutate
2415 3571 2582 3612 suam
2600 3546 3138 3620 intrepretatiouem
3157 3539 3592 3612 adjecit.Unum

1952 3651 2038 3708 vel
2068 3651 2316 3707 alterum
2343 3647 2522 3717 hujus
2553 3642 2708 3699 haud
2740 3638 2991 3695 ferendae
3021 3632 3270 3689 licentia
3299 3629 3594 3702 specimen

1952 3742 2168 3813 accipe.
2203 3739 2266 3794 In
2298 3734 2556 3809 epistolae
2587 3727 2967 3800 inscriptione
2997 3720 3386 3813 Ruinartiana
3419 3717 3594 3813 editio

1950 3809 2145 3897 habet,
2178 3825 2388 3900 Πατρὸς
2421 3821 2668 3897 ὑψίστου.
2704 3820 2793 3874 Ita
2826 3828 3058 3886 quoque
3108 3809 3491 3900 Logothetes.
3517 3809 3594 3860 At

1949 3895 2205 3976 Clericus
2268 3895 2398 3974 cum
2471 3895 2726 3971 iUsserio.
2790 3895 3309 3998 {ablatae-111186;.
3344 3896 3591 3998 ~Ibidem

1950 4011 2105 4082 apud
2157 4004 2550 4070 Ruinarlium,
2607 3996 2700 4054 καὶ
2755 3995 2937 4064 Ἰησοῦ
2989 3988 3238 4082 Χριστοῖὶ⁸
3273 3986 3371 4037 τοῦ
3421 3986 3590 4082 μένου

1947 4075 2077 4153 ficii
2148 4095 2334 4152 αὐτοῦ.
2403 4093 2614 4148 Vocem
2697 4084 2864 4159 μόνου
2923 4080 3099 4137 habet
3165 4076 3342 4132 etiam
3424 4075 3598 4127 Meta-

1949 4189 2238 4260 phrastes,
2273 4184 2530 4257 legitque
2560 4181 2619 4235 in
2669 4193 2774 4233 suo
2827 4173 3024 4230 codice
3052 4174 3220 4260 vetus
3281 4164 3589 4260 interpres.

1948 4253 2449 4334 Clericus'tamen
2496 4269 2708 4326 maluit
2754 4280 2888 4322 cum
2947 4257 3202 4325 Usserio,
3265 4253 3593 4326 μονόγενοῦς

1948 4365 2112 4420 αὐτοῦ
2173 4364 2320 4419 Υἱοῦ.
2378 4362 2607 4420 Ibidem
2665 4355 2958 4418 Βυίηᾶτῐη
2988 4349 3106 4416 ἣτις
3170 4342 3263 4399 καὶ
3310 4338 3594 4413 προκάθη-

1947 4477 2058 4527 ται,
2122 4455 2227 4513 Ubi
2277 4452 2542 4526 apposite
2597 4447 2868 4505 observat
2921 4437 3212 4527 Smithus,
3245 4431 3594 4527 particulam

1948 4523 2468 4619 emphaticam—xal
2513 4539 2663 4598 male
2692 4537 2878 4593 fuisse
2900 4533 2958 4586 in
2977 4526 3231 4619 vulgatis
3259 4523 3542 4619 omissam
3578 4537 3593 4578 ι

1947 4617 2122 4710 quam
2180 4632 2569 4691 nihilominus
2628 4627 2908 4694 Clericus,
2967 4617 3270 4678 Usserium
3303 4617 3593 4712 “secutus.z

1948 4703 2221 4784 omisisse
2253 4721 2628 4794 comperitur.
2665 4716 2885 4774 Ibidem
2939 4710 3049 4767 sub
3083 4708 3259 4762 finem
3303 4703 3594 4794 Ruinartii

1948 4815 2262 4888 exemplar,
2323 4791 2614 4880 ἐν-Ἰησοῧ
2690 4805 2910 4878 Χριστῷ
2979 4801 3060 4892 τῑίέ
3131 4798 3266 4892 gei'p.
3307 4791 3591 4892 ‘Cleri‘cus

1947 4879 2186 4974 vero,.év
2218 4879 2406 4974 Κυρίῳ
2437 4899 2620 4967 Ἰησοῦ
2671 4893 2890 4967 Χριστῷ
2947 4885 3084 4957 Θεῷ.
3138 4883 3325 4974 liabet
3355 4879 3592 4974 quidem

1948 4971 2223 5054 Usserius
2264 4971 2470 5062 Κυρίῳ,
2530 4986 2632 5042 sed
2689 4980 2896 5038 retinet
2947 4973 3257 5062 articulum
3317 4972 3395 5040 τῷ
3444 4971 3530 5062 _0.,
3563 4983 3596 5021 a

1950 5083 2172 5140 Clerico
2206 5059 2650 5154 praetermissum
2686 5088 2700 5128 :
2735 5070 2889 5142 quod
2923 5067 2981 5122 in
3013 5061 3225 5154 primis
3239 5059 3592 5154 notandum.

1948 5174 2078 5232 Uno
2107 5147 2309 5241 verbo,
2341 5169 2525 5226 edilor
2542 5153 3128 5223 Amstelodamensis,
3149 5150 3351 5241 relicta
3376 5147 3594 5219 passim

1950 5239 2336 5323 Ruinartiana
2363 5257 2637 5320 editione,
2661 5247 2969 5308 Usserium
2989 5242 3210 5313 ubique
3232 5239 3411 5296 ferme
3434 5249 3592 5291 asse-

2021 5430 2131 5498 t20)
2159 5425 2474 5482 Montfauo.
2505 5422 2566 5476 in
2598 5416 2895 5543 Chgsost.
2942 5408 3103 5477 ibid.,
3135 5409 3256 5462 not.
3290 5419 3340 5458 ο.

2027 5499 2141 5543 194)
2177 5498 2386 5543 Rnrnn.
2422 5495 2494 5543 ad
2523 5509 2620 5543 an.
2651 5491 2685 5543 3
2762 5532 2777 5543 .
2809 5485 2840 5543 ε
2871 5499 2966 5538 LII.

2027 5485 2141 5574 (21)
2173 5495 2495 5574 _Baro_n._ad
2523 5509 2620 5574 an.
2809 5485 2992 5574 ξιτψ,

2173 5543 2672 5642 i'giiéﬁ'sﬁgifad
2710 5543 2938 5642 Singirn.
2973 5553 3358 5642 interp.,ngqp.
3389 5543 3447 5598 9.

2171 5619 2402 5700 iiiiiiih.
2433 5619 2612 5692 Mem.
2645 5631 2777 5688 eccl.
2805 5619 2953 5685 tom.
2980 5629 3078 5693 VI,
3112 5619 3166 5691 p.
3201 5619 3325 5676 364.
