3942 6302
359 402 477 462 5⁸15

1442 403 1512 462 S.
1561 396 1954 463 IGNATIUS.
2002 430 2078 444 —
2123 393 2734 460 PROLEGOMENA.

3666 410 3804 470 576

357 534 545 589 otatur
580 546 596 600 ;
627 529 730 602 qui
761 537 974 602 tamen,
1008 545 1138 589 cum
1180 532 1328 588 hanc
1361 532 1567 605 Ignatii
1599 531 1910 606 epistolam
1944 530 2002 586 in
2035 531 2085 599 Α
2117 529 2494 603 interpolatae
2511 529 2776 602 parijure
2795 531 3049 602 gaudere
3065 533 3353 604 opinatur.
3377 536 3490 594 Sed
3524 538 3641 596 iste
3675 543 3802 597 de-

359 619 524 675 nullo
573 636 683 676 ms.
735 620 930 676 codice
963 621 1298 684 invenisset.
1351 624 1526 679 unius
1570 624 1778 679 veteris
1832 622 2008 676 inter-

359 710 536 779 pretis
567 709 740 764 ductu
771 726 898 764 eam
933 711 1004 766 ab
1037 712 1584 782 inlerpolationibus
1606 713 1890 768 redimere
1915 711 2014 765 ad-

363 797 528 853 nisus
570 799 696 854 fuit.
730 797 914 869 thue
941 816 1034 855 res
1063 803 1461 871 experimento
1510 802 1814 872 probetur,
1843 801 2013 854 adeat

361 887 540 944 lector
569 888 847 944 Grabium
869 891 1012 960 (2i);
1047 891 1147 961 qui
1179 891 1466 946 Ruinartii
1493 891 1794 962 exemplar
1813 891 2012 946 verbo-

358 982 530 1033 tenus
579 977 863 1046 exhibuit,
896 979 1202 1049 variasque
1228 979 1574 1035 Usserianas
1625 979 1905 1034 lectiones
1950 979 2010 1033 in

359 1067 646 1139 cujusque
678 1069 905 1140 paginas
947 1068 1194 1124 limbum
1243 1070 1493 1140 conjecit
1530 1087 1544 1125 :
1578 1085 1727 1140 quas
1761 1068 2005 1139 quidem

356 1171 498 1215 cum
531 1157 735 1211 Clerici
767 1157 922 1212 edito
951 1156 1262 1230 diligenter
1283 1158 1612 1224 conferens,
1644 1157 1800 1212 haud
1827 1171 2015 1228 pauca

361 1261 503 1301 sane
553 1245 772 1314 addita,
821 1245 1149 1313 immutata,
1184 1247 1551 1318 transposita
1585 1245 1741 1301 facili
1776 1245 2009 1316 negotio

364 1334 778 1406 deprehendet.
839 1335 1089 1391 Rectene
1145 1351 1276 1392 vero
1335 1353 1408 1390 an
1442 1351 1610 1391 secus
1665 1335 1723 1389 id
1787 1336 2001 1390 factum

365 1425 560 1490 fuerit,
607 1425 736 1480 aliis
768 1426 1197 1482 decernendum
1249 1426 1654 1495 relinquimus.
1686 1426 1803 1480 Nos
1853 1425 2008 1480 enim

370 1513 653 1569 nonnulla
685 1515 1022 1584 speciminis
1053 1532 1190 1588 ergo
1242 1531 1311 1571 ex
1340 1533 1458 1570 una
1503 1515 1756 1585 epistolae
1803 1513 2013 1569 inscri-

373 1604 568 1675 ptione
599 1604 889 1661 delibasse
919 1606 1196 1672 contenti,
1231 1607 1300 1660 ad
1333 1605 1444 1660 alia
1479 1619 1883 1676 preperamus.

1005 1711 1240 1768 CAPUT
1292 1712 1386 1769 IV.

1005 1712 1091 1766 CA
1320 1712 1386 1769 V.

375 1801 610 1869 Quinam
642 1801 840 1856 harum
866 1712 1240 1872 epistolattltjr'il:
1258 1714 1630 1872 irlztegritatem
1654 1814 1775 1872 prae
1801 1798 2017 1872 cmleris

2121 636 2283 675 mum
2309 619 2581 691 praecocis
2599 619 2815 692 ingenii
2833 621 2988 676 fetus
3013 622 3191 678 fuisse
3206 623 3434 680 videtur
3460 643 3472 681 :
3496 632 3563 682 ut
3579 631 3804 700 proin-

2119 709 2191 763 de
2211 709 2457 764 comiter
2473 709 3176 780 sitexcipiendusjuvenis
3191 716 3658 782 eruditissimus,
3678 721 3793 790 qui

2121 812 2336 868 magna
2366 801 2659 868 spectasse
2709 800 3069 868 comperitur
3097 817 3113 856 :
3146 805 3279 872 quia
3321 821 3429 859 non
3470 806 3632 860 modo
3663 822 3791 862 non

2120 885 2397 940 invidetur
2429 885 2518 940 illi
2545 888 2716 950 relati,
2744 893 2809 941 ut
2823 903 2957 943 vere
2987 905 3052 943 ac
3085 891 3379 961 sapienter
3402 895 3604 950 Cicero
3630 896 3790 966 (35),

2119 989 2309 1030 verum
2339 978 2510 1030 etiam
2529 980 2774 1044 lavetur.

2195 1065 2353 1119 inter
2381 1079 2481 1120 eos
2511 1073 2701 1120 autem
2735 1066 2836 1136 qui
2865 1083 2970 1138 pro
2998 1068 3265 1138 epistolis
3299 1072 3548 1128 sinceris
3581 1074 3793 1130 vindi-

2123 1153 2243 1208 cias
2266 1152 2634 1224 evulgarunt,
2659 1153 3037 1212 Pearsonium
3061 1159 3318 1215 eminere
3343 1177 3516 1217 nemo
3544 1165 3747 1219 nescit
3771 1180 3790 1230 ;

2123 1241 2242 1298 sive
2272 1242 2490 1314 ingenii
2511 1247 2569 1298 et
2592 1244 2798 1314 judicii
2823 1260 3064 1301 acumen
3091 1248 3390 1320 inspicias,
3421 1252 3545 1308 sive
3569 1253 3794 1308 multi-

2117 1332 2324 1404 jugam
2357 1337 2414 1387 et
2443 1331 2796 1402 exquisitam
2829 1332 3214 1391 eruditionem
3249 1345 3495 1408 spectes,
3518 1341 3643 1396 sive
3682 1359 3794 1398 co-

2126 1423 2280 1494 piam
2317 1426 2796 1494 argumentorum
2829 1427 2885 1478 el
2917 1426 3146 1496 pondus
3178 1431 3488 1499 expendas.
3525 1431 3792 1500 Verum,

2124 1527 2272 1581 opus
2305 1511 2762 1568 Pearsonianum
2799 1513 2930 1567 licet
2971 1515 3115 1570 adeo
3159 1516 3551 1589 luculentum,
3585 1537 3793 1592 Oppu-

2124 1615 2300 1670 gnare
2331 1604 2471 1655 sunt
2500 1601 2762 1672 aggressi
2792 1601 3102 1660 Matthaeus
3136 1605 3546 1679 Larroquanue
3580 1613 3639 1665 et
3668 1615 3787 1665 Ca-

2125 1688 2366 1744 simirus
2392 1689 2680 1746 Oudinus.
2715 1691 2781 1746 Et
2825 1691 2982 1747 illius
3020 1695 3257 1764 quidem
3290 1703 3542 1753 conatus
3570 1699 3787 1755 irritos

2125 1779 2306 1834 fuisse
2336 1784 2878 1835 commonstrarunt
2906 1781 2966 1836 in
2998 1783 3202 1852 primis
3242 1786 3451 1856 partim
3483 1787 3790 1860 Georgius

441 1867 1249 1971 prqpttgrzar;i_rtt.t;thJissim‘tts
1295 1867 1544 1971 ips'qrum
1589 1867 1714 1971 osour
1743 1871 2014 1937 Oudinus,
2050 1906 2097 1971 Β
2129 1867 2332 1922 Bullus
2359 1868 2493 1938 (36),
2527 1867 2738 1939 partim
2765 1868 3032 1926 Nicolaus
3056 1871 3339 1929 Nourrius
3361 1875 3467 1945 (37)
3506 1875 3736 1947 aliique
3771 1893 3786 1932 :

445 1962 478 1998 a
512 1945 824 2000 Mamachio
860 1948 928 1999 γ.
958 1949 1018 2000 C.
1051 1945 1260 2000 acriter
1307 1947 1626 2014 castigatus.
1660 1945 2016 2014 Heumannus

444 2018 579 2070 item
637 2019 958 2086 plerumque
1017 2015 1220 2070 Oudini
1270 2013 1508 2071 sectator
1567 2013 2016 2086 perstringitur:

442 2088 666 2158 ejusque
688 2085 976 2158 objectatio
1005 2088 1072 2141 de
1101 2089 1317 2143 vocibus
1369 2088 1584 2143 Latinis
1619 2089 1799 2141 textui
1829 2085 2018 2141 Graeco

442 2160 706 2213 immistis
753 2158 1096 2227 exploditur.
1132 2161 1389 2228 Epistola.’
1417 2160 1485 2212 ab
1544 2159 1758 2222 Ignotio
1788 2173 1847 2212 eo
1879 2161 2013 2211 tem-

438 2245 566 2300 pore
593 2232 936 2300 perscriptae,
960 2247 1067 2299 quo
1094 2233 1204 2300 fuit
1239 2230 1530 2286 Antiochia
1557 2230 1786 2285 Romam
1816 2230 2018 2282 missus

441 2301 714 2371 martyrio
733 2301 1212 2357 consummandus.

438 2405 570 2461 Jam
605 2422 736 2463 vero
769 2405 1092 2479 postularet
1144 2407 1399 2462 instituti
1433 2405 1616 2463 nostri
1648 2406 1818 2472 ratio,
1851 2409 1917 2461 ut
1946 2407 2019 2462 de

370 2494 582 2550 harum
631 2494 1009 2564 epistolarum
1058 2495 1389 2566 integritate
1439 2511 1629 2551 sermo
1682 2494 2014 2549 haberetur.

369 2583 480 2639 Sed
509 2588 702 2638 actum
737 2584 990 2655 profecto
1015 2600 1340 2656 ageremus,
1377 2601 1511 2640 cum
1536 2584 1765 2655 jamdiu
1789 2599 1854 2640 eo
1878 2599 2013 2638 mu-

373 2689 508 2729 nere
537 2674 680 2729 adeo
712 2679 949 2730 strenue
981 2675 1266 2746 perfuncti
1299 2673 1519 2729 fuerint
1548 2673 1881 2744 complures
1906 2672 2018 2727 viri

369 2762 544 2828 docti,
581 2767 642 2818 ut
681 2763 787 2819 hac
819 2767 887 2819 de
920 2780 980 2820 re
1013 2763 1211 2819 nullus
1243 2763 1482 2819 omnino
1506 2763 1814 2819 dubitandi
1847 2762 2013 2818 locus

372 2853 647 2925 supersit,
677 2854 997 2910 dummodo
1019 2854 1284 2926 quisque,
1313 2852 1705 2924 prejudicatis
1730 2851 2020 2923 opinioni-

376 2941 486 2998 bus
517 2942 804 3014 tantisper
832 2942 1126 3014 sepositis,
1151 2943 1376 2998 sincera
1401 2947 1592 2996 mente
1617 2945 1792 3011 atque
1816 2940 2016 2996 animo

370 3029 626 3101 ingenuo
642 3031 891 3086 rationes
908 3040 961 3085 ul
975 3031 1182 3102 rinque
1201 3029 1404 3085 allatas
1417 3028 1725 3100 diligenter
1741 3028 2014 3084 excutiat-

371 3117 644 3176 Vindices
699 3121 1035 3193 Ignatianos
1085 3120 1405 3192 praecipuos
1468 3117 1742 3174 collectos
1804 3119 2017 3188 praebet

2126 1962 2188 2012 ut
2221 1958 2460 2029 proinde
2498 1957 2755 2015 Clericus
2797 1959 2931 2030 jure
2984 1964 3292 2030 censuerit,
3324 1965 3464 2020 dum
3501 1967 3584 2021 ait
3615 1967 3784 2039 (38):

2121 2069 2150 2098 «
2177 2046 2413 2102 Illarum
2435 2063 2628 2102 rerum
2651 2048 3092 2119 periti,utroque
3111 2068 3282 2122 opere
3307 2053 3627 2126 diligenter
3655 2074 3797 2127 per-

2123 2136 2289 2205 lecto,
2328 2145 2614 2207 negarunt
2643 2137 2938 2192 eruditum
2969 2137 3136 2194 illum
3169 2141 3356 2197 virum
3395 2143 3516 2199 ulla
3549 2147 3788 2202 ratione

2120 2225 2416 2280 Pearsonii
2471 2231 2827 2296 argumenta
2867 2225 3268 2286 labetactasse.
3314 2253 3340 2280 υ
3369 2232 3586 2288 Oudini
3640 2251 3788 2291 vero

2122 2313 2589 2370 dissertationem
2623 2315 2754 2386 (39),
2789 2317 2888 2386 qui
2921 2316 3114 2373 Dalltei
3145 2321 3391 2392 ejusque
3423 2324 3791 2394 sequacium

2121 2405 2540 2475 objectationes
2593 2405 2941 2478 plerumque
3001 2413 3364 2466 Instaurasse
3407 2411 3790 2483 perhibetur,

2121 2498 2283 2548 tanta
2312 2494 2550 2550 demum
2581 2495 2873 2549 rationum
2909 2495 2962 2549 vi
2993 2511 3126 2552 cum
3182 2497 3538 2556 elocutionis
3569 2502 3787 2572 digni—

2119 2585 2237 2638 tate
2279 2585 2610 2652 conjuncta,
2641 2600 2830 2655 nuper
2874 2585 3210 2643 confutasee
3263 2588 3534 2644 novimus
3581 2591 3790 2646 virum

2120 2671 2386 2727 doctrina
2437 2675 2495 2727 et
2541 2672 2870 2728 eruditione
2900 2679 3272 2744 praestantem
3323 2677 3611 2733 Thomam
3649 2683 3789 2735 Ma-

2119 2760 2266 2815 riam
2296 2761 2689 2816 Mamachium
2725 2763 2860 2832 (40),
2885 2767 2952 2818 ut
2974 2763 3110 2833 jure
3160 2782 3448 2838 usurpare
3480 2769 3679 2840 possit
3707 2772 3790 2826 ν.

2119 2853 2177 2904 C.
2214 2850 2551 2905 Tullianum
2585 2849 2727 2906 illud
2761 2869 2775 2907 :
2811 2852 2971 2907 Nullo
3002 2868 3127 2908 eum
3158 2853 3271 2908 loco
3322 2857 3628 2912 consistere
3652 2875 3787 2913 sum

2117 2955 2331 3010 passus.
2367 2943 2552 3008 Atque
2586 2939 2718 2994 inde
2767 2940 3066 3012 intelligas
3117 2941 3310 3008 velim,
3346 2943 3538 3000 soluta
3587 2946 3784 3001 simul

2119 3029 3056 3101 Heumanniargumenta;quippe
3073 3033 3170 3102 qui
3187 3032 3523 3088 Uudiniana
3547 3036 3800 3106 potiora

2120 3117 2322 3188 paucis
2352 3122 2668 3187 contracta,
2696 3128 2969 3190 tanquam
3004 3121 3211 3193 lgnatii
3234 3123 3626 3194 epistolarum
3662 3144 3792 3182 cer-

371 3214 621 3281 utraque
650 3210 1013 3265 Coteleriana
1042 3215 1280 3264 Patrum
1333 3207 1787 3280 apostolicorum
1839 3207 2014 3262 editio
2048 3260 2088 3285 η
2121 3207 2350 3263 tissima
2396 3205 2606 3267 νοθείας
2647 3207 2864 3263 indicia
2913 3209 3025 3264 sibi
3075 3211 3258 3266 videri
3310 3221 3620 3270 asseverat
3647 3217 3792 3285 (41).

372 3260 933 3355 Amsielodamensis
958 3315 970 3354 :
997 3260 1421 3370 quibustamern
1443 3295 2015 3352 addendiTillemon-
2047 3260 2089 3326 Ο
2118 3297 2369 3368 Jamque
2401 3295 2856 3366 idemjudicium
2883 3299 3360 3370 tuleratipsemet
3381 3260 3784 3381 Heuman‘nus

371 3388 490 3443 tius
552 3389 682 3458 (25),
743 3388 965 3442 Natalis
1017 3387 1340 3442 Alexander
1394 3387 1526 3456 (26),
1557 3385 1853 3450 Nourriue
1900 3386 2014 3456 (27)

373 3481 552 3547 atque
581 3476 912 3532 Ceillierius
943 3476 1080 3547 (28).
1110 3474 1310 3546 Neque
1341 3474 1650 3530 omittendi
1700 3474 2015 3530 Wottonus

373 3565 509 3636 (29),
542 3564 799 3620 Clericus
842 3564 978 3635 (30),
1027 3563 1458 3635 Wesselingius
1487 3563 1606 3634 (31)
1655 3566 1713 3618 et
1759 3562 2014 3620 Joannes

373 3653 698 3708 Ludovicus
729 3657 871 3726 Frey
901 3653 1014 3724 (32)
1048 3668 1062 3709 :
1097 3654 1200 3724 qui
1232 3669 1335 3724 pro
1368 3653 1693 3708 breviorum
1729 3651 2014 3723 Epistola-

374 3758 507 3798 rum
541 3743 920 3814 germanitate
941 3741 1161 3812 stylum
1181 3742 1542 3797 strinxerunt
1565 3741 1849 3797 adversus
1879 3741 2019 3796 Gui-

379 3832 643 3888 lielmum
674 3831 1075 3901 Whistonum,
1099 3833 1200 3903 qui
1225 3847 1338 3886 non
1364 3829 1550 3886 solum
1571 3834 1792 3901 septem
1809 3831 2020 3902 episto-

381 3921 469 3978 las
499 3920 814 3993 longiores,
851 3937 1053 3978 verum
1085 3922 1260 3976 etiam
1306 3924 1422 3976 tres
1455 3919 2016 3992 pseudepigraphas,

381 4013 452 4067 ad
484 4012 823 4078 Tarsenses,
855 4011 928 4066 ad
952 4009 1340 4066 Antiochenos
1371 4014 1428 4064 et
1458 4009 1529 4065 ad
1555 4007 1863 4072 Heronem,
1888 4013 2020 4064 tan-

379 4118 555 4172 quam
589 4101 876 4173 genuinas
925 4100 983 4155 in
1018 4117 1124 4156 suo
1177 4099 1593 4154 Christianismo
1637 4097 1878 4152 redivivo
1904 4097 2018 4172 (33)

383 4190 544 4248 omni
596 4190 776 4246 animi
825 4189 1195 4246 contentione
1244 4187 1653 4260 propugnavit.
1708 4186 2022 4244 Whistono

381 4279 539 4335 haud
559 4280 637 4335 ita
649 4279 872 4350 pridem
889 4295 1064 4350 quam
1080 4277 1340 4350 proxime
1355 4276 1600 4332 accessit
1625 4275 1880 4332 Joannes
1897 4276 2026 4332 Phi-

385 4368 585 4440 lippus
617 4368 947 4424 Baraterius
979 4367 1111 4438 (34),
1143 4371 1208 4422 ut
1237 4365 1338 4438 qui
1383 4365 1518 4421 licet
1548 4365 1838 4422 breviores
1867 4366 2026 4438 epis-

390 4455 538 4512 tolas
563 4457 718 4512 velut
749 4457 1006 4513 sincerae
1035 4459 1337 4527 agnoscat,
1362 4453 1653 4526 longiores
1673 4458 1869 4510 tamen
1902 4455 2025 4512 sive

463 4581 571 4652 (24)
603 4582 774 4637 Grab.
805 4581 1029 4652 Spicil.,
1063 4585 1202 4636 tom.
1237 4581 1308 4647 ll,
1343 4596 1398 4652 p.
1435 4580 1501 4634 13
1531 4595 1696 4652 seqq.

459 4633 571 4734 (ᾖ)
598 4633 1036 4734 suaenam:
1058 4633 1486 4734 _'.'cc'z'._ioz.:.'u,
1521 4633 1695 4734 ράεξέξ
1741 4653 1868 4734 εφιι,
1894 4653 2020 4708 581.
2055 4633 2102 4698 ι)

552 4582 572 4868 ἐ

459 4723 569 4794 (26)
598 4725 729 4780 Nat.
759 4724 918 4780 Alex.
951 4725 1090 4780 Hist.
1127 4723 1291 4794 ποι,
1318 4739 1448 4778 saec.
1502 4739 1567 4792 ιι,
1594 4723 1832 4782 dissert.
1866 4741 2021 4780 xxm.

384 4793 572 4922 78(27)
604 4797 782 4852 Nour.
843 4799 1044 4868 Appar.
1103 4796 1182 4852 ad
1224 4793 1368 4850 Bibl.
1429 4795 1563 4861 PP.,
1599 4799 1738 4852 tom.
1792 4795 1839 4865 Ι,
1890 4811 2023 4866 pag.

463 4884 742 4961 .2391'-...
1177 4941 1291 4961 .__
1353 4939 1372 4961 .
1429 4951 1542 4961 _-..
1593 4938 1699 4961 τις...
1733 4955 1870 4961 ____

461 4940 573 5014 (23)
605 4938 767 4996 Ceill.
800 4942 938 4996 Hist.
964 4955 1153 5014 gener.
1177 4939 1396 5014 tom},
1429 4938 1699 5014 pag._623
1731 4955 1894 5010 seqq.

459 5007 569 5081 (29)
601 5015 858 5070 Wotton.
893 5007 1119 5066 Prtefat.
1147 5011 1217 5065 ad
1242 5007 1422 5080 Epist.
1454 5007 1514 5062 S.
1545 5007 1830 5066 Clementi
1855 5007 2026 5067 Rom.

383 5099 564 5154 pagg.
595 5097 1008 5140 CLXXXIII-CCII.

463 5150 574 5224 (30)
603 5156 803 5213 Cleric.
836 5156 896 5210 in
929 5154 1084 5210 calce
1130 5150 1242 5208 vol.
1276 5150 1323 5206 II
1356 5155 1470 5207 PP.
1503 5161 1707 5223 apost.,
1741 5170 1868 5225 pag.
1925 5153 2026 5208 501

395 5241 560 5282 8800.

462 5243 953 5370 (1311.)Wesseling.
1007 5294 1290 5352 Probabil.
1333 5292 1430 5348 lib.
1485 5295 1632 5363 sing.
1665 5311 1794 5367 cap.
1847 5297 1940 5366 33,
1972 5311 2029 5367 p.

393 5371 499 5425 293
530 5387 694 5442 seqq.

467 5442 576 5513 (32)
611 5435 747 5513 F‘rey
790 5440 1015 5513 prastat.
1051 5437 1123 5492 ad
1163 5435 1344 5513 Epist.
1377 5435 1482 5513 S8.
1509 5436 1617 5513 PP.

469 5507 580 5639 (332
611 5507 908 5569 WHiston.
945 5509 1045 5564 The
1087 5509 1373 5578 primitive
1422 5507 1790 5581 Christianity
1838 5509 2035 5580 retviv.,

469 5606 514 5636 ι.
582 5630 595 5639 .
637 5585 839 5639 Lond..
876 5584 1030 5639 1711.
1059 5580 1115 5635 8.

403 5580 514 5640 vol.
552 5580 595 5642 l.
637 5585 839 5650 Lond.,
876 5584 1030 5648 1711,
1059 5580 1115 5635 8.

474 5656 809 5728 (34)Barat.
845 5655 1104 5728 iDissert.
1175 5668 1191 5706 ι
1259 5658 1314 5706 et
1379 5667 1421 5706 ιι
1450 5652 1516 5707 de
1572 5653 1803 5711 Constit.
1865 5659 2036 5724 apost.

403 5727 578 5808 pagg.
611 5733 736 5805 230,
761 5727 890 5785 279.

2119 3386 2178 3441 in
2211 3385 2369 3440 Actis
2401 3385 2761 3440 eruditorum
2811 3387 2942 3457 (42),
2974 3389 3356 3446 Oxoniensem
3389 3391 3609 3448 Smithi
3647 3395 3783 3450 edi-

2119 3473 2338 3528 tionem
2373 3490 2680 3529 recensens
2704 3491 2717 3542 ;
2744 3475 2916 3542 cuius
2941 3474 3149 3530 deinde
3171 3481 3521 3536 sententiam
3549 3481 3786 3553 placuit

2122 3562 2349 3704 ξυάὶηο
2390 3563 2450 3618 in
2496 3563 2796 3620 laudatam
2846 3581 3010 3620 suam
3065 3565 3537 3626 dissertationem
3573 3577 3785 3628 trans-

2144 3665 2270 3704 erre
2302 3650 2437 3704 (43).

2144 3651 2270 3705 'erre
2302 3650 2437 3720 (43).

2194 3737 2678 3809 Quandoquidem
2708 3757 2842 3797 vero
2871 3743 3202 3800 Germanus
3227 3744 3322 3800 ille
3345 3745 3588 3802 criticus
3620 3748 3680 3803 in
3713 3766 3786 3805 ea

2125 3827 2410 3898 Lipsiensi
2439 3829 2797 3899 recensione,
2823 3847 3001 3901 quam
3035 3833 3168 3889 licet
3202 3832 3435 3890 Oudino
3470 3837 3787 3906 probatam

2125 3916 2565 3972 eruditissimus
2586 3919 2949 3976 Mamachius
2974 3923 3435 3993 praeteriit,inter
3451 3935 3620 3980 notas
3643 3944 3792 3998 sup-

2129 4003 2433 4074 positionis
2456 4007 2790 4062 earumdem
2841 4009 3415 4079 epistolarum,illud
3471 4017 3647 4069 etiam
3695 4033 3796 4072 re-

2129 4093 2278 4150 ferre
2324 4111 2438 4166 pra:
2469 4111 2530 4150 se
2587 4095 2717 4164 fert,
2753 4099 2911 4168 quod
2941 4100 3154 4156 Graecis
3213 4102 3452 4158 vocibus
3507 4106 3790 4174 quaedam

2128 4185 2304 4242 etiam
2370 4185 2578 4240 Latina:
2633 4185 2905 4242 immisite
2990 4189 3380 4260 reperiantur,
3439 4194 3792 4264 cujusmodi

2131 4279 2271 4330 sunt
2326 4269 2687 4346 ἐξεμπλάριον
2758 4277 2897 4347 (14),
2941 4272 3230 4351 δεσέρτωρ,
3290 4275 3568 4349 δεπόσιτσ,
3621 4281 3793 4337 ἔκκε-

2129 4381 2236 4415 πτα
2266 4363 2376 4433 (45)
2412 4380 2425 4428 ;
2459 4363 2842 4435 queriturque
2873 4366 3116 4436 proinde
3141 4367 3515 4424 Pearsonium
3537 4387 3604 4426 ac
3627 4373 3794 4429 Smi-

2131 4451 2298 4507 thum
2331 4451 2458 4508 loca
2486 4451 2587 4507 illa
2615 4453 2854 4509 omnino
2888 4456 3361 4528 pretermisisse,
3397 4460 3548 4530 quod
3585 4470 3795 4518 essent

2206 4577 2318 4654 (36)
2349 4577 2538 4654 Cicer:
2563 4579 2636 4654 De
2665 4581 2837 4654 ofﬁc,
2872 4580 2971 4654 lib.
3005 4600 3069 4649 ιι,
3101 4599 3229 4654 cap.
3265 4587 3296 4638 9
3328 4601 3430 4640 seu
3460 4586 3543 4640 13.

2205 4649 2315 4720 (36)
2348 4649 2718 4728 BulLADe/ens.
2753 4650 2844 4708 ﬁd.
2875 4653 3019 4719 Nic.,
3053 4649 3192 4710 sect:
3226 4670 3312 4724 ιιι,
3344 4673 3472 4728 cap.
3510 4663 3557 4725 1,
3593 4661 3647 4728 §§
3689 4661 3788 4715 10-

2133 4721 2222 4787 M,
2257 4737 2391 4790 pag.
2426 4721 2688 4777 179-181.

2228 4792 2319 4862 37)
2352 4792 2558 4849 Nourr.
2591 4793 2793 4862 Appar.
2831 4796 2875 4850 Ι.
2905 4811 2955 4851 c.

2228 4864 2316 4940 33)
2354 4864 2555 4940 Cleric.
2589 4864 2817 4940 Prtelat.
2850 4868 2918 4921 ad
2952 4867 3064 4940 vol.
3112 4867 3185 4924 ll.
3216 4867 3320 4924 PP.
3355 4871 3616 4940 Apostol.

2207 4935 2316 5006 (39)
2347 4935 2560 4992 Oudin.
2613 4935 2910 4994 Comment.
2944 4939 3010 4994 de
3060 4947 3296 5010 scriptor
3343 4935 3498 5008 eccl.,
3550 4949 3707 5001 tom.
3748 4947 3791 5017 Ι,

2207 5025 2269 5060 .2.
2296 5007 2368 5060 89
2398 5024 2558 5060 seua.

2179 5023 2269 5076 ag.
2296 5023 2368 5060 δυ
2398 5024 2558 5076 seqq.

2139 5025 2210 5080 pa
2258 5049 2269 5061 .
2296 5025 2368 5060 δυ
2398 5025 2558 5078 seqq.

2140 5025 2321 5156 “(3.0)
2353 5077 2638 5156 Mamgcb:
2673 5079 2930 5150 Originn.
2981 5088 3033 5138 et
3079 5083 3291 5156 antiqq.
3327 5083 3711 5152 Christiann.,
3747 5093 3793 5144 t.

2140 5150 2233 5216 IV,
2267 5167 2398 5222 pag.
2433 5151 2694 5210 377-406.

2374 5226 2819 5303 Heumaponsp.
2865 5227 3006 5303 reip.
3056 5225 3249 5303 l_it_ter.,
3279 5243 3405 5299 cap.
3436 5229 3492 5295 7,
3550 5229 3579 5296 §
3631 5247 3798 5303 xmv,

2142 5311 2197 5366 p.
2219 5293 2325 5368 £91
2343 5298 2678 5368 ,_etgPaecil.,
2702 5293 2845 5368 tom.
2882 5293 2961 5361 ΙΙ,
2982 5313 3037 5366 p.
3069 5298 3194 5352 248.

2212 5365 2327 5433 (42)
2358 5366 2416 5420 Id
2447 5367 2506 5421 in
2537 5365 2850 5425 Act.'Erud.
2895 5365 3039 5439 Lips.
3089 5385 3225 5424 ann.
3271 5370 3432 5438 1710,
3485 5387 3616 5443 pag.
3661 5375 3798 5441 196,

2143 5453 2266 5493 εθα.

2209 5453 2322 5578 (113)
2355 5510 2547 5566 Oudin
2580 5515 2622 5569 Ι.
2656 5529 2731 5580 c.,
2768 5528 2897 5583 pag.
2933 5511 3052 5566 139.

2215 5582 2334 5660 (lit)
2358 5583 2543 5660 lgnat.
2579 5582 2872 5660 Epistad
2887 5583 3148 5660 _5myrn.,
3171 5599 3298 5655 cap.
3328 5584 3414 5651 12,
3441 5586 3512 5641 ad
3544 5587 3795 5660 Ephes.,

2215 5602 2324 5653 (η)
2358 5602 2543 5653 ignat.
2579 5602 2623 5638 ιι
2668 5602 2761 5640 ist.
2793 5602 2869 5638 aa
2898 5602 2934 5637 δ

2146 5653 2459 5726 cap_.i2,iad
2488 5602 2692 5725 Tralli,
2725 5671 2852 5726 cap.
2883 5655 2938 5709 3.

2261 5693 2273 5705 .
2306 5669 2358 5722 ι,
2389 5669 2459 5709 aa
2488 5669 2692 5725 '1'rau.,
2725 5671 2852 5726 cap.
2883 5669 2938 5709 δ.

2218 5669 2331 5797 ῗ15)
2365 5725 2446 5782 id.
2481 5729 2651 5799 Epist.
2685 5727 2755 5782 ad
2783 5726 3101 5802 Polycarp.,
3133 5742 3263 5799 cap.
3293 5728 3349 5783 7.
