3942 6302
129 363 254 424 577
1211 362 1314 422 AN
1321 361 1551 424 ΗΒΕΑ
1595 363 2014 430 GALLANDII
2061 371 2486 434 PROCEHIA.
3436 372 3568 433 578'

124 512 197 556 eo
225 496 431 568 judice
461 495 608 553 satis
640 496 1022 552 lncommoda
1052 496 1420 571 nimiumque
1461 500 1677 571 negotii
1711 500 1796 555 fa-
1831 506 1880 570 Α
1911 504 2071 560 dedit
2093 506 2164 560 ad
2197 505 2740 578 Philadelphenses,
2772 505 2842 562 ad
2874 510 3246 579 Smyrmaos,
3281 505 3553 576 privatim

128 590 436 643 cesserent
471 585 604 642 :hic
637 587 875 641 demum
908 586 1240 642 istiusmodi
1291 588 1783 656 objectamentum
1895 594 2124 662 querad
2183 594 2560 666 Potycarpum
2611 595 2824 650 horum
2874 595 3235 667 episcopum.
3269 594 3380 650 Sed
3435 610 3553 664 quo

131 676 342 734 tollere
374 680 638 746 prmstat,
672 691 805 729 cum
838 675 1081 732 Vossius
1111 685 1165 732 et
1214 678 1532 734 Cotelerius
1562 681 1792 736 censori
1898 682 2136 738 demum
2182 699 2334 739 anno
2367 683 2479 740 ista
2524 685 2900 756 contigerint,
2934 701 3060 756 cap.
3115 689 3399 756 sequente
3441 701 3547 756 op-

134 772 342 823 nostro
378 765 538 821 haud
588 765 797 821 fecisse
843 767 985 822 satis
1035 768 1360 823 videantur.
1397 768 1538 824 Rem
1590 771 1792 840 paucis
1900 771 2214 841 portunius
2247 773 2730 844 disquirendum.

135 857 466 926 transigam
479 871 570 910 us.
595 855 649 910 Si
665 856 850 911 sancti
875 856 1149 927 martyris
1181 857 1388 928 Ignatii
1415 858 1792 930 epistolarum

138 917 452 1003 sinceritas
487 944 864 1014 periclitetur,
897 917 1052 1016 quod
1084 945 1143 1001 in
1176 917 1322 1018 ipsis
1373 917 1597 1019 aliquot
1627 964 1795 1005 voces
2565 917 2795 973 CAPUT
2831 917 2898 972 V-

143 1037 373 1092 Latinae
404 1039 739 1099 occurrant,
774 1036 845 1089 de
875 1034 1092 1092 divinis
1139 1053 1374 1108 quoque
1421 1037 1564 1095 Novi
1595 1039 1798 1094 Testa-
1905 1039 2292 1111 Deilgnatiani
2330 1043 2592 1111 martyrii
2644 1041 2790 1096 Actis
2852 1042 3082 1096 sinceris
3137 1057 3171 1095 a
3241 1040 3558 1097 Theoderico

144 1126 333 1181 menti
363 1123 577 1180 litteris
628 1128 1057 1180 conclamatum
1113 1127 1365 1194 profecto
1422 1127 1552 1183 erit.
1606 1131 1670 1181 In
1704 1127 1791 1183 his

2015 1111 2268 1194 tuinartio
2319 1112 2374 1166 V.
2411 1110 2490 1168 C.’
2520 1110 2778 1194 primunt
2828 1112 3008 1194 editis.
3059 1113 3264 1193 Eorum
3328 1117 3561 1194 uterque

143 1216 308 1272 enim
367 1213 637 1283 legimus,
693 1211 1016 1286 κεντουρίων
1076 1182 1607 1288 (46),κῆνσος(47),
1665 1182 1791 1269 κουέ

2015 1187 2129 1238 eius
2159 1182 2434 1253 interpres
2463 1183 2678 1238 additus
2708 1201 2726 1238 :
2757 1183 3058 1256 integritas
3093 1183 3287 1255 paucis
3321 1182 3557 1244 asserta.

144 1300 356 1359 πωδία
418 1303 556 1374 (4-8),
623 1301 960 1375 πραιτώριον
1045 1302 1178 1375 (49),
1269 1304 1600 1376 σιμικίνθιον
1661 1305 1791 1377 (50),

2021 1332 2035 1347 .
2071 1292 2280 1363 lgnatii
2311 1291 2577 1363 epistolis
2607 1292 2880 1364 genuinis
2928 1293 3058 1348 Acta
3091 1293 3343 1364 Martyrii
3396 1293 3559 1363 ejus-

148 1389 441 1466 σουδάριον
531 1393 667 1464 (51),
759 1389 1147 1464 σπεκουλᾶτωρ
1217 1396 1348 1464 (52),
1424 1392 1613 1454 τίτλος
1671 1396 1791 1464 (53)⁴

2015 1397 2043 1435 n
2075 1381 2302 1436 sincera
2333 1381 2721 1453 subjecimus,
2753 1379 3141 1440 Oxoniensem
3193 1380 3406 1436 Smilhi
3439 1381 3562 1436 edi-

146 1485 206 1539 εί
237 1499 329 1550 θον
363 1482 627 1552 inquam,
681 1479 916 1536 nomine
968 1485 1249 1552 tamquam
1297 1482 1659 1555 interpolata
1703 1487 1805 1538 aut
1911 1467 2131 1525 tionem
2166 1469 2374 1538 secuti,
2397 1477 2460 1526 ut
2482 1469 3103 1542 superiusinnuimus.
3131 1469 3328 1525 Graeco
3361 1471 3567 1536 textui,

147 1573 685 1648 pseudepigmphm
716 1573 837 1629 sint
866 1573 1148 1629 habenda
1175 1575 1489 1647 Ῑεηειίαηω
1521 1575 1802 1647 epistolae,
1914 1577 1945 1616 e
1975 1559 2170 1615 codice
2202 1558 2533 1615 Colbertino
2566 1577 2600 1616 a
2629 1563 2697 1614 V.
2732 1561 2794 1616 Ο.
2856 1558 3212 1615 Theoderico
3265 1558 3569 1616 Ruinartio

147 1647 298 1720 Novi
329 1679 468 1734 ergo
502 1662 757 1718 chderis
789 1660 1034 1724 αὐθεντία
1061 1664 1334 1720 concidat
1382 1681 1618 1720 necesse
1675 1665 1785 1722 erit

2015 1664 2176 1704 mum
2207 1648 2499 1720 evulgato,
2533 1649 2827 1719 duplicem
2883 1648 3158 1719 utrinque
3189 1648 3571 1720 appinximus

150 1754 301 1818 Quis
333 1758 529 1808 autem
563 1769 716 1807 sanae
751 1752 964 1808 mentis
990 1753 1060 1808 de
1082 1751 1292 1809 litteris
1323 1753 1806 1824 divinitusinspi-

152 1845 332 1911 ratis,
367 1841 424 1895 id
449 1841 664 1895 nedum
697 1840 908 1909 dicere,
932 1841 1035 1897 sed
1069 1858 1139 1896 ne
1163 1842 1420 1913 cogitare
1443 1843 1678 1914 quidem
1703 1860 1810 1898 au-

1920 1739 2185 1794 Latinam
2219 1738 2545 1793 versionem
2575 1781 2589 1806 ,
2617 1738 2864 1793 alteram
2896 1738 3124 1809 quidem
3154 1739 3364 1794 veteris
3388 1738 3570 1794 inter-

1921 1827 2122 1898 pretis,
2154 1844 2184 1881 e
2217 1843 2326 1881 ms.
2355 1827 2584 1898 Cajensi
2637 1828 2709 1882 ab
2768 1828 3002 1883 Usserio
3055 1827 3408 1898 jampridem
3439 1827 3568 1882 edi-

153 1891 332 1911 --ν--ν
369 1891 423 1895 --
449 1891 664 1895 --------
704 1891 840 1895 —-~--
861 1891 908 1909 τι
934 1891 1035 1897 τη
1069 1891 1137 1896 —-
1167 1891 1417 1913 ν-ο--νη
1446 1891 1678 1914 -ι---ν--
1704 1891 1775 1898 --

152 1933 294 1987 deat
329 1930 356 1984 ?
386 1931 468 1984 An
526 1944 660 1984 vero
692 1929 971 1985 vocabula
1018 1931 1155 2000 ista,
1194 1929 1546 2004 κεντουρίων,
1587 1937 1785 1999 κῆνσος

2015 1933 2045 1971 n
2066 1915 2346 1985 ;alteram
2367 1932 2496 1970 vero
2528 1916 2598 1971 ab
2620 1915 2825 1972 eodem
2849 1917 3151 1972 Ruinartio
3177 1917 3519 1972 adornatam
3555 1931 3568 1968 :

156 2016 498 2087 κουστωδία,
543 2024 678 2086 etc.,
710 2021 935 2074 castius
992 2021 1316 2092 puriusque
1344 2025 1538 2078 Graece
1577 2025 1812 2088 sonant,

161 2127 345 2182 quam
432 2105 833 2182 ἐζεμπλάριον,
913 2104 1211 2183 δεσὲρτωρ,
1296 2105 1550 2164 δεπόσιτα
1614 2111 1642 2165 ‘l
1706 2116 1814 2166 etc.

163 2199 330 2263 Quod
363 2199 410 2254 si
444 2198 730 2270 apostolis
763 2203 819 2253 et
849 2197 1244 2269 evangelistis,
1271 2199 1543 2256 Matthiae
1591 2203 1736 2271 (aut,
1770 2199 1820 2254 si

163 2287 379 2356 mavis,
407 2287 538 2357 ejus
571 2286 920 2357 interpreti),
950 2287 1165 2359 Marco,
1192 2289 1376 2353 Lucae,
1401 2289 1635 2354 Joanni,
1668 2289 1821 2344 Pau-

158 2377 218 2433 lo
252 2377 450 2433 Graece
498 2377 916 2444 scribentibus,
967 2394 1133 2434 voces
1188 2379 1480 2436 Romanas
1534 2396 1820 2452 usurpare

164 2467 493 2539 aliquando
524 2466 710 2532 licuit,
744 2468 1023 2537 quidniet
1056 2469 1280 2540 Ignatio
1305 2470 1699 2541 apostolorum
1730 2470 1819 2524 di-

163 2555 397 2628 scipulo
435 2556 455 2609 ?
483 2556 596 2611 Sed
627 2572 814 2626 neque
843 2557 982 2611 vitio
1014 2557 1253 2612 demum
1304 2559 1579 2614 vertenda
1608 2557 1822 2614 divinis

166 2644 534 2710 auctoribus,
568 2645 830 2716 adeoque
863 2647 1073 2716 potiori
1094 2647 1233 2716 jure
1253 2663 1442 2718 neque
1472 2652 1672 2704 sancto
1694 2647 1821 2718 epi-

169 2751 350 2801 scopo
383 2734 767 2800 Antiocheno,
804 2735 1147 2804 hujusmodi
1181 2737 1474 2793 scribendi
1507 2738 1654 2793 ratio
1687 2754 1701 2793 :
1738 2737 1821 2792 sic

174 2823 335 2879 enim
370 2823 592 2878 ferebat
622 2824 845 2879 occasio
878 2843 892 2892 ;
927 2830 1069 2880 tunc
1100 2826 1380 2897 temporis
1413 2827 1694 2881 nimirum
1719 2843 1823 2898 per

174 2912 516 2968 universam
551 2914 670 2968 fere
699 2914 1004 2979 Graeciam,
1035 2914 1284 2986 Syriam,
1319 2919 1644 2987 Egyptum,
1685 2926 1820 2982 etc.,

177 3003 442 3058 Romano
475 3001 719 3073 imperio
750 3001 920 3074 longe
948 3002 1180 3075 lateque
1212 3009 1547 3076 propagato,
1581 3009 1645 3060 ut
1673 3004 1822 3076 epti—

176 3109 271 3148 me
309 3092 508 3164 arguit
536 3091 608 3146 cl.
641 3091 1039 3148 Blackwallus
1067 3094 1202 3162 (54).
1235 3093 1433 3164 Neque
1472 3093 1639 3150 aliter
1682 3111 1824 3149 sane

175 3181 440 3252 antiquis
471 3181 702 3236 Gracia;
734 3181 1120 3253 scriptoribus
1151 3199 1262 3238 usu
1297 3182 1474 3251 venit,
1506 3184 1818 3250 Herodoto,

1927 2021 2104 2078 quam
2137 2005 2293 2060 enim
2327 2004 2584 2061 Clericus
2622 2005 2838 2074 refecit,
2873 2005 3116 2077 insuper
3161 2005 3478 2061 habuimus
3510 2021 3580 2061 ea

1928 2098 1999 2152 de
2028 2112 2207 2151 causa
2237 2096 2407 2165 cujus
2435 2095 2609 2167 paulo
2637 2100 2770 2151 ante
2797 2096 3198 2152 meminimus.
3229 2095 3419 2151 Aliam
3444 2111 3578 2167 quo-

1929 2202 2041 2256 que
2071 2185 2384 2254 separatim
2424 2184 2747 2256 adjecimus
2798 2185 3106 2257 antiquam
3155 2185 3511 2252 versionem,
3544 2202 3574 2240 e

1928 2274 2127 2329 codice
2155 2273 2499 2329 Cottoniano
2530 2289 2564 2328 a
2594 2272 2831 2328 laudato
2885 2275 3119 2329 Usserio
3168 2273 3518 2345 descriptam
3561 2293 3575 2341 ;

1929 2367 2082 2438 quod
2117 2366 2246 2437 ejus
2279 2370 2483 2421 auctor
2507 2382 2707 2422 verum
2732 2369 3008 2422 Actorum
3033 2365 3368 2422 Grecorum
3393 2382 3578 2422 exem-

1932 2456 2058 2528 plar
2089 2473 2202 2528 prae
2234 2455 2415 2512 oculis
2436 2455 2716 2512 habuisse
2747 2460 3045 2524 noscatur,
3068 2455 3202 2511 licet
3222 2457 3578 2527 quandoque

1931 2549 2125 2601 textus
2158 2551 2258 2600 aut
2292 2545 2646 2600 sententiam
2680 2549 2782 2599 aut
2813 2545 2990 2600 verba
3019 2546 3367 2616 neutiquam
3402 2545 3577 2599 fuerit

1931 2637 2258 2691 assecutus.
2292 2637 2367 2689 Eo
2417 2638 2612 2688 autem
2663 2632 2905 2688 consilio
2969 2637 3284 2704 utrumque
3325 2637 3577 2688 veterem

1930 2723 2308 2792 interpretem
2328 2721 2740 2792 proferendum
2765 2721 3253 2789 existimavimus,
3281 2739 3394 2793 quo
3420 2721 3574 2777 Grae-

1931 2811 2011 2866 cis
2037 2811 2136 2866 lux
2161 2812 2340 2881 major
2375 2811 2692 2876 accederet,
2739 2809 2928 2867 sicubi
2977 2810 3133 2866 haud
3183 2811 3328 2866 satis
3371 2814 3576 2882 aperta

1935 2902 2056 2956 sive
2087 2900 2288 2955 minus
2319 2901 2634 2955 emendata
2678 2903 3007 2955 occurrant.

2003 2988 2082 3044 De
2136 2989 2345 3044 horum
2397 2993 2590 3044 autem
2641 2992 2913 3043 Actorum
2963 2985 3216 3057 αὗθεντίᾳ
3272 3004 3444 3043 nemo
3495 2991 3583 3043 est

1933 3080 2033 3151 qui
2055 3082 2190 3150 jure
2219 3079 2303 3134 vel
2339 3079 2649 3134 minimum
2678 3077 2956 3149 ambigat.
2990 3078 3318 3150 Siquidem,
3352 3081 3414 3132 ut
3437 3093 3574 3132 cum

1934 3170 2158 3225 Smitho
2191 3169 2398 3240 loquar
2429 3169 2563 3239 (56),
2603 3189 2626 3220 α
2663 3186 2695 3224 a
2726 3168 3112 3223 familiaribus
3144 3168 3202 3222 S.
3241 3167 3447 3239 lgnatii
3481 3167 3582 3239 qui

170 3272 526 3344 Thucydidi,
582 3272 1004 3340 Xenophonti;
1090 3273 1245 3344 apud
1330 3290 1478 3344 quos
1533 3272 1814 3342 ἀκινάκης,
1859 3258 1902 3320 C
1931 3259 2239 3314 Antiochia
2267 3257 2508 3312 Romam
2545 3273 2730 3328 usque
2781 3256 2944 3312 illum
3000 3262 3136 3312 sunt
3182 3257 3464 3325 comitati,
3498 3260 3584 3310 at-

170 3361 341 3434 ἄσχυ,
405 3359 586 3433 βᾶρις,
665 3357 880 3429 κανδὸς,
954 3359 1209 3433 κάρανος,
1268 3361 1454 3431 κάσας,
1541 3362 1826 3438 παρασάγ-

171 3469 281 3522 γης
323 3449 590 3519 aliasque
622 3465 783 3503 voces
816 3449 1171 3520 peregrinas,
1213 3451 1501 3518 Persicas,
1531 3450 1822 3522 {Egyptia-

173 3556 294 3605 cas,
334 3537 529 3608 legere
558 3542 648 3592 est
682 3554 695 3593 :
729 3547 1036 3610 propterea
1066 3538 1289 3594 scilicet
1341 3539 1494 3610 quod
1528 3538 1628 3594 illa
1657 3543 1825 3594 aetate

179 3644 297 3699 qua
328 3626 611 3682 ﬂorebant
641 3626 682 3680 ii
715 3625 946 3682 Graeciaa
978 3627 1291 3698 scriptores
1321 3627 1658 3696 cultissimi,
1693 3627 1824 3682 Per-

180 3731 408 3780 sarum,
435 3715 832 3788 .Egyptiorum
857 3716 1222 3787 aliarumque
1243 3716 1497 3772 Orientis
1519 3718 1824 3772 nationum

181 3805 358 3872 bella,
387 3806 757 3869 commercia,
781 3806 1009 3872 itinera,
1043 3802 1242 3875 plures
1264 3805 1552 3874 ejusmodi
1575 3807 1826 3862 exoticas

178 3910 351 3950 voces
380 3893 438 3948 in
472 3892 728 3947 Gracam
761 3892 1022 3966 linguam
1054 3893 1412 3950 invexerant.
1455 3899 1642 3966 Atque
1691 3894 1826 3950 hinc

173 3999 316 4038 sane
348 3982 601 4053 quisque
630 3981 909 4053 intelligit
939 3998 1111 4052 quam
1131 3983 1423 4039 immerito
1453 3983 1566 4038 ista
1597 3983 1825 4054 objece-

173 4071 250 4126 rit
284 4072 372 4124 vir
401 4070 500 4126 ille
531 4071 796 4126 criticus.

243 4166 318 4217 At
348 4161 462 4215 alio
514 4162 905 4217 convertenda
935 4165 1024 4216 est
1076 4161 1261 4218 oratio
1295 4178 1308 4218 :
1343 4162 1623 4232 temporis
1670 4161 1828 4217 enim

174 4249 541 4306 notationem
577 4267 693 4321 quo
727 4249 989 4320 epistolas
1020 4267 1093 4305 νιι
1124 4251 1196 4305 ab
1237 4252 1462 4321 Ignatio
1497 4251 1828 4323 perscriptae

173 4339 466 4403 teruntur,
501 4343 702 4394 nostra
734 4339 975 4394 interest
1019 4339 1281 4394 deﬁnire.
1326 4339 1567 4395 Constat
1611 4344 1828 4407 autem,

174 4427 429 4483 Eusebio
460 4431 604 4482 teste
635 4428 772 4499 (55),
806 4432 1078 4483 sanctum
1113 4437 1431 4500 martyrem
1464 4446 1528 4484 eo
1561 4428 1620 4484 in
1656 4429 1829 4485 itine—

177 4535 238 4574 re
273 4517 406 4573 illas
438 4534 732 4584 exarasse,
763 4534 878 4589 quo
903 4520 1079 4587 jussu
1102 4519 1599 4591 TrajaniAugusti
1627 4520 1830 4576 Antio-

1934 3363 2048 3419 que
2074 3347 2236 3401 illius
2268 3347 2476 3402 ultimo
2509 3353 2563 3401 et
2597 3345 2846 3401 maxime
2895 3345 3149 3417 glorioso
3192 3345 3366 3416 agoni
3399 3345 3583 3398 inter-

1934 3437 2115 3500 fuere,
2149 3435 2438 3507 descripta
2473 3435 2678 3501 fuisse,
2711 3436 2894 3490 multa
2922 3435 2981 3490 in
3032 3434 3180 3507 ipsis
3209 3433 3374 3490 Actis
3405 3434 3458 3487 id
3496 3437 3580 3488 te-

1933 3527 2325 3582 statissimum
2358 3525 2631 3583 reddunt.
2665 3527 2726 3580 In
2780 3526 2870 3581 bis
2899 3526 3053 3581 enim
3120 3525 3204 3580 sic
3253 3523 3579 3595 loquuntur

1935 3617 2034 3686 qui
2063 3631 2128 3672 ea
2181 3614 2394 3670 litteris
2450 3615 2742 3670 tradidere
2796 3615 2906 3686 (57)
2942 3630 2955 3669 :
2990 3613 3286 3686 Ἦμεῖςμῖεν
3354 3609 3574 3672 ἄκοντες

1933 3701 2284 3779 ἀπηγόμεθα,
2353 3700 2623 3761 στένοντες
2650 3699 2738 3755 ἐπὶ
2839 3705 2918 3772 τῷ
2977 3700 3066 3779 ἀφ’
3124 3703 3286 3772 ἡμῶν
3345 3697 3581 3773 μέλλον-

1933 3813 1987 3846 τι
2045 3795 2318 3866 χωρισμῷ
2394 3793 2491 3844 τοῦ
2550 3786 2759 3843 δικαίου
2821 3789 3083 3866 γίνεσθαι.
3163 3794 3277 3846 Nos
3360 3790 3580 3861 quidem

1936 3882 2106 3938 inviti
2133 3880 2558 3947 abducebamur,
2591 3886 2868 3948 gementes
2907 3880 2971 3934 ob
3016 3880 3426 3948 separationem
3472 3879 3581 3933 viri

1927 3969 2072 4043 justi
2100 3987 2132 4025 a
2163 3970 2319 4024 nobis
2353 3984 2478 4024 mox
2513 3970 2786 4038 futuram.
2823 3967 2890 4022 Et
2924 3965 3224 4021 nonnullis
3260 3965 3582 4035 interjectis

1937 4061 2046 4116 sub
2084 4059 2258 4114 ﬁnem
2439 4075 2451 4114 :
2485 4055 2706 4110 Τούτων
2773 4053 3038 4108 αὐτόπται
3105 4052 3414 4127 γενόμενοι.
3479 4056 3581 4109 Ho-

1937 4165 2066 4205 rum
2095 4165 2190 4206 nos
2238 4149 2346 4220 ipsi
2391 4156 2717 4219 spectatores
2763 4147 2923 4220 facti.
2957 4147 3108 4212 Ilaec,
3141 4147 3404 4217 inquam,
3440 4145 3584 4202 alia-

1939 4255 2051 4310 que
2084 4242 2244 4294 extra
2275 4254 2444 4294 omne
2476 4237 2723 4292 dubium
2756 4240 3002 4309 ponunt,
3035 4253 3068 4290 a
3095 4239 3151 4290 S.
3178 4234 3387 4308 Ignatii
3411 4234 3587 4290 comi-

1939 4327 2098 4382 tibus
2121 4332 2266 4383 Acta
2287 4325 2631 4396 hujusmodi
2671 4326 2851 4381 fuisse
2871 4323 3228 4397 perscripta:
3253 4328 3310 4380 et
3343 4324 3579 4396 quidem

1941 4436 2052 4475 non
2089 4417 2258 4492 longe
2291 4423 2420 4491 post
2452 4419 2638 4490 ipsius
2671 4416 3258 4482 consummationem,
3298 4421 3356 4472 et
3388 4416 3585 4488 proxi-

1940 4524 2058 4576 mo,
2112 4516 2173 4562 ut
2221 4507 2718 4563 verisimillimum
2774 4508 3030 4573 videtur,
3080 4521 3272 4574 anno;
3307 4506 3448 4560 dum
3500 4521 3590 4561 res

180 4605 319 4662 cbia
372 4605 618 4662 Romam
668 4607 1089 4672 deducebatur,
1142 4609 1280 4664 feris
1327 4609 1716 4678 objiciendus,
1766 4614 1832 4665 Et
1863 4620 1907 4685 ι)
1939 4605 2114 4668 gestae
2147 4612 2282 4652 cum
2311 4595 2737 4685 totiusitineris
2759 4597 3006 4664 ratione,
3034 4594 3093 4685 in
3116 4594 3333 4685 recenti
3355 4593 3588 4650 ﬁdelius

179 4701 442 4768 quatuor
471 4697 729 4766 quidem,
754 4713 887 4752 cum
920 4702 1228 4769 Smyrnam
1270 4699 1644 4768 pervenisset,
1671 4700 1832 4755 misit

178 4802 250 4841 ex
290 4785 407 4840 ista
464 4784 607 4840 urbe
661 4786 733 4840 ad
786 4785 1092 4856 Ephesios,
1147 4787 1217 4841 ad
1271 4787 1701 4858 Magnesianos,
1757 4789 1830 4843 ad

1941 4685 2276 4740 inhaeserint
2295 4686 2598 4742 memoria.
2619 4684 2756 4742 Illos
2775 4691 2970 4741 autem
2992 4684 3178 4739 fuisse
3199 4683 3505 4738 Philomen
3533 4685 3592 4738 et

1939 4775 2400 4848 AgathOpodem,
2435 4791 2686 4847 quorum
2713 4774 2985 4831 meminit
3011 4773 3414 4829 sanctissimus
3437 4789 3589 4828 mar-

181 4873 518 4930 Trallianos
545 4878 721 4944 atque
749 4875 820 4928 ad
854 4874 1148 4931 Romanos
1181 4891 1196 4930 :
1231 4875 1479 4932 ulterius
1529 4894 1662 4934 vero
1696 4894 1834 4950 pro-
1942 4869 2034 4937 tyr
2066 4864 2122 4919 in
2165 4863 2443 4935 Epistolis
2474 4865 2545 4920 ad
2581 4869 2914 4935 Smyrnaeos
2945 4862 3059 4934 (59)
3093 4866 3151 4917 et
3183 4863 3255 4917 ad
3289 4861 3588 4916 Philadelr

181 4979 446 5036 gressus,
466 4963 604 5018 dum
628 4962 853 5019 Troade
881 4964 1249 5034 consisteret,
1277 4965 1411 5020 inde
1435 4970 1552 5022 tres
1579 4965 1834 5038 reliquas
1943 4953 2348 5026 Phenseﬁlm),
2369 4953 2521 5009 δυΠο
2542 4952 2942 5022 Αηῖίοοδθῑιω,
2984 4951 3153 5007 illum
3178 4967 3312 5007 νθτο
3337 4951 3593 5007 Τατεθω

261 5071 376 5138 (46)
408 5070 586 5124 Marc.
619 5086 709 5137 xv,
740 5071 830 5137 39,
864 5071 952 5138 44,
984 5073 1075 5126 45.

260 5141 375 5211 (4⁸7)
409 5141 614 5197 Matth.
648 5158 782 5207 ινιι,
812 5142 921 5210 24ς
952 5159 1091 5210 ιιιι,
1128 5142 1214 5208 17,
1249 5143 1336 5198 19.

259 5214 373 5282 (48)
410 5212 617 5278 Matth,
647 5229 823 5280 xxvu,
853 5214 944 5280 65,
980 5215 1049 5268 66
1082 5238 1096 5280 ς
1126 5229 1284 5283 xvm,
1321 5214 1407 5269 11°

261 5285 372 5352 (49)
399 5283 598 5340 Matth.
631 5299 804 5350 xxvn,
834 5285 906 5338 27
940 5302 954 5352 ;
985 5285 1160 5340 Marc.
1193 5301 1285 5352 xv,
1319 5286 1422 5353 16;
1453 5285 1625 5342 Joan.
1675 5301 1836 5354 ινιιι,

184 5356 277 5422 28,
314 5356 424 5429 33;
459 5372 571 5423 ιιι,
600 5355 676 5420 9;
714 5357 842 5429 Act.
874 5373 1034 5425 ιιιιι,
1074 5357 1183 5426 ;35
1211 5355 1466 5429 Philipp.
1508 5374 1547 5425 1,
1584 5359 1668 5413 13.

262 5428 376 5498 (50)
405 5429 523 5482 Act.
549 5442 667 5494 ιιι,
702 5427 788 5482 12.

261 5497 378 5570 (5t)
411 5498 542 5554 Luc.
574 5514 694 5568 ιιι,
732 5498 805 5552 20
834 5515 848 5564 ;
881 5497 1049 5556 Joan.
1075 5515 1154 5567 v1,
1187 5499 1297 5562 44;
1325 5515 1418 5563 ιι,
1447 5501 1483 5552 7
1514 5518 1530 5571 ;
1562 5502 1684 5556 Act.
1716 5515 1834 5571 ιιι,

188 5570 376 5783 12(52)
410 5639 585 5697 Marc.
614 5656 691 5709 v1,
712 5642 807 5696 27.

256 5713 351 5783 (53
401 5714 571 5782 Joan,
603 5728 721 5780 ιιι,
756 5711 807 5768 1i

256 5711 372 5783 (53)
401 5714 571 5782 Joan,
603 5728 721 5780 ιιι,
756 5711 844 5768 19.

1849 5351 2015 5438 ¹42

2016 5059 2128 5130 (54)
2155 5056 2484 5114 Blackwall.
2514 5059 2736 5130 Auctor.
2759 5073 2912 5130 fraer.
2935 5057 3096 5113 class.
3127 5055 3331 5125 darem.
3371 5063 3506 5114 tom.
3541 5056 3586 5125 Ι,

2015 5128 2161 5197 part.
2196 5147 2234 5196 1,
2269 5145 2394 5201 cap.
2428 5130 2481 5201 1,
2510 5128 2540 5201 §
2571 5131 2623 5195 5,
2655 5145 2709 5201 p.
2744 5129 2832 5201 48.

2016 5201 2136 5272 (55)
2164 5197 2374 5257 Euseb.
2405 5197 2535 5256 Hist
2550 5197 2846 5272 eccl.,lib.
2883 5215 2970 5264 ιιι,
3001 5215 3128 5270 cap.
3175 5199 3266 5272 3t}.

2026 5269 2138 5346 ('56)
2171 5272 2379 5328 Smith.
2416 5271 2634 5342 praefat.
2677 5271 2738 5325 in
2786 5270 2902 5325 Act.
2933 5269 3172 5342 martyr.
3211 5269 3267 5325 S.
3309 5272 3488 5339 Ignat.
3531 5285 3590 5340 p.

2016 5420 2127 5487 (57)
2159 5416 2271 5472 Act.
2302 5419 2538 5487 martyr.
2552 5415 2776 5487 lgna!"
2806 5428 2934 5486 cap.
2971 5413 3058 5471 15.

2161 5487 2333 5555 Ibid.,
2365 5486 2494 5562 cap.
2527 5486 2597 5562 r7.

2036 5555 2130 5630 59)
2161 5562 2348 5630 lgnat.
2382 5555 2660 5630 Βρίξιῇαᾴ
2682 5557 2936 5630 _Smynr.,
2969 5573 3134 5630 capp.
3173 5555 3268 5611 10..
3302 5559 3361 5612 et
3395 5555 3482 5611 13.

2036 5565 2108 5617 59
2161 5565 2348 5628 Ignat.
2382 5565 2554 5629 Epist'
2587 5565 2660 5613 ad
2685 5565 2936 5630 Smynr.,
2969 5573 3050 5627 ca]

2018 5565 2130 5704 (60;
2163 5629 2246 5688 1d.
2278 5629 2350 5685 ad
2379 5628 2756 5700 Philadelph.,
2803 5645 2929 5701 cap.
2963 5629 3050 5685 11.
