3942 6302
348 420 467 481 5⁸19

1411 413 1476 474 S.
1524 409 1920 474 IGNATIUS.
1968 446 2045 457 —
2086 412 2706 477 PROLEGOMENA.

3641 419 3764 480 580

348 553 434 610 sis
463 553 505 608 E
531 549 744 608 :olestm
794 548 1128 617 diaconum,
1161 547 1252 604 vix
1301 563 1334 603 a
1381 563 1681 619 quoquam
1738 545 1994 602 dubitari
2024 548 2079 614 Α
2108 549 2301 603 tenti
2339 547 2400 604 in
2441 565 2595 604 anno
2651 549 2982 606 definiendo
3013 567 3130 622 quo
3190 550 3478 624 gloriosus
3536 558 3764 626 martyr

347 649 449 700 aut
481 647 667 714 potest
699 646 800 698 aut
830 640 1016 696 debet.
1054 662 1082 689 »
1115 643 1406 694 Hactenus
1435 638 1526 693 vir
1555 636 1818 694 eruditus
1844 654 1857 704 ;
1887 636 1988 708 qui

345 738 402 788 et
453 734 731 788 adversus
788 729 994 799 Riveli,
1029 727 1314 784 Blondelli
1391 726 1760 797 aliorumque
1809 724 1988 780 cavil-

344 822 615 889 lationes,
650 821 926 894 pleraque
984 818 1181 874 subdit
1211 817 1362 873 lectu
1422 817 1602 888 digna
1659 817 1726 871 de
1780 814 1988 870 itinere

347 911 616 967 instituto
676 918 848 981 atque
897 907 957 964 in
1017 908 1226 964 iisdem
1279 905 1436 961 Actis
1499 904 1807 961 recensito.
1853 903 1990 967 Qui-

342 1002 450 1058 bus
477 1017 671 1067 ,amen
734 1015 917 1055 unum
970 999 1184 1053 addere
1239 996 1429 1062 liceat,
1465 995 1690 1049 Philoni
1753 993 1980 1048 scilicet

343 1091 785 1163 etAgathopodi
822 1087 1266 1160 adjuugendum
1316 1085 1521 1141 saltem
1557 1083 1899 1140 nominatim
1933 1087 1989 1137 et

340 1185 598 1248 Crocum,
632 1181 730 1252 qui
762 1184 1029 1235 sanctum
1057 1181 1373 1249 martyrem
1409 1175 1646 1230 Romam
1674 1188 1860 1244 usque
1885 1190 1984 1228 as—

345 1275 599 1326 sectatus
633 1269 812 1324 fuisse
846 1267 1206 1339 perhibetur.
1242 1265 1384 1334 Ejus
1416 1264 1574 1318 enim
1629 1261 1896 1318 meminit
1929 1262 1988 1316 in

341 1359 588 1429 epistola
641 1357 714 1411 ad
762 1357 1057 1412 Romanos
1117 1353 1210 1408 his
1243 1352 1433 1407 verbis
1484 1350 1877 1426 (61);Γράφω
1933 1345 1989 1403 δὲ

345 1447 471 1518 ὑμῖν
499 1449 665 1500 ταῦτα
696 1445 802 1498 ὰπὸ
843 1443 1116 1516 Σμύρνης,
1149 1443 1302 1497 Ἐστι
1341 1438 1397 1494 δὲ
1453 1441 1540 1494 καὶ
1569 1437 1683 1512 ἅμα
1738 1438 1861 1512 ἐμοὶ
1895 1437 1985 1493 σὺν

343 1533 539 1594 ἄλλοις
570 1532 807 1595 πολλοῖς
841 1531 1054 1606 Κρόκος
1085 1532 1147 1586 τὸ
1170 1529 1412 1600 ποθητὸν
1463 1551 1555 1604 μοι
1588 1526 1783 1602 ὄνομα.
1820 1535 1990 1586 Porro

341 1628 459 1684 haec
486 1625 662 1682 scribo
701 1626 848 1681 vobis
876 1640 904 1678 e
936 1624 1242 1696 Smyrna...
1278 1627 1366 1679 Est
1391 1631 1570 1678 autem
1605 1625 1836 1688 :mecum
1866 1636 1991 1676 cum

342 1716 472 1772 aliis
524 1715 721 1771 multis
747 1718 802 1770 et
851 1713 1070 1783 Crocur,
1130 1712 1514 1769 desideratum
1546 1710 1688 1766 mihi
1742 1728 1989 1766 nomen:

343 1810 408 1861 ut
437 1805 680 1876 proinde
701 1805 939 1873 quinam
970 1819 1069 1858 seu
1119 1807 1399 1874 quotnam
1448 1801 1568 1856 hinc
1599 1803 1740 1855 Acta
1771 1801 1986 1856 descri-

342 1897 585 1968 pserint,
609 1911 849 1965 prorsus
875 1910 979 1947 nos
1001 1892 1198 1947 lateat.
1223 1891 1638 1946 Verumtamen
1663 1906 1860 1945 eorum
1900 1890 1955 1944 in

340 1985 598 2056 tegritati
635 1984 876 2038 minime
906 1981 1167 2038 omnium
1192 1981 1248 2036 id
1272 1981 1500 2035 ofﬁcere
1536 1979 1705 2049 plane
1738 1983 1984 2046 constat,

339 2092 470 2130 cum
505 2080 560 2129 et
589 2073 702 2129 alia
735 2074 902 2144 plura
935 2079 1257 2144 martyrum
1291 2074 1431 2126 Acta
1463 2071 1688 2125 sincera
1719 2071 1850 2140 quis
1892 2069 1984 2123 lit-

336 2163 474 2220 leris
507 2164 887 2234 consignarit,
924 2161 1268 2233 plerumque
1312 2163 1672 2232 ignoremus.
1704 2159 1984 2214 Nonnulli

347 2254 582 2325 quidem
617 2252 828 2306 horum
859 2253 1134 2305 Actorum
1159 2249 1459 2304 veritatem
1488 2266 1828 2321 oppugnare
1851 2253 1990 2304 sunt

339 2340 622 2412 aggressi,
659 2357 804 2411 quos
826 2339 976 2392 inter
1002 2339 1220 2409 primas
1243 2338 1391 2392 ferre
1417 2338 1776 2408 comperitur
1803 2338 1985 2393 Oudi-

338 2448 451 2486 nus
485 2447 497 2484 :
529 2431 660 2499 ejus
692 2430 849 2484 enim
883 2427 1235 2483 confidentia
1265 2443 1331 2482 eo
1371 2444 1557 2498 usque
1586 2427 1889 2499 processit,
1923 2433 1986 2483 ut

337 2522 395 2576 S.
428 2517 720 2590 lgnatium
753 2515 1070 2572 Antiochiae
1102 2518 1159 2570 in
1196 2531 1332 2588 pace
1363 2515 1688 2571 decessisse
1733 2517 1988 2586 conjece-

337 2607 413 2662 rit
437 2608 551 2679 (62)
587 2631 600 2674 ;
635 2605 910 2677 Scaligeri
969 2606 1111 2660 forte
1162 2605 1455 2660 dubietate
1517 2610 1840 2676 permotus,
1883 2605 1984 2676 qui

337 2697 477 2752 olim
511 2696 735 2753 edoceri
771 2695 1003 2768 petebat
1031 2711 1137 2750 cur
1186 2695 1424 2749 demum
1473 2694 1737 2767 Ignatius
1767 2711 1795 2748 θ
1824 2695 1986 2767 Syria

337 2789 514 2846 luerit
561 2789 799 2844 Romam
838 2789 1120 2844 deductus
1170 2788 1185 2858 (
1229 2788 1303 2857 3).
1339 2789 1550 2843 Verum
1602 2787 1813 2843 Oudini
1847 2804 1982 2842 sen-

337 2879 596 2948 tentiam,
622 2894 795 2950 quam
813 2877 1062 2932 haudita
1086 2876 1307 2948 pridem
1336 2878 1716 2932 Heumannus
1751 2891 1984 2947 quoque

338 2968 685 3024 instauravit
715 2966 857 3039 (64),
887 2967 1151 3021 funditus
1176 2965 1376 3021 evertit
1399 2965 1484 3020 vir
1502 2965 1708 3021 doctus
1737 2966 1846 3037 (65)
1882 2982 1980 3020 su-

333 3057 532 3128 perius
563 3056 731 3112 nobis
777 3055 1070 3112 laudatus.

976 3216 1209 3272 CAPUT
1241 3217 1337 3272 VI.

335 3356 674 3426 Detemnore
705 3369 810 3426 quo
846 3357 1070 3426 sanctus
1099 3357 1317 3422 martyr
1360 3368 1549 3421 passus
1595 3352 1973 3426 existimatur,

398 3425 526 3483 duae
553 3425 815 3496 feruntur
843 3425 1164 3480 celebriores
1179 3427 1512 3496 sententiae:
1537 3439 1776 3496 quarum
1798 3425 1975 3478 altera

401 3495 642 3567 eiusdem
695 3499 1026 3567 martyrium
1072 3510 1216 3549 anno
1260 3495 1380 3562 116,
1430 3495 1607 3567 altera
1661 3495 1759 3548 107
1807 3498 1978 3567 consi-

401 3565 554 3637 g'nat.
586 3565 862 3622 Posterior
885 3567 1070 3633 priori
1106 3567 1464 3636 preferenda
1525 3565 1743 3621 videtur
1772 3583 1790 3620 :
1821 3566 1976 3620 adeo-

402 3657 506 3709 que
536 3639 654 3709 ipso
682 3655 826 3693 anno
851 3639 952 3692 107
979 3641 1251 3698 currente,
1279 3637 1505 3708 scriptae
1539 3638 1820 3693 ducuntur
1851 3641 1976 3703 epi-

399 3713 554 3766 stolae
581 3709 890 3779 [gnat-iane?
917 3728 938 3764 .·
968 3711 1098 3764 Acta
1154 3725 1286 3763 vero
1323 3710 1608 3780 martyrii,
1641 3725 1785 3765 anno
1826 3712 1971 3766 inse-

400 3787 594 3854 quente
630 3783 729 3837 108
761 3781 960 3838 litteris
993 3781 1255 3836 mandata
1309 3796 1614 3837 censemur.

396 3941 665 3998 Caeterum
696 3940 794 3996 alii
825 3940 1179 3997 cordatiores
1210 3940 1397 3995 critici
1428 3957 1576 4012 pura
1608 3944 1664 3995 et
1687 3956 1970 4012 germana

318 4032 519 4088 eadem
551 4035 694 4087 Acta
725 4047 852 4087 esse
885 4035 1174 4096 statuunt,
1209 4045 1398 4102 neque
1423 4030 1558 4100 jure
1589 4046 1621 4084 a
1652 4031 1970 4101 :quoquam

321 4119 710 4177 sollicitanda.
743 4123 811 4174 Et
843 4119 928 4174 illi
961 4119 1198 4190 quidem
1235 4117 1595 4190 paucissima
1645 4123 1876 4174 tantum
1909 4120 1967 4174 in

322 4209 397 4265 iis
427 4210 565 4265 vitio
596 4209 970 4264 librariorum
1002 4211 1281 4278 corrupta
1315 4207 1489 4262 fuisse
1519 4209 1866 4279 conjectant,
1901 4226 1968 4264 ea

327 4300 648 4370 praesertim
683 4314 811 4368 qua:
847 4297 915 4351 ad
947 4312 1131 4351 annos
1163 4295 1388 4367 imperii
1413 4296 1644 4366 Trajani
1677 4301 1732 4353 et
1753 4314 1969 4354 consu-

327 4387 446 4443 lum
522 4386 878 4442 notationem
933 4388 1242 4455 spectant:
1277 4385 1336 4439 hi
1393 4401 1548 4453 vero,
1602 4384 1736 4442 licet
1809 4387 1965 4444 haud

323 4473 870 4532 emendatissimum
891 4477 1186 4530 vetustum
1203 4475 1312 4530 hoc
1329 4483 1774 4531 monumentum
1795 4493 1966 4548 agno-

322 4569 510 4630 scant,
542 4564 613 4618 ad
646 4569 881 4635 tempus
913 4567 1106 4618 tamen
1131 4563 1190 4618 in
1218 4579 1283 4619 eo
1317 4563 1613 4636 signatum
1641 4566 1792 4635 quod
1827 4567 1962 4621 atti-

2101 638 2360 708 Ignatius
2390 640 2679 695 occubuit.
2742 640 2857 695 Has
2890 640 3040 696 inter
3085 641 3206 696 duas
3259 640 3605 698 celebriores
3637 645 3758 699 cir-

2099 727 2800 800 cumferuntur:quarum
2836 729 3016 784 altera
3049 731 3391 802 martyrium
3425 731 3570 787 illud
3596 750 3756 788 anno

2095 815 2306 871 Christi
2343 819 2468 883 116,
2503 817 2687 873 altera
2717 834 2869 872 anno
2905 820 3006 873 107
3037 818 3388 890 illigandum
3424 822 3654 878 statuit.
3685 823 3759 877 Et

2100 906 2354 978 priorem
2389 908 2624 979 quidem
2650 908 3002 964 Pearsonius
3033 909 3380 982 excogitavit
3413 928 3755 983 propugna-

2099 1003 2294 1067 vitque
2325 999 2381 1052 in
2429 998 2841 1053 dissertatione
2891 999 3206 1069 posthuma
3256 1001 3328 1055 de
3357 1017 3504 1056 anno
3555 1018 3661 1074 quo
3698 1001 3755 1056 S.

2096 1086 2346 1157 Ignatius
2393 1105 2424 1143 a
2469 1089 2701 1158 Traiano
2758 1088 3059 1144 Antiochiae
3116 1091 3186 1145 ad
3218 1090 3411 1146 bestias
3459 1101 3577 1146 erat
3624 1108 3758 1148 con-

2098 1174 2406 1245 demnatus,
2439 1193 2472 1230 a
2501 1177 2725 1232 Thoma
2774 1178 3002 1234 Smitho
3037 1178 3094 1232 in
3137 1196 3307 1234 suam
3356 1180 3754 1238 Oxoniensem

2098 1265 2413 1322 editionem
2447 1267 2812 1338 Ignatianam
2848 1268 3093 1338 primum
3126 1271 3472 1339 conjectam.
3510 1272 3759 1327 Pearso-

2098 1355 2195 1410 nio
2245 1369 2378 1410 mox
2425 1357 2668 1411 accessit
2720 1356 3072 1413 Guil‘lelmus
3106 1359 3355 1430 Loydius
3386 1359 3447 1415 in
3493 1360 3754 1416 diatriba

2099 1445 2361 1514 ejusdem
2389 1446 2743 1516 argumenti,
2779 1463 2953 1518 quam
2988 1446 3171 1502 edidit
3201 1452 3374 1519 atque
3405 1451 3757 1520 comproba-

2099 1533 2178 1588 vit
2213 1534 2493 1589 Antonius
2526 1535 2738 1604 Pagius
2767 1536 2877 1608 (67)
2915 1551 2928 1592 :
2959 1553 3175 1608 eosque
3207 1537 3392 1592 secuti
3427 1543 3569 1593 sunt
3588 1539 3758 1594 dein-

2100 1639 2236 1694 ceps
2267 1623 2536 1690 Grabius,
2569 1623 2830 1679 Smithus
2874 1629 2931 1680 et
2980 1625 3328 1696 Lequienius
3359 1626 3758 1698 (68).Inhzeret

2101 1715 2294 1768 autem
2330 1712 2448 1768 haec
2479 1714 2766 1784 sententia
2795 1713 3038 1770 Joannis
3057 1714 3272 1770 Malalaa
3309 1715 3366 1770 in
3401 1715 3610 1787 primis
3641 1734 3752 1772 au-

2099 1801 2376 1868 ctoritati,
2433 1803 2750 1858 asserentis
2809 1803 2913 1874 (69)
2955 1821 3058 1876 quo
3118 1813 3359 1875 tempore
3410 1811 3759 1862 terminatus

2017 1915 2065 1981 Β
2101 1891 2412 1947 Antiochiae
2459 1891 2682 1959 accidit,
2742 1894 3075 1963 imperatore
3128 1893 3253 1948 illic
3292 1893 3470 1949 adhuc
3529 1903 3754 1965 agente,

2099 1982 2369 2051 martyrio
2399 1984 2715 2035 coronatum
2738 1997 2850 2036 esse
2871 1981 2925 2037 S.
2964 1983 3246 2051 Ignatium
3276 1985 3587 2054 episcopum
3640 1986 3757 2038 An-

2097 2069 2431 2124 tiochenam.
2503 2068 2879 2143 Ἐμαρτύρησε
2946 2066 3003 2124 δὲ
3085 2068 3173 2124 ἐπὶ
3239 2070 3402 2125 αὐτοῦ
3482 2073 3509 2126 ὁ
3595 2071 3757 2149 ἅγιος

2099 2158 2381 2231 Ἰγνάτιος,
2449 2159 2477 2212 ὁ
2547 2156 2840 2221 ἐπίσκοπος
2899 2166 3001 2228 τῆς
3085 2160 3301 2214 πόλεως
3371 2161 3756 2236 ’Λντιοχείας.

2100 2249 2274 2304 Istius
2297 2265 2429 2304 vero
2463 2253 2828 2305 terraemotus
2859 2249 3222 2307 characteres
3256 2252 3597 2321 hujusmodi
3623 2269 3757 2324 pro-

2098 2339 2206 2392 fert
2238 2338 2411 2408 paulo
2445 2343 2576 2393 ante
2606 2339 2760 2394 idem
2785 2344 3017 2394 auctor:
3052 2339 3175 2395 Ἐπὶ
3207 2345 3305 2408 τῆς
3334 2337 3617 2414 βασιλείας
3649 2345 3753 2395 τοῦ

2095 2423 2372 2478 θειοτάτου
2402 2426 2691 2498 Τραϊανοῦ,
2752 2420 2942 2479 ἔπαθεν
2993 2426 3302 2505 Ἀντιόχεια
3346 2429 3379 2496 ἡ
3434 2427 3681 2504 μεγάλη,
3716 2431 3752 2498 ἡ

2095 2513 2232 2586 πρὸς
2272 2513 2504 2591 Δάφνην,
2562 2514 2624 2567 τὸ
2682 2514 2866 2586 τρίτον
2923 2515 3095 2584 αὐτῆς
3148 2516 3336 2582 πάθος,
3375 2517 3504 2588 μηνί
3541 2516 3754 2574 Ἀπελ-

2097 2600 2241 2674 λαίῳ
2272 2607 2350 2674 τῷ
2381 2603 2471 2656 καὶ
2507 2598 2846 2678 Δεκεμϐρίῳ,
2882 2609 2924 2658 Π
2958 2606 3092 2678 (leg.
3129 2606 3251 2678 Kl")
3284 2607 3491 2680 ἡμέρᾳ,
3523 2613 3616 2676 Α.,
3656 2628 3756 2679 με-

2095 2692 2161 2748 τὰ
2190 2692 2539 2767 ἀλεκτρυόνα,
2598 2690 2749 2753 ἔτους
2810 2695 3251 2768 χρηματίζοντος
3285 2697 3426 2752 ΡΣΔ“
3454 2697 3592 2750 κατὰ
3621 2696 3754 2758 τοὺς

2095 2782 2424 2855 Ἀντιοχεῖς.
2504 2784 2856 2839 Divinissimo
2929 2786 3163 2856 Trajano
3243 2786 3573 2857 imperante,
3639 2797 3757 2843 ter-

2093 2873 2230 2926 tiam
2256 2888 2412 2926 suam
2452 2872 2829 2927 calamitatem
2856 2889 3020 2942 passa
3063 2878 3141 2929 est
3199 2891 3404 2943 magna
3452 2876 3756 2931 Antiochia

2093 2962 2162 3016 ad
2214 2961 2472 3032 Daphnen
2502 2961 2631 3029 sita,
2663 2978 2851 3017 mense
2878 2963 3118 3033 Apella'o
3148 2979 3245 3018 seu
3273 2967 3581 3036 Decembri,
3633 2966 3754 3035 die,

2095 3055 2350 3109 vicesima
2375 3056 2560 3122 tertia,
2607 3053 2759 3125 feria
2788 3055 2992 3126 prima,
3042 3065 3164 3128 post
3189 3057 3564 3128 gallicinium,
3598 3076 3751 3115 anno

2093 3159 2229 3201 acra
2275 3144 2629 3201 Antiocheam
2667 3161 2843 3215 CLXIV,
2879 3146 2979 3216 qui
3015 3163 3207 3202 annus
3237 3146 3412 3218 cmpit
3461 3165 3494 3202 a
3525 3149 3749 3203 Kalen-

2097 3233 2185 3288 dis
2213 3233 2652 3304 Septembribus
2683 3233 2822 3289 anni
2851 3251 2978 3290 aerea
3010 3234 3268 3306 vulgaris
3299 3254 3423 3293 cxv.

2162 3321 2265 3377 Ille
2299 3321 2475 3391 igitur
2516 3326 2880 3379 terrezmotus
2911 3324 3021 3379 sub
3055 3324 3227 3379 finem
3292 3326 3552 3397 ejusdem
3603 3329 3746 3385 anni

2088 3410 2186 3466 115
2239 3411 2505 3483 contigit,
2568 3411 2662 3466 die
2694 3412 2911 3468 scilicet
2953 3413 3371 3486 subsequentis
3408 3418 3745 3474 Decembris

2085 3499 2366 3571 vigesima
2399 3500 2655 3568 tertia,in
2689 3501 2889 3556 feriam
2911 3503 3156 3573 primam
3179 3503 3469 3560 incidente
3503 3509 3746 3577 ;Traja-

2084 3603 2343 3659 numque
2366 3589 2580 3644 ibidem
2611 3588 2989 3658 hiemantem,
3022 3595 3170 3646 teste
3211 3593 3387 3648 Dione
3418 3594 3552 3664 (70),
3589 3611 3742 3667 pene

2082 3677 2392 3748 oppressit.
2429 3680 2570 3732 Cum
2602 3682 2795 3732 autem
2827 3678 3150 3734 idololatria
3189 3679 3246 3735 in
3279 3697 3438 3736 more
3470 3683 3734 3754 positum

2081 3769 2236 3820 esset
2260 3764 2317 3818 in
2338 3764 2800 3821 Christianorum
2819 3767 3108 3823 excidium
3125 3767 3454 3825 calumnias
3481 3775 3738 3839 struere,

2080 3853 2317 3925 illisque
2337 3855 2584 3910 maxime
2611 3856 2875 3911 omnium
2910 3856 3174 3928 publicas
3207 3858 3575 3915 calamitates
3607 3878 3737 3933 pas-

2079 3943 2191 3999 sim
2225 3944 2536 4010 ascribere,
2573 3945 2707 3999 inde
2740 3945 3018 4016 colligunt
3060 3948 3230 4003 modo
3263 3948 3487 4003 laudati
3519 3949 3732 4015 critici,

2079 4050 2230 4089 anno
2266 4033 2367 4088 116
2397 4034 2656 4100 ineunte,
2692 4035 3006 4104 Trajanum
3042 4037 3304 4108 proximo
3338 4053 3466 4092 vere
3500 4038 3562 4093 in
3595 4038 3735 4094 Par-

2079 4122 2212 4178 thos
2269 4124 2586 4178 exercitum
2648 4123 2988 4192 ducturum,
3031 4125 3088 4179 in
3130 4125 3424 4197 judicium
3490 4139 3734 4183 vocasse

2077 4211 2686 4283 Ignatium,illustrem
2711 4211 3178 4269 Christianorum
3232 4215 3291 4268 in
3337 4215 3497 4287 Syria
3527 4216 3735 4272 docto-

2075 4317 2220 4368 rem,
2255 4299 2540 4373 illumque
2573 4300 2769 4372 palam
2801 4302 3101 4357 Christum
3149 4304 3519 4359 confitentem
3554 4321 3736 4377 seque

2077 4391 2147 4446 de
2169 4391 2583 4462 superstitione
2609 4391 3122 4463 cbjurgantem,ad
3147 4392 3363 4448 bestias
3383 4393 3732 4450 damnatum

2075 4487 2316 4542 Romam
2339 4479 2736 4551 ducijussisse
2763 4496 2774 4533 :
2802 4494 2916 4550 quo
2932 4479 3166 4534 demum
3187 4496 3320 4535 cum
3339 4485 3469 4552 post
3485 4479 3732 4553 longum

2073 4577 2183 4632 iter
2212 4571 2596 4646 pervenisset,
2621 4568 2824 4624 eodem
2859 4585 3009 4624 anno
3046 4569 3146 4622 116
3180 4569 3506 4634 desinente,
3537 4570 3635 4625 die
3662 4571 3734 4624 20

324 4659 442 4722 net,
476 4653 768 4725 integrum
816 4668 940 4708 esse
971 4670 1034 4708 ac
1066 4654 1386 4725 genuinum
1432 4655 1774 4709 decernunt.
1808 4655 1967 4712 Unus
1999 4662 2044 4727 D
2075 4662 2433 4727 Decembris,
2454 4663 2515 4712 ut
2544 4658 2670 4727 ejus
2703 4659 2843 4712 Acta
2869 4661 3164 4712 testantur
3197 4659 3614 4728 (71),martyrio
3645 4665 3736 4715 est

327 4742 577 4800 Grabius
612 4742 836 4813 potiora
867 4741 1078 4797 horum
1109 4744 1383 4798 Actorum
1415 4744 1603 4813 capita
1650 4741 1808 4797 velut
1847 4745 1965 4800 sin-

329 4852 457 4891 cera
517 4833 805 4907 recipiens
864 4834 998 4906 (66),
1050 4839 1404 4906 postremam
1457 4838 1678 4903 partem
1730 4836 1967 4893 omnino

323 4924 584 4996 spuriam
615 4927 672 4980 et
702 4924 773 4978 ab
805 4923 1216 4995 interpolatore
1247 4922 1502 4993 quodam
1535 4933 1794 4979 assutam
1817 4927 1967 4982 arbi-

326 5018 538 5070 tratur.

393 5103 536 5160 Hinc
568 5104 765 5176 itaque
795 5107 937 5159 ortm
963 5102 1139 5157 varias
1167 5101 1424 5156 virorum
1448 5101 1808 5160 eruditorum
1842 5123 1968 5162 sen-

391 5232 502 5300 (61)
533 5231 722 5301 lgnat.
756 5230 824 5285 ad
856 5231 1032 5293 Rom.,
1065 5244 1190 5301 cap.
1229 5226 1318 5282 lO.

393 5299 749 5376 (627)70’udin.
803 5301 1103 5357 Comment.
1157 5299 1223 5354 de
1261 5299 1518 5370 scriptor,
1551 5301 1762 5370 eccles.,
1812 5307 1853 5358 t.
1919 5307 1962 5376 l,

326 5375 741 5517 p.(t'i.3:?)3IScalig.
777 5441 1077 5517 Animadv.
1111 5443 1170 5497 in
1211 5441 1671 5508 Busch..Ghron.,
1706 5447 1777 5498 ad
1826 5463 1960 5501 ann.

325 5515 617 5581 mmcx’xm,
651 5515 784 5586 pag.
815 5515 942 5568 207.

395 5588 512 5658 (64)
527 5585 865 5644 Heumann.
904 5585 1354 5656 Conspectum.
1384 5586 1578 5655 litter.,
1610 5601 1671 5642 ον
1696 5588 1753 5656 7,
1785 5591 1810 5656 §
1835 5603 1962 5654 xcv,

325 5660 540 5801 ρ’
563 5728 850 5794 Mamach.
883 5727 1143 5800 Originn.
1172 5733 1223 5786 et
1270 5730 1483 5800 antiqq.
1532 5727 1761 5800 Christ,
1794 5734 1836 5790 t.
1869 5733 1965 5804 IV,

2079 4754 2411 4806 coronatus.
2446 4745 2668 4810 Quibus
2712 4745 2935 4815 positis.
2973 4745 3201 4816 scriptas
3253 4750 3394 4800 sunt
3423 4761 3560 4817 ergo
3603 4746 3729 4818 epi-

2079 4840 2240 4896 stolae
2273 4836 2608 4909 Ignatianaa,
2641 4835 2713 4889 ad
2750 4839 3001 4889 mentem
3035 4835 3446 4906 praedictorum
3471 4835 3733 4891 erudito-

2080 4947 2229 4999 rum,
2261 4927 2463 4983 eodem
2497 4939 2650 4979 anno
2679 4940 2803 4979 seras
2834 4923 3090 4996 vulgaris
3125 4924 3247 4994 116,
3279 4928 3541 4996 Actaque
3575 4943 3736 4982 mar-

2077 5020 2211 5091 tyrii
2243 5033 2394 5073 anno
2427 5016 2770 5085 insequente
2807 5013 2905 5068 H7
2936 5012 3144 5068 litteris
3177 5013 3546 5086 consignata.

2153 5109 2443 5166 Posterior
2474 5121 2607 5162 vero
2653 5105 2960 5171 sententia,
2996 5121 3172 5178 quam
3206 5123 3323 5179 prie
3377 5107 3603 5162 caeteris
3635 5124 3732 5162 as-

2080 5253 2470 5377 p.(£;3::b.
2504 5302 2764 5377 _Spicileg.
2791 5303 2890 5377 SS.
2920 5305 3232 5377 PP._,tom.
3262 5303 3333 5370 II,
3366 5320 3421 5375 p.
3454 5305 3547 5358 22.

2173 5374 2260 5449 67)
2292 5376 2460 5449 Pagi.
2487 5374 2704 5449 Critia,
2736 5375 2806 5449 ad
2844 5391 2979 5449 ann.
3022 5375 3205 5449 l07,_§
3233 5393 3290 5431 iv
3322 5374 3444 5449 seq.

2173 5380 2260 5449 67)
2292 5380 2452 5447 Pagi.
2487 5380 2704 5439 Critia,
2736 5380 2806 5429 ad
2844 5391 2979 5429 ann.
3022 5380 3145 5443 107,
3178 5380 3205 5442 §
3233 5393 3290 5431 iv
3322 5391 3444 5446 seq.

2149 5380 2256 5518 568)
2287 5447 2574 5518 chuien.
2597 5446 2686 5502 0r.
2723 5446 2950 5518 Christ,
2978 5450 3119 5500 tom.
3155 5445 3367 5518 ll,rcol.
3399 5447 3528 5503 701.

2150 5520 2261 5594 (69)
2293 5517 2482 5594 Mala].
2517 5517 2816 5594 Chrgnogr.
2849 5517 2952 5574 lib.
2990 5534 3068 5586 χι,
3102 5518 3212 5572 sub
3241 5517 3460 5590 init.,p.
3487 5533 3566 5574 ω’.
3603 5519 3732 5574 117.

2148 5589 2260 5661 (70)
2297 5592 2416 5657 Dio,
2447 5605 2578 5661 pag.
2611 5589 2738 5661 782.

2147 5660 2258 5736 (71)
2291 5665 2404 5718 Act.
2435 5660 2670 5732 martyr.
2702 5660 2875 5730 (gnat.

2239 5520 2261 5736 Ξ
