3942 6302
92 379 198 442 581
1155 371 1496 433 ANDREIE
1539 371 1801 434 GALLAI

2002 374 2424 436 ΡΒΟωΜΙΑ.
3379 361 3513 436 582(

87 529 316 574 seruere
373 511 484 569 viri
533 507 889 577 doctissimi,
969 506 1260 574 Usserius,
1321 506 1732 563 Tillemontius
1761 512 1818 580 Α
1850 507 2052 565 durum
2079 511 2324 567 Historia
2370 509 2482 583 (80)
2517 509 2852 566 Parthicam
2909 507 3147 582 Trajani
3189 509 3505 580 expeditio—

91 611 260 677 atque
309 618 499 674 nuper
555 599 882 664 Corsinius,
933 615 1084 655 anno
1135 596 1351 654 Christi
1412 596 1540 668 107,
1571 597 1616 652 Τ
1648 613 1739 653 ra-
1854 613 1984 653 nem
2019 615 2172 655 anno
2208 599 2400 656 solum
2462 599 2526 655 U.
2569 599 2630 656 C.
2681 599 2788 654 865
2836 603 3172 672 susceptam
3231 600 3500 670 putavit;

87 695 296 769 janix,
329 699 388 748 S.
445 690 658 762 Ignatii
709 688 1058 761 martyrium
1109 687 1323 760 illigat,
1373 686 1745 757 sincerisque
1855 689 2354 759 quemadmodum
2418 706 2559 746 sane
2599 687 3504 762 Loydius(8t),Fabrettus(82),

91 784 248 842 Actis
279 779 614 853 Ignatianis
646 778 818 834 inniti
855 778 1232 850 potissimum
1265 777 1645 849 comperitur.
1679 777 1743 831 In
1855 776 2126 833 Norisius
2155 779 2291 851 (83),
2355 779 2565 852 Pagius
2594 779 2726 852 (84).
2761 780 3086 848 Basnagtus
3145 777 3259 851 (85)
3291 777 3507 850 aliique

97 876 186 931 his
215 873 378 930 enim
419 871 676 944 legimus
705 870 843 942 (72),
895 869 1216 940 Trajanum
1274 868 1538 924 confecto
1599 865 1749 923 bello
1858 867 2098 940 plurimi
2149 867 2486 924 Parthicum
2544 868 2654 924 hoc
2685 869 2799 924 iter
2826 872 2960 940 post
2989 876 3210 923 sextum
3239 869 3506 924 consula-

100 964 332 1034 Dacico,
355 960 583 1034 imperii
635 960 726 1015 sui
752 975 900 1015 anno
928 975 1009 1028 ιχ,
1064 955 1260 1030 ἑννάτῳ
1291 948 1397 1011 ἔτει
1453 958 1553 1020 τῆς
1585 953 1750 1009 αὺτοῦ

112 1048 418 1129 βασιλείας,
470 1049 807 1121 festinanter
834 1047 1110 1102 Armeniis
1157 1052 1209 1102 et
1263 1045 1487 1102 Parthis
1550 1045 1754 1101 bellum

109 1144 430 1210 ittaturum,
507 1132 878 1204 σπουδάζοντα
905 1132 995 1188 ὶπὶ
1052 1131 1340 1208 ’Λρμενΐαν
1367 1133 1458 1188 καὶ
1489 1132 1754 1208 Πάρθους,

107 1234 216 1288 iter
245 1228 526 1286 orientale
575 1225 929 1298 suscepisse,
963 1225 1074 1280 sub
1096 1225 1272 1280 finem
1296 1224 1519 1280 scilicet
1543 1240 1754 1297 prace-

1860 961 2010 1023 tum,
2043 973 2196 1012 anno
2241 957 2307 1013 U.
2336 959 2398 1015 Ο.
2433 959 2560 1026 865,
2593 975 2626 1014 a
2658 957 2908 1028 Traiano
2940 957 3137 1012 Romae
3171 962 3510 1029 susceptum

1861 1047 2178 1118 contigisse
2208 1047 2588 1104 contendunt.
2623 1046 3048 1104 Tilllemontius
3070 1063 3201 1103 vero
3226 1048 3362 1121 (86),
3395 1065 3511 1120 quo

1863 1141 2017 1191 certe
2050 1152 2222 1192 nemo
2245 1136 2526 1192 subtilius
2557 1141 2734 1208 atque
2755 1137 3086 1193 accuratius
3115 1137 3268 1192 hanc
3298 1141 3518 1208 tempo-

1866 1241 1996 1281 rum
2016 1233 2640 1296 rerumquegestarum
2668 1225 2879 1280 seriem
2911 1225 3252 1296 exploravit,
3287 1228 3514 1282 Baronii

108 1321 312 1378 dentis
345 1319 487 1375 anni
518 1317 622 1374 406
653 1333 670 1384 ;
705 1315 994 1386 siquidem
1027 1330 1162 1370 cum
1192 1313 1651 1385 Trajanus,teste
1669 1312 1758 1368 vel
1868 1331 1935 1371 ac
1966 1315 2182 1371 Petavii
2213 1314 2476 1386 vestigiis
2508 1314 2809 1382 insistens,
2843 1315 3169 1369 Parthicam
3204 1315 3352 1371 hanc
3379 1321 3514 1373 Tra-

101 1410 235 1480 ipso
264 1408 494 1464 Joanne
543 1403 748 1463 Malala
783 1404 916 1475 ('73),
951 1419 1150 1459 mense
1180 1403 1622 1476 Hyperbereteo
1642 1403 1763 1458 sive
1863 1404 1989 1475 jani
2020 1402 2264 1459 Caesaris
2292 1402 2720 1473 expeditionem
2744 1407 2993 1459 exeunte
3037 1419 3190 1458 anno
3221 1406 3289 1458 U.
3321 1407 3382 1458 C.
3412 1404 3516 1458 859

108 1497 345 1555 Octobri
404 1496 578 1552 Roma
638 1495 944 1567 digressus
997 1497 1172 1564 esset,
1246 1492 1507 1565 proximo
1565 1495 1760 1548 autem
1872 1492 2185 1564 contigisse
2214 1492 2593 1548 demonstrat.
2628 1490 2700 1546 Ut
2733 1495 2928 1547 autem
2961 1493 3162 1548 omnia
3186 1509 3312 1565 quae
3342 1509 3375 1548 a
3404 1494 3516 1549 No-

104 1603 311 1645 mensc
333 1584 624 1657 Appellseo
657 1585 778 1640 sive
800 1581 1101 1639 Decembri
1126 1581 1450 1638 Seleuciam
1476 1580 1768 1653 pervenis-
1874 1581 2014 1638 risio
2045 1581 2383 1653 caaterisquc
2415 1581 2714 1653 proposita
2770 1581 3020 1651 fuerant,
3051 1587 3313 1638 accurate
3338 1581 3511 1655 expli-

107 1681 218 1748 set,
241 1675 614 1732 Antiochiam
647 1675 884 1730 demum
915 1671 1091 1744 Syria
1135 1672 1438 1744 ingressus
1494 1675 1583 1728 est
1633 1669 1770 1742 μηνὶ
1873 1670 1992 1726 cari
2015 1670 2314 1742 simulque
2359 1669 2632 1741 componi
2680 1670 2927 1741 possint,
2953 1669 3362 1726 Tillemontius
3398 1671 3523 1743 ipse

107 1763 424 1836 Αὖδυναίφ,
479 1767 559 1833 τῷ
623 1762 715 1816 καὶ
774 1758 1145 1834 Ἰαννουαρίῳ,
1202 1755 1412 1834 ἐϐδόμῃ
1446 1757 1648 1834 ἡμέρᾳ,
1681 1759 1769 1828 εκ,

1969 1759 2206 1817 servavit
2235 1759 2387 1832 quod
2439 1757 2651 1830 duplex
2696 1759 2932 1831 Trajani
2990 1759 3050 1814 in
3092 1759 3382 1816 Orientem
3415 1763 3518 1816 iter

116 1852 237 1931 ὥρᾳ
265 1829 507 1929 ἡμέρινῇ
533 1829 603 1919 ⁷δ’,
633 1875 661 1903 ‹‹
711 1868 914 1908 mense
963 1829 1256 1923 Audvntso
1289 1829 1408 1905 sive
1461 1829 1766 1919 Januario,
1802 1829 1846 1896 Β
1877 1849 2163 1921 distingui
2196 1829 2367 1905 debet
2395 1865 2408 1905 :
2437 1853 2501 1904 ut
2526 1829 2588 1903 in
2622 1829 3080 1921 primo—quidem
3113 1849 3525 1921 TrajanusAr-

113 1948 208 2002 die
233 1944 509 2016 septima,
562 1941 706 1998 feria
727 1941 954 2012 quinta,
987 1939 1130 1996 hora
1159 1942 1364 2010 quarta
1385 1938 1695 1994 matutina.
1734 1959 1754 1986 ι

113 2037 196 2092 Ex
223 2049 344 2106 quo
405 2032 558 2088 terius
591 2029 828 2102 quintae,
870 2045 1002 2085 cum
1059 2030 1298 2099 septima
1360 2028 1454 2084 die
1500 2027 1760 2082 Januarii

111 2141 272 2181 anno
302 2139 430 2179 terte
465 2119 804 2176 Christiana:
839 2119 942 2174 107
980 2117 1402 2185 concurrentis,
1433 2117 1766 2173 charactere

115 2212 346 2284 colligit
395 2210 661 2269 Usserius
713 2210 850 2280 (74),
886 2209 990 2264 hoc
1039 2208 1167 2280 ipso
1225 2224 1376 2262 anno
1431 2207 1687 2275 ineunte,
1733 2222 1768 2260 a

116 2303 377 2374 Trajano
437 2299 748 2355 Antiochiae
781 2297 854 2353 ad
886 2297 1313 2370 expeditionem
1342 2295 1672 2351 Parthicam
1705 2310 1767 2350 se

116 2395 520 2463 comparante,
577 2389 918 2444 damnatum
953 2387 1135 2441 fuisse
1187 2387 1246 2441 S.
1279 2385 1614 2458 Ignatium;
1667 2384 1768 2456 qui

116 2482 368 2553 proinde
416 2496 569 2534 anno
620 2477 825 2534 eodem
855 2476 1107 2543 labente,
1163 2474 1394 2548 imperii
1425 2474 1660 2545 Trajani
1713 2492 1767 2541 x,

120 2571 214 2627 die
248 2568 584 2626 Decembris
613 2569 705 2633 20,
731 2566 1076 2639 martyrium
1109 2565 1328 2621 subiit:
1362 2565 1624 2636 adeoque
1670 2563 1771 2618 illo

122 2661 254 2732 ipso
288 2675 444 2714 anno
491 2659 594 2712 107
648 2659 918 2712 currente
969 2656 1300 2726 perscriptae
1343 2655 1414 2710 ab
1445 2670 1512 2710 eo
1559 2653 1776 2709 fuerint

123 2749 414 2821 epistolas,
485 2751 660 2817 atque
703 2746 1050 2815 insequente
1082 2745 1184 2800 108
1215 2744 1478 2814 ejusdem
1512 2742 1777 2815 martyrii

123 2840 276 2894 Acta
320 2835 612 2906 evulgata.
664 2834 833 2904 Apud
865 2831 1134 2888 Malalam
1179 2831 1437 2904 quidem,
1497 2831 1614 2886 sive
1652 2831 1779 2901 ejus

127 2925 372 2982 inscitia
396 2925 516 2979 sive
546 2922 920 2979 librariorum
954 2921 1284 2990 oscitantia,
1329 2922 1387 2976 in
1423 2921 1780 2977 notationem

129 3020 469 3086 temporum
501 3027 632 3067 cum
663 3011 893 3080 imperii
922 3009 1156 3080 Trajani
1185 3014 1310 3064 tum
1336 3009 1784 3080 lgnatianimar-

125 3104 262 3176 tyrii
301 3102 515 3158 menda
571 3098 856 3155 nonnulla
911 3099 1220 3170 irrepsisse
1252 3104 1621 3155 noscuntur:
1670 3098 1784 3154 levi

124 3196 328 3247 tamen
383 3187 615 3259 negotio
645 3205 713 3243 ex
759 3188 833 3243 iis
877 3187 1264 3255 emendanda,
1305 3203 1432 3259 quas
1489 3186 1782 3255 Usserius,

125 3279 516 3335 Chilmeadus
545 3277 660 3349 (75)
693 3277 908 3347 aliique
960 3283 1312 3332 monuerunt
1344 3293 1358 3332 :
1396 3275 1515 3331 sive
1564 3281 1629 3331 ut
1656 3275 1784 3330 lau-

126 3371 308 3425 datus
325 3366 812 3438 chronographus
834 3365 939 3421 sibi
964 3370 1208 3433 constet,
1243 3364 1362 3421 sive
1385 3373 1443 3420 ut
1474 3365 1602 3435 ejus
1632 3365 1786 3419 dicta

129 3456 542 3514 monumentis
561 3454 1078 3522 vetustioribus,in
1103 3454 1308 3526 primis
1337 3470 1469 3510 vero
1499 3453 1789 3509 Chronico

125 3547 493 3613 Eusebiano,
516 3545 670 3599 haud
704 3545 1086 3614 repugnantia
1116 3545 1572 3613 comperiantur.

203 3645 495 3694 Caeterum
525 3653 640 3708 quo
675 3637 956 3692 hactenus
988 3641 1260 3691 enarrata
1290 3634 1531 3706 reliquis
1566 3634 1793 3705 Traiani

134 3728 325 3801 gestis
356 3725 417 3780 in
445 3725 679 3781 Oriente
702 3724 864 3796 paria
885 3724 1598 3796 respondeant,dup1icem
1634 3725 1704 3778 ab
1728 3740 1794 3779 eo

138 3815 481 3874 Parthicam
530 3814 954 3886 expeditionem
1012 3820 1348 3886 susceptam
1391 3812 1798 3870 ’I‘illemontius

135 3912 275 3982 jure
304 3907 627 3979 conjecisse
655 3907 882 3962 videtur
901 3907 1014 3977 (76)
1044 3923 1065 3970 ,·
1092 3907 1261 3976 cujus
1297 3905 1537 3979 proinde
1566 3911 1797 3961 senten-

143 3999 291 4054 tiam
317 4014 511 4068 nuper
534 3998 713 4052 fuisse
735 3995 1040 4068 amplexus
1065 4000 1239 4066 atque
1261 3996 1643 4051 confirmasse
1668 3993 1802 4050 vali.

146 4089 288 4144 dius
339 4086 704 4159 perhibetur,
737 4087 822 4141 vir
853 4084 1221 4158 politioribus
1250 4084 1462 4141 litteris
1523 4092 1802 4156 praestans

142 4176 462 4233 Eduardus
487 4175 789 4231 Corsinius
821 4175 956 4248 (77).
992 4178 1054 4230 In
1077 4191 1204 4230 eam
1239 4174 1476 4246 quidem
1523 4174 1799 4230 Disserta-

139 4267 370 4322 tionem
405 4265 808 4321 Corsinianam
828 4264 1026 4333 ,Dubia
1051 4266 1335 4335 proposim
1365 4278 1468 4336 per
1496 4264 1803 4320 Erasmum

141 4354 546 4412 Froelichium
584 4353 965 4426 elegantioris
998 4352 1272 4408 doctrinae
1303 4352 1802 4408 consultissimum

137 4445 424 4501 novimus
456 4445 568 4514 (78)
601 4461 614 4498 :
650 4459 780 4514 qua:
813 4449 1007 4498 tamen
1059 4440 1338 4497 laudatus
1374 4443 1462 4496 vir
1491 4443 1696 4496 doctus
1743 4441 1804 4496 in

1871 1937 2128 1994 meniam
2189 1955 2256 1994 ac
2297 1938 2776 2009 Mesopotamiam
2810 1937 2870 1993 in
2903 1937 3176 1993 Romanis
3208 1939 3515 2011 provinciae

1870 2029 2117 2084 formam
2141 2027 2793 2099 redegeritParthasque
2826 2044 3072 2100 regnum
3105 2029 3528 2084 Chrosroireli-

1870 2118 2062 2192 querit
2109 2134 2122 2172 :
2177 2119 2232 2172 in
2295 2119 2550 2173 secundo
2603 2133 2736 2173 vero
2791 2117 3014 2174 Parthis
3064 2118 3227 2188 ipsis,
3288 2118 3528 2190 expulso

1871 2210 2144 2276 Chosroe,
2180 2224 2374 2280 regem
2407 2207 2583 2264 alium
2613 2207 2984 2264 concesserit.
3019 2227 3048 2258 »

1951 2303 2028 2355 Ac
2059 2303 2213 2354 certe
2235 2297 2468 2370 quidem
2499 2299 2819 2368 Trajanum
2861 2297 3275 2369 Armeniajam
3309 2298 3532 2370 pridem

1875 2393 2107 2461 recepta
2137 2389 2382 2444 Romam
2415 2387 3015 2459 rediisse,iterumque
3045 2387 3305 2442 Romain
3331 2387 3534 2444 Orien-

1875 2486 1985 2536 tem
2019 2479 2337 2549 proieclum
2370 2493 2593 2546 esse,ex
2618 2476 2880 2532 nummis
2911 2477 3086 2532 etiam
3113 2477 3344 2534 ostendi
3366 2493 3534 2550 posse

1881 2568 2232 2643 putaverim,
2296 2568 2345 2622 si
2403 2583 2535 2622 cum
2595 2566 2790 2622 Dionis
2853 2569 3091 2624 Historia
3138 2569 3534 2626 conferantur.

1881 2658 2194 2730 Siquidem
2259 2655 2512 2726 scriptor
2537 2654 2635 2711 ille
2674 2671 2806 2710 cum
2841 2657 3106 2725 dixisset,
3135 2659 3471 2713 Armeniam
3506 2676 3539 2714 a

1883 2747 2133 2817 Trajano
2164 2747 2386 2800 Caesare
2419 2744 2549 2800 sine
2604 2744 2800 2816 praelio
2833 2750 3125 2817 receptam
3159 2745 3539 2818 Romanoque

1888 2834 2100 2907 populo
2135 2835 2416 2889 tributam
2449 2849 2600 2902 esse,
2624 2849 2757 2888 mox
2781 2834 2978 2889 subdit
3007 2852 3020 2890 :
3068 2834 3356 2904 Ἀπήντων
3389 2833 3540 2907 αὐτῷ

1886 2927 1937 2980 οἱ
1985 2920 2118 2997 τῇδε
2177 2922 2465 2997 σατράπαι,
2523 2920 2612 2975 καὶ
2673 2916 2920 2984 ϐασιλεῖς
2982 2923 3116 2996 μετᾴ
3175 2920 3388 2997 δώρων.
3426 2966 3438 2979 .
3475 2968 3490 2984 .
3527 2968 3542 2984 .

1891 3012 2320 3089 Παρθαμασίρην
2377 3011 2471 3065 τὸν
2522 3011 2822 3086 ’Λρμενίων
2907 3011 3307 3088 ἐτιμωρήσατο.
3393 3013 3542 3069 Ἐπεὶ

1890 3099 1948 3157 δὶ
2004 3105 2177 3156 πᾶσαν
2237 3101 2336 3170 τήν
2412 3099 2716 3175 ’Λρμενίων
2772 3102 2958 3176 χώραν
3048 3101 3180 3173 εἷλε,
3238 3102 3326 3157 καὶ
3401 3101 3543 3158 πολ-

1900 3190 2030 3254 λοὺς
2089 3195 2200 3246 τῶν
2263 3187 2532 3265 βασιλέων
2619 3189 2748 3252 τοὺς
2846 3191 2940 3263 μὲν
3039 3187 3403 3253 ὕποπεσόντας
3489 3191 3542 3246 ἐν

1894 3285 2010 3342 τοῖς
2069 3278 2253 3354 φίλοις
2312 3279 2436 3354 ἦγε,
2491 3277 2618 3341 τοὺς
2676 3277 2733 3334 δὲ
2777 3300 2928 3342 τινας
3010 3281 3100 3334 καί
3181 3281 3545 3344 ἀποθανόντας

1899 3371 2237 3443 (legendum
2278 3376 2415 3442 puto
2448 3368 2704 3437 ἀπόντας,
2740 3375 2803 3425 ut
2831 3370 2892 3425 hi
2927 3371 3205 3443 postremi
3237 3371 3411 3427 veluti
3440 3372 3543 3428 ab-

1898 3464 2076 3516 sentes
2109 3477 2140 3512 a
2171 3459 2465 3531 prioribus
2498 3460 2600 3530 qui
2633 3461 2886 3531 Trajnno
2910 3465 3284 3528 occurrerant,
3332 3461 3547 3516 distin-

1901 3550 2179 3622 guantur)
2235 3546 2443 3621 ἀμαχεὶ
2504 3545 2806 3622 ἐχειροῦτο·
2875 3548 3001 3602 τάτε
3059 3545 3206 3604 ἄλλα
3257 3547 3546 3625 ἐψηφίζετο

1905 3637 2054 3707 αὐτῷ
2109 3634 2300 3691 πολλὰ
2360 3638 2395 3704 ἡ
2453 3633 2656 3710 βούλη,
2737 3636 2826 3690 καὶ
2919 3639 3193 3711 ’Όπτιμον
3281 3638 3374 3693 εἶ’τ’
3459 3639 3550 3692 οὗν

1903 3727 2178 3800 Ἀριστον,
2214 3723 2586 3797 ἐπωνόμασεν.
2647 3726 2901 3798 Satrapes
2934 3731 3031 3799 qui
3078 3731 3355 3796 regionem
3402 3736 3550 3784 tene-

1910 3818 2058 3882 bant,
2085 3831 2348 3887 regesque
2376 3831 2501 3870 cum
2529 3815 2856 3870 muneribus
2885 3816 2938 3871 ei
2965 3827 3342 3872 occurrerunt.
3380 3859 3391 3870 .
3432 3860 3443 3872 .
3483 3857 3495 3871 .
3531 3858 3550 3876 .

1909 3909 2387 3963 Parthamasirem
2435 3907 2819 3962 Armeniorum
2851 3923 3033 3977 regem
3059 3910 3278 3980 punivit
3311 3926 3325 3975 ;
3366 3916 3554 3979 capta-

1910 4014 2013 4069 que
2041 3999 2300 4053 uniuersa
2349 3996 2624 4052 Armenia
2654 3996 2896 4064 regione,
2930 4013 3080 4068 reges
3103 3999 3200 4068 qui
3227 3997 3556 4053 deditionem

1909 4089 2177 4158 [ccci-ant,
2233 4088 2290 4139 in
2349 4087 2654 4140 amicorum
2701 4101 2928 4142 numero
2970 4085 3174 4141 habuit
3217 4103 3230 4154 ;
3291 4085 3554 4156 quosdam

1911 4191 2035 4232 vero
2065 4176 2229 4231 etiam
2279 4175 2524 4230 absentes
2561 4175 2764 4246 absque
2793 4191 2986 4248 pugna
3039 4175 3179 4246 cepit
3213 4191 3225 4230 :
3259 4174 3416 4246 eique
3440 4182 3557 4232 tum

1911 4266 2029 4322 atia
2085 4266 2250 4337 plura
2281 4264 2514 4320 decrevit
2544 4271 2787 4332 senatus,
2839 4273 2956 4320 tum
3009 4267 3314 4337 prasertim
3346 4268 3557 4337 Optimi

1911 4363 2325 4425 coynomentum
2349 4356 2628 4410 concessit.
2688 4354 2889 4427 Itaque
2919 4371 2988 4410 ex
3021 4355 3196 4412 Dione
3224 4360 3281 4412 et
3335 4361 3559 4412 Zonara

1916 4460 2170 4517 quoque,
2205 4443 2405 4514 Optimi
2430 4459 2644 4499 nomen
2669 4447 2808 4499 tunc
2853 4444 3106 4517 primum
3138 4446 3390 4516 Trojano
3438 4448 3556 4501 Cie-

137 4534 336 4590 altera
369 4532 788 4587 Dissertatione
823 4530 935 4586 sibi
980 4530 1257 4586 diluenda
1287 4531 1542 4602 sumpsit
1570 4529 1705 4602 ('79).
1738 4530 1807 4584 Et
1841 4587 1880 4602 ﬁ
1919 4534 2032 4590 sari
2075 4533 2269 4588 Romae
2304 4549 2650 4588 concessum
2673 4533 2802 4602 fuit,
2837 4549 2972 4591 cum
3001 4534 3054 4590 is
3101 4536 3435 4591 Armeniam
3468 4552 3558 4591 ex-

137 4623 411 4678 virorum
446 4620 781 4675 criticorum
804 4607 1113 4674 arbitratui
1142 4620 1210 4674 de
1235 4619 1341 4673 hac
1364 4618 1592 4674 erudita
1624 4617 1803 4673 disce-

138 4712 411 4785 ptatione
436 4709 662 4780 judicio
714 4707 934 4772 relicto,
996 4707 1229 4763 interim
1263 4723 1394 4762 vero
1425 4708 1496 4761 ad
1543 4723 1660 4762 rem
1696 4723 1797 4762 no-

141 4813 333 4858 stram
369 4799 522 4869 quod
551 4797 1109 4867 attinet,ipsummet
1141 4795 1465 4852 Corsinium
1485 4794 1800 4867 juveritsic

136 4890 484 4961 loquentem
545 4887 784 4942 audire:
818 4907 845 4936 α
875 4885 1251 4950 Vaillantius,
1287 4884 1554 4956 inquitin
1578 4885 1800 4940 Arsaci-

215 4997 338 5072 (72)
374 4997 488 5072 Act.
520 5004 755 5072 martyr.
787 4997 993 5072 Igna_t_._,
1025 5009 1152 5065 cap.
1177 4994 1231 5072 2.

213 5064 336 5140 (73)
372 5068 564 5124 Malal.
593 5064 898 5138 Chronoqr.
923 5067 1022 5121 lib.
1047 5064 1126 5132 xi,
1148 5065 1258 5121 sub
1289 5064 1441 5130 init.,
1471 5081 1640 5138 pagg.
1680 5067 1800 5134 115,

141 5143 334 5284 11((7.4)
369 5210 564 5284 Usser.
602 5213 720 5284 not.
752 5210 1171 5284 6,_i~n_martyr_._
1199 5207 1254 5264 S.
1287 5209 1464 5276 Ignat.

217 5279 700 5374 (75)wChilrnead.
759 5280 832 5335 ad
859 5280 1052 5335 Matat.
1112 5279 1216 5334 lib.
1274 5295 1350 5334 χι.
1386 5281 1529 5334 nott.
1589 5279 1802 5350 23,29,

144 5357 606 5496 Ρθέδξονὶτειιεω.
661 5421 1188 5496 Ηὶδιίιζιςδᾼιῖηιρθν.Δ
1211 5425 1364 5496 tom.
1410 5420 1484 5490 Il,
1514 5423 1632 5496 not.
1665 5437 1805 5488 xvn,

142 5492 246 5552 sur
298 5492 528 5568 Trajan.
583 5494 1042 5568 pagg.i57Q5.509.
1075 5523 1142 5534 ——
1167 5492 1251 5549 Id.
1285 5492 1442 5549 Mem.
1473 5492 1628 5559 ecct.,
1665 5500 1804 5548 tom.

143 5571 219 5634 Il.
246 5565 414 5639 pagg.
458 5565 729 5639 195,579,
763 5565 891 5620 583.

216 5635 602 5713 (77)';Corsin.
645 5637 876 5713 (Dissert.
927 5636 993 5693 de
1037 5635 1258 5693 linnis.
1309 5651 1554 5704 numm.,
1613 5650 1744 5706 pag.
1775 5636 1810 5690 6

141 5709 310 5786 seqq.
357 5709 603 5768 Liburni
635 5709 796 5764 1754.

1920 4623 2085 4694 pulso
2133 4621 2620 4678 Parthamasiride
2673 4623 3015 4691 ceterisque
3072 4624 3290 4696 regulis
3319 4625 3556 4682 omnino

1911 4710 2164 4767 sublatis
2194 4715 2538 4782 occupasset
2565 4729 2583 4765 :
2606 4711 2852 4782 ideoque
2875 4727 3006 4768 cum
3049 4713 3106 4767 in
3137 4714 3398 4768 nummis
3429 4713 3557 4784 plu-

1911 4803 2074 4857 ribus
2107 4801 2303 4856 Romae
2363 4801 2654 4872 percussis
2690 4801 2896 4873 Optimi
2931 4818 3142 4858 nomen
3172 4803 3422 4874 Trajano
3455 4805 3559 4858 tri-

1913 4889 2120 4943 butum
2168 4891 2454 4953 occurrat,
2514 4887 2572 4942 in
2617 4888 2832 4959 quibus
2886 4888 3008 4958 ipse
3059 4887 3257 4944 Consul
3295 4906 3328 4944 ν
3384 4907 3555 4948 voca.

1949 4991 2408 5121 t(78)'5l;roelich.
2441 4993 2579 5048 Dub.
2621 4993 2687 5049 de
2736 4993 2979 5066 Minnis.,
3012 4999 3121 5050 etc.
3153 4994 3390 5052 Viennae
3428 4998 3556 5053 Au-

1974 5083 2019 5121 r.
2095 5093 2105 5118 ι
2194 5108 2206 5120 .

1913 5083 2019 5122 BH‘.
2045 5083 2067 5120 1
2095 5083 2206 5120 1'04.

1985 5137 2098 5208 (79)
2131 5134 2358 5208 ρον-εἰη.
2391 5134 2681 5208 Di_ssert.in
2712 5153 2821 5208 qua
2853 5139 3016 5202 Dub.,
3049 5141 3156 5194 etc.
3191 5138 3558 5199 Romaa1757.

1985 5206 2098 5280 (80)
2129 5206 2403 5280 Vaillant.
2439 5206 2684 5280 A_rsaeid.
2711 5206 2872 5276 hist,
2904 5227 2958 5280 p.
2991 5211 3118 5265 305.

1986 5279 2098 5352 (8t)
2132 5277 2304 5352 Loyd.
2340 5277 2544 5352 De_Ep.
2576 5279 2754 5352 (gnat.

1987 5348 2100 5420 (82)
2120 5349 2378 5420 Fabrett.
2409 5348 2481 5402 De
2503 5350 2606 5404 σοι.
2645 5349 2894 5419 Trajan.,
2926 5367 2986 5420 p.
3006 5353 3134 5411 290.

1988 5418 2098 5491 (83)
2125 5418 2318 5475 Noris.
2352 5420 2526 5489 Epist.
2561 5421 2805 5484 Consut.,
2841 5418 2897 5491 ρ.
2927 5418 3021 5477 72.

1989 5494 2098 5566 (84)
2131 5491 2266 5566 ἷξες.
2301 5491 2371 5545 ad
2403 5507 2540 5566 ann.
2577 5492 2707 5566 Chr.
2744 5492 2864 5566 105,
2896 5495 2924 5562 §
2954 5511 2994 5548 ιι
3025 5509 3151 5566 seq.

1988 5563 2102 5634 (85)
2145 5563 2392 5634 Basnag.
2426 5562 2635 5620 Annal.
2669 5563 2823 5624 ecct..
2861 5566 2930 5618 ad
2965 5562 3248 5622 annfttZ.

1991 5632 2102 5705 (86)
2134 5632 2364 5688 Tillem.
2397 5633 2535 5709 (tisi.
2568 5635 2740 5708 lmpp.
2795 5636 2854 5692 in
2900 5636 3159 5709 Trajan.,
3217 5643 3328 5696 art.
3361 5654 3562 5706 xxvrrr,

1919 5708 1977 5762 et
1999 5711 2122 5768 not.
2151 5719 2292 5778 xvn,
2318 5721 2375 5776 p.
2410 5706 2540 5771 509.

2081 5284 2100 5491 ξ
