3932 6304
369 391 488 452 583

1438 389 1502 449 S.
1548 386 1934 451 IGNATIUS.
1980 422 2057 433 —
2100 388 2707 450 PROLEGOMENA.

3659 390 3788 451 584

371 534 462 583 tur
482 525 592 598 (87)
625 524 923 593 ;dubitari
951 527 1105 580 certe
1154 523 1244 580 vix
1277 523 1503 595 'poterit
1543 524 1686 598 quin
1730 524 2019 596 Trajanus
2049 528 2106 594 Α
2135 523 2308 579 etiam
2335 524 2667 594 Graecisque
2712 524 2995 594 nummis,
3030 541 3178 596 quos
3238 541 3303 579 eo
3351 524 3636 582 libentius
3690 525 3792 583 hic

369 617 704 673 Armeniam
727 615 1042 685 subegerit,
1077 618 1254 686 atque
1287 614 1494 687 Optimi
1522 630 1735 670 nomen
1759 614 2022 670 obtinue-

370 708 444 762 rit
475 710 608 762 ante
632 721 852 761 annum
889 705 954 761 U.
988 705 1052 760 C.
1075 705 1199 772 865,
1236 721 1348 775 quo
1378 711 1597 761 sextum
1645 703 2015 760 consulatum

369 800 566 852 Romae
614 795 892 864 suscepit.
957 796 1041 850 Ita
1112 811 1368 867 quoque,
1427 811 1561 850 cum
1624 795 1685 850 in
1760 795 2018 851 nummis

369 885 498 942 aliis
529 885 638 957 (88)
672 887 889 956 Optimi
916 884 1124 940 titulus
1149 887 1516 955 observetur,
1553 884 1849 956 simulque
1878 885 2017 940 Pro-

365 977 531 1046 fectio
579 976 813 1044 Augusti
846 980 1200 1030 memoratur
1234 993 1247 1041 ;
1284 973 1452 1029 facile
1510 974 1719 1029 exinde
1776 977 2020 1044 apparet

368 1065 706 1134 Trajanum,
767 1065 937 1120 etiam
970 1069 1102 1136 post
1133 1065 1387 1120 subactae
1439 1063 1724 1118 Armeniae
1783 1066 2017 1133 tempus

369 1161 542 1225 atque
565 1153 771 1224 Optimi
795 1170 1002 1209 nomen
1035 1153 1148 1224 ipsi
1185 1152 1810 1222 tributum,aliquando
1834 1151 2018 1206 Roma

366 1242 738 1299 discessisse:
766 1243 921 1314 quod
948 1241 1071 1297 fieri
1096 1247 1249 1297 certe
1272 1241 1646 1313 velexplicari
1670 1257 1784 1296 non
1800 1245 2015 1310 posset,

367 1333 415 1388 si
438 1333 615 1388 semel
639 1336 864 1386 tantum
877 1332 1046 1386 modo
1061 1331 1340 1386 adversus
1365 1330 1674 1386 Armenios
1695 1346 1760 1385 ac
1775 1330 2018 1386 Parthos

365 1438 520 1478 anno
551 1425 618 1476 U.
653 1420 714 1474 Ο.
747 1420 853 1474 865
890 1421 1066 1476 Roma
1091 1421 1385 1492 profectus
1410 1420 1468 1474 in
1499 1419 1730 1474 Oriente
1751 1418 2012 1475 obiisset.

440 1533 467 1560 ‹‹
491 1516 622 1566 Haec
653 1511 782 1581 ipsa
812 1526 1041 1580 quoque
1059 1511 1298 1580 Traiani
1323 1511 1608 1582 expeditio
1633 1519 1764 1566 ante
1795 1527 2014 1566 annum

367 1600 432 1656 U.
454 1599 512 1654 Ο.
545 1601 651 1654 865
673 1597 1370 1669 suscepta,pulcherrimo
1393 1599 1757 1656 Antiocheno
1773 1615 2014 1655 nummo

366 1688 700 1742 confirmari
730 1687 947 1758 poterit
979 1687 1113 1758 (89),
1147 1687 1207 1743 in
1238 1704 1353 1759 quo
1403 1688 1708 1760 perspicue
1751 1687 1966 1760 legitur
1997 1703 2012 1744 :

367 1775 653 1831 AHMAPX
713 1777 820 1830 ΕΞ.
901 1777 1107 1831 ΥΗΑΤ.
1173 1776 1232 1831 Ε.
1297 1776 1626 1832 Tribunicia:
1702 1778 2011 1847 potestatis,

367 1866 572 1922 Consul
604 1881 652 1918 ν.
715 1865 943 1920 Etenim
1000 1866 1046 1919 si
1083 1880 1363 1920 nummus
1394 1865 1490 1921 ille
1522 1871 1650 1921 tum
1674 1883 1853 1921 cusus
1902 1867 2014 1922 fuit

366 1972 501 2010 cum
545 1956 800 2026 primum
830 1955 1122 2024 Trajanus
1156 1955 1527 2010 Antiochiam
1562 1955 1814 2021 advenit,
1849 1960 1911 2010 ut
1937 1955 2009 2010 cl.

367 2044 554 2101 editor
603 2043 978 2108 existimavit,
1031 2044 1409 2116 perspicuum
1461 2044 1559 2099 fiet
1604 2046 1908 2114 Trajanum
1951 2043 2010 2098 in

368 2133 662 2190 Orientem
695 2137 832 2188 ante
861 2132 1229 2188 consulatum
1281 2143 1522 2203 sextum,
1571 2133 1832 2203 adeoque
1879 2137 2013 2188 ante

370 2239 590 2278 annum
615 2221 681 2277 U.
708 2222 769 2276 C.
789 2222 893 2275 865
923 2221 1324 2278 concessisse:
1358 2221 1850 2292 quemadmodum
1871 2239 2012 2278 sane

366 2311 689 2383 perspicuis
746 2314 1075 2381 temporum
1108 2311 1547 2366 characteribus
1587 2311 1870 2366 adventus
1915 2310 2009 2365 ille

365 2401 732 2456 Antiochiam
793 2401 850 2455 in
884 2399 1102 2456 Malalaa
1152 2402 1407 2458 Historia
1466 2401 1579 2473 (90)
1638 2418 1790 2456 anno
1851 2401 2005 2457 U.G.

364 2492 469 2546 868
502 2491 780 2546 tribuitur
810 2507 824 2557 ;
858 2495 1032 2561 atque
1066 2491 1122 2544 in
1177 2492 1329 2546 Actis
1359 2495 1415 2545 8.
1478 2491 1684 2562 lgnatii
1742 2492 2010 2563 martyris

366 2581 668 2651 perspicue
698 2580 1026 2651 diserteque
1059 2578 1453 2651 legitur,quod
1491 2588 1709 2652 martyr
1742 2579 1835 2635 ille
1864 2596 2007 2637 nono

365 2669 599 2738 Trajeni
655 2667 999 2738 imperantis
1030 2685 1206 2734 anno,
1239 2669 1383 2724 Sura
1412 2675 1466 2725 et
1490 2669 1786 2724 Senecione
1805 2685 2008 2724 consu-

362 2759 529 2826 libus,
562 2757 670 2814 hoc
701 2763 791 2813 est
837 2775 990 2814 anno
1020 2759 1145 2824 860,
1179 2759 1414 2816 ineunte
1468 2759 1750 2814 Januario
1784 2776 2005 2826 mense,

360 2849 608 2920 Trajano
640 2847 958 2902 Antiochiae
995 2849 1252 2919 degenti,
1285 2853 1462 2920 atque
1493 2849 1550 2903 in
1585 2849 1898 2905 Armenios
1951 2855 2008 2904 et

360 2937 605 2992 Parthos
629 2937 879 2993 moventi
903 2937 1136 2993 oblatus
1169 2937 1561 3010 fuit.Denique
1585 2939 1831 2994 eximius
1862 2939 2008 2994 alter

361 3027 596 3096 Trajeni
647 3043 927 3081 nummus
979 3026 1227 3082 habetur
1256 3026 1369 3099 (91)
1401 3027 1462 3081 ἱῑι
1513 3043 1628 3098 quo
1662 3027 1851 3083 Caesar
1879 3028 2006 3099 ipse

359 3114 587 3170 APlCT.
638 3115 791 3170 CEB.
854 3114 1059 3170 PEPM.
1109 3119 1264 3171 AAK.
1323 3117 1528 3170 [ΙΑΡΘ.
1593 3115 1839 3186 Optimus
1893 3118 2004 3172 Au-

355 3209 562 3277 gustus,
597 3204 972 3272 Germanicus,
1008 3206 1258 3275 Daccius,
1315 3206 1605 3262 Parthicus
1649 3207 2000 3278 appellatur,

357 3294 654 3365 simulque
709 3295 952 3349 decimus
984 3294 1215 3366 imperii
1247 3295 1438 3365 ipsius
1470 3313 1661 3351 annus
1688 3313 2000 3368 expressus
2041 3260 2084 3327 ϐ

357 3384 732 3456 conspicitur.
763 3383 911 3454 Ergo
934 3399 1086 3437 anno
1119 3383 1183 3439 U.
1216 3384 1277 3442 Ο.
1307 3385 1431 3451 861,
1457 3389 1515 3438 in
1550 3401 1723 3456 quem
1749 3385 1999 3440 decimus

357 3471 587 3545 imperii
619 3488 809 3526 annus
842 3472 1540 3544 iucurrit,Trajanusjam
1571 3475 1798 3545 Optimi,
1828 3480 2002 3546 atque

355 3579 388 3617 a
423 3559 708 3616 militibus
740 3559 949 3615 saltem
977 3561 1231 3616 Parthici
1252 3577 1462 3620 nomen
1485 3570 1818 3635 acceperat:
1843 3564 2002 3620 ideo-

357 3666 469 3721 que
502 3648 830 3704 Parthicum
887 3648 999 3704 iter
1037 3650 1110 3704 ab
1142 3649 1240 3706 illo
1272 3657 1609 3723 susceptum
1670 3654 1742 3708 ad
1777 3670 1999 3710 annum

354 3741 416 3801 U.
452 3740 514 3795 Ο.
549 3740 654 3794 869
683 3740 886 3794 referri
918 3740 1109 3796 debet.

379 3904 381 3906 η
423 3851 451 3879 ‹‹
485 3832 688 3902 Itaque
721 3845 834 3884 non
881 3847 950 3884 ex
997 3830 1384 3902 scriptoribus
1416 3833 1609 3888 solum
1643 3850 1791 3906 quos
1822 3833 1995 3890 Tille-

351 3918 612 3975 montius
667 3919 1105 3974 accuratissime
1159 3919 1440 3989 exhibuit,
1496 3923 1594 3978 sed
1650 3938 1719 3978 ex
1779 3923 1998 3979 Latinis

421 4063 532 4130 (87)
563 4061 840 4117 Vaillant.
874 4065 1015 4117 tom.
1054 4062 1126 4131 II,
1159 4079 1296 4133 pag.
1327 4065 1447 4118 121.

422 4135 535 4206 (88)
566 4134 713 4189 Ibid.
748 4141 802 4188 et
831 4138 973 4189 tom.
1009 4133 1052 4197 Ι,
1081 4150 1252 4206 pagg.
1289 4136 1377 4204 47,
1406 4136 1492 4190 49.

351 4205 525 4261 Gesn.
565 4206 684 4260 Tab.
721 4207 765 4271 Ι,
802 4221 858 4260 n.
892 4207 981 4259 78.

422 4278 534 4349 (89)
611 4275 876 4349 vaillant.
912 4282 1052 4332 tom.
1087 4277 1158 4342 ΙΙ,
1194 4293 1328 4349 pag.
1375 4278 1498 4333 127.

427 4346 542 4418 (90)
566 4346 755 4402 Malal.
789 4348 974 4402 Histor
997 4349 1098 4403 lib.
1124 4346 1362 4416 x1,init.

425 4418 538 4490 (91)
569 4418 809 4473 Gesner.
850 4419 983 4490 Tab.
1019 4437 1165 4474 Lxxx
1195 4437 1249 4490 p.
1283 4420 1371 4477 H.

423 4487 536 4560 (92)
593 4493 779 4544 Barat.
844 4489 1096 4561 Disquis.
1164 4487 1355 4548 chron.
1414 4493 1481 4549 de
1524 4507 1751 4550 success.
1785 4495 2002 4566 antiqq.

2127 613 2343 685 protuli
2375 617 2439 668 ut
2468 614 2686 669 vexatis
2719 615 2860 668 adeo
2891 615 3104 686 lgnatii
3141 615 3407 686 martyris
3456 615 3612 670 Actis
3646 616 3789 671 hinc

2124 701 2296 758 etiam
2319 703 2600 775 splendor
2619 719 2687 758 ac
2712 703 3049 774 praesidium
3077 705 3630 771 accederet,ostendi
3655 706 3786 775 jam

2125 792 2341 862 poterit
2369 793 2523 864 quod
2574 792 2790 863 duplex
2818 792 3050 863 Trajeni
3077 793 3136 846 in
3170 793 3460 847 Orientem
3498 795 3785 863 profectio

2126 882 2362 953 agnosci
2395 883 2612 939 debet:
2671 882 2824 938 utin
2858 883 3042 953 prima
3090 883 3327 954 quidem
3382 886 3619 939 Chosroi
3669 884 3791 956 pla-

2126 976 2294 1027 catus
2316 972 2554 1028 obsides
2580 970 2770 1027 solum
2796 972 2868 1026 ab
2892 970 2995 1025 illo
3030 973 3334 1043 receperit,
3367 971 3608 1044 solaque
3641 975 3790 1030 urbe

2123 1062 2312 1118 Nisibi
2337 1063 2654 1134 Batnisque
2678 1063 2860 1134 captis
2893 1062 3150 1118 Parthici
3184 1079 3392 1118 nomen
3417 1065 3744 1129 obtinuerit
3773 1084 3786 1134 ;

2125 1151 2183 1206 in
2216 1153 2399 1207 altera
2426 1169 2588 1218 vero,
2649 1168 2784 1207 cum
2819 1151 3107 1208 Chosroes
3147 1157 3250 1208 aut
3278 1170 3311 1207 a
3343 1153 3575 1208 Parthis
3638 1155 3788 1224 ipsis

2125 1241 2404 1312 expulsus
2437 1242 2611 1310 foret,
2642 1249 2740 1296 aut
2787 1241 2959 1297 ﬁdem
2987 1243 3232 1312 Trajano
3258 1243 3604 1297 obstrictum
3658 1244 3789 1298 vio-

2124 1329 2324 1399 lasset,
2386 1331 2618 1386 Parthis
2647 1331 2794 1402 ipsis
2846 1347 3058 1386 novum
3097 1347 3289 1402 regem
3323 1334 3723 1388 constituerit.
3758 1357 3786 1384 ›.

2125 1418 2419 1475 Hactenus
2442 1420 2531 1474 vir
2563 1419 2658 1474 ille
2681 1420 3081 1475 doctissimus.
3113 1420 3312 1491 Neque
3343 1422 3585 1477 omittas
3613 1423 3786 1477 velim

2124 1527 2251 1580 qua;
2282 1510 2685 1566 Pearsonianaa
2719 1510 3023 1567 sententias
3060 1511 3318 1580 patronis
3350 1511 3506 1567 haud
3541 1513 3629 1568 ita
3663 1512 3785 1584 pri-

2125 1601 2256 1654 dem
2291 1599 2565 1670 opposuit
2595 1599 2930 1655 Baraterius
2962 1600 3100 1672 (92).
3133 1600 3191 1654 Si
3221 1599 3374 1656 enim
3399 1617 3467 1656 ea
3497 1618 3637 1656 cum
3672 1601 3786 1656 'l‘il-

2123 1687 2390 1743 lemontii
2453 1697 2509 1744 et
2565 1688 2813 1745 Corsinii
2843 1688 3069 1761 placitis
3119 1695 3569 1760 componantur,
3595 1708 3694 1748 res
3726 1707 3785 1746 eo

2127 1777 2358 1832 tandem
2378 1778 2766 1834 deduciturut
2787 1780 3028 1835 omnino
3047 1780 3310 1835 confecta
3331 1796 3460 1836 esse
3481 1781 3785 1848 videatur;

2048 1900 2090 1964 B
2134 1883 2198 1922 ac
2230 1866 2468 1936 proinde
2513 1883 2684 1922 nemo
2715 1867 2775 1922 in
2809 1873 3108 1940 posterum
3171 1869 3242 1923 de
3273 1871 3550 1925 Actorum
3619 1871 3786 1940 lgna-

2123 1957 2268 2012 tiani
2302 1957 2565 2028 martyrii
2599 1957 3092 2028 sinceritatejure
3122 1957 3393 2014 dubitare
3423 1961 3642 2030 possit.

2189 2045 2324 2100 Jam
2352 2061 2481 2101 vero
2523 2047 2594 2100 ad
2645 2062 2772 2102 eam
2809 2046 3212 2103 difficultatem
3248 2049 3621 2104 enodandam
3659 2066 3786 2120 qua

2121 2133 2232 2206 peti
2261 2134 2411 2190 solet
2432 2151 2500 2189 ex
2523 2135 2732 2190 iisdem
2768 2135 2950 2202 Actis,
2977 2135 3076 2191 ubi
3100 2136 3159 2190 S.
3195 2136 3408 2209 lgnatii
3441 2139 3789 2209 martyrium

2119 2224 2501 2296 consignatur
2532 2221 2908 2277 ὑπατευόντων
2939 2224 3086 2300 παρὰ
3113 2225 3409 2297 Ῥωμαίοις
3482 2225 3638 2299 Σύρα
3696 2228 3785 2280 καί

2121 2311 2371 2367 Σενςκίου
2401 2312 2462 2366 τὸ
2524 2309 2796 2386 δεύτερον,
2851 2317 2997 2370 Coss.
3033 2315 3178 2386 apud
3227 2321 3502 2372 Romanos
3555 2317 3710 2372 Sura
3739 2322 3786 2372 et

2117 2400 2412 2458 Senecione
2456 2419 2518 2468 ιι,
2551 2419 2682 2458 cum
2726 2419 2794 2458 ex
2824 2403 3011 2458 Fastis
3042 2408 3268 2459 constet
3298 2405 3431 2477 (93),
3463 2422 3622 2460 anno
3653 2423 3775 2460 aera:

2117 2490 2468 2546 Christianae
2501 2490 2622 2560 107,
2669 2489 3045 2546 Senecionem
3080 2508 3155 2559 IV,
3189 2496 3244 2547 et
3261 2492 3469 2548 Suram
3505 2509 3594 2559 ιιι,
3629 2509 3773 2548 con-

2118 2579 2273 2634 sules
2312 2579 2668 2650 processisse
2702 2595 2714 2644 ;
2749 2579 2914 2650 plura
2957 2585 3165 2652 praeter
3213 2580 3517 2636 Usserium
3554 2581 3782 2652 profert

2117 2668 2602 2726 accuratissimus
2661 2669 3070 2726 Tillemontius
3103 2671 3240 2743 (94).
3303 2672 3528 2737 Quibus
3561 2674 3782 2727 addere

2116 2763 2357 2830 praestat
2391 2774 2518 2829 quas
2538 2759 2596 2813 in
2629 2764 2885 2814 veterem
2909 2761 3251 2815 eorumdem
3285 2766 3566 2816 Actorum
3602 2761 3785 2816 inter-

2117 2853 2340 2920 pretem
2399 2849 2626 2903 erudite
2702 2848 3034 2904 observavit
3091 2851 3302 2921 praesul
3361 2851 3784 2922 amplissimus

2117 2936 2460 2992 Franciscus
2491 2936 2870 2992 Blanchinius
2895 2938 3027 3008 (95).
3082 2937 3296 2993 Verum
3329 2937 3388 2993 in
3423 2939 3519 2993 his
3554 2939 3784 2994 diutius

2115 3025 2434 3092 immorari,
2467 3026 2718 3081 instituti
2745 3026 2928 3081 nostri
2960 3027 3104 3082 ratio
3137 3044 3250 3083 non
3287 3030 3534 3100 patitur.

2186 3115 2290 3170 Hic
2340 3122 2567 3170 tantum
2628 3115 2902 3170 lectorem
2955 3117 3244 3172 monitum
3315 3116 3611 3186 volumus,
3671 3135 3781 3174 nos

2116 3204 2350 3277 quidem
2376 3204 2684 3260 sententias
2709 3221 2740 3258 a
2772 3204 3081 3261 Pearsonio
3112 3205 3362 3278 aliisque
3388 3213 3776 3279 propugnatae

2113 3295 2371 3365 primum
2405 3293 2745 3360 adhaesisse,
2780 3311 2933 3350 anno
2985 3295 3088 3351 116
3116 3296 3395 3366 epistolas
3428 3297 3776 3364 Ignatianas

2107 3383 2570 3454 illigantes,dum
2593 3382 2726 3439 illas
2762 3385 2914 3455 typis
2947 3385 3316 3440 excudendas
3357 3386 3723 3442 curabamus
3758 3402 3773 3441 :

2107 3475 2213 3531 sed
2243 3491 2304 3530 re
2335 3475 2614 3546 deinceps
2671 3476 2954 3531 attentius
2985 3477 3268 3547 inspecta,
3330 3493 3486 3531 nunc
3517 3479 3768 3534 domum

2108 3564 2350 3621 alteram
2374 3563 2730 3634 sequendam
2765 3564 3056 3636 ducimus,
3089 3565 3568 3636 quandoquidem
3631 3569 3777 3623 vali-

2109 3653 2372 3709 dioribus
2389 3652 2754 3724 argumentis
2773 3653 3116 3708 confirmata
3137 3671 3265 3709 esse
3285 3655 3454 3710 nobis
3486 3655 3725 3711 videtur
3758 3678 3773 3724 ;

2107 3748 2174 3798 ut
2204 3742 2448 3804 proinde
2505 3759 2660 3797 anno
2692 3747 2963 3797 currente
2996 3744 3098 3797 107
3132 3744 3364 3798 easdem
3419 3743 3710 3814 epistolas
3744 3763 3780 3801 a

2108 3833 2166 3888 S.
2207 3833 2430 3904 Ignatio
2453 3833 3087 3903 perscriptas,ejusque
3123 3837 3264 3887 Acta
3299 3834 3566 3904 martyrii
3612 3852 3775 3891 anno

2108 3920 2454 3991 insequente
2490 3921 2588 3974 108
2618 3919 2830 3975 litteris
2858 3921 3134 3976 mandata
3155 3920 3579 3976 existimemus.

2110 4066 2393 4138 Bpiscopp_.
2428 4068 2666 4138 Romm.,
2698 4081 2824 4136 cap.
2855 4066 2911 4131 7,
2942 4067 2970 4133 §
3001 4065 3057 4135 4,
3092 4081 3222 4136 pag.
3259 4067 3328 4120 84
3360 4081 3524 4138 seqq.

2203 4137 2290 4209 93)
2322 4135 2601 4209 Alrpelov.
2629 4135 2967 4209 Fp‘aslicossq
2996 4155 3048 4209 p.
3087 4135 3210 4204 132,
3246 4138 3368 4192 alii.

2201 4208 2292 4277 94)
2322 4207 2550 4263 Tillem.
2595 4207 2736 4281 Hist.
2770 4208 2860 4265 de:
2892 4207 3137 4281 Emper.,
3170 4213 3313 4264 tom.
3348 4209 3421 4273 ΙΙ,
3445 4211 3594 4263 nott.
3631 4225 3779 4274 xvu,

2108 4294 2226 4344 nx,
2261 4295 2435 4350 pagg.
2464 4281 2593 4344 506,
2623 4280 2750 4334 510.

2181 4352 2315 4475 (8952)9
2347 4351 2648 4406 Blanchin.
2681 4354 2908 4422 prerat.
2951 4352 3021 4408 ad
3060 4353 3254 4409 Anast.
3290 4351 3588 4421 Biblioth.,
3622 4355 3775 4407 tom.

2112 4425 2334 4490 I,§19.
