3932 6304
152 469 273 528 593

1342 463 1443 525 DE
1489 457 1891 523 DOCTBJNA
1932 457 1996 517 S.
2044 454 2367 518 IGNATII.

3448 449 3569 510 594

150 602 445 657 sationem
477 602 581 656 Dei
616 618 684 656 ex
711 601 940 655 semine
971 599 1227 666 Davidis,
1259 615 1328 653 ex
1357 596 1578 668 Spiritu
1610 599 1806 650 autem
1836 593 1892 660 Α
1920 589 2142 646 sulsam
2174 587 2639 661 propositionem
2671 585 3012 657 assignabit.
3047 585 3340 638 Prasterea
3379 583 3426 638 si
3457 583 3566 639 da-

151 695 382 746 sancto.
411 713 438 740 »
462 693 529 745 In
554 690 762 746 eadem
793 690 1067 762 epistola,
1093 706 1142 743 c.
1175 691 1238 742 19
1259 705 1270 742 :
1294 683 1427 740 Θεοῦ
1457 682 1806 758 ἀνθρωπίνως

152 778 561 852 φανερουμένου
596 778 671 840 εἷς
699 779 995 847 καινότητα
1025 774 1201 832 ἀϊδίου
1245 780 1411 845 ζωῆς.
1470 797 1497 824 ‹‹
1532 775 1648 829 Deo
1698 773 1813 827 hu-

150 871 419 925 manitus
441 870 524 934 (id
546 876 636 925 est
657 871 717 925 in
731 871 993 925 humana
1005 868 1202 939 carne)
1227 865 1604 922 manifestato
1626 863 1684 917 in
1703 879 1808 917 no-

155 960 398 1014 vitatem
429 960 561 1013 vitai
593 964 849 1014 aeterna).
883 981 912 1010 ››
967 963 1031 1012 Et
1075 975 1125 1013 c.
1166 960 1235 1011 20
1268 973 1281 1011 :
1337 977 1364 1005 υ
1395 957 1534 1010 Jesu
1576 953 1806 1007 Christo

153 1048 486 1104 secundum
519 1066 761 1105 carnem
793 1066 862 1104 ex
893 1065 1107 1120 genere
1140 1045 1398 1111 Davidis,
1433 1043 1579 1100 Filio
1616 1042 1805 1096 homi-

154 1138 268 1206 nis,
307 1144 367 1193 et
394 1138 542 1193 Filio
572 1139 698 1206 Dei,
734 1160 761 1187 »
791 1139 868 1208 τῷ
900 1138 1008 1206 Υἱῷ
1040 1134 1352 1209 ἀνθρώπου,
1384 1132 1472 1186 καὶ
1504 1131 1616 1202 Υἱῷ
1647 1133 1805 1187 θεοῦ.

149 1228 216 1281 In
239 1227 632 1298 inscriptione
657 1227 918 1298 epistelze
944 1226 1018 1282 ad
1044 1229 1340 1282 Romanos
1356 1225 1523 1278 Jesus
1537 1221 1806 1276 Christus

149 1316 240 1371 bis
273 1317 305 1369 ὁ
337 1315 467 1375 Θεὸς
496 1317 683 1388 ἡμῶν,
718 1338 745 1367 ‹‹
779 1319 933 1372 Deus
963 1322 1167 1372 noster
1201 1337 1227 1364 ι)
1261 1313 1612 1385 appellatur.
1644 1312 1715 1365 Et
1743 1310 1804 1364 in

146 1407 280 1478 ipsa
313 1406 565 1477 epistola
596 1405 706 1478 (49)
741 1407 867 1461 haec
899 1406 1232 1461 habentur:
1257 1425 1280 1456 α
1301 1405 1445 1458 Nam
1467 1403 1635 1456 Jesus
1649 1398 1806 1453 Chri-

147 1500 273 1549 stus
305 1495 462 1549 Deus
492 1500 695 1550 noster
715 1495 778 1549 in
799 1496 970 1549 Patre
991 1494 1249 1549 existens
1272 1491 1456 1564 magis
1478 1494 1741 1561 apparet.
1774 1509 1803 1537 »

147 1583 481 1654 Epistolam
515 1583 588 1639 ad
607 1583 942 1655 Smyrnaaos
972 1583 1066 1639 his
1095 1583 1291 1638 verbis
1310 1580 1614 1636 exorditur
1637 1596 1649 1634 :
1677 1578 1805 1633 Glo-

144 1671 318 1725 rifico
351 1671 548 1726 Jesum
587 1672 884 1727 Christum
918 1673 1102 1726 Deum
1134 1670 1244 1739 (τὸν
1304 1668 1457 1740 Θεὸν)
1505 1691 1533 1718 ‹‹
1570 1667 1668 1738 qui
1720 1667 1804 1721 sic

142 1777 244 1816 vos
278 1759 581 1832 sapientes
612 1761 773 1816 facit.
809 1783 838 1811 »
860 1760 976 1816 Sed
997 1760 1246 1816 illustris
1265 1775 1394 1814 esse
1412 1759 1474 1812 in
1495 1756 1802 1828 primislo-

143 1867 250 1905 cus
284 1851 350 1904 in
382 1850 636 1922 epistola
666 1850 740 1906 ad
769 1851 1076 1922 Ephesios,
1108 1849 1208 1904 ubi
1243 1848 1313 1904 de
1345 1848 1575 1904 Cbristo
1598 1847 1681 1902 sic
1710 1845 1802 1900 lo-

1919 696 2142 733 remus.
2177 677 2470 748 Ignatium
2501 677 2560 729 in
2591 675 3011 730 munitioribus
3034 672 3390 744 quibusdam
3414 690 3447 727 a
3470 672 3569 726 do-

1921 769 2111 822 ctrina
2143 766 2469 838 apostolica
2499 763 2770 820 nonnihil
2815 762 3126 818 deflexisse
3157 779 3170 828 ;
3203 763 3412 816 ideone
3464 779 3567 814 ve-

1918 856 2168 911 risimile
2199 856 2433 910 cuidam
2466 854 2648 908 videri
2689 858 2907 924 posset,
2960 853 3155 924 ipsum
3206 852 3264 905 in
3313 850 3562 906 articulo

1919 946 2056 1001 ﬁdei
2088 946 2433 1000 Christiana:
2468 944 2612 999 tanti
2646 944 2929 999 momenti
2964 949 3084 997 tam
3107 943 3360 1014 turpiter
3382 941 3562 996 fuisse

1917 1035 2160 1091 illusum
2183 1036 2209 1090 ?
2238 1036 2638 1106 Quisquamne
2670 1040 2780 1101 est,
2814 1034 2912 1103 qui
2932 1033 3021 1087 vel
3046 1034 3378 1103 suspicetur
3403 1032 3564 1100 lgna-

1917 1125 2088 1191 tium,
2123 1125 2223 1195 qui
2256 1142 2377 1180 una
2415 1141 2547 1179 cum
2574 1125 2708 1178 Jesu
2737 1123 2953 1177 Christi
2985 1121 3268 1193 apostolis
3325 1126 3445 1174 tam
3477 1120 3562 1173 fa-

1917 1214 2231 1269 miliariter
2259 1219 2526 1268 versatus
2558 1217 2664 1277 est,
2701 1228 2997 1282 quemque
3028 1210 3360 1282 apostolicae
3424 1207 3560 1262 ﬁdei

1918 1311 2240 1376 martyrem
2270 1305 2450 1360 fuisse
2474 1304 2748 1358 universa
2769 1302 2949 1356 tradit
2969 1301 3311 1371 antiquitas,
3334 1316 3369 1354 a
3393 1313 3562 1369 pseu-

1915 1394 2293 1466 do-apostolo
2345 1395 2405 1448 in
2464 1393 2749 1465 primaria
2805 1389 3239 1446 Christianismi
3295 1387 3564 1443 doctrina

1915 1485 2230 1557 deceptum
2259 1485 2441 1540 fuisse
2472 1483 2500 1537 ‘I

2390 1573 2587 1629 Credat
2615 1572 2834 1628 Judaeus
2865 1573 3087 1642 Apella.

2197 1664 2316 1718 Non
2346 1677 2511 1730 ego...

1911 1768 2260 1823 Temerariaa
2292 1784 2427 1839 ergo
2460 1767 2579 1822 illae
2612 1767 2933 1838 impiorum
2964 1765 3274 1820 nominum
3309 1781 3561 1834 respon-

1911 1857 2109 1912 siones
2141 1855 2524 1928 explodendae
2557 1861 2716 1924 sunt,
2749 1855 2921 1925 eique
2954 1854 3235 1909 dectrinm
3264 1853 3558 1908 inhaeren-

149 1940 363 2011 quitur
426 1939 734 2011 Ignatius:
796 1937 890 1998 Εἷς
945 1936 1149 2011 Ἱατρός
1209 1934 1342 2003 ἐστι,
1400 1934 1656 2025 amputato;
1709 1933 1786 1986 κα⁴

1964 1963 2072 2014 1m,
2104 1962 2209 2016 pro
2242 1962 2360 2015 qua
2388 1961 2509 1999 non
2540 1944 2732 1999 solum
2781 1944 3064 2014 lgnatius,
3107 1942 3210 1997 sed
3254 1941 3556 1996 innumeri

139 2026 540 2098 πνευματικὸς,
625 2025 910 2102 γεννητὸς,
992 2025 1083 2079 καὶ
1164 2023 1480 2101 ἀγέννητος,
1541 2020 1592 2076 ἐν
1643 2021 1801 2094 σαρκὶ

140 2114 446 2188 γενόμενος
503 2114 653 2184 Θεὸς,
712 2113 764 2167 ἐν
824 2113 1037 2186 θανάτῳ
1097 2113 1211 2182 ζωὴ
1266 2110 1528 2182 ἀληθινὴ,
1586 2109 1678 2164 καὶ
1744 2109 1803 2165 ἐκ

137 2205 378 2280 Μαρίας,
450 2205 544 2260 καὶ
606 2205 666 2260 ἐκ
724 2209 881 2272 Θεοῦ,
939 2208 1153 2280 πρῶτον
1196 2203 1462 2272 παθητὸς,
1530 2203 1618 2256 καὶ
1681 2202 1802 2255 τότε

143 2295 388 2365 ἀπαθὴς,
423 2295 634 2364 Ἰησοῦς
667 2294 904 2368 Χριστὸς
938 2295 965 2348 ὁ
998 2297 1196 2367 Κυριος
1247 2294 1429 2363 ἡμῶν.
1483 2315 1508 2342 ‹‹
1545 2292 1801 2348 Medicus

142 2393 349 2441 autem
382 2401 537 2441 unus
570 2390 679 2453 est,
715 2390 773 2439 et
799 2385 1056 2440 carnalis
1087 2385 1139 2438 ei
1170 2383 1516 2454 spiritualis,
1569 2382 1800 2436 oenitus

143 2481 201 2529 et
221 2474 529 2546 ingenitus
551 2473 680 2546 (seu
702 2474 961 2544 melius),
991 2474 1104 2546 (50)
1133 2472 1324 2528 factus
1347 2477 1403 2527 et
1434 2488 1553 2526 non
1585 2472 1799 2537 factus,

142 2565 208 2617 in
246 2563 496 2618 homine
528 2563 786 2619 existens
812 2564 986 2628 Deus,
1020 2563 1080 2617 in
1115 2569 1301 2618 morte
1331 2563 1448 2617 vita
1468 2579 1622 2629 vera,
1649 2566 1706 2614 et
1729 2576 1800 2614 ex

143 2653 350 2720 Maria,
376 2657 436 2707 et
462 2668 534 2707 ex
555 2654 698 2717 Deo,
721 2653 982 2724 primum
1005 2652 1307 2724 passibilis
1338 2657 1394 2706 et
1427 2657 1565 2706 tunc
1587 2651 1802 2721 impas-

142 2742 333 2796 sibilis
361 2743 532 2796 Jesus
563 2742 852 2808 Christus,
897 2742 1181 2796 Dominus
1231 2747 1452 2796 noster.
1490 2763 1517 2790 ››
1577 2741 1710 2794 Ηίεο
1741 2739 1796 2794 S.

139 2830 354 2898 lgnatii
387 2829 564 2885 verba
592 2830 664 2884 ab
695 2830 1039 2896 Athanasio,
1071 2831 1438 2885 Theodoreto
1479 2836 1535 2885 et
1567 2829 1797 2885 Gelasio

141 2926 354 2974 contra
394 2919 670 2990 antiquos
729 2919 1053 2973 divinitatis
1105 2919 1320 2974 Christi
1354 2919 1798 2991 impugnatores

138 3009 323 3064 citata
379 3009 545 3064 illam
579 3009 790 3064 invicte
824 3009 1142 3080 explicant,
1177 3016 1296 3064 uta
1325 3009 1490 3064 nullo
1512 3009 1798 3063 hactenus

136 3098 434 3153 infirmari
466 3114 732 3168 unquam
765 3099 1087 3169 potuerint.
1124 3099 1520 3162 Quamobrem
1554 3098 1798 3168 quidam

133 3205 164 3243 e
191 3188 650 3242 Socinianorum
674 3193 834 3242 secta
858 3187 1197 3242 Neotericus
1217 3189 1488 3258 scriptor,
1518 3203 1652 3241 cum
1679 3187 1796 3241 cla-

1908 2038 2200 2104 martyres
2232 2033 2578 2103 sanguinem
2612 2048 2784 2086 suum
2833 2030 3165 2086 constantia
3217 2027 3554 2084 admirabili

1908 2123 2205 2193 planeque
2236 2121 2435 2176 divina
2464 2121 2873 2192 profuderunt.

1978 2213 2270 2266 Cmterum
2305 2209 2582 2264 omnibus
2639 2208 2810 2263 facile
2860 2208 3199 2276 innotescit,
3247 2208 3555 2275 hucusque

1907 2300 2160 2372 allegata
2183 2299 2236 2354 S.
2260 2299 2469 2370 Ignatii
2494 2299 2624 2353 loca
2649 2316 2814 2369 aeque
2840 2314 3098 2369 pugnare
3123 2313 3228 2367 pro
3248 2295 3555 2352 divinitate

1908 2389 2245 2449 Salvatoris.
2277 2405 2382 2458 pro
2413 2388 2643 2443 unitate
2675 2386 2802 2457 ejus
2835 2403 3122 2459 personas,
3171 2403 3275 2456 pro
3327 2385 3554 2439 duabus

1908 2479 2037 2549 ejus
2068 2477 2322 2540 naturis,
2357 2493 2424 2531 ac
2485 2494 2590 2547 pro
2651 2477 2849 2531 divina
2901 2476 3094 2530 Marias
3153 2476 3552 2531 maternitate.

1904 2569 2144 2622 Fatetur
2166 2567 2324 2622 enim
2349 2588 2376 2615 »
2403 2567 2602 2620 Iesum
2625 2565 2919 2619 Chrisium
2943 2581 3144 2619 verum
3169 2565 3352 2619 Deum
3374 2563 3554 2618 simul

1907 2674 2035 2713 esse
2067 2673 2135 2711 ac
2165 2672 2366 2710 verum
2401 2656 2724 2719 hominem,
2771 2660 3034 2708 creatum
3093 2660 3150 2708 et
3195 2655 3547 2721 increatum,

1906 2747 2090 2800 Deum
2122 2745 2182 2799 in
2213 2745 2457 2799 homine
2489 2744 2896 2805 exsistentem,
2931 2743 2992 2797 in
3023 2747 3212 2796 morte
3243 2743 3422 2796 vitam
3454 2757 3552 2795 ve-

1893 2834 2162 2902 .ram,Dei
2181 2833 2392 2887 Filium
2407 2833 2565 2886 Patri
2583 2849 2689 2886 suo
2709 2829 3402 2901 cozeternum,semperin
3419 2830 3546 2900 ipso

1905 2928 1962 2976 et
1985 2940 2117 2977 cum
2138 2923 2263 2993 ipso
2289 2918 3397 2990 exsistentem,potentiaaequalem,sed
3418 2917 3551 2972 sub-

1897 3012 2314 3084 jectumjuxta
2340 3015 2667 3077 carnein,et
2689 3015 2969 3080 tanquam
2992 3008 3186 3063 Maria;
3209 3007 3395 3061 ﬁlium
3414 3010 3545 3076 (51),

1907 3118 2041 3155 eum
2076 3117 2279 3156 revera
2308 3105 2609 3154 mortuum
2655 3115 2804 3167 esse,
2864 3104 2921 3152 et
2962 3097 3376 3164 resurrexisse,
3411 3096 3550 3150 nul-

1903 3191 2141 3260 lamque
2175 3189 2300 3244 sine
2335 3189 2462 3259 ipso
2503 3188 2711 3242 salutis
2751 3204 2912 3260 spem
2969 3186 3140 3241 nobis
3189 3201 3497 3256 superesse
3533 3200 3547 3251 ;

135 3277 380 3332 ritatem
411 3276 661 3348 hujusce
689 3276 1018 3332 testimonii
1047 3275 1231 3331 nullis
1261 3277 1458 3348 impias
1477 3276 1691 3331 mentis
1710 3292 1798 3331 ar-
1826 3322 1870 3388 ϐ
1904 3279 2237 3352 principem
2267 3293 2403 3331 vero
2445 3277 2625 3348 hujus
2682 3276 2889 3331 mundi
2949 3275 3060 3348 (52)
3123 3275 3250 3346 ejus
3295 3279 3550 3328 mortem

135 3367 289 3388 ιῖι---
335 3365 644 3388 _L_-_.___-
680 3370 876 3388 ..Α---ι
938 3383 994 3388 --
1056 3366 1215 3388 ---μέι
1271 3365 1649 3388 3..---,1-..ι2μ
1725 3370 1788 3388 --1.
1900 3367 2051 3388 _._I__L
2084 3373 2131 3388 ,ι
2165 3366 2354 3388 ιι,..ξ..
2390 3365 2783 3388 _-:_._:_.Zl-l.-_.
2825 3369 3139 3388 ,Α-,ι-ι-.......
3168 3363 3466 3388 ἕηκιι-Αηι.-
3514 3383 3540 3388 --

128 3367 294 3422 tibus
328 3365 649 3421 obscurare
679 3370 899 3437 posset,
932 3383 1001 3421 eo
1056 3366 1219 3420 venit
1271 3365 1675 3436 impudentiae,
1725 3370 1792 3420 ut

131 3455 400 3510 scribere
432 3471 612 3510 ausus
653 3456 775 3510 sit:
826 3457 891 3509 In
948 3455 1160 3527 Ignatii
1207 3455 1474 3525 epistolis
1522 3454 1791 3526 proposi-

135 3546 339 3600 tiones
369 3543 658 3614 quasdam
690 3544 1096 3599 incommodas
1127 3549 1185 3598 et
1215 3543 1472 3598 insulsas
1519 3544 1788 3614 reperiri,

138 3649 208 3687 ac
239 3631 493 3703 proinde
525 3647 660 3686 eum
689 3631 750 3686 in
780 3647 887 3686 sua
918 3632 990 3686 de
1034 3631 1248 3686 Christi
1296 3631 1599 3686 divinitate
1653 3649 1790 3687 sen-

141 3721 332 3775 tentia
358 3720 529 3775 facile
563 3719 752 3791 decipi
785 3721 1050 3792 potuisse
1081 3737 1152 3775 ex
1183 3720 1499 3776 traditione
1539 3722 1792 3794 alicujus

139 3809 642 3882 pseudo-Christi,
671 3816 728 3863 et
756 3809 1278 3880 pseudo-apostoli.
1313 3811 1424 3864 Sed
1454 3809 1650 3864 nullus
1679 3828 1793 3864 un-

139 3915 321 3968 quam
354 3898 416 3952 in
444 3899 766 3969 lgnatianis
797 3898 1063 3968 epistolis
1096 3898 1535 3953 incommodam
1567 3905 1666 3953 aut
1697 3899 1789 3954 in-

211 4049 422 4125 (49),_'(_)
453 4050 555 4124 γὰρ
588 4051 715 4125 Θεὸς
739 4051 920 4125 ἡμῶν
967 4051 1180 4125 Ἰησοῦς
1236 4048 1475 4121 Χριστὸς
1525 4048 1575 4125 ἐν
1619 4051 1784 4125 [Ιαςτρὶ

272 4118 490 4193 μᾶλλον
523 4118 794 4193 ἐξδαίνετοιιν.⁷
820 4123 1001 4194 Epist.
1035 4118 1107 4178 ad
1139 4118 1328 4185 Rom.,
1363 4140 1411 4176 c.
1447 4126 1498 4176 3.
1532 4124 1594 4176 In
1627 4118 1788 4178 salu—

133 4193 363 4266 tatione
395 4195 662 4266 epistolae
691 4194 762 4249 ad
786 4193 1250 4266 Ephesiosjpsos
1265 4194 1716 4266 prmdestinatos
1733 4200 1791 4250 et

134 4265 360 4337 electos
394 4263 572 4320 dicit:
606 4267 693 4320 Ἐν
735 4263 1004 4337 Θελᾶίματι
1055 4263 1151 4319 τοῧ
1207 4263 1414 4336 ΙΙὰτρὸς
1464 4264 1552 4317 καὶ
1606 4266 1787 4334 Ἰησοῦ

129 4336 372 4408 Χριστοῦ
402 4339 498 4389 τοῦ
531 4339 665 4389 Θεοῦ
690 4338 849 4408 ἡμῶν
880 4336 894 4392 ὲ
930 4360 956 4386 ‹‹
994 4338 1302 4392 Voluntate
1334 4337 1525 4392 Patris
1557 4341 1615 4390 et
1650 4338 1786 4392 Jesu

129 4387 352 4496 Quae
371 4387 489 4496 pg;
517 4387 893 4496 πίοέιιηίῑδςιρτ
921 4387 1522 4496 ερίίεῐ-είξῑίρξηῖζεῖ
1565 4387 1781 4496 5,311}

132 4478 492 4604 Ἐπιτὲἑψατὲ
525 4499 616 4550 μοι
654 4480 903 4552 μιμητὴν
935 4478 1073 4532 εἶναι
1109 4481 1207 4532 τοῦ
1261 4479 1463 4538 πάθους
1504 4481 1601 4531 τοῦ
1651 4481 1784 4531 Θεοῦ

138 4567 268 4604 νιουε
318 4553 568 4604 onccdite
589 4554 725 4604 mihi
747 4553 1079 4604 imitatorem
1101 4567 1209 4604 esse
1233 4551 1504 4604 missionis
1535 4549 1634 4604 Dei
1654 4552 1780 4604 mei.

137 4549 568 4618 μουεσοήεοάἰιε
589 4549 733 4606 mihi
747 4553 1079 4606 imitatorem
1101 4567 1209 4605 esse
1229 4551 1504 4621 passionis
1535 4549 1634 4604 Dei
1654 4552 1780 4605 mei.

129 4623 193 4676 In
230 4624 352 4677 ﬁne
386 4623 650 4694 epistola;
682 4623 754 4678 ad
786 4621 1202 4694 Polycarpumi:
1239 4622 1435 4694 «Opto
1466 4637 1566 4694 vos
1589 4621 1784 4694 valere

129 4711 379 4781 semper
403 4688 464 4748 in
517 4695 650 4781 D‘eo,
681 4688 907 4781 nestre'
943 4688 1091 4781 {es-1,1.
1136 4688 1387 4781 Christo,
1423 4715 1469 4777 »~
1511 4688 1777 4781 ὲέρῶσθαι

129 4763 389 4836 ὑμᾶςδιᾶ
407 4765 605 4826 παντὸς
632 4763 682 4819 ἐν
719 4765 1014 4837 Θεῷ-ἡμῶν
1055 4765 1238 4837 ’μηᾳοῦ
1266 4764 1482 4837 Χριστῷ
1503 4763 1782 4837 (εὔχομαι.

198 4838 314 4910 (50)
347 4837 574 4905 Merito,
635 4832 1017 4910 γεννηέόςκαὶ
1061 4832 1380 4910 ἀγέννητὸς,
1429 4832 1462 4884 «⁷
1489 4832 1678 4910 factus
1729 4840 1788 4910 et

126 4923 248 4962 non
273 4909 512 4963 factus»
537 4907 673 4963 cum
687 4907 918 4964 Gelasio
941 4907 1787 4978 Papainterpretamur,siqui-

129 4979 267 5033 dem
301 4996 512 5034 sensus
539 4980 598 5034 id
630 4979 932 5050 efﬂagitat,
967 4985 1025 5050 et
1055 4979 1434 5034 notissimum
1463 4985 1550 5032 est
1582 4995 1615 5033 a
1639 4981 1785 5033 Grae-

126 5051 212 5104 cis
255 5066 424 5106 voces
454 5049 800 5134 yewnfécet
827 5049 1050 5134 γενηξός
1094 5051 1428 5131 promiscue
1482 5050 1780 5134 usurpari,

127 5121 477 5193 quanquam
524 5121 908 5177 ecclesiastici
953 5121 1105 5176 fere
1135 5123 1452 5191 scriptores
1483 5121 1779 5188 catholici,

125 5194 461 5263 praesertim
495 5194 593 5264 qui
628 5200 757 5264 post
778 5193 1015 5248 tertium
1040 5195 1323 5247 saeculum
1349 5193 1634 5256 Vixeruni,
1662 5208 1783 5246 cas-

126 5264 265 5318 dem
300 5265 362 5317 in
396 5267 720 5329 quaestione
755 5265 825 5319 de
859 5265 986 5318 Filii
1009 5265 1310 5318 divinitate
1334 5264 1668 5318 accuratius
1696 5264 1781 5316 di-

125 5337 488 5391 stinxerunt.
528 5337 765 5390 Arcedit
797 5336 953 5406 quod
994 5352 1098 5389 vox
1151 5335 1410 5406 ἀγὲνηῖνις
1459 5335 1569 5388 soli
1621 5335 1778 5388 Patri

125 5415 331 5478 utpote
367 5409 629 5478 ingenito
663 5415 994 5477 competat;
1029 5424 1210 5477 quare
1241 5407 1498 5477 lgnatius
1531 5423 1648 5459 non
1681 5423 1780 5478 po-

123 5477 240 5558 tuit
271 5480 604 5558 intelligere
624 5503 646 5526 α
669 5481 934 5550 genitum
952 5478 1548 5558 etinge_nitum,_»-qui
1575 5478 1632 5530 in
1652 5477 1777 5558 e'pij

122 5550 278 5605 stola
309 5551 383 5605 ad
413 5548 738 5605 Tralhanos
770 5564 868 5604 eos
904 5555 1260 5616 exsecratur,
1295 5550 1393 5618 qui
1427 5548 1638 5602 Filium
1674 5548 1776 5600 Dei

121 5621 333 5677 dicunt
363 5620 641 5692 ἀγένητον,
661 5645 685 5666 α
707 5621 1033 5693 ingenitum
1055 5645 1078 5669 ››
1099 5622 1245 5693 Quis
1261 5637 1381 5675 non
1403 5619 1559 5693 videt
1575 5619 1780 5693 praefat

121 5695 197 5747 tis
224 5689 436 5766 lgnati'i
461 5693 652 5766 verbis
671 5689 901 5747 Arianae
921 5692 1303 5766 blasphemiae
1319 5691 1592 5763 jugulum
1619 5689 1779 5766 peti?

121 5760 351 5838 Quippe
388 5766 484 5820 hic
516 5763 781 5838 Christus
826 5780 945 5817 non
1005 5760 1205 5838 m_odo_
1241 5760 1416 5818 Deus'
1439 5760 1779 5838 agngscitur

123 5831 671 5902 vereimmortalis,
707 5834 764 5888 in
801 5851 976 5890 carne
1010 5834 1311 5906 quondam
1362 5832 1636 5906 mortali;
1671 5831 1774 5906 sed

122 5925 242 5968 non
274 5909 494 5976 factus,
526 5907 640 5964 hoc
670 5912 760 5962 est
790 5904 1087 5963 increatus
1137 5905 1354 5961 diserte
1403 5905 1639 5960 dicitur.
1690 5904 1776 5958 Ita

1899 3367 2055 3423 velut
2077 3373 2136 3422 et
2165 3366 2359 3421 Mariae
2390 3365 2790 3438 virginitatem
2822 3381 2888 3421 ac
2909 3369 3144 3436 partum
3168 3363 3490 3435 ignorasse.
3514 3383 3543 3412 »

1973 3456 2268 3510 Unitatem
2301 3471 2571 3525 personas
2603 3455 2664 3508 in
2698 3454 2892 3525 specie
2925 3453 3180 3525 probant
3209 3451 3312 3507 illa
3341 3451 3552 3524 Ignatii

1900 3544 2081 3598 verba
2111 3543 2185 3598 ad
2217 3543 2624 3610 Magnesianos
2654 3542 2798 3613 (53):
2833 3565 2859 3593 «
2895 3543 3111 3597 Omnes
3143 3540 3547 3596 concurrite...

1901 3634 2060 3688 velut
2088 3632 2162 3687 ad
2188 3648 2372 3686 unum
2403 3632 2601 3686 Jesum
2633 3631 2952 3697 Christum,
2985 3631 3084 3702 qui
3118 3635 3176 3685 et
3204 3631 3276 3685 ab
3295 3647 3412 3684 uno
3435 3631 3544 3684 Pa-

1900 3729 1990 3777 tre
2023 3721 2238 3793 prodit,
2273 3727 2332 3775 et
2362 3721 2422 3774 in
2452 3737 2570 3775 uno
2622 3721 2870 3788 exsistit,
2902 3725 2960 3774 et
2989 3721 3048 3774 in
3078 3737 3264 3774 unum
3301 3718 3543 3773 reverti-

1901 3817 2016 3866 tur.
2050 3832 2078 3861 »
2115 3812 2266 3864 Duas
2295 3810 2514 3879 ubique
2543 3810 2677 3862 Jesu
2709 3809 2923 3863 Christi
2952 3814 3193 3863 naturas
3223 3810 3305 3862 ita
3326 3825 3546 3863 memo-

1900 3906 1990 3954 rat
2008 3901 2114 3970 (54)
2138 3904 2204 3952 ut
2226 3914 2324 3952 eas
2347 3913 2552 3967 reapse
2577 3898 2732 3951 inter
2760 3914 2822 3952 se
2845 3897 3151 3951 distinctas
3175 3913 3325 3962 esse,
3346 3913 3542 3968 nequo

1899 4126 1981 4179 cis
2015 4122 2271 4196 ἂγένητος
2308 4121 2441 4196 sive
2494 4121 2813 4196 ῥιγξγντβος,
2863 4121 3038 4195 prout
3086 4140 3155 4178 ea
3185 4139 3218 4177 a
3247 4121 3542 4178 veteribus

1897 4194 2180 4266 usurpata
2207 4195 2440 4265 legitur,
2475 4194 2768 4266 duplicem
2822 4194 3224 4266 acceptionem
3271 4201 3543 4250 accurate

1898 4265 2170 4321 distinxit
2200 4267 2270 4321 M.
2307 4265 2684 4336 AthanaSius,
2713 4284 2890 4336 quem
2923 4265 3164 4322 censule
3199 4266 3259 4320 in
3291 4266 3441 4320 libro
3467 4267 3544 4320 De

1894 4339 2136 4408 synodis,
2170 4343 2312 4392 tom.
2347 4339 2389 4404 Ι,
2422 4354 2478 4407 p.
2512 4341 2634 4392 922.

1969 4409 2081 4482 (5|)
2111 4428 2135 4458 ιι
2162 4409 2440 4482 Obturate
2455 4425 2626 4482 aures
2644 4415 2885 4482 vestras,
2910 4427 3041 4465 cum
3064 4409 3226 4464 vobis
3246 4409 3542 4482 quispiam

1894 4479 2158 4552 loquitur
2189 4480 2316 4534 sine
2347 4481 2481 4552 Jesu
2521 4481 2772 4544 Christo,
2808 4483 2908 4552 qui
2944 4499 3012 4536 ex
3043 4479 3534 4548 genere’Davidis,

1895 4551 1994 4622 qui
2025 4568 2094 4606 ex
2128 4552 2325 4618 Maria,
2359 4551 2459 4620 qui
2490 4568 2625 4606 vero
2659 4551 2841 4608 natus
2865 4559 2973 4618 est,
3008 4553 3149 4620 edit,
3201 4552 3372 4620 bibit,
3405 4568 3538 4607 vere

1893 4624 2367 4694 persecutionem
2401 4638 2610 4692 passus
2642 4629 2730 4678 est
2760 4625 2866 4679 sub
2899 4625 3108 4679 Pontio
3140 4623 3329 4678 Pilato
3356 4641 3368 4689 ;
3402 4640 3536 4677 vere

1892 4693 2206 4749 cruciﬁxus
2239 4700 2297 4748 et
2325 4699 2594 4749 mortuus
2627 4702 2735 4759 est,
2789 4695 3124 4751 videntibus
3175 4694 3535 4760 cmlestibus,

1893 4766 2271 4821 terrestribus
2298 4768 2354 4819 et
2383 4765 2818 4831 subterraneis;
2854 4768 2953 4837 qui
2979 4773 3036 4821 et
3057 4783 3190 4821 vere
3215 4765 3541 4820 resurrexit

1890 4854 1924 4892 a
1953 4837 2623 4908 mortuis‘resuscitante
2657 4838 2852 4908 ipsum
2903 4839 3073 4892 Patre
3106 4837 3292 4908 ipsius
3324 4852 3540 4908 secun-

1890 4908 2030 4962 dum
2063 4905 2538 4979 similitudinem,
2567 4905 2766 4978 qua—et
2799 4925 2904 4962 nos
2933 4909 3044 4979 ipsi
3097 4905 3405 4962 credentes
3458 4906 3542 4960 ita

1888 4979 2265 5034 resuscitabit
2292 4978 2469 5030 Pater
2499 4979 2561 5030 in
2591 4979 2821 5033 Christo
2851 4978 3009 5046 Jesu,
3043 4979 3169 5033 sine
3201 4994 3316 5048 quo
3340 4993 3539 5031 veram

1886 5052 2066 5106 vitam
2099 5066 2218 5103 non
2249 5048 2598 5101 habemus.»
2631 5049 2810 5118 Epist.
2846 5049 2919 5103 ad
2949 5050 3296 5106 Trallianos.
3323 5065 3450 5118 cap.
3479 5051 3532 5101 9.

1960 5124 2068 5191 (52)
2106 5144 2124 5167 α
2164 5118 2497 5188 Principem
2531 5119 2711 5191 hujus
2755 5121 2958 5174 mundi
3011 5122 3184 5175 latuit
3234 5120 3538 5191 virginitas

1886 5190 2100 5258 Mariae,
2136 5196 2192 5244 et
2223 5195 2425 5260 partus
2459 5190 2641 5260 ipsius
2673 5191 2966 5258 similiter,
3021 5199 3077 5245 et
3123 5209 3280 5245 mors
3338 5190 3534 5244 Demi-

1886 5265 1968 5332 ni,
2006 5264 2115 5316 tria
2147 5261 2424 5331 mysteria
2457 5261 2750 5329 clamoris,
2787 5279 2915 5331 qua}
2950 5263 3007 5316 in
3041 5263 3276 5317 silentio
3311 5263 3408 5315 Dei
3436 5278 3533 5332 pa.

1887 5341 2038 5389 trata
2067 5339 2223 5387 sunt.
2260 5355 2287 5381 »
2324 5334 2422 5400 Ep.
2461 5333 2530 5386 ad
2577 5334 2694 5401 Eph
2733 5380 2740 5387 .
2786 5351 2835 5387 c.
2876 5337 2937 5386 19

1957 5407 2063 5476 (53)
2094 5405 2255 5476 Epist
2308 5403 2379 5456 ad
2416 5406 2690 5474 Magnes.
2734 5422 2781 5458 c.
2820 5407 2870 5458 7.
2910 5407 2970 5458 ln
3024 5405 3225 5458 eadem
3283 5404 3532 5476 epistola

1887 5478 1938 5532 S.
1994 5475 2254 5548 lgnatius
2315 5476 2704 5548 Magnesianis
2763 5476 2904 5529 satis
2971 5492 3030 5529 se
3083 5475 3531 5548 commendasse

1884 5547 2230 5602 Christianas
2254 5547 2498 5600 unitatis
2517 5547 2929 5601 excellentiam
2951 5551 3085 5615 jure
3105 5547 3423 5600 arbitratus
3447 5549 3537 5598 est

1886 5620 1975 5673 his
2006 5617 2237 5672 verbis:
2271 5639 2297 5664 ‹‹
2335 5617 2496 5671 Unus
2529 5625 2618 5673 est
2652 5620 2820 5673 Jesus
2877 5619 3165 5686 Christus,
3215 5633 3332 5688 quo
3380 5617 3533 5670 nihil

1883 5688 2262 5760 praestantius
2293 5693 2398 5760 est.
2433 5711 2458 5736 ››

1952 5764 2061 5830 (54)
2093 5758 2358 5831 Consule
2380 5758 2509 5813 loca
2542 5777 2720 5831 supra
2742 5761 2869 5830 jam
2903 5759 3170 5831 allegata,
3206 5760 3266 5814 in
3298 5758 3528 5830 primis,

1881 5848 1928 5884 c.
1962 5836 1991 5883 7
2033 5849 2123 5900 ep.
2158 5830 2230 5883 ad
2262 5830 2430 5899 Eph.,
2465 5848 2512 5884 c.
2548 5834 2577 5902 3
2613 5830 2699 5902 ep.
2751 5833 2823 5885 ad
2874 5830 3280 5902 Polydarpum,
3317 5837 3374 5884 et
3412 5845 3460 5881 c.
3496 5832 3525 5880 3

1882 5903 1955 5958 ad
1977 5889 2206 5973 Sm'yrn.
2232 5917 2246 5966 ;
2271 5889 2399 5971 cap.
2419 5889 2491 5954 ’15
2512 5901 2583 5955 ad
2605 5889 2856 5974 M‘agnes.
2885 5920 2899 5968 ;
2921 5889 2997 5958 ad
3014 5889 3367 5972 Smjvrnae'os,
3393 5915 3443 5951 c.
3473 5901 3519 5950 1.

1900 4058 2162 4108 mentem
2196 4053 2260 4106 D.
2292 4051 2503 4124 Ignatii
2534 4052 2755 4164 optime
2788 4054 3100 4124 expressit,
3129 4052 3424 4122 simulque
3442 4069 3544 4107 vo-

1900 4126 1981 4164 οἷς
2015 4122 2271 4164 ἕννέντμηιι·
2324 4123 2441 4164 civp
2500 4121 2567 4164 ἂν
2596 4143 2791 4164 νυν-φορ
2863 4130 3034 4164 nrnnf
3086 4140 3149 4164 an
3185 4139 3212 4164 zu
3247 4124 3542 4164 votprihnq
