3932 6304
377 432 493 498 595
1444 432 1508 499 S.
1556 432 1955 499 lGNATlUS.
2000 463 2075 475 —-
2118 427 2746 491 PROLEGOMENA.
3672 419 3795 483 596

380 565 741 632 commistas,
773 569 876 620 aut
904 564 1200 631 confusas,
1231 564 1336 618 sed
1366 579 1543 619 unam
1573 564 1634 618 in
1663 563 1792 634 ipso
1816 576 2021 633 perso-
2049 559 2099 627 Α
2132 561 2311 623 ctam,
2344 555 2506 627 quia,
2538 559 2604 610 ut
2633 555 2717 611 ait
2745 552 3145 610 Tertullianus
3190 551 3301 624 (57)
3334 567 3347 605 :
3401 571 3429 604 ι
3459 551 3623 605 Vana
3669 564 3793 613 res,

382 669 522 709 nam
552 670 660 724 per
686 653 975 708 unitatem
1005 653 1329 708 efﬁcientes
1359 657 1651 709 censeret.
2136 644 2297 717 quod
2330 650 2419 700 est
2448 644 2821 716 phantasma,
2856 644 3107 717 ﬁguram
3150 657 3270 697 non
3301 639 3581 695 admittit.
3616 660 3645 687 »
3678 635 3794 691 Sed

451 744 771 799 Veritatem
804 743 1249 808 incarnationis,
1281 742 1698 813 Christumque
1727 755 1862 796 vere
1891 755 2024 811 pas-
2135 736 2253 790 huc
2284 734 2389 790 illa
2411 733 2747 790 Tertulliani
2771 733 3093 789 auctoritas
3116 747 3426 804 perperam
3452 727 3795 785 adducitur.

382 848 513 890 sum
546 849 612 887 ac
646 833 1063 897 resurrexisse,
1122 837 1330 887 contra
1376 831 1777 904 phantasticos
1824 828 2026 884 multis
2137 824 2225 880 lbi
2260 824 2421 880 enim
2452 824 2660 879 doctus
2691 823 2790 877 ille
2821 823 2906 877 vir
2937 820 3317 888 Marcionem,
3360 819 3461 891 qui
3492 817 3797 873 Christum

383 922 440 979 S.
475 922 735 994 Ignatius
767 922 998 993 probat.
1026 922 1182 977 Inter
1200 922 1321 977 alia
1349 922 1433 977 ita
1453 921 1876 976 ratiocinatur:
1918 940 1945 972 c
1966 916 2022 971 Si
2136 913 2341 969 ﬁctum
2366 911 2670 967 hominem
2686 917 2745 967 et
2763 912 3118 983 phantasma
3138 909 3320 964 fuisse
3342 906 3661 971 delirabat,
3683 906 3797 960 hoc

375 1016 607 1079 vero,ut
628 1010 865 1081 quidam
891 1011 1192 1078 athei,hoc
1213 1016 1303 1065 est
1322 1009 2023 1080 inﬁdeles,aiunt,ipsum
2138 1001 2482 1057 testimonio
2509 1001 2779 1056 Jeremiaa
2811 999 3063 1055 dicentis
3089 1015 3102 1053 :
3142 1000 3354 1068 Venite,
3387 998 3672 1052 mittamus
3724 994 3797 1048 ιι-

376 1100 718 1174 (Christum)
751 1100 1080 1155 secundum
1114 1099 1521 1171 apparentiam
1578 1114 1708 1154 esse
1757 1114 2020 1168 passum,
2134 1108 2303 1162 gnum
2342 1090 2403 1145 in
2427 1106 2632 1160 panem
2663 1091 2772 1161 (58)
2800 1089 3029 1163 egregie
3062 1086 3299 1157 refellit,
3323 1084 3702 1174 ostenditque
3726 1101 3794 1139 eo

376 1189 491 1260 ipsi
523 1189 854 1245 secundum
883 1189 1293 1260 apparentiam
1327 1188 1681 1243 exsistentes
1706 1203 1720 1253 ;
1746 1203 1850 1259 ego
1881 1185 2024 1258 quid
2135 1179 2250 1235 loci
2280 1194 2500 1251 panem
2532 1195 2652 1234 non
2683 1178 2933 1250 ﬁguram
2963 1177 3180 1232 Christi
3213 1173 3544 1247 simplicem
3578 1180 3637 1228 et
3680 1189 3787 1227 nu-

373 1280 606 1334 vinctus
638 1295 769 1334 sum
790 1279 818 1333 ‘l
848 1284 908 1333 et
936 1295 1042 1333 cur
1070 1283 1207 1349 opto
1238 1294 1375 1333 cum
1405 1277 1612 1333 bestiis
1636 1276 1974 1348 depugnare
1996 1275 2024 1330 ‘I
2135 1268 2293 1339 dam,
2332 1268 2438 1326 sed
2466 1269 2877 1342 propheticam
2910 1267 3220 1341 appellari.

374 1367 597 1421 frustra
624 1366 823 1435 itaque
841 1365 1083 1420 morior.
1112 1386 1139 1414 η
1165 1395 1234 1407 ---
1257 1387 1285 1414 ι(
1313 1365 1605 1431 Profecto,
1628 1385 1658 1415 ››
1677 1363 1841 1419 addit
1865 1363 2024 1418 insu-
2203 1364 2278 1417 At
2299 1361 2360 1415 in
2392 1360 2750 1416 eucharistia
2774 1360 2946 1432 juxta
2966 1358 3426 1415 Calvinistarum
3447 1356 3796 1428 opinionem

374 1471 504 1527 per,
529 1475 560 1507 (ι
582 1453 894 1508 mendacia
923 1453 995 1508 de
1026 1453 1274 1509 Domino
1306 1470 1428 1508 non
1459 1452 1749 1525 conﬁngo.
1775 1473 1805 1503 ››
1837 1452 1939 1525 ἄρα
1958 1447 2021 1505 οὐ
2132 1466 2255 1506 non
2284 1449 2467 1505 futuri
2500 1449 2764 1521 corporis
2794 1449 3162 1521 prophetica,
3197 1446 3302 1503 sed
3343 1444 3611 1517 corporis
3659 1460 3796 1500 vere

376 1538 785 1614 καταψεύδομαι
815 1545 911 1596 τοῦ
944 1540 1163 1615 Κυρίου.
1200 1563 1230 1593 ‹‹
1269 1542 1470 1614 Fugite
1512 1558 1672 1611 ergo,
1698 1564 1728 1591 »
1775 1541 2021 1597 conclu-

2193 1539 2486 1595 tsistentis
2517 1538 2707 1611 ﬁgura
2735 1542 2844 1594 est.
2877 1538 3018 1604 Quis
3048 1543 3247 1593 autem
3269 1535 3569 1592 revocabit
3596 1535 3661 1589 in
3687 1534 3800 1589 du-

378 1631 466 1685 dit
494 1632 618 1703 ipse
650 1631 721 1686 de
752 1632 1139 1702 phantasticis
1168 1630 1437 1701 loquens,
1469 1653 1497 1681 «
1529 1630 1712 1702 fugite
1732 1629 2023 1702 malignas
2136 1628 2324 1697 bium,
2355 1627 2618 1698 aliquam
2638 1627 2925 1699 corporis,
2948 1626 3107 1698 quod
3123 1626 3399 1683 simulate
3419 1631 3476 1680 et
3501 1624 3637 1679 ﬁcte
3658 1628 3796 1707 tan:

380 1718 489 1774 has
528 1718 762 1789 stirpes,
822 1735 953 1788 qum
1009 1717 1256 1790 gignunt
1311 1716 1683 1773 mortiferum
1740 1717 2018 1786 fructum,
2133 1722 2260 1772 tum
2292 1716 2544 1784 exsistit,
2577 1731 2749 1787 posse
2777 1732 2904 1772 esse
2927 1716 3171 1789 ﬁguram
3194 1714 3222 1769 ‘i
3244 1713 3516 1770 Haaretici
3538 1728 3681 1785 ergo
3705 1711 3795 1766 ill1

380 1824 557 1879 quem
587 1808 634 1862 si
662 1808 795 1878 quis
823 1808 1090 1881 gustarit,
1124 1807 1406 1863 continuo
1436 1807 1690 1862 moritur
1718 1807 1849 1878 (55).
1884 1828 1914 1858 »
2137 1807 2290 1861 banc
2320 1805 2393 1862 ob
2424 1822 2667 1862 causam
2695 1805 3137 1873 eucharistiam,
3171 1804 3344 1859 sicuti
3400 1803 3791 1875 baptismum,

378 1917 406 1983 §
441 1916 536 1993 IY.
566 1918 644 1993 _De
671 1915 818 1993 (eali
836 1916 1407 1993 presmtiacorjporis
1451 1914 1658 1993 Christi
1707 1917 1768 1969 in
1794 1915 2024 1993 eucha:

2193 1911 2314 1950 1cm
2344 1894 2480 1949 ﬁcte
2509 1894 2727 1949 Christi
2758 1893 2967 1949 mortis
2996 1893 3245 1966 ﬁguram
3287 1909 3416 1949 esse
3464 1891 3795 1947 contende-

448 1988 633 2051 ristia,
665 1988 731 2041 de
759 1983 1005 2041 diaconis
1034 1983 1376 2041 eucharistia
1404 1987 1692 2054 ministris,
1750 1991 1804 2041 et
1860 1987 1927 2041 de
1966 1987 2025 2043 S.
2060 1983 2101 1993 ’”
2134 1984 2299 2050 bant,
2334 2000 2614 2055 respuere
2647 2001 2768 2040 non
2802 1983 3156 2039 debuerunt.
3192 1984 3317 2038 Vim
3348 1983 3603 2055 hujusce
3620 1997 3795 2055 argu-

451 2058 888 2112 Chris‘ianorum
927 2058 1117 2113 αίτανί·
2134 2073 2325 2129 menti
2357 2088 2493 2128 cum
2526 2074 2780 2129 sentiret
2808 2072 3089 2129 Claudius
3118 2071 3628 2128 Charentonensis
3649 2071 3796 2126 olim

448 2165 532 2218 Ex
561 2163 825 2234 antiquis
856 2162 1244 2235 scriptoribus
1275 2167 1478 2218 noster
1506 2163 1568 2218 in
1609 2163 1820 2236 primis
1858 2164 2029 2235 Igua-
2132 2161 2427 2230 minister,
2461 2161 2525 2216 in
2555 2161 2737 2217 aliam
2764 2161 2913 2218 abiit
2936 2161 3315 2217 sententiam.
3342 2159 3677 2232 Respondit
3697 2160 3802 2215 ita-

378 2254 518 2323 tius,
549 2269 752 2308 verum
783 2253 846 2307 in
877 2252 1240 2309 eucharistia
1270 2269 1401 2308 esse
1431 2253 1646 2308 Christi
1675 2269 1912 2326 corpus,
1944 2253 2030 2310 di-
2134 2267 2250 2323 que
2279 2252 2394 2323 (59)
2427 2250 2536 2306 hos
2568 2251 2879 2306 haereticos
2911 2250 3089 2306 stulte
3121 2248 3447 2305 credidisse
3470 2249 3798 2317 Christum,

381 2344 709 2401 sertissime
741 2344 932 2399 docet.
966 2343 1273 2414 Siquidem
1303 2342 1404 2398 ubi
1431 2343 1504 2398 de
1548 2343 1866 2411 hmreticis,
1926 2345 2029 2416 qui
2133 2341 2236 2413 qui
2273 2357 2474 2395 verum
2507 2357 2722 2412 corpus
2764 2338 2992 2408 habuit,
3037 2340 3129 2395 his
3158 2339 3386 2395 verbis:
3419 2340 3535 2393 Hoc
3568 2346 3648 2394 est
3679 2355 3799 2393 cor-

2124 2449 2233 2504 pus
2262 2449 2464 2501 meum,
2505 2448 2744 2505 panem,
2778 2436 2844 2487 ut
2893 2447 3106 2503 corpus
3156 2447 3329 2486 suum
3368 2430 3559 2497 ﬁeret,
3594 2445 3803 2485 revera

2132 2521 2469 2593 adoptasse.
2501 2521 2565 2578 Id
2595 2538 2753 2588 vero,
2788 2524 2855 2576 ut
2886 2520 3119 2592 probet,
3142 2519 3579 2575 Tertullianum
3610 2519 3744 2575 loco
3764 2536 3803 2574 a

2131 2610 2303 2666 nobis
2334 2627 2514 2683 supra
2561 2610 2761 2676 citato,
2796 2615 3007 2666 testem
3048 2608 3345 2681 producit.
3379 2608 3492 2664 Sed
3543 2608 3627 2663 ibi
3659 2611 3802 2663 Ter-

2132 2699 2424 2755 tullianus
2483 2698 2555 2754 de
2608 2698 2716 2754 illa
2744 2698 3158 2754 haereticorum
3193 2697 3375 2753 stulta
3405 2698 3698 2770 Opinione
3726 2714 3803 2752 ne

2132 2788 2455 2844 minimum
2515 2787 2758 2859 quidem
2813 2787 3059 2842 verbum
3119 2787 3275 2843 fecit.
3336 2787 3524 2842 Instat
3576 2786 3683 2842 ille
3732 2803 3805 2842 ex

2132 2875 2597 2943 Bellarmino,ab
2620 2876 2916 2932 haareticis
2934 2875 3053 2931 illis
3073 2893 3192 2931 non
3209 2881 3328 2932 tam
3349 2881 3801 2931 sacramentum

2132 2966 2535 3034 eucharistia,
2560 2982 2739 3036 quam
2766 2965 3117 3036 mysterium
3146 2966 3584 3021 Incarnationis
3611 2964 3803 3021 fuisse

2130 3056 2564 3128 impugnatum.
2598 3054 2748 3119 Quid
2778 3054 2963 3109 inde?
2998 3053 3276 3126 Nunquid
3309 3054 3667 3126 mysterium
3702 3055 3801 3109 in—

375 3143 650 3215 ﬂguram,
680 3142 752 3198 ab
786 3143 871 3196 eis
903 3157 1020 3197 nen
1052 3141 1250 3213 potius
1281 3141 1386 3197 illa
1413 3142 1582 3214 rejici
1602 3142 1827 3212 debuit,
1847 3159 2027 3214 quam
2131 3143 2495 3199 carnationis
2520 3142 2697 3199 aliter
2730 3142 3064 3215 impugnari
3090 3159 3211 3198 non
3229 3148 3460 3215 potest;
3486 3142 3606 3197 nisi
3633 3142 3804 3197 Chri-

374 3230 728 3303 baptismus,
758 3230 857 3301 qui
890 3246 1022 3286 vere
1067 3230 1271 3285 mortis
1301 3230 1516 3285 Christi
1549 3230 1738 3303 ﬁgura
1767 3248 1895 3287 esse
1937 3231 2029 3287 di-
2061 3291 2098 3305 η
2132 3237 2258 3288 stus
2289 3249 2530 3305 panem,
2563 3237 2629 3288 ut
2657 3248 2831 3288 suum
2857 3249 3070 3304 corpus
3099 3238 3275 3300 esset,
3298 3233 3615 3305 adoptasse
3640 3232 3801 3287 dica-

376 3323 548 3376 citur.
578 3322 706 3376 Imo
737 3319 809 3375 ab
836 3319 954 3374 illis
986 3324 1046 3374 et
1075 3318 1434 3375 eucharistia
1462 3335 1584 3374 non
1613 3336 1782 3376 secus
1823 3337 1892 3377 ac
1921 3320 2029 3377 ba-
2057 3291 2100 3358 (ἶ
2136 3313 2279 3378 tur?
2308 3323 2443 3377 Haec
2472 3338 2613 3378 sane
2646 3338 2797 3378 vana
2844 3338 3025 3393 quam
3080 3322 3201 3378 sint
3250 3328 3307 3378 et
3344 3322 3563 3390 futilia,
3616 3340 3805 3378 nemo

374 3407 629 3480 ptismus
658 3404 947 3461 ambabus
979 3405 1137 3461 ulnis
1169 3406 1545 3477 suscipienda
1592 3413 1756 3474 erat;
1807 3409 2027 3481 quippe
2137 3428 2257 3468 non
2288 3411 2465 3467 videt.

377 3512 494 3567 qua
525 3496 824 3550 Christum
854 3494 1090 3562 nullibi,
1124 3495 1236 3549 nisi
1282 3495 1344 3549 in
1399 3494 1609 3565 ﬁgura,
1659 3513 1780 3551 non
1831 3499 2029 3570 reipsa
2210 3500 2653 3556 Observandum
2677 3516 2935 3571 quoque,
2960 3500 3416 3556 diaconosinter
3436 3517 3636 3556 sacros
3660 3500 3803 3555 ado-

378 3585 673 3641 exstitisse
704 3583 1151 3640 concluderent.
1175 3585 1319 3640 Cum
1344 3602 1481 3659 ergo
1503 3585 1576 3642 ab
1604 3586 1708 3643 illa
1729 3587 2029 3645 abstinue-
2137 3589 2309 3645 randi
2348 3589 2721 3645 eucharistiaa
2754 3589 3111 3646 sacramenti
3133 3589 3440 3645 ministros
3469 3589 3541 3645 ab
3564 3590 3801 3662 Ignatio

376 3675 519 3742 rint,
548 3673 609 3728 in
641 3672 849 3729 eadem
879 3673 1008 3747 ipsa
1028 3690 1236 3730 verum
1267 3690 1483 3747 corpus
1503 3675 1717 3731 Christi
1735 3693 1868 3733 esse
1893 3695 2031 3751 per-
2138 3678 2495 3749 computari;
2528 3682 2762 3750 Oportet
2792 3677 3147 3733 etdiaconos
3161 3678 3467 3733 ministros
3497 3678 3800 3734 exsisten-

380 3778 622 3820 suasum
653 3761 974 3819 habebant.
2138 3773 2229 3827 tes
2258 3767 2676 3839 mysteriorum
2698 3767 2839 3822 Jesu
2854 3767 3137 3823 Christi...
3157 3769 3282 3823 Non
3314 3767 3476 3823 enim
3493 3767 3799 3835 ciborum,

448 3850 699 3923 Objiciet
726 3850 928 3907 forsan
959 3850 1178 3923 aliquis
1210 3852 1651 3921 eucharistiam,
1676 3855 1786 3909 etsi
1806 3855 2029 3911 nudam
2141 3862 2200 3912 et
2228 3860 2475 3927 potuum
2506 3861 2645 3911 sunt
2673 3855 2929 3910 ministri
2962 3854 3099 3928 (60).
3158 3856 3306 3912 Hinc
3355 3856 3536 3912 etiam
3568 3856 3626 3914 S.
3660 3857 3801 3913 Ste-

379 2433 679 2488 Christum
709 2449 831 2487 non
860 2449 1078 2501 veram,
1112 2434 1212 2487 sed
1248 2431 1445 2487 ﬁctam
1468 2437 1527 2487 et
1547 2432 1883 2488 simulatam
1907 2449 2030 2489 car-

379 2538 520 2577 nem
541 2521 934 2593 assumpsisse
950 2520 1312 2594 garriebant,
1337 2537 1674 2577 sermonem
1698 2520 2030 2588 habet,haac

378 2610 693 2667 observatu
717 2610 1069 2683 dignissima
1100 2610 1324 2681 profert
1352 2610 1567 2666 verba:
1605 2633 1633 2662 «
1681 2612 1767 2666 Ab
1807 2612 2027 2668 eucha-

377 2700 566 2767 ristia,
599 2700 812 2771 inquit,
847 2698 1169 2766 abstinent,
1194 2705 1436 2772 propter
1457 2716 1576 2755 non
1601 2700 2030 2767 conﬁteri,car-

375 2804 515 2844 nem
545 2805 675 2844 esse
705 2788 1023 2844 Salvatoris
1053 2788 1241 2843 nostri
1270 2789 1407 2843 Jesu
1429 2788 1644 2843 Christi
1678 2806 1783 2860 pro
1815 2805 2047 2861 pecca:

377 2876 454 2933 tis
484 2876 705 2932 nostris
734 2892 971 2949 passam
1002 2875 1133 2948 (56).
1170 2897 1197 2924 »
1229 2877 1300 2930 Et
1324 2892 1482 2946 vero,
1507 2877 1556 2931 si
1589 2881 1727 2932 tunc
1758 2877 2029 2933 Christia-

374 2967 438 3021 ni
462 2966 523 3021 in
550 2966 782 3033 eadem,
801 2982 869 3021 ac
892 2965 1216 3022 Calviniani
1238 2965 1427 3020 nostri
1446 2965 2025 3028 fuissentsententia.

326 3127 330 3131 .
375 3054 798 3112 eucharistiam
820 3056 1086 3127 corporis
1108 3055 1321 3109 Christi
1346 3054 1567 3110 nudam
1590 3055 1877 3111 duntaxat
1898 3071 2026 3111 esse

378 3939 641 4013 corporis
672 3940 888 3995 Christi
921 3940 1188 4012 ﬁguram,
1225 3941 1356 3996 ideo
1382 3946 1584 3997 tamen
1622 3943 1696 3997 ab
1747 3943 1831 3998 eis
1875 3945 2027 4017 reje-

450 4073 564 4147 (55)
596 4071 776 4147 Epist.
813 4069 1117 4147 ad_Trall_.,
1152 4088 1202 4126 c.
1233 4071 1319 4128 10.
1358 4073 1457 4147 ln_
1477 4072 1679 4147 epist:
1708 4072 1781 4147 ad
1830 4074 2028 4144 Smyr-

380 4141 783 4215 naéos'repetit
816 4143 871 4198 S.
904 4142 1185 4214 lgnatius,
1220 4141 1378 4213 quod
1420 4141 1571 4215 Iesus
1617 4143 1861 4215 Christus
1909 4141 2030 4201 cere

419 4233 567 4273 assus
598 4213 694 4284 est,
733 4217 875 4285 sicut
900 4213 955 4285 et
1014 4218 1250 4285 seipsum
1306 4214 1610 4285 suscitavit,
1657 4214 1749 4269 καὶ
1806 4213 2031 4284 ἀληθῶς

419 4233 567 4273 assus
598 4233 694 4284 asc,
733 4233 875 4270 sicut
903 4233 954 4268 et
1014 4233 1250 4285 setpsum
1306 4233 1610 4285 suscuavn,
1657 4233 1749 4269 και
1806 4233 2025 4284 am;an

369 4233 597 4352 ἔπαθεν,
632 4285 706 4359 ᾡς
731 4282 828 4359 οιαὶ
889 4280 1110 4359 ἀληθῶς
1168 4284 1451 4353 ἀνέστησεν
1510 4284 1719 4359 ἒαοτόν.
1774 4288 1912 4359 Cap.
1970 4289 2025 4354 2,

381 4365 441 4416 et
469 4358 625 4413 infra
651 4356 862 4412 habet:
886 4376 914 4404 «
937 4356 1053 4427 Ego
1068 4361 1126 4410 et
1149 4361 1282 4427 post
1296 4358 1793 4413 resurrectionem
1811 4356 1944 4415 eum
1964 4360 2027 4414 in

382 4444 560 4487 carne
592 4428 746 4487 novi.
780 4433 838 4481 et
867 4428 1042 4481 credo
1075 4443 1224 4498 esse.
1265 4430 1334 4482 Et
1372 4429 1608 4498 quando
1639 4430 1714 4485 ad
1769 4446 1889 4493 eos,
1922 4431 2024 4498 qui

383 4516 518 4558 cum
542 4500 715 4573 P_etro
743 4503 933 4560 erant,
964 4497 1142 4573 venit,
1180 4499 1374 4573 inquit
1392 4497 1548 4571 ipsis
1577 4516 1590 4553 :
1615 4497 2025 4573 Apprehendi-

383 4518 518 4558 cum
543 4518 715 4554 retro
743 4518 933 4560 erant,
964 4518 1142 4563 venit,
1180 4518 1374 4569 inquit
1405 4518 1548 4571 1p515
1577 4518 1590 4553 :
1615 4518 1659 4554 Α
1709 4518 2025 4573 prenenui-

381 4578 461 4637 te,
495 4570 729 4641 palpate
752 4585 868 4638 me,
902 4573 959 4623 et
978 4568 1356 4641 videte.quod
1378 4586 1499 4624 non
1518 4586 1649 4641 sum
1664 4518 2026 4628 gmmonium

382 4640 799 4722 incorporale:
833 4645 890 4694 et
920 4640 1233 4722 confestim
1260 4641 1457 4722 ipsum
1485 4640 1826 4722 tetigerunt,
1850 4650 2028 4714 atque

388 4658 757 4767 Incorporale
786 4658 799 4694 :
833 4658 890 4694 et
920 4658 1229 4722 comesum
1260 4658 1457 4722 ipsum
1485 4658 1826 4722 tetigerunt,
1850 4658 2028 4714 atque

388 4713 551 4770 credi
598 4718 772 4767 erunt
790 4718 1037 4767 οοηνιοῐι
1062 4727 1235 4767 carne
1259 4728 1443 4781 ipsms
1467 4716 1523 4765 et
1535 4715 2031 4785 spmtu.Propter

382 4786 495 4840 hoc
524 4785 702 4840 etiam
732 4788 986 4838 mortem
1019 4786 1544 4854 contempserunt;
1578 4799 1755 4854 supra
1774 4792 2031 4840 mortem

382 4873 517 4911 vero
547 4855 767 4910 inventi
800 4860 959 4909 sunt.
992 4855 1130 4908 Post
1159 4851 1874 4912 resurrectionem—autem
1896 4874 2032 4912 cum

386 4928 508 4983 illis
537 4926 816 4998 comedit,
848 4931 907 4998 et
944 4924 1111 4998 bibit,
1172 4928 1259 4998 ut_
1295 4922 1572 4998 carnalis,
1627 4924 1701 4987 ὡς
1750 4926 2006 4998 σαρκικός

422 4973 1111 5069 B’JuIJi'E'Epi'muang
1160 4994 1394 5069 unitus_
1417 4973 1596 5069 P_atri.
1631 4973 1894 5069 n‘Epist.

422 5016 650 5055 uamvxs
717 5016 743 5052 s
789 5016 1105 5051 ll‘ltuallter
1162 5016 1362 5048 uuuus
1417 5016 1596 5049 ratrl.
1631 5019 1659 5047 ››
1714 5016 1894 5069 uplsn,
1954 5016 2020 5056 aa

382 5016 641 5140 gmyrn.,
673 5016 805 5124 ag.
839 5070 964 5140 Non
997 5063 1331 5140 mirandum
1363 5065 1744 5140 S._Ignatium
1774 5076 1893 5125 tam
1925 5087 2020 5126 ve-

382 5135 690 5196 hementer
704 5139 815 5220 dep
824 5137 1103 5220 medicare
1115 5135 2030 5220 veritatemllticarnationis,cum

390 5227 556 5266 error
584 5206 889 5283 oppositus
913 5207 1079 5283 valde
1112 5206 1437 5261 obtinuerit
1464 5212 1828 5281 temporibus
1852 5206 2030 5269 etiam

382 5279 808 5353 apostolorum,
838 5279 1008 5353 Sicuti
1034 5279 1633 5353 expressetestantur
1656 5283 1896 5337 Tertull.
1925 5283 2027 5339 lib.

384 5349 457 5408 De
480 5349 820 5426 prmscrr‘pL,
855 5368 904 5405 c.
948 5349 1036 5415 33,
1069 5365 1137 5404 ac
1168 5349 1788 5426 D._7Hieron._adversus
1810 5355 2026 5423 Lucife-

380 5420 591 5489 riahos,
626 5440 675 5479 c.
708 5420 762 5490 8,
826 5435 1059 5494 necnon
1108 5420 1343 5494 eruitur
1371 5437 1404 5475 a
1434 5423 1626 5494 prima
1674 5426 1739 5480 ι).
1783 5420 2030 5481 Joannis

382 5496 666 5571 Epistola,
685 5511 735 5549 c.
762 5510 796 5571 ξ.
827 5490 1077 5571 Haeresis
1108 5490 1233 5571 huic
1256 5490 1588 5571 communis
1611 5502 1738 5552 erat
1751 5497 2029 5571 omnibus

385 5562 697 5633 Gnosticis,
731 5565 882 5619 sicut
911 5562 1326 5618 animadvertit
1353 5565 1714 5633 Tillemont.,
1765 5569 1851 5623 t.I
1881 5568 2025 5623 Hist.

386 5641 595 5709 eccles,
616 5641 762 5709 post
789 5638 1149 5709 Pearsonum
1182 5640 1238 5688 et
1268 5635 1522 5691 Bullum.

458 5702 983 5833 (56)'E6)&apto‘rlac
1035 5703 1123 5758 καὶ
1181 5712 1497 5780 προσευχῆς
1549 5706 1879 5782 ἁπὲχονται,
1938 5704 2030 5762 διὰ

486 5780 562 5833 μὴ
596 5779 705 5833 ὁμο
751 5781 897 5833 ογεῖν
938 5781 1037 5833 τὴν
1094 5774 1440 5833 ιύγαριστίαν
1497 5777 1689 5833 σάρκα.
1750 5779 1883 5833 εἶναι
1926 5783 2024 5833 τοῦ

386 5774 564 5853 τὸ’μῆ
596 5774 897 5854 ὁμολογεῖν
938 5781 1037 5845 τὴν
1094 5774 1459 5851 adripiat-(av
1497 5774 1698 5853 σάρκαὶξ
1750 5774 1883 5834 εἶναι
1926 5783 2024 5833 τοῦ

2139 3946 2374 4018 phanus
2402 3961 2560 4000 unus
2592 3961 2661 4001 ex
2690 3950 2917 4016 septem
2945 3945 3155 4017 primis
3194 3945 3471 4002 Ecclesirs
3520 3945 3802 4003 diaconis

2144 4078 2407 4149 Σωτῆρος
2436 4074 2599 4149 ﬁt).th
2633 4072 2814 4149 ’I'qgoii
2866 4077 3120 4149 Χριστοῦ.
3158 4073 3270 4149 ,τὴν
3321 4073 3455 4149 ᾂπὶρ
3502 4073 3800 4149 disappth

2140 4142 2324 4216 ἡμῶν’
2350 4142 2645 4224 ποθοῦσςιν,
2829 4142 2926 4218 τῇ’
2957 4144 3298 4224 χρῃστότηςτι
3396 4142 3582 4224 Πατήρ
3622 4142 3804 4224 ’ἤγειτ

2142 4236 2249 4290 ρεν.
2289 4238 2317 4267 ‹‹
2340 4216 2806 4290 Abeucharistia
2836 4216 2895 4290 et
2915 4216 3180 4290 oratione
3209 4216 3607 4290 abstinent,eo
3629 4216 3803 4289 quod

2139 4288 2263 4344 non
2295 4288 2690 4344 conﬁteantur
2728 4289 3146 4345 eucharistiam
3171 4306 3411 4344 carnem
3434 4306 3562 4344 esse
3585 4288 3798 4344 Serva-

2140 4360 2286 4416 toris
2315 4359 2501 4443 nostri
2530 4360 2669 4417 Jesu
2697 4360 2948 4443 Ehristi,
2983 4377 3115 4443 qua)
3145 4377 3261 4443 pro‘
3276 4361 3798 4443 peccatisnostris

2140 4447 2317 4505 passa
2345 4435 2664 4505 est,_quam
2697 4432 2871 4486 Pater
2899 4448 3005 4487 sua
3026 4432 3389 4505 benignitate
3410 4432 3738 4505 suscitavit.
3766 4453 3796 4481 ››

2143 4501 2327 4574 Epist.
2361 4501 2442 4574 ad
2455 4502 2712 4574 Smyrn.,
2742 4519 2792 4556 c.
2829 4506 2881 4556 7.
2914 4503 3107 4558 Verba
3136 4501 3262 4558 haec
3282 4510 3509 4559 certum
3532 4502 3802 4559 reddunt

2143 4572 2655 4654 testimonium’de
2685 4574 3003 4654 praesentia
3031 4574 3177 4654 reali
3194 4575 3468 4654 corporis
3489 4575 3799 4654 Christi‘in

2140 4644 2513 4717 sanctissimo
2544 4643 3167 4717 altarissacramento.
3194 4647 3262 4700 Et
3277 4643 3479 4701 revera
3501 4644 3645 4717 quid
3664 4645 3801 4701 cla-

2139 4717 2283 4781 rius,
2311 4715 2460 4788 quid
2490 4716 2709 4788 certius
2740 4714 2853 4788 dici
2885 4722 3080 4786 potest
3116 4735 3223 4788 pro
3263 4718 3374 4773 hac
3402 4714 3645 4788 veritate
3678 4733 3799 4771 no-

2141 4788 2278 4860 stris
2308 4787 2469 4860 hisce
2502 4785 2709 4860 diebus
2740 4786 2800 4860 in
2822 4857 2835 4860 _
2858 4785 3262 4860 controversia
3308 4790 3517 4860 posita,
3549 4787 3624 4842 iis
3654 4805 3801 4859 qua:

2139 4858 2312 4913 docet
2342 4858 2398 4913 S.
2434 4858 2713 4929 lgnatius,
2747 4857 3022 4915 videlicet
3046 4857 3465 4916 eucharistiam
3498 4876 3626 4917 esse
3658 4857 3805 4914 car-

2139 4946 2276 4985 nem
2307 4928 2629 4984 Servatoris
2661 4929 2844 4983 nostri
2875 4929 3011 4985 Jesu
3041 4931 3256 4985 Christi
3284 4948 3297 4999 ;
3332 4931 3496 4988 illam
3516 4930 3803 4986 eamdem

2139 5016 2403 5081 carnem,
2428 5016 2559 5081 qum
2582 5017 2687 5071 pro
2711 5001 3803 5081 peccatisﬁnostrispassaest,etquam

2139 5074 2315 5143 Pater
2336 5077 2543 5141 postea
2572 5071 2878 5143 suscitavit
2898 5072 2925 5127 ?
2956 5071 3260 5137 Quomodo
3292 5071 3808 5143 consociari’pos-

2140 5148 2278 5223 sunt
2303 5142 2645 5223 huju'smodi
2676 5142 2911 5223 phrasis
2956 5160 3090 5223 cum
3122 5161 3303 5201 sensu
3331 5144 3576 5223 ﬁgurato
3606 5142 3806 5223 nova-

2139 5219 2335 5268 torum
2357 5212 2397 5266 ?’
2416 5214 2582 5267 Nunc
2613 5212 2791 5286 igitur
2820 5213 3073 5270 miretur
3118 5232 3316 5275 nemo.
3360 5212 3407 5271 si
3438 5216 3546 5271 hos
3590 5215 3805 5273 videat

2138 5290 2488 5359 respuentes
2542 5286 2953 5359 auctoritatem
3007 5287 3393 5359 epistolarum
3442 5287 3499 5342 S.
3556 5288 3806 5359 Iguatii.

2140 5353 2391 5426 quarum
2426 5353 2696 5411 doctrina
2748 5373 2951 5412 eorum
2999 5353 3283 5415 doctrina:
3316 5376 3346 5414 e
3378 5353 3673 5414 diametro
3712 5368 3811 5415 est

2140 5426 2432 5481 onnosita.

2178 5445 2771 5638 p653’»???Il'aertullianus,
2807 5498 2910 5556 lib.
2936 5516 2988 5555 1v
3013 5508 3207 5557 contra
3235 5501 3591 5570 Marcionem,
3623 5518 3680 5559 Γ.
3707 5506 3805 5559 40.

2210 5570 2300 5638 (58
2359 5568 2600 5635 Jerem.,
2634 5586 2758 5638 cap.
2796 5586 2874 5637 ιι,
3025 5574 3110 5627 19.

2233 5568 2323 5638 58)
2359 5568 2600 5635 Jerem.,
2634 5586 2758 5640 cap.
2796 5586 2874 5637 ιι,
3025 5574 3110 5627 19.

2233 5574 2323 5638 58)
2359 5574 2600 5635 Jerem.,
2634 5586 2758 5640 cap.
2796 5586 2874 5637 ιι,
3025 5574 3110 5627 19.

2135 5574 2320 5765 2353?
2351 5641 2636 5765 ggspons.
2671 5641 2746 5697 ad
2776 5645 2943 5697 tract.
2986 5646 3063 5698 De
3084 5648 3416 5716 perpetua”
3444 5649 3617 5717 parte
3640 5662 3711 5716 ιι,
3745 5664 3800 5701 c.

2209 5777 2324 5854 (ϐὉ)
2355 5784 2445 5835 Δεῖ
2483 5777 2540 5836 δὲ
2594 5782 2682 5835 καὶ
2742 5780 2869 5844 τοὺς
2940 5781 3224 5850 διακόνους
3260 5783 3419 5850 ὄντας
3484 5787 3803 5867 μυστηρίου
