3932 6304
149 400 259 459 597

1349 405 1454 465 DE
1498 398 1887 465 DOCTRINA
1929 398 1992 458 S.
2039 398 2374 459 IGNATII.

3442 405 3563 464 598

149 533 216 589 ab
246 533 564 589 Ambrosio
613 541 852 591 vocatur
909 538 1160 592 minister
1215 538 1413 592 altaris
1465 538 1598 608 (6t).
1633 538 1703 590 Et
1733 535 1798 588 D.
1834 534 1884 601 Α
1916 531 1986 586 de
2018 531 2308 603 spirituali
2354 547 2422 586 ac
2469 531 2894 603 metaphorico,
2928 533 3032 589 sed
3065 535 3138 589 de
3179 537 3470 591 materiali
3507 553 3566 609 et

151 623 503 678 Laurentius
549 624 706 695 apud
763 623 1037 680 eumdem
1097 626 1400 681 doctorem
1431 626 1543 698 (62)
1577 625 1805 679 Sixtum

149 728 446 767 summum
475 713 818 783 pontificem
870 714 960 769 his
1011 714 1201 769 verbis
1233 715 1588 786 compellat:
1633 735 1660 761 υ
1694 713 1805 766 Ex-

147 802 560 872 perire,utrum
586 801 866 858 idoneum
892 804 1233 860 ministrum
1256 804 1525 876 elegeris,
1545 803 1637 858 cui
1661 818 1806 857 com-

149 890 355 944 misisti
403 890 702 946 Dominici
737 892 1040 964 sanguinis
1070 893 1598 948 consecrationem.
1635 913 1662 940 »
1696 889 1807 944 Sed

150 978 291 1034 illud
312 979 699 1050 potissimum
722 981 783 1035 in
808 980 999 1037 verbis
1023 982 1075 1036 S.
1101 983 1311 1054 Ignatii
1335 980 1810 1037 animadverten-

151 1068 306 1137 dum,
330 1069 495 1140 quod
529 1068 656 1141 ipse
689 1069 760 1124 de
794 1070 1003 1125 iisdem
1029 1071 1296 1126 diaconis
1327 1070 1590 1126 addidit:
1631 1089 1654 1120 ci
1680 1069 1806 1123 Non

152 1159 302 1213 enim
334 1159 610 1214 ciborum
647 1164 704 1214 et
733 1164 979 1232 potuum
1013 1165 1151 1216 sunt
1180 1160 1460 1215 ministri.
1500 1181 1526 1209 »
1575 1158 1806 1213 Etenim

149 1247 204 1301 hi
234 1247 497 1318 primum
523 1248 786 1319 quidem,
810 1254 876 1304 ut
900 1249 1213 1305 viduarum
1235 1264 1685 1320 pauperumque
1713 1263 1808 1302 cu-

148 1353 268 1391 ram
298 1343 612 1410 generent,
645 1338 716 1393 ab
758 1339 1044 1411 apostolis
1095 1345 1234 1394 sunt
1279 1339 1555 1394 ordinati.
1591 1339 1807 1391 Verum

151 1427 569 1482 secundarium
599 1427 749 1482 illud
783 1444 992 1484 eorum
1035 1445 1272 1497 munus,
1304 1428 1570 1498 quamvis
1601 1427 1808 1498 prima;

151 1534 348 1572 eorum
381 1516 662 1573 electioni
717 1517 1092 1574 occasionem
1144 1518 1413 1584 dederit;
1447 1516 1803 1589 quibusdam

149 1610 337 1662 tamen
372 1606 436 1662 in
468 1607 814 1679 regionibus
846 1607 1024 1680 paulo
1070 1614 1203 1679 post
1235 1605 1662 1662 mutationibus
1695 1605 1808 1660 fuit

148 1694 482 1750 obnoxium.
517 1696 700 1751 Porro
733 1697 781 1751 si
812 1696 955 1768 quid
987 1701 1194 1751 contra
1217 1696 1588 1751 Justinianus
1616 1699 1674 1747 et
1708 1711 1806 1758 sy-

148 1785 332 1840 nodus
363 1785 648 1841 Trullana
691 1788 796 1857 (63)
828 1786 1188 1842 deﬁnierunt
1218 1786 1327 1841 hac
1359 1785 1417 1839 in
1452 1802 1514 1839 re
1547 1801 1616 1838 ex
1651 1783 1806 1838 male

150 1873 488 1944 intellectis,
553 1891 688 1930 cum
745 1876 1238 1931 Neocaesariensis
1287 1874 1544 1940 concilii,
1593 1879 1717 1928 tum
1746 1873 1801 1928 S.
1844 1903 1891 1968 Β

151 1963 548 2036 Chrysostomi
578 1964 794 2033 verbis,
827 1965 899 2020 ab
944 1965 1194 2036 antiqua
1221 1966 1462 2020 Patrum
1489 1961 1804 2017 traditione

153 2058 547 2109 recesserunt.

219 2143 416 2212 Neque
451 2141 605 2196 illud
633 2142 808 2197 etiam
837 2142 1238 2214 perfunctoria
1259 2141 1666 2196 observatione
1703 2140 1807 2194 ad-

153 2230 499 2300 notandum,
537 2230 696 2300 quod
725 2233 984 2303 Ignatius
1015 2231 1088 2286 de
1138 2247 1303 2286 sacro
1335 2230 1808 2285 Christianorum

155 2320 316 2375 altari
375 2320 452 2376 ad
511 2319 798 2392 Ephesios
831 2321 942 2393 (64)
975 2320 1220 2376 scribit:
1275 2343 1296 2369 ι
1332 2320 1387 2374 Si
1422 2319 1552 2390 quis
1584 2335 1705 2374 non
1735 2318 1812 2372 sit

156 2410 304 2466 intra
360 2411 574 2476 altare,
613 2433 639 2459 ››
696 2412 792 2463 τοῦ
850 2408 1257 2484 θυσιαστηρίου,
1300 2433 1327 2460 ‹‹
1362 2410 1625 2482 privatur
1656 2425 1809 2481 pane

155 2500 272 2558 Dei.
306 2522 333 2550 »
367 2504 438 2556 Et
462 2501 540 2557 ad
560 2500 934 2572 Philadelph.
961 2501 1072 2571 (65)
1098 2516 1111 2556 :
1149 2523 1175 2550 ‹‹
1201 2500 1327 2555 Una
1349 2500 1507 2554 enim
1541 2515 1678 2553 caro
1706 2499 1810 2552 Do-

155 2589 291 2644 mini
323 2591 516 2646 nostri
543 2591 680 2645 Jesu
711 2589 948 2658 Christi,
975 2594 1032 2644 et
1059 2606 1214 2644 unus
1247 2588 1403 2644 calix
1430 2588 1490 2642 in
1523 2588 1808 2642 unionem

159 2679 451 2750 sanguinis
505 2678 714 2751 ipsius,
764 2695 954 2734 unum
1014 2678 1218 2745 altare,
1247 2672 1302 2730 ’ἐν
1344 2676 1806 2748 θυσιαστήριον.»

159 2767 250 2821 llis
308 2769 369 2823 in
425 2769 577 2824 locis
633 2784 835 2823 vocem
895 2767 1276 2838 θυσιαστήριον
1319 2767 1380 2820 in
1413 2783 1519 2820 sua
1550 2765 1808 2836 propria,

157 2875 284 2914 vera
313 2876 379 2914 ac
411 2859 673 2932 genuina
702 2858 1157 2930 significatione,
1187 2857 1474 2912 nimirum
1506 2873 1612 2927 pro
1645 2871 1813 2910 sacra

158 2962 376 3018 mensa,
409 2948 471 3002 in
507 2964 624 3018 qua
653 2948 866 3002 Christi
900 2963 1112 3018 corpus
1146 2945 1511 3013 immolatur,
1535 2945 1810 3014 usurpari

159 3037 554 3092 certissimum
582 3041 707 3102 est;
768 3036 926 3091 unde
960 3035 1224 3107 profecto
1256 3035 1591 3089 refutantur
1621 3033 1813 3088 Calvi-

159 3124 332 3190 niani,
357 3127 458 3196 qui
481 3142 692 3181 verum
722 3125 936 3180 Christi
971 3141 1184 3195 corpus
1208 3124 1270 3178 in
1293 3123 1652 3179 eucharistia
1682 3138 1811 3177 esse

157 3221 454 3286 negantes,
487 3230 693 3269 vocem
727 3229 962 3285 quoque
1003 3212 1410 3285 θυσιαστήριον,
1441 3212 1641 3277 altare,
1674 3225 1810 3265 vero

158 3318 219 3357 ac
249 3305 486 3376 proprio
523 3304 856 3376 signiﬁcatu
911 3319 1019 3375 per
1075 3302 1188 3357 tria
1230 3302 1423 3373 prima
1467 3299 1685 3356 szecula
1736 3299 1809 3355 ab

157 3392 407 3464 antiquis
427 3392 708 3449 Patribus
731 3395 1036 3462 acceptam
1059 3389 1424 3446 inﬁciantur.
1448 3390 1688 3444 Frustra
1707 3405 1810 3443 au-

159 3485 268 3536 tem
299 3482 514 3553 objicit
563 3481 876 3536 Vedelius:
931 3480 1363 3535 Eucharistiam
1413 3478 1625 3550 Ignatii
1658 3484 1810 3532 tem-

157 3586 290 3640 pore
322 3570 396 3626 ad
424 3586 699 3625 mensam
739 3569 1021 3641 ligneam,
1051 3584 1184 3638 quin
1233 3567 1419 3622 altare
1454 3566 1691 3638 proprie
1721 3565 1813 3620 di-

161 3663 309 3713 ctum
357 3676 482 3715 non
547 3663 691 3728 erat,
753 3657 936 3713 fuisse
970 3655 1466 3712 administratam.
1512 3657 1811 3709 Incertum

160 3764 406 3820 namque
436 3747 633 3821 primo
657 3753 748 3803 est
776 3752 975 3803 utrum
1008 3747 1101 3802 his
1130 3743 1408 3801 Ecclesiae
1441 3743 1811 3816 temporibus

161 3837 353 3893 tabula
381 3838 588 3910 lignea
617 3853 694 3892 an
720 3836 956 3907 lapidea
985 3835 1077 3890 usi
1119 3833 1362 3889 fuerint.
1395 3832 1662 3888 Secundo
1691 3849 1811 3887 non

161 3928 430 3982 materies
463 3925 720 3997 lapidea,
750 3930 851 3980 aut
881 3925 1097 3996 lignea,
1123 3923 1227 3978 sed
1247 3922 1606 3977 sacrificium
1633 3938 1812 3992 super

160 4030 440 4082 mensam,
473 4015 883 4085 cujuscunque
915 4012 1185 4068 materiei
1231 4011 1332 4079 sit,
1364 4010 1438 4066 ab
1469 4009 1809 4065 hominibus

163 4103 269 4159 Deo
299 4103 567 4160 oblatum
598 4103 781 4158 altare
811 4101 1046 4173 proprie
1079 4101 1304 4156 dictum
1335 4099 1664 4155 constituit.
1695 4099 1810 4152 Ne-

162 4210 266 4263 que
296 4212 431 4250 vero
463 4193 526 4248 id
552 4193 798 4263 majoris
822 4193 1106 4247 momenti
1133 4197 1242 4258 est,
1266 4190 1425 4260 quod
1445 4189 1602 4244 idem
1627 4188 1808 4244 Vede-

161 4281 268 4337 lius
298 4301 387 4353 eo,
424 4283 569 4354 quia
599 4282 975 4345 mulieribus,
1007 4297 1080 4334 ne
1113 4279 1186 4335 ad
1217 4279 1404 4333 altare
1435 4279 1806 4340 accederent,

161 4373 459 4428 nonnullis
491 4371 822 4427 canonibus
845 4371 954 4440 (66)
981 4369 1228 4423 vetitum
1261 4372 1438 4433 esset,
1471 4366 1609 4420 inde
1643 4367 1809 4438 Igna-

161 4460 302 4515 tium
332 4479 452 4516 non
505 4460 578 4514 de
636 4458 837 4530 aliquo
896 4456 1212 4524 materiali,
1247 4455 1352 4511 sed
1385 4454 1457 4509 de
1488 4454 1804 4526 spirituali,

162 4566 396 4619 precum
426 4549 657 4605 scilicet
715 4551 774 4602 et
829 4546 1126 4600 rationum
1185 4543 1639 4615 intelligendum
1675 4561 1805 4598 esse

1911 639 2045 676 vero
2072 621 2243 676 altari
2276 638 2412 675 eum
2446 621 2608 692 loqui
2643 639 2886 677 necesse
2918 629 3025 680 est.
3050 625 3314 694 Denique
3342 627 3389 679 si
3434 642 3567 680 mu-

1909 709 2154 764 lieribus
2185 708 2384 764 altaris
2431 725 2702 764 accessus
2742 711 2886 766 olim
2935 711 3426 782 interdicebatur,
3463 730 3568 784 per

1911 798 2092 853 divini
2117 803 2346 854 tantum
2379 799 2556 854 officii
2588 806 2874 872 tempora,
2901 818 3020 856 non
3047 810 3268 870 autem,
3293 820 3427 858 cum
3461 821 3564 858 eu-

1913 888 2192 944 charistia
2213 887 2559 958 accipienda
2576 895 2749 954 esset,
2771 890 2914 945 illud
2939 891 3022 945 eis
3046 892 3408 962 prohibitum
3433 892 3564 946 fuit-

1986 978 2276 1032 Instabis:
2311 978 2523 1033 Primis
2573 979 2846 1033 Ecclesia:
2891 982 3124 1035 saeculis
3158 999 3356 1036 vocem
3389 983 3567 1036 altare

1911 1069 2104 1122 rarius
2136 1066 2462 1122 adhibitam
2521 1085 2554 1121 a
2607 1068 2902 1133 Patribus,
2957 1070 3080 1139 qui,
3115 1086 3248 1124 cum
3282 1069 3565 1126 adversus

1914 1155 2181 1212 ethnicos
2212 1154 2602 1227 disputarent,
2627 1156 2750 1212 ulla
2772 1156 3118 1213 Christianis
3151 1158 3358 1214 altaria
3381 1159 3563 1215 fuisse

1915 1249 2263 1301 constanter
2288 1245 2694 1317 pernegabant
2737 1245 2850 1300 Sed
2879 1247 2971 1301 his
3002 1246 3174 1302 facile
3207 1249 3566 1320 respondeas

1912 1339 2104 1410 primo
2143 1355 2338 1393 vocem
2374 1338 2539 1392 illam
2571 1341 2749 1394 altare
2787 1340 2859 1394 ab
2897 1341 3141 1412 lgnatio,
3166 1343 3372 1412 quidni
3408 1350 3463 1397 et
3494 1343 3565 1398 ab

1914 1427 2048 1482 aliis
2078 1427 2370 1491 Patribus,
2403 1444 2656 1498 quorum
2682 1429 2901 1498 scripta
2934 1429 3388 1500 perierunt,non
3411 1448 3562 1498 raro,

1915 1515 2019 1572 sed
2050 1533 2202 1588 smpe
2235 1523 2600 1588 usurpatam.
2635 1518 2925 1588 Secundo,
2973 1520 3020 1573 si
3071 1521 3250 1590 primi
3285 1521 3563 1576 Ecclesiae

1915 1609 2117 1662 Patres
2149 1608 2210 1662 in
2242 1609 2364 1662 suis
2395 1615 2599 1663 contra
2631 1626 2889 1681 paganos
2935 1611 3170 1682 scriptis
3203 1617 3261 1665 et
3299 1612 3568 1683 disputa-

1916 1697 2176 1752 tionibus
2206 1696 2370 1751 nulla
2401 1697 2749 1752 Christianis
2782 1698 2993 1754 altaria
3039 1699 3222 1754 fuisse
3268 1701 3564 1769 dixerunt,

1915 1787 1977 1840 in
2012 1786 2145 1840 aliis
2177 1784 2456 1856 operibus
2504 1791 2606 1840 aut
2655 1787 3029 1842 sermonibus
3078 1788 3152 1842 ad
3201 1790 3566 1844 Christianos

1916 1874 2153 1942 habitis,
2179 1891 2284 1928 sua
2315 1875 2474 1944 ipsos
2497 1874 2707 1929 altaria
2731 1875 3007 1930 habuisse
3031 1883 3322 1932 asserunt.
3353 1879 3570 1951 Quam-

1922 1963 2124 2018 obrem
2158 1980 2292 2018 cum
2324 1963 2724 2034 antiquissimi
2786 1964 2871 2018 illi
2928 1965 3246 2036 scriptores
3278 1966 3389 2020 sibi
3421 1967 3566 2036 ipsis

1919 2051 2200 2106 contrarii
2234 2067 2363 2105 esse
2421 2067 2542 2105 non
2600 2052 2849 2121 possint,
2907 2052 3086 2107 iidem
3127 2053 3331 2123 procul
3363 2053 3563 2119 dubio,

1919 2140 2020 2194 nbi
2055 2139 2202 2194 illud
2233 2139 2594 2204 inﬁcientur,
2629 2139 2709 2193 ibi
2755 2140 2825 2194 de
2858 2141 3143 2195 altaribus
3195 2142 3469 2213 publicis,
3504 2140 3567 2196 in

1920 2228 2136 2300 quibus
2167 2228 2457 2284 sacrificia
2490 2229 2747 2284 maximo
2779 2235 3084 2301 apparatu,
3115 2235 3174 2284 et
3204 2247 3567 2303 paganorum

1919 2333 2084 2373 more
2119 2318 2350 2384 flerent,
2391 2323 2530 2372 sunt
2577 2318 2971 2390 intelligendi.
3005 2321 3075 2372 Et
3101 2325 3259 2374 certe
3291 2337 3424 2374 cum
3457 2318 3568 2390 ipsi

1920 2406 2339 2462 eucharistiam
2371 2423 2573 2460 verum
2605 2407 2866 2477 corporis
2915 2412 2973 2460 et
3021 2407 3327 2478 sanguinis
3356 2407 3571 2462 Christi

1922 2497 2279 2552 sacrificium
2301 2513 2428 2550 esse
2452 2497 2613 2550 omni
2634 2497 3067 2552 asseveratione
3090 2497 3572 2569 afﬁrment,apud

1920 2587 2286 2640 Christianos
2335 2601 2537 2640 verum
2595 2602 2660 2640 ac
2718 2587 3024 2656 proprium
3090 2587 3276 2642 altare
3333 2587 3573 2659 aliquod

1920 2674 2124 2744 fuisse,
2157 2690 2372 2747 negare
2399 2691 2519 2729 non
2551 2679 2889 2744 potuerunt.

1994 2766 2074 2818 De
2106 2763 2479 2819 eucharistia:
2502 2769 2873 2820 sacramento
2898 2763 3198 2819 disserens
3226 2766 3285 2821 D.
3310 2766 3573 2838 Ignatius

1921 2854 2098 2910 simul
2132 2853 2394 2908 declarat
2416 2853 2676 2908 divinum
2706 2853 2862 2908 hunc
2886 2853 3082 2908 cibum
3115 2855 3412 2923 quoddam
3446 2872 3571 2910 esse

1921 2944 2276 3010 remedium,
2305 2942 2462 3013 quod
2483 2942 2756 3014 producit
2779 2943 3288 2998 immortalitatem
3311 2961 3323 2997 :
3349 2943 3574 3016 Φάρμα-

1921 3056 2015 3089 κον
2049 3034 2355 3102 ἀθανασίας,
2389 3057 2402 3085 ‹
2449 3036 2835 3105 pharmacum
2882 3034 3346 3090 immortalitatis
3379 3037 3508 3104 (67).
3541 3057 3569 3086 n

1921 3125 2178 3198 glorioso
2209 3125 2321 3180 hoc
2353 3125 2596 3179 nomine
2635 3124 2793 3179 istud
2840 3123 3103 3178 divinum
3135 3131 3573 3180 sacramentum

1925 3215 2221 3287 appellat:
2256 3213 2574 3283 statimque
2607 3213 2772 3267 addit
2802 3212 2958 3283 quod
2988 3220 3426 3268 sacramentum
3465 3215 3576 3270 hoc

1927 3310 2016 3360 est
2038 3329 2062 3353 ‹‹
2091 3302 2412 3359 antidotum
2425 3320 2519 3371 ,ne
2537 3302 2988 3367 moriamur,sed
3006 3304 3254 3358 vivamus
3270 3319 3497 3374 semper
3514 3303 3574 3358 in

1925 3396 2061 3450 Jesu
2088 3393 2338 3448 Christo.
2375 3416 2402 3442 ››
2421 3393 2741 3465 Magniﬁca)
2774 3392 3084 3464 hujumodi
3115 3394 3361 3464 phrases
3390 3393 3451 3447 in
3473 3410 3576 3448 au-

1927 3490 2087 3538 ctore
2121 3488 2239 3538 tam
2265 3487 2513 3550 vetusto,
2547 3482 2702 3537 sicut
2747 3487 2838 3536 est
2865 3482 2929 3536 D.
2965 3483 3246 3553 Ignatius,
3279 3499 3576 3538 summam

1929 3572 2234 3628 evidenter
2263 3570 2583 3625 ostendunt
2603 3570 3065 3637 venerationem,
3093 3588 3208 3642 qua
3229 3571 3578 3627 colebantur

1930 3660 2130 3716 divina
2158 3660 2283 3715 haec
2315 3659 2599 3730 mysteria
2635 3659 2846 3730 primis
2876 3659 3153 3714 Ecclesia)
3188 3659 3573 3732 temporibus.

2495 3819 2890 3875 ARTlCULUS
2935 3820 3005 3874 II.

2389 3968 2823 4009 OBSERVATIONES
2867 3969 3114 4008 HORALES

2000 4099 2220 4151 Praster
2236 4094 2622 4166 obligationes
2640 4094 3350 4166 episcopos,presbyteros
3369 4112 3434 4150 ac
3456 4095 3576 4152 dia-

1931 4201 2110 4240 conos
2131 4189 2581 4250 concernentes,
2600 4183 3071 4238 Christianorum
3103 4183 3347 4254 insuper
3369 4185 3575 4238 munia

1929 4279 1989 4329 et
2017 4274 2408 4345 obligationes
2438 4274 2497 4327 in
2529 4273 2781 4345 epistola
2801 4273 2872 4327 ad
2898 4273 3288 4344 Polycarpum
3312 4275 3424 4343 (68)
3440 4290 3574 4344 per-

1928 4368 2160 4430 tractat,
2192 4363 2253 4417 in
2285 4379 2400 4432 qua
2429 4363 2658 4434 magnis
2689 4361 2864 4417 etiam
2907 4362 3181 4417 laudibus
3213 4370 3386 4418 ornat
3413 4363 3575 4418 caeli-

1927 4454 2064 4509 bem
2084 4455 2263 4509 vitam
2283 4455 2395 4525 (69)
2419 4459 2658 4525 agentes
2680 4471 2691 4508 :
2727 4471 2826 4509 eos
2850 4460 3048 4509 tamen
3070 4462 3383 4526 propterea
3407 4455 3570 4510 inani

1926 4546 2115 4616 gloria
2144 4545 2340 4599 etl'erri
2391 4561 2511 4598 non
2540 4544 2680 4599 vult.
2714 4543 2798 4598 Illi
2843 4560 2999 4610 vero,
3032 4544 3133 4614 qui
3163 4545 3400 4616 nuptias
3431 4560 3572 4599 con-

165 4639 483 4696 contendit.
517 4636 828 4691 Enimvero
859 4634 1017 4689 idem
1050 4634 1174 4704 ipse
1207 4633 1504 4697 Vedelius,
1537 4649 1672 4687 cum
1705 4633 1812 4687 hos
1843 4635 1890 4698 D
1931 4635 2195 4704 trahunt,
2226 4634 2429 4688 subdit
2459 4633 2583 4704 ipse
2615 4634 2725 4704 (70)
2758 4632 2815 4686 id
2858 4635 3128 4704 episcopo
3161 4641 3460 4689 annuente
3487 4635 3571 4689 fa-

167 4727 298 4781 citat
326 4742 609 4791 canones,
651 4724 750 4794 qui
784 4739 986 4778 vocem
1036 4721 1238 4776 altaris
1285 4738 1427 4776 vero
1459 4737 1528 4776 ac
1557 4722 1814 4793 genuino

167 4833 338 4874 sensu
357 4815 940 4888 usurpant,seipsum
964 4812 1310 4883 imprudens
1328 4811 1813 4883 jugulat.Deinde

165 4905 417 4975 Ignatius
448 4907 522 4961 de
553 4903 913 4960 eucharistia
958 4901 1243 4971 loquitur,
1293 4917 1362 4956 ac
1409 4900 1657 4971 proinde
1692 4917 1811 4956 non

161 5057 334 5127 Ἰησοῦ
375 5060 611 5133 Χριστοῦ
664 5056 804 5111 κατὰ
862 5054 1034 5108 πάντα
1078 5073 1107 5106 τ
1147 5053 1280 5107 ὁπον
1329 5056 1490 5106 πᾶσιν
1544 5049 1804 5125 ἀρέσκειν

164 5129 220 5177 οὐ
245 5131 346 5177 vim
374 5131 683 5177 Rmnua'tmv
714 5127 804 5177 καὶ
847 5130 1028 5177 ποτῶν
1081 5071 1181 5177 ιῖρσι
1216 5122 1482 5177 διάκονοι.
1518 5121 1645 5176 ἀλλ’
1682 5125 1804 5177 Ἐκ-

164 5121 346 5204 oti-{ip
374 5121 683 5204 βρωμάτων
714 5127 804 5181 καὶ
847 5130 1028 5204 vroer
1081 5121 1181 5178 εἶσι
1216 5122 1482 5188 διάκονοι,
1518 5121 1645 5204 agr
1682 5125 1810 5178 Ἐκ-

160 5195 383 5268 uineae
410 5195 545 5258 Θεοῦ
581 5201 688 5276 ῥπή
701 5217 880 5276 per-at:
899 5220 925 5247 «
949 5199 1198 5276 pportet
1218 5203 1416 5251 autem
1445 5201 1503 5276 et
1524 5195 1807 5276 diaconos

163 5267 571 5330 mvsteriornm
592 5267 728 5325 Jesu
746 5269 963 5324 Christi
984 5267 1289 5322 ministros
1307 5268 1468 5321 omni
1487 5267 1662 5320 modo
1685 5283 1808 5320 om-

164 5331 326 5399 nibus
355 5346 607 5399 nlacere.
645 5345 768 5397 Non
799 5341 962 5395 enim
997 5339 1269 5393 ciborum
1321 5345 1380 5392 et
1409 5344 1656 5399 potuum
1695 5337 1806 5390 mi-

164 5355 326 5399 nibus
355 5355 607 5416 placere.
645 5355 768 5397 Non
799 5357 962 5395 enim
997 5355 1269 5393 cinorum
1321 5355 1380 5392 ei;
1409 5355 1656 5407 pomum
1695 5355 1802 5390 mi-

167 5416 325 5469 nistri
358 5424 516 5483 sunt,
541 5415 644 5470 sed
690 5411 964 5468 Ecclesiae
993 5410 1094 5464 Dei
1118 5410 1394 5464 ministri.
1423 5431 1449 5457 »
1484 5407 1568 5461 Ad
1601 5408 1802 5474 Trall.,

172 5502 216 5539 θ’
237 5490 344 5625 (26l)
378 5556 498 5612 Lib.
532 5557 607 5611 De
635 5557 910 5624 virginit.,
942 5570 992 5609 c.
1030 5552 1117 5616 18,
1146 5553 1172 5618 §
1203 5552 1324 5605 us.

238 5630 345 5697 (62)
378 5629 499 5682 Lib.
533 5644 548 5680 1
578 5629 654 5681 De
682 5628 863 5696 Ofﬁc.,
895 5643 946 5681 c.
979 5627 1067 5678 Η.

242 5700 347 5766 (63)
378 5701 611 5755 Canone
641 5700 728 5752 41.

242 5767 348 5842 (64)
375 5771 512 5842 Cap.
543 5771 596 5827 5.

1928 4724 2108 4790 ciant,
2135 4728 2201 4777 ut
2230 4723 2451 4794 nuptiae
2485 4721 2812 4777 secundum
2839 4722 3023 4776 Deum
3047 4722 3186 4789 sint,
3211 4739 3330 4777 non
3360 4739 3569 4778 secun-

1929 4812 2069 4868 dum
2101 4803 2520 4883 cupiditatem.—

1998 4904 2063 4956 In
2097 4901 2349 4972 epistola
2370 4901 2442 4956 ad
2466 4900 2750 4971 Ephesios
2773 4906 3009 4954 sanctus
3028 4905 3253 4970 martyr
3273 4915 3570 4954 commen-

1990 5055 2102 5125 (65)
2131 5056 2270 5126 Cap.
2301 5055 2356 5108 4.

1990 5145 2100 5213 (66)
2131 5142 2355 5199 Concil.
2388 5141 2818 5212 Laodicaenum,
2851 5157 3078 5197 canone
3108 5144 3198 5198 44.

1989 5233 2102 5301 (67)
2129 5231 2308 5302 Epist.
2344 5229 2418 5285 ad
2449 5231 2687 5301 Ephes.,
2719 5248 2848 5301 cap.
2873 5235 2962 5288 20.

1989 5322 2100 5388 (68)
2133 5321 2270 5389 Cap.
2305 5322 2357 5374 6.

1986 5395 2092 5459 (69)
2129 5415 2154 5440 «
2191 5392 2244 5446 Si
2281 5391 2411 5462 quis
2443 5395 2632 5460 potest
2662 5391 2721 5444 in
2756 5392 3024 5445 castitate
3057 5408 3296 5446 manere
3334 5392 3405 5446 ad
3460 5395 3566 5447 ho—

1917 5480 2125 5517 norem
2158 5463 2353 5517 carnis
2379 5463 2721 5524 Dominicze,
2753 5462 2812 5515 in
2846 5462 3180 5517 humilitate
3213 5471 3467 5518 maneat.
3503 5464 3563 5518 Si

1916 5534 2221 5605 glorietur,
2251 5535 2448 5604 periit.
2477 5533 2616 5605 Etsi
2648 5549 2708 5605 se
2731 5533 3019 5602 majorem
3043 5535 3315 5604 episcopo
3339 5543 3560 5598 censet,

1915 5603 2162 5661 interiit.
2198 5625 2222 5656 ι
2256 5603 2438 5676 Epist.
2471 5603 2545 5658 ad
2575 5604 2904 5676 Polycarp.,
2938 5620 2988 5660 c.
3021 5607 3072 5656 5.

1985 5677 2093 5744 (70)
2125 5700 2152 5727 ‹‹
2188 5673 2366 5731 Decet
2393 5681 2459 5731 ut
2487 5673 2695 5747 sponsi
2745 5682 2802 5730 et
2824 5673 2837 5675 ⁷
2860 5691 3089 5745 sponsa;
3121 5673 3212 5747 _de
3252 5677 3562 5747 sententia

1913 5749 2172 5819 episcopi
2196 5744 2536 5818 conjugiuni
2559 5747 2798 5815 faciant,
2822 5744 2937 5817 quo
2965 5745 3185 5816 nuptiae
3217 5744 3336 5801 sint
3356 5762 3563 5800 secun-
