3932 6304
344 389 460 454 899

1425 387 1488 450 S.
1534 381 1925 449 IGNATIUS.
1973 417 2046 429 —
2091 371 2714 445 PROLEGOMENA.

3644 373 3774 438 600

348 526 468 590 dat,
501 525 682 579 ﬁdem
721 540 790 579 ac
820 524 1170 579 charitatem
1228 523 1369 594 (71);
1429 522 1714 578 orationis
1746 519 1998 592 publicae
2027 525 2078 589 Α
2110 515 2315 570 Nullus
2346 514 2524 569 ﬁdem
2554 512 2979 584 repromittens
3009 516 3233 582 peccat,
3272 528 3466 582 neque
3497 513 3774 570 charita-

351 619 662 669 enumerat
689 613 977 668 utilitates
1009 615 1144 682 (72).
1182 635 1202 660 ι
1241 614 1422 667 Nemo
1453 618 1631 681 erret,
1656 611 1740 666 ait
1760 611 1815 664 S.
1835 611 2000 682 Igna-

350 703 491 771 tius,
528 702 644 756 nisi
667 702 800 772 quis
832 702 987 756 intra
1015 701 1201 756 altare
1242 703 1338 771 sit,
1371 701 1634 772 privatur
1670 716 1822 771 pane
1855 698 1955 753 Dei
1984 714 1997 751 :

355 793 403 846 si
435 793 594 847 enim
626 791 802 846 unius
835 796 1009 862 atque
1041 792 1283 846 alterius
1331 791 1592 863 precatio
1622 795 1817 844 tantas
1848 789 2000 843 vires

352 881 552 948 habet,
587 887 807 950 quanto
841 881 1026 951 magis
1049 880 1172 948 illa,
1197 897 1328 950 qua;
1360 880 1622 951 episcopi
1654 883 1764 943 est,
1797 878 1886 932 vel
1919 882 2001 931 to-

353 972 470 1026 tius
502 971 798 1025 Ecclesiaa.
832 971 939 1034 Qui
972 971 1149 1041 igitur
1178 972 1239 1024 in
1283 975 1636 1025 conventum
1667 985 1788 1023 non
1818 968 2000 1036 venit,

353 1060 448 1114 hic
476 1059 604 1129 jam
637 1059 915 1130 superbia
947 1060 1136 1114 elatus
1167 1065 1276 1126 est,
1310 1065 1368 1112 et
1397 1059 1659 1130 seipsum
1687 1058 2000 1129 separavit.

354 1149 494 1202 Date
525 1149 724 1218 itaque
748 1164 1012 1219 operam,
1044 1172 1062 1195 ι
1091 1147 1175 1202 ait
1197 1148 1442 1218 insuper
1462 1146 1535 1201 ad
1558 1145 1798 1201 eosdem
1821 1145 2006 1216 Ephe-

353 1237 493 1302 sios,
550 1260 568 1285 ι
605 1243 665 1290 ut
713 1238 953 1292 crebrius
997 1237 1454 1308 congregemini,
1504 1235 1578 1290 ad
1623 1235 1842 1308 gratias
1884 1235 2002 1288 Deo

351 1325 627 1397 agendas,
664 1326 946 1396 illiusque
993 1325 1240 1396 gloriam
1268 1342 1281 1379 :
1328 1324 1564 1395 quando
1597 1325 1754 1379 enim
1787 1324 2004 1395 saepius

353 1414 414 1468 in
440 1413 598 1467 idem
621 1414 736 1468 loci
760 1414 1106 1480 convenitis,
1129 1413 1560 1468 labefactantur
1579 1413 1732 1468 vires
1753 1413 2002 1480 Satanae,

355 1507 414 1556 et
435 1501 755 1556 concordia
776 1508 981 1556 vestraa
1008 1502 1141 1558 ﬁdei
1167 1503 1416 1557 solvitur
1435 1503 1702 1570 exitium,
1723 1501 1882 1572 quod
1903 1501 2003 1554 ille

354 1591 554 1646 infert.
592 1614 620 1642 ››
656 1593 712 1646 Si
761 1592 1118 1664 gravissima)
1172 1593 1513 1665 hujusmodi
1563 1594 1839 1648 veritates
1870 1609 2006 1664 pro-

355 1680 538 1735 funde
566 1682 628 1735 in
661 1680 961 1736 mentibus
995 1682 1261 1737 ﬁdelium
1299 1688 1515 1738 nostra;
1561 1683 1752 1737 aatatis
1782 1680 2008 1736 inscul-

356 1774 430 1823 ιω
462 1775 682 1835 essent,
714 1771 1062 1840 neutiquam
1113 1771 1461 1826 innumeros
1503 1771 2003 1842 conspiceremus,

354 1857 456 1927 qui
481 1857 704 1927 absque
722 1857 988 1930 legitima
1007 1875 1185 1914 causa
1206 1865 1264 1914 et
1279 1865 1484 1914 contra
1506 1876 1708 1914 verum
1734 1858 2007 1914 Ecclesiae
2037 1887 2085 1952 Β

353 1947 652 2017 spiritum,
685 1955 1059 2004 sacrosancto
1112 1951 1309 2004 missa:
1359 1950 1674 2018 sacriﬁcio,
1703 1955 1763 2004 et
1791 1948 2005 2003 divinis

350 2038 604 2108 propria:
637 2040 905 2108 parmciaa
940 2039 1174 2106 ofﬁciis,
1200 2057 1266 2094 ac
1289 2040 1336 2094 si
1359 2057 1563 2096 revera
1593 2041 1892 2094 immunes
1923 2054 2007 2092 es-

351 2131 503 2192 sent,
523 2143 655 2180 raro
680 2132 782 2180 aut
802 2144 1108 2198 nunquam
1131 2129 1375 2182 omnino
1400 2128 1782 2183 intersunt.Si
1805 2133 2004 2182 autem

352 2213 627 2267 maximae
657 2213 964 2276 utilitates,
1002 2231 1132 2283 quae
1181 2215 1458 2269 ﬁdelibus
1489 2215 1812 2269 obveniunt
1839 2213 2008 2270 Chri-

351 2300 559 2354 stianis
587 2300 749 2354 hisce
781 2317 816 2356 a
847 2303 1258 2369 conventibus,
1289 2321 1389 2358 eos
1430 2320 1549 2358 non
1576 2309 1847 2375 tangunt,
1880 2320 2004 2358 mo-

351 2405 484 2442 vere
509 2389 721 2443 saltem
748 2390 1036 2445 deberent
1055 2392 1338 2462 pericula,
1367 2392 1582 2462 quibus
1605 2399 2005 2464 exponuntur,

354 2477 498 2532 dum
532 2478 758 2549 seipsos
790 2479 862 2532 ab
896 2478 1010 2533 illis
1042 2487 1369 2552 segregant.

426 2566 743 2637 Complura
767 2567 1021 2639 denique
1046 2577 1377 2626 memoratu
1398 2571 1748 2643 dignissima
1768 2571 1840 2626 de
1866 2571 2001 2642 ﬁde,

355 2655 662 2722 charitate,
697 2672 764 2710 ac
801 2657 1010 2712 timore
1043 2659 1223 2714 tradit
1255 2660 1308 2717 S.
1343 2665 1599 2732 martyr:
1631 2661 1704 2716 de
1737 2661 1851 2716 ﬁde
1882 2661 2007 2732 qui-

353 2744 511 2808 dem,
544 2750 724 2816 atque
755 2746 1043 2802 charitate
1103 2748 1182 2803 ita
1242 2749 1540 2819 loquitur:
1575 2773 1602 2800 «
1638 2750 2006 2821 Principium

357 2833 598 2904 quidem
633 2834 809 2906 (vitas)
844 2835 1010 2896 ﬁdes.
1048 2837 1186 2892 ﬁnis
1226 2854 1359 2892 vero
1409 2839 1668 2894 charitas
1710 2840 1758 2908 (1
1793 2841 1932 2894 Tim.
1965 2855 2006 2904 ι,

352 2923 426 2992 5).
461 2944 481 2970 ι
517 2943 548 2975 ‹‹
578 2925 711 2978 Haec
737 2930 936 2978 autem
961 2924 1075 2980 duo
1099 2925 1159 2979 in
1191 2943 1378 2981 unum
1410 2928 1685 2982 coeuntia
1707 2927 1806 2981 Dei
1831 2931 1970 2982 sunt
1995 2944 2011 2983 :

350 3012 553 3067 omnia
580 3029 716 3067 vero
754 3013 870 3068 alia
902 3013 974 3069 ad
1023 3015 1379 3086 probitatem
1423 3021 1817 3072 consectanea
1846 3022 2006 3072 sunt.

350 3135 487 3213 _d_u_r_n
523 3138 862 3213 Dominum,
897 3143 965 3213 et
1002 3156 1147 3213 non
1172 3140 1497 3195 secundum
1531 3141 1937 3213 cupiditatem.
1975 3165 1998 3194 ι

349 3208 594 3280 Ibidem.
629 3211 713 3263 En
749 3210 998 3280 requirit
1028 3211 1080 3265 S.
1117 3210 1323 3266 doctor
1353 3208 1732 3276 sententiam,
1767 3229 1872 3267 seu
1902 3213 2001 3267 be-

352 3279 756 3354 nedictionem
776 3279 1057 3354 episcapi,
1073 3288 1137 3336 ut
1157 3283 1377 3354 nuptias
1401 3285 1714 3339 conferant
1732 3285 2002 3354 gratiam.

421 3353 536 3421 (71)
570 3353 830 3424 Epistola
859 3353 932 3406 ad
963 3355 1199 3424 Ephes.,
1231 3353 1361 3424 cap.
1419 3356 1449 3407 8
1492 3361 1548 3409 et
1592 3357 1674 3410 14.
1706 3353 1855 3410 Vide
1886 3372 2002 3410 no-

359 3425 541 3496 stram
571 3423 858 3496 analysin
889 3423 1143 3496 laudatae
1177 3423 1459 3496 epistola).

429 3495 541 3633 (72)
570 3494 752 3564 Epist.
789 3494 863 3548 ad
895 3495 1132 3564 Ephes.,
1162 3494 1289 3566 cap.
1314 3497 1350 3550 6
1372 3502 1426 3550 et
1454 3499 1537 3550 l3.

431 3565 518 3630 (73
576 3564 661 3617 Ad
685 3566 896 3633 Ephes.
922 3567 1052 3633 Ep.,
1075 3583 1202 3633 cap.
1227 3570 1292 3621 14
1315 3573 1372 3621 et
1392 3570 1444 3633 8,
1465 3568 1537 3622 diu

431 3564 541 3637 (73)
576 3564 661 3637 Ad
685 3566 896 3636 Ephes.
922 3567 1052 3636 Ep.,
1075 3583 1202 3637 cap.
1227 3564 1292 3621 Μ
1315 3573 1372 3621 et
1392 3570 1444 3636 8,
1465 3568 1638 3623 dicit:
1664 3591 1690 3618 «
1725 3569 2006 3625 Carnales

360 3634 720 3712 spiritu_alia_
739 3634 1028 3712 exercere
1061 3634 1407 3712 nequeunt,
1432 3634 1635 3710 neque
1667 3642 2006 3712 spirituales

361 3705 641 3781 carnalia,
675 3706 827 3781 sicut
858 3724 968 3762 nec
1000 3705 1332 3781 ﬁdesfqua)
1379 3705 1814 3768 incredulitatis
1845 3718 2004 3781 sunt,

359 3791 468 3831 nec
500 3775 901 3852 incredulitas,
927 3796 1057 3850 quae
1083 3775 1252 3852 ﬁdei';
1287 3799 1417 3852 quae
1440 3800 1575 3838 vero
1600 3789 1658 3838 et
1679 3775 2006 3839 secundum

359 3863 599 3924 carnem
657 3850 848 3924 agitis,
900 3867 985 3924 ea
1017 3850 1348 3924 spiritualia
1379 3859 1536 3923 sunt,
1570 3855 1630 3910 in
1677 3856 1814 3911 Jesu
1849 3857 2008 3911 enim

359 3918 588 3974 Christo
621 3918 1104 3978 omnia'aaitisf»

430 3992 544 4064 (74)
573 3993 757 4064 Epist.
790 3993 865 4050 ad
895 3992 1133 4067 Ephes.,
1167 4011 1294 4068 cap.
1329 3998 1381 4052 9.

2108 609 2228 658 tem
2261 603 2570 675 possidens
2603 602 2748 656 odit.
2783 600 3096 656 Manifesta
3145 606 3232 656 est
3262 601 3438 656 arbor
3469 618 3540 656 ex
3571 603 3774 658 fructu

2109 693 2333 764 ipsius:
2389 692 2662 747 similiter
2718 690 2819 761 qui
2871 692 3226 761 proﬁtentur
3283 708 3344 745 se
3402 692 3773 747 Christianos

2110 799 2260 849 esse,
2281 799 2351 836 ex
2375 782 2469 846 iis,
2492 798 2622 852 quae
2646 781 2883 847 facxent,
2906 786 3249 834 cernentur.
3272 781 3397 834 Non
3421 781 3581 834 enim
3607 797 3776 836 nunc

2109 870 2590 942 repromissionis
2621 886 2790 941 opus,
2809 869 2913 924 sed
2936 886 3044 940 per
3071 869 3346 923 virtutem
3382 868 3544 937 ﬁdei,
3569 871 3616 924 si
3638 871 3780 940 quis

2110 961 2444 1016 inveniatur
2491 977 2679 1030 usque
2729 959 2802 1013 ad
2853 948 3030 1013 ﬁnem
3063 960 3191 1028 (73).
3227 980 3254 1008 »
3307 959 3386 1014 De
3437 959 3652 1014 timore
3689 976 3784 1014 se-

2111 1050 2354 1120 quentia
2385 1049 2563 1104 habet
2586 1065 2598 1102 :
2629 1071 2656 1097 ‹‹
2681 1050 3159 1114 Revereamur,et
3181 1047 3497 1102 timeamus
3521 1049 3622 1104 Dei
3649 1049 3778 1104 lon-

2112 1142 2540 1214 ganimitatem,
2560 1158 2633 1196 ne
2658 1143 2719 1196 in
2732 1141 3029 1212 judicium
3061 1141 3232 1196 nobis
3262 1140 3576 1196 cedat.Aut
3606 1142 3776 1196 enim

2112 1231 2373 1285 futuram
2406 1231 2720 1284 timeamus
2764 1229 2936 1297 iram,
2979 1234 3080 1284 aut
3127 1235 3483 1301 praesentem
3515 1230 3778 1302 gratiam

2115 1318 2451 1392 diligamus,
2475 1335 2660 1374 unum
2694 1334 2760 1372 ex
2793 1318 3046 1387 duobus,
3077 1319 3253 1374 modo
3280 1320 3341 1374 in
3371 1319 3602 1374 Christo
3634 1321 3785 1375 .lesu

2113 1408 2488 1463 inveniamur
2517 1409 2591 1462 ad
2618 1425 2820 1463 veram
2851 1410 3027 1463 vitam
3061 1409 3367 1464 vivendum
3397 1410 3532 1483 (74).
3565 1430 3594 1458 ››

2671 1542 3066 1598 ARTICULUS
3105 1542 3200 1596 III.

2485 1669 2918 1708 OBSERVATIONES
2964 1669 3391 1709 DISCIPLINARES.

2189 1764 2412 1818 Praeter
2432 1761 2560 1834 jam
2611 1761 2729 1817 alia
2783 1763 2942 1817 inter
2997 1761 3360 1833 dogmaticas
3391 1762 3782 1818 animadver-

2121 1852 2318 1907 siones
2341 1851 2713 1906 occurrentia
2735 1850 3066 1922 disciplinaa
3088 1851 3485 1923 puncta,illud
3507 1853 3693 1907 etiam
3715 1855 3784 1909 in

2117 1942 2173 1996 S.
2195 1940 2406 2014 Ignatii
2431 1940 2700 2012 epistolis
2725 1940 3131 1996 adnotandum
3151 1945 3403 2009 est,cum
3429 1941 3789 2012 episcopum

2119 2029 2437 2100 quemdam
2495 2028 2567 2084 ab
2627 2028 2877 2084 ecclesia
2933 2046 3040 2084 sua
3089 2029 3217 2084 sine
3261 2030 3385 2084 ulla
3415 2031 3648 2086 reditus
3680 2047 3794 2102 spe

2116 2120 2322 2174 abesse
2355 2118 2744 2190 contingeret,
2777 2119 2905 2189 ejus
2937 2124 3137 2173 tamen
3166 2119 3572 2174 ministerium
3606 2136 3678 2174 ea
3708 2121 3790 2174 de

2116 2224 2296 2263 causa
2327 2206 2401 2262 ad
2433 2209 2730 2263 seniorem
2758 2207 2870 2280 (75)
2904 2225 2934 2262 e
2966 2208 3329 2278 presbyteris
3361 2208 3624 2263 delatum
3657 2226 3790 2264 non

2115 2297 2320 2364 fuisse,
2337 2301 2513 2367 atque
2535 2313 2688 2367 saepe
2705 2296 3007 2366 juniorem
3026 2295 3437 2367 presbyterum
3457 2299 3567 2367 (76)
3586 2299 3794 2354 senio-

2118 2386 2280 2441 ribus
2303 2385 2654 2457 posthabitis
2686 2385 2760 2440 ad
2802 2385 3207 2457 episcopatum
3256 2392 3523 2441 evectum
3567 2386 3787 2443 fuisse.

2191 2475 2582 2531 Observamus
2620 2480 2918 2545 postremo
2963 2475 3330 2530 Dominicam
3363 2482 3504 2531 tunc
3536 2476 3791 2532 Sabbati

2119 2566 2249 2620 loco
2284 2565 2346 2620 in
2374 2566 2513 2620 Jesu
2543 2564 2759 2619 Christi
2791 2565 3250 2620 resurrectionis
3272 2565 3630 2621 memoriam
3665 2567 3795 2622 coli

2121 2653 2354 2708 solitam
2389 2669 2537 2706 esse.
2572 2651 2772 2722 Inquit
2799 2652 2956 2706 enim
2982 2653 3036 2706 S.
3063 2652 3319 2724 lgnatius
3343 2652 3404 2707 in
3428 2653 3690 2724 epistola
3712 2653 3795 2709 ad

2119 2745 2527 2817 Magnesianos
2561 2747 2664 2807 (77)
2703 2761 2715 2798 :
2777 2768 2802 2794 ‹‹
2836 2744 2925 2799 Ad
2955 2745 3278 2800 novitatem
3327 2745 3456 2799 vitae
3489 2753 3798 2801 venerunt

2117 2836 2464 2908 (prophetas)
2497 2853 2616 2890 non
2667 2835 2925 2906 amplius
2975 2836 3294 2890 Sabbatum
3348 2835 3640 2903 colentes,
3678 2837 3795 2892 sed

2113 2925 2282 2996 juxta
2319 2925 2685 2979 Dominicam
2721 2924 3000 2992 viventes,
3035 2925 3097 2978 in
3149 2941 3266 2995 qua
3314 2931 3374 2979 et
3419 2926 3540 2979 vita
3571 2933 3795 2981 nostra

2122 3019 2328 3070 exorta
2358 3019 2446 3069 est
2476 3031 2582 3085 per
2601 3014 2801 3068 Jesum
2822 3013 3122 3069 Christum
3153 3020 3210 3068 et
3230 3021 3479 3068 mortem
3506 3015 3724 3085 ipsius.
3758 3039 3790 3066 ››

2188 3140 2298 3210 (75)
2327 3161 2348 3189 ι
2371 3140 2659 3194 Memores
2682 3143 2870 3193 estote
2921 3138 2980 3192 in
3026 3138 3301 3210 precibus
3330 3140 3542 3194 vestris
3572 3141 3790 3195 Eccle-

2116 3212 2378 3281 siae,quaa
2409 3217 2500 3282 est
2532 3211 2614 3282 in
2643 3210 2810 3280 Syria
2839 3227 2972 3280 quae
3003 3227 3109 3281 pro
3139 3227 3229 3264 me
3279 3232 3306 3260 «
3331 3212 3448 3266 Deo
3481 3218 3733 3282 pastore
3765 3236 3789 3263 ι

2115 3281 2500 3339 utitur.Solus
2525 3281 2905 3354 ipsamVJesus
2929 3282 3196 3354 Christus
3225 3282 3347 3337 vice
3381 3283 3654 3354 epiSCOpi
3688 3301 3793 3340 re-

2117 3361 2233 3426 get,
2267 3361 2327 3426 et
2357 3353 2856 3426 vestracharitas.
2891 3353 3250 3426 »_Ad,,Bom.,
3281 3370 3408 3425 cap.
3441 3370 3514 3408 Ix.

2182 3425 2298 3497 {76)
2333 3446 2360 3475 ς(
2392 3426 2502 3497 Vos
2533 3423 2722 3497 decet,
2752 3440 2870 3478 non
2911 3423 3264 3497 familiarius
3304 3423 3372 3479 ac
3402 3425 3660 3496 superbe
3695 3427 3790 3482 uti

2117 3495 2288 3552 aetate
2320 3495 2613 3567 episcopi,
2628 3496 2731 3549 sed
2783 3496 3110 3551 secundum
3137 3496 3412 3551 virtutem
3445 3495 3548 3551 Dei
3581 3499 3789 3554 Patris

2115 3566 2364 3622 omnem
2381 3566 2674 3637 impertiri
2699 3567 2782 3620 illi
2809 3569 3199 3622 reverentiam
3223 3585 3237 3634 ;
3265 3569 3790 3637 quemadmodum

2115 3640 2245 3693 novi
2281 3645 2515 3694 sanctos
2562 3637 2755 3711 facere
2803 3639 3214 3711 presbyteros;
3247 3655 3367 3693 non
3407 3641 3784 3711 repicientes

2117 3711 2190 3765 ad
2235 3715 2619 3782 apparentem
2671 3710 3000 3781 juvenilem
3060 3710 3523 3775 ordinationem,
3573 3713 3682 3767 sed
3715 3720 3793 3768 ut

2115 3783 2436 3854 prudentes
2484 3781 2546 3854 in
2607 3781 2727 3854 Deo
2764 3782 3043 3854 cedentes
3075 3782 3211 3852 ipsi,
3248 3799 3367 3836 non
3400 3783 3512 3854 ipsi
3547 3790 3786 3849 autem,

2117 3852 2219 3908 sed
2275 3852 2433 3908 Patri
2481 3853 2616 3926 Jesu
2672 3853 2886 3907 Christi
2944 3853 3213 3909 omnium
3269 3852 3569 3926 episcopo.
3609 3879 3638 3906 υ
3693 3857 3789 3910 Ad

2119 3927 2412 3996 Magnes,
2426 3939 2556 3994 cap.
2589 3925 2644 3978 3.

2211 3995 2300 4057 77)
2331 3995 2420 4052 Ad
2447 3997 2728 4067 Magnes,
2761 4011 2891 4068 cap.
2924 3998 2977 4052 9.
