  <div class='ocr_page' id='page_1' title='image "/cluster/home/n/w/nwhite01/storage/ocr_20150623/5/pst.000005711819/312.png"; bbox 0 0 3932 6304; ppageno 0'>
   <div class='ocr_carea' id='block_1_1' title="bbox 178 373 3577 444">
    <p class='ocr_par' dir='ltr' id='par_1_1' title="bbox 178 373 3577 444">
     <span class='ocr_line' id='line_1_1' title="bbox 178 373 3577 444; baseline -0.001 -3"><span class='ocrx_word' id='word_1_1' title='bbox 178 381 287 441; x_wconf 82' lang='lat'><strong>609</strong></span> <span class='ocrx_word' id='word_1_2' title='bbox 807 377 912 441; x_wconf 89' lang='lat' dir='ltr'><strong>DE</strong></span> <span class='ocrx_word' id='word_1_3' title='bbox 955 373 1484 440; x_wconf 73' lang='lat' dir='ltr'>INTEGRITATE</span> <span class='ocrx_word' id='word_1_4' title='bbox 1527 375 1842 438; x_wconf 83' lang='lat' dir='ltr'>TEXTUS</span> <span class='ocrx_word' id='word_1_5' title='bbox 1886 374 2220 439; x_wconf 79' lang='lat' dir='ltr'>RECEPTI</span> <span class='ocrx_word' id='word_1_6' title='bbox 2263 374 2438 437; x_wconf 86' lang='lat' dir='ltr'>EPP.</span> <span class='ocrx_word' id='word_1_7' title='bbox 2483 379 2549 438; x_wconf 86' lang='lat' dir='ltr'>S.</span> <span class='ocrx_word' id='word_1_8' title='bbox 2597 378 2930 440; x_wconf 88' lang='lat' dir='ltr'>IGNATII.</span> <span class='ocrx_word' id='word_1_9' title='bbox 3457 382 3577 444; x_wconf 84' lang='grc'>610</span> 
     </span>
    </p>
   </div>
   <div class='ocr_carea' id='block_1_2' title="bbox 184 510 3576 606">
    <p class='ocr_par' dir='ltr' id='par_1_2' title="bbox 184 510 3576 606">
     <span class='ocr_line' id='line_1_2' title="bbox 184 510 3576 606; baseline 0.001 -26"><span class='ocrx_word' id='word_1_10' title='bbox 184 511 568 606; x_wconf 75' lang='lat' dir='ltr'>particulas</span> <span class='ocrx_word' id='word_1_11' title='bbox 599 511 1081 606; x_wconf 79' lang='lat' dir='ltr'>immoderate</span> <span class='ocrx_word' id='word_1_12' title='bbox 1112 513 1456 606; x_wconf 79' lang='lat' dir='ltr'>repetitas</span> <span class='ocrx_word' id='word_1_13' title='bbox 1479 511 1640 606; x_wconf 68' lang='lat'>(22),</span> <span class='ocrx_word' id='word_1_14' title='bbox 1675 511 2034 606; x_wconf 67' lang='lat' dir='ltr'>vocabula</span> <span class='ocrx_word' id='word_1_15' title='bbox 2056 510 2328 600; x_wconf 80' lang='lat' dir='ltr'>prolixe</span> <span class='ocrx_word' id='word_1_16' title='bbox 2368 512 2812 604; x_wconf 87' lang='lat' dir='ltr'>compositas</span> <span class='ocrx_word' id='word_1_17' title='bbox 2845 513 3004 602; x_wconf 83' lang='lat'>(23),</span> <span class='ocrx_word' id='word_1_18' title='bbox 3017 513 3346 604; x_wconf 90' lang='lat' dir='ltr'>periodes</span> <span class='ocrx_word' id='word_1_19' title='bbox 3378 537 3576 585; x_wconf 90' lang='lat' dir='ltr'>com-</span> 
     </span>
    </p>
   </div>
   <div class='ocr_carea' id='block_1_3' title="bbox 190 599 2010 694">
    <p class='ocr_par' dir='ltr' id='par_1_3' title="bbox 190 599 2010 694">
     <span class='ocr_line' id='line_1_3' title="bbox 190 599 2010 694; baseline -0.003 -23"><span class='ocrx_word' id='word_1_20' title='bbox 190 599 428 694; x_wconf 83' lang='lat' dir='ltr'>plexas</span> <span class='ocrx_word' id='word_1_21' title='bbox 469 607 539 670; x_wconf 90' lang='lat' dir='ltr'>et</span> <span class='ocrx_word' id='word_1_22' title='bbox 578 599 1495 694; x_wconf 79' lang='lat' dir='ltr'>anacoluthicasPaulinis</span> <span class='ocrx_word' id='word_1_23' title='bbox 1527 599 1814 694; x_wconf 87' lang='lat' dir='ltr'>similis.</span> <span class='ocrx_word' id='word_1_24' title='bbox 1850 602 2010 688; x_wconf 79' lang='grc'>(24).</span> 
     </span>
    </p>
   </div>
   <div class='ocr_carea' id='block_1_4' title="bbox 271 690 3582 785">
    <p class='ocr_par' dir='ltr' id='par_1_4' title="bbox 271 690 3582 785">
     <span class='ocr_line' id='line_1_4' title="bbox 271 690 3582 785; baseline 0 -25"><span class='ocrx_word' id='word_1_25' title='bbox 271 696 471 760; x_wconf 82' lang='lat' dir='ltr'>Hanc</span> <span class='ocrx_word' id='word_1_26' title='bbox 515 692 682 785; x_wconf 75' lang='lat' dir='ltr'>styli</span> <span class='ocrx_word' id='word_1_27' title='bbox 715 693 1297 785; x_wconf 7' lang='lat' dir='ltr'>discrepantiam,</span> <span class='ocrx_word' id='word_1_28' title='bbox 1324 691 1776 785; x_wconf 80' lang='lat' dir='ltr'>Curetonius,</span> <span class='ocrx_word' id='word_1_29' title='bbox 1827 690 2227 785; x_wconf 70' lang='lat' dir='ltr'>praesertim</span> <span class='ocrx_word' id='word_1_30' title='bbox 2264 690 2456 785; x_wconf 87' lang='lat' dir='ltr'>inter</span> <span class='ocrx_word' id='word_1_31' title='bbox 2495 690 2719 785; x_wconf 77' lang='lat' dir='ltr'>finem</span> <span class='ocrx_word' id='word_1_32' title='bbox 2762 692 3086 780; x_wconf 73' lang='lat' dir='ltr'>epistolae</span> <span class='ocrx_word' id='word_1_33' title='bbox 3119 694 3205 760; x_wconf 86' lang='lat' dir='ltr'>ad</span> <span class='ocrx_word' id='word_1_34' title='bbox 3243 694 3582 785; x_wconf 82' lang='lat' dir='ltr'>Polycar-</span> 
     </span>
    </p>
   </div>
   <div class='ocr_carea' id='block_1_5' title="bbox 189 779 3577 873">
    <p class='ocr_par' dir='ltr' id='par_1_5' title="bbox 189 779 3577 873">
     <span class='ocr_line' id='line_1_5' title="bbox 189 779 3577 873; baseline 0 -24"><span class='ocrx_word' id='word_1_35' title='bbox 189 803 383 872; x_wconf 91' lang='lat' dir='ltr'>pum,</span> <span class='ocrx_word' id='word_1_36' title='bbox 420 779 658 873; x_wconf 80' lang='lat' dir='ltr'>qualis</span> <span class='ocrx_word' id='word_1_37' title='bbox 691 781 880 873; x_wconf 82' lang='lat' dir='ltr'>apud</span> <span class='ocrx_word' id='word_1_38' title='bbox 917 802 1050 848; x_wconf 91' lang='lat' dir='ltr'>nos</span> <span class='ocrx_word' id='word_1_39' title='bbox 1081 779 1424 873; x_wconf 75' lang='lat' dir='ltr'>habetur,</span> <span class='ocrx_word' id='word_1_40' title='bbox 1469 781 1537 846; x_wconf 90' lang='lat' dir='ltr'>et</span> <span class='ocrx_word' id='word_1_41' title='bbox 1576 779 1891 867; x_wconf 80' lang='lat' dir='ltr'>priorem</span> <span class='ocrx_word' id='word_1_42' title='bbox 1926 780 2248 873; x_wconf 80' lang='lat' dir='ltr'>ejusdem</span> <span class='ocrx_word' id='word_1_43' title='bbox 2283 780 2945 873; x_wconf 12' lang='lat' dir='ltr'>epistolaelpartem,</span> <span class='ocrx_word' id='word_1_44' title='bbox 2989 802 3212 870; x_wconf 87' lang='lat' dir='ltr'>quam</span> <span class='ocrx_word' id='word_1_45' title='bbox 3255 788 3324 851; x_wconf 91' lang='lat' dir='ltr'>et</span> <span class='ocrx_word' id='word_1_46' title='bbox 3354 779 3577 873; x_wconf 82' lang='lat' dir='ltr'>Syrus</span> 
     </span>
    </p>
   </div>
   <div class='ocr_carea' id='block_1_6' title="bbox 191 868 3578 957">
    <p class='ocr_par' dir='ltr' id='par_1_6' title="bbox 191 868 3578 957">
     <span class='ocr_line' id='line_1_6' title="bbox 191 868 3578 957; baseline 0 -17"><span class='ocrx_word' id='word_1_47' title='bbox 191 868 506 943; x_wconf 77' lang='lat' dir='ltr'>retinuit.</span> <span class='ocrx_word' id='word_1_48' title='bbox 544 868 995 938; x_wconf 87' lang='lat' dir='ltr'>intercedere</span> <span class='ocrx_word' id='word_1_49' title='bbox 1035 869 1307 957; x_wconf 76' lang='lat' dir='ltr'>objicit.</span> <span class='ocrx_word' id='word_1_50' title='bbox 1341 871 1615 936; x_wconf 90' lang='lat' dir='ltr'>Verum</span> <span class='ocrx_word' id='word_1_51' title='bbox 1651 868 2236 955; x_wconf 90' lang='lat' dir='ltr'>respondendum</span> <span class='ocrx_word' id='word_1_52' title='bbox 2279 873 2387 936; x_wconf 91' lang='lat' dir='ltr'>est</span> <span class='ocrx_word' id='word_1_53' title='bbox 2429 868 2763 937; x_wconf 78' lang='lat' dir='ltr'>eamdem</span> <span class='ocrx_word' id='word_1_54' title='bbox 2804 868 3333 939; x_wconf 86' lang='lat' dir='ltr'>dissonantiam</span> <span class='ocrx_word' id='word_1_55' title='bbox 3389 868 3578 941; x_wconf 74' lang='lat' dir='ltr'>inter</span> 
     </span>
    </p>
   </div>
   <div class='ocr_carea' id='block_1_7' title="bbox 194 957 3578 1050">
    <p class='ocr_par' dir='ltr' id='par_1_7' title="bbox 194 957 3578 1050">
     <span class='ocr_line' id='line_1_7' title="bbox 194 957 3578 1050; baseline 0.001 -22"><span class='ocrx_word' id='word_1_56' title='bbox 194 961 563 1049; x_wconf 80' lang='lat' dir='ltr'>epistolam</span> <span class='ocrx_word' id='word_1_57' title='bbox 601 960 686 1026; x_wconf 89' lang='lat' dir='ltr'>ad</span> <span class='ocrx_word' id='word_1_58' title='bbox 734 959 1219 1050; x_wconf 85' lang='lat' dir='ltr'>Polycarpum</span> <span class='ocrx_word' id='word_1_59' title='bbox 1277 959 1651 1050; x_wconf 79' lang='lat' dir='ltr'>Syriacam</span> <span class='ocrx_word' id='word_1_60' title='bbox 1701 958 2026 1050; x_wconf 87' lang='lat' dir='ltr'>aliasque</span> <span class='ocrx_word' id='word_1_61' title='bbox 2058 957 2398 1050; x_wconf 83' lang='lat' dir='ltr'>epistolas</span> <span class='ocrx_word' id='word_1_62' title='bbox 2455 981 2497 1025; x_wconf 88' lang='lat' dir='ltr'>a</span> <span class='ocrx_word' id='word_1_63' title='bbox 2562 962 2750 1050; x_wconf 84' lang='lat' dir='ltr'>Syro</span> <span class='ocrx_word' id='word_1_64' title='bbox 2783 965 3098 1050; x_wconf 84' lang='lat' dir='ltr'>retentas</span> <span class='ocrx_word' id='word_1_65' title='bbox 3144 984 3284 1029; x_wconf 91' lang='lat' dir='ltr'>non</span> <span class='ocrx_word' id='word_1_66' title='bbox 3333 964 3578 1030; x_wconf 88' lang='lat' dir='ltr'>minus</span> 
     </span>
    </p>
   </div>
   <div class='ocr_carea' id='block_1_8' title="bbox 191 1047 3580 1135">
    <p class='ocr_par' dir='ltr' id='par_1_8' title="bbox 191 1047 3580 1135">
     <span class='ocr_line' id='line_1_8' title="bbox 191 1047 3580 1135; baseline -0.001 -17"><span class='ocrx_word' id='word_1_67' title='bbox 191 1047 558 1118; x_wconf 84' lang='lat' dir='ltr'>interesse.</span> <span class='ocrx_word' id='word_1_68' title='bbox 605 1047 928 1135; x_wconf 78' lang='lat' dir='ltr'>[gnatius</span> <span class='ocrx_word' id='word_1_69' title='bbox 977 1049 1178 1116; x_wconf 90' lang='lat' dir='ltr'>enim</span> <span class='ocrx_word' id='word_1_70' title='bbox 1220 1047 1309 1114; x_wconf 87' lang='lat' dir='ltr'>ad</span> <span class='ocrx_word' id='word_1_71' title='bbox 1369 1047 1724 1134; x_wconf 82' lang='lat' dir='ltr'>collegam</span> <span class='ocrx_word' id='word_1_72' title='bbox 1768 1048 2097 1114; x_wconf 90' lang='lat' dir='ltr'>scribens</span> <span class='ocrx_word' id='word_1_73' title='bbox 2164 1047 2508 1133; x_wconf 75' lang='lat' dir='ltr'>Epistolas</span> <span class='ocrx_word' id='word_1_74' title='bbox 2554 1047 2757 1114; x_wconf 88' lang='lat' dir='ltr'>Pauli</span> <span class='ocrx_word' id='word_1_75' title='bbox 2800 1049 2887 1115; x_wconf 90' lang='lat' dir='ltr'>ad</span> <span class='ocrx_word' id='word_1_76' title='bbox 2929 1051 3392 1118; x_wconf 86' lang='lat' dir='ltr'>Timotheum</span> <span class='ocrx_word' id='word_1_77' title='bbox 3459 1055 3580 1118; x_wconf 88' lang='lat' dir='ltr'>Ti-</span> 
     </span>
    </p>
   </div>
   <div class='ocr_carea' id='block_1_9' title="bbox 192 1135 3572 1229">
    <p class='ocr_par' dir='ltr' id='par_1_9' title="bbox 192 1135 3572 1229">
     <span class='ocr_line' id='line_1_9' title="bbox 192 1135 3572 1229; baseline -0 -22"><span class='ocrx_word' id='word_1_78' title='bbox 192 1144 482 1228; x_wconf 82' lang='lat' dir='ltr'>tumque</span> <span class='ocrx_word' id='word_1_79' title='bbox 515 1139 868 1219; x_wconf 86' lang='lat' dir='ltr'>imitatur,</span> <span class='ocrx_word' id='word_1_80' title='bbox 904 1137 1096 1229; x_wconf 80' lang='lat' dir='ltr'>sicut</span> <span class='ocrx_word' id='word_1_81' title='bbox 1134 1136 1580 1229; x_wconf 69' lang='lat' dir='ltr'>caateroquin</span> <span class='ocrx_word' id='word_1_82' title='bbox 1625 1135 1808 1202; x_wconf 91' lang='lat' dir='ltr'>alias</span> <span class='ocrx_word' id='word_1_83' title='bbox 1853 1135 2053 1202; x_wconf 83' lang='lat' dir='ltr'>Pauli</span> <span class='ocrx_word' id='word_1_84' title='bbox 2100 1136 2449 1229; x_wconf 83' lang='lat' dir='ltr'>Epistolas</span> <span class='ocrx_word' id='word_1_85' title='bbox 2480 1137 2555 1202; x_wconf 92' lang='lat' dir='ltr'>in</span> <span class='ocrx_word' id='word_1_86' title='bbox 2601 1138 2891 1229; x_wconf 83' lang='lat' dir='ltr'>dicendi</span> <span class='ocrx_word' id='word_1_87' title='bbox 2923 1159 3188 1229; x_wconf 84' lang='lat' dir='ltr'>genere</span> <span class='ocrx_word' id='word_1_88' title='bbox 3222 1140 3572 1229; x_wconf 83' lang='lat' dir='ltr'>sequitur.</span> 
     </span>
    </p>
   </div>
   <div class='ocr_carea' id='block_1_10' title="bbox 198 1225 3576 1317">
    <p class='ocr_par' dir='ltr' id='par_1_10' title="bbox 198 1225 3576 1317">
     <span class='ocr_line' id='line_1_10' title="bbox 198 1225 3576 1317; baseline 0 -21"><span class='ocrx_word' id='word_1_89' title='bbox 198 1225 498 1317; x_wconf 79' lang='lat' dir='ltr'>Uterque</span> <span class='ocrx_word' id='word_1_90' title='bbox 533 1248 726 1302; x_wconf 88' lang='lat' dir='ltr'>vero,</span> <span class='ocrx_word' id='word_1_91' title='bbox 767 1226 1035 1294; x_wconf 80' lang='lat' dir='ltr'>Paulus</span> <span class='ocrx_word' id='word_1_92' title='bbox 1084 1231 1154 1294; x_wconf 91' lang='lat' dir='ltr'>et</span> <span class='ocrx_word' id='word_1_93' title='bbox 1182 1226 1537 1317; x_wconf 85' lang='lat' dir='ltr'>Ignatius,</span> <span class='ocrx_word' id='word_1_94' title='bbox 1574 1245 1723 1317; x_wconf 88' lang='lat' dir='ltr'>pro_</span> <span class='ocrx_word' id='word_1_95' title='bbox 1763 1245 2258 1317; x_wconf 77' lang='lat' dir='ltr'>personarum</span> <span class='ocrx_word' id='word_1_96' title='bbox 2276 1226 2553 1317; x_wconf 81' lang='lat' dir='ltr'>ratione</span> <span class='ocrx_word' id='word_1_97' title='bbox 2579 1225 2875 1317; x_wconf 71' lang='lat' dir='ltr'>diverso</span> <span class='ocrx_word' id='word_1_98' title='bbox 2933 1227 3117 1316; x_wconf 79' lang='lat' dir='ltr'>stylo</span> <span class='ocrx_word' id='word_1_99' title='bbox 3162 1225 3408 1296; x_wconf 80' lang='lat' dir='ltr'>utitur.</span> <span class='ocrx_word' id='word_1_100' title='bbox 3472 1231 3576 1296; x_wconf 89' lang='lat' dir='ltr'>Ad</span> 
     </span>
    </p>
   </div>
   <div class='ocr_carea' id='block_1_11' title="bbox 192 1313 3580 1406">
    <p class='ocr_par' dir='ltr' id='par_1_11' title="bbox 192 1313 3580 1406">
     <span class='ocr_line' id='line_1_11' title="bbox 192 1313 3580 1406; baseline 0 -20"><span class='ocrx_word' id='word_1_101' title='bbox 192 1313 700 1406; x_wconf 39' lang='lat' dir='ltr'>coepi-scopum</span> <span class='ocrx_word' id='word_1_102' title='bbox 747 1337 1012 1404; x_wconf 88' lang='lat' dir='ltr'>nempe</span> <span class='ocrx_word' id='word_1_103' title='bbox 1069 1313 1501 1406; x_wconf 80' lang='lat' dir='ltr'>sociumque</span> <span class='ocrx_word' id='word_1_104' title='bbox 1557 1313 2000 1406; x_wconf 73' lang='lat' dir='ltr'>scribentem</span> <span class='ocrx_word' id='word_1_105' title='bbox 2045 1313 2368 1406; x_wconf 89' lang='lat' dir='ltr'>simplici</span> <span class='ocrx_word' id='word_1_106' title='bbox 2433 1319 2504 1406; x_wconf 85' lang='lat' dir='ltr'>et</span> <span class='ocrx_word' id='word_1_107' title='bbox 2568 1314 2912 1406; x_wconf 87' lang='lat' dir='ltr'>familiari</span> <span class='ocrx_word' id='word_1_108' title='bbox 2979 1313 3269 1384; x_wconf 81' lang='lat' dir='ltr'>dicendi</span> <span class='ocrx_word' id='word_1_109' title='bbox 3314 1340 3580 1405; x_wconf 83' lang='lat' dir='ltr'>genere</span> 
     </span>
    </p>
   </div>
   <div class='ocr_carea' id='block_1_12' title="bbox 193 1403 3582 1496">
    <p class='ocr_par' dir='ltr' id='par_1_12' title="bbox 193 1403 3582 1496">
     <span class='ocr_line' id='line_1_12' title="bbox 193 1403 3582 1496; baseline 0 -22"><span class='ocrx_word' id='word_1_110' title='bbox 193 1407 287 1496; x_wconf 87' lang='lat' dir='ltr'>uti</span> <span class='ocrx_word' id='word_1_111' title='bbox 319 1403 621 1496; x_wconf 73' lang='lat' dir='ltr'>oportet.</span> <span class='ocrx_word' id='word_1_112' title='bbox 675 1426 842 1496; x_wconf 87' lang='lat' dir='ltr'>non</span> <span class='ocrx_word' id='word_1_113' title='bbox 869 1403 1038 1472; x_wconf 83' lang='lat' dir='ltr'>vero</span> <span class='ocrx_word' id='word_1_114' title='bbox 1069 1404 1383 1496; x_wconf 84' lang='lat' dir='ltr'>solemni</span> <span class='ocrx_word' id='word_1_115' title='bbox 1429 1403 1555 1470; x_wconf 94' lang='lat' dir='ltr'>illo</span> <span class='ocrx_word' id='word_1_116' title='bbox 1584 1407 1666 1496; x_wconf 16' lang='lat' dir='ltr'>let</span> <span class='ocrx_word' id='word_1_117' title='bbox 1697 1404 2267 1496; x_wconf 26' lang='lat' dir='ltr'>con‘cionatorio,</span> <span class='ocrx_word' id='word_1_118' title='bbox 2312 1403 2502 1492; x_wconf 90' lang='lat' dir='ltr'>quod</span> <span class='ocrx_word' id='word_1_119' title='bbox 2553 1405 2758 1492; x_wconf 83' lang='lat' dir='ltr'>sequi</span> <span class='ocrx_word' id='word_1_120' title='bbox 2797 1406 3003 1496; x_wconf 78' lang='lat' dir='ltr'>decet</span> <span class='ocrx_word' id='word_1_121' title='bbox 3043 1406 3250 1473; x_wconf 92' lang='lat' dir='ltr'>illum</span> <span class='ocrx_word' id='word_1_122' title='bbox 3286 1403 3408 1495; x_wconf 78' lang='lat' dir='ltr'>qui</span> <span class='ocrx_word' id='word_1_123' title='bbox 3447 1430 3582 1496; x_wconf 91' lang='lat' dir='ltr'>pu-</span> 
     </span>
    </p>
   </div>
   <div class='ocr_carea' id='block_1_13' title="bbox 190 1491 3581 1584">
    <p class='ocr_par' dir='ltr' id='par_1_13' title="bbox 190 1491 3581 1584">
     <span class='ocr_line' id='line_1_13' title="bbox 190 1491 3581 1584; baseline 0 -20"><span class='ocrx_word' id='word_1_124' title='bbox 190 1491 385 1564; x_wconf 51' lang='lat' dir='ltr'>blice&#39;</span> <span class='ocrx_word' id='word_1_125' title='bbox 413 1494 777 1564; x_wconf 75' lang='lat' dir='ltr'>Ecclesiae</span> <span class='ocrx_word' id='word_1_126' title='bbox 807 1494 1017 1562; x_wconf 84' lang='lat' dir='ltr'>docet</span> <span class='ocrx_word' id='word_1_127' title='bbox 1065 1497 1134 1561; x_wconf 88' lang='lat' dir='ltr'>et</span> <span class='ocrx_word' id='word_1_128' title='bbox 1165 1494 1520 1584; x_wconf 86' lang='lat' dir='ltr'>hortatur.</span> <span class='ocrx_word' id='word_1_129' title='bbox 1565 1493 1764 1572; x_wconf 87' lang='lat' dir='ltr'>Quod</span> <span class='ocrx_word' id='word_1_130' title='bbox 1807 1492 1892 1560; x_wconf 93' lang='lat' dir='ltr'>de</span> <span class='ocrx_word' id='word_1_131' title='bbox 1936 1491 2054 1559; x_wconf 91' lang='lat' dir='ltr'>hic</span> <span class='ocrx_word' id='word_1_132' title='bbox 2089 1491 2347 1584; x_wconf 83' lang='lat' dir='ltr'>actum</span> <span class='ocrx_word' id='word_1_133' title='bbox 2407 1495 2535 1570; x_wconf 87' lang='lat' dir='ltr'>est,</span> <span class='ocrx_word' id='word_1_134' title='bbox 2581 1491 2750 1561; x_wconf 82' lang='lat' dir='ltr'>cum</span> <span class='ocrx_word' id='word_1_135' title='bbox 2813 1494 2888 1562; x_wconf 89' lang='lat' dir='ltr'>in</span> <span class='ocrx_word' id='word_1_136' title='bbox 2924 1495 3068 1562; x_wconf 82' lang='lat' dir='ltr'>ﬁne</span> <span class='ocrx_word' id='word_1_137' title='bbox 3111 1491 3462 1584; x_wconf 59' lang='lat' dir='ltr'>epistolae</span> <span class='ocrx_word' id='word_1_138' title='bbox 3492 1498 3581 1564; x_wconf 85' lang='lat' dir='ltr'>ad</span> 
     </span>
    </p>
   </div>
   <div class='ocr_carea' id='block_1_14' title="bbox 190 1581 2200 1674">
    <p class='ocr_par' dir='ltr' id='par_1_14' title="bbox 190 1581 2200 1674">
     <span class='ocr_line' id='line_1_14' title="bbox 190 1581 2200 1674; baseline -0.002 -22"><span class='ocrx_word' id='word_1_139' title='bbox 190 1586 660 1674; x_wconf 84' lang='lat' dir='ltr'>Polycarpum</span> <span class='ocrx_word' id='word_1_140' title='bbox 705 1603 1141 1674; x_wconf 78' lang='lat' dir='ltr'>sermonem</span> <span class='ocrx_word' id='word_1_141' title='bbox 1161 1583 1248 1650; x_wconf 91' lang='lat' dir='ltr'>ad</span> <span class='ocrx_word' id='word_1_142' title='bbox 1300 1587 1786 1672; x_wconf 82' lang='lat' dir='ltr'>Smyrnenses</span> <span class='ocrx_word' id='word_1_143' title='bbox 1818 1581 2200 1649; x_wconf 80' lang='lat' dir='ltr'>convertit.</span> 
     </span>
    </p>
   </div>
   <div class='ocr_carea' id='block_1_15' title="bbox 271 1669 3584 1763">
    <p class='ocr_par' dir='ltr' id='par_1_15' title="bbox 271 1669 3584 1763">
     <span class='ocr_line' id='line_1_15' title="bbox 271 1669 3584 1763; baseline 0 -22"><span class='ocrx_word' id='word_1_144' title='bbox 271 1669 518 1763; x_wconf 81' lang='lat' dir='ltr'>Neque</span> <span class='ocrx_word' id='word_1_145' title='bbox 558 1672 628 1740; x_wconf 93' lang='lat' dir='ltr'>id</span> <span class='ocrx_word' id='word_1_146' title='bbox 689 1669 1464 1763; x_wconf 65' lang='lat' dir='ltr'>praetereundumest,</span> <span class='ocrx_word' id='word_1_147' title='bbox 1509 1676 2029 1758; x_wconf 80' lang='lat' dir='ltr'>argumentum</span> <span class='ocrx_word' id='word_1_148' title='bbox 2074 1691 2160 1737; x_wconf 88' lang='lat' dir='ltr'>ex</span> <span class='ocrx_word' id='word_1_149' title='bbox 2224 1669 2409 1763; x_wconf 77' lang='lat' dir='ltr'>stylo</span> <span class='ocrx_word' id='word_1_150' title='bbox 2453 1671 2935 1763; x_wconf 77' lang='lat' dir='ltr'>desumptum</span> <span class='ocrx_word' id='word_1_151' title='bbox 2981 1673 3225 1762; x_wconf 84' lang='lat' dir='ltr'>aliquo</span> <span class='ocrx_word' id='word_1_152' title='bbox 3293 1695 3584 1762; x_wconf 86' lang='lat' dir='ltr'>semper</span> 
     </span>
    </p>
   </div>
   <div class='ocr_carea' id='block_1_16' title="bbox 192 1760 3582 1847">
    <p class='ocr_par' dir='ltr' id='par_1_16' title="bbox 192 1760 3582 1847">
     <span class='ocr_line' id='line_1_16' title="bbox 192 1760 3582 1847; baseline -0 -17"><span class='ocrx_word' id='word_1_153' title='bbox 192 1785 353 1831; x_wconf 93' lang='lat' dir='ltr'>cum</span> <span class='ocrx_word' id='word_1_154' title='bbox 399 1760 914 1831; x_wconf 74' lang='lat' dir='ltr'>moderamine</span> <span class='ocrx_word' id='word_1_155' title='bbox 955 1760 1455 1829; x_wconf 87' lang='lat' dir='ltr'>adhibendum</span> <span class='ocrx_word' id='word_1_156' title='bbox 1497 1781 1680 1843; x_wconf 89' lang='lat' dir='ltr'>esse,</span> <span class='ocrx_word' id='word_1_157' title='bbox 1712 1781 1877 1828; x_wconf 90' lang='lat' dir='ltr'>cum</span> <span class='ocrx_word' id='word_1_158' title='bbox 1938 1780 2182 1826; x_wconf 90' lang='lat' dir='ltr'>memo</span> <span class='ocrx_word' id='word_1_159' title='bbox 2222 1760 2316 1826; x_wconf 86' lang='lat' dir='ltr'>sit</span> <span class='ocrx_word' id='word_1_160' title='bbox 2345 1760 2470 1847; x_wconf 87' lang='lat' dir='ltr'>qui</span> <span class='ocrx_word' id='word_1_161' title='bbox 2536 1762 2790 1828; x_wconf 89' lang='lat' dir='ltr'>eodem</span> <span class='ocrx_word' id='word_1_162' title='bbox 2835 1760 3252 1829; x_wconf 72' lang='lat' dir='ltr'>constanter</span> <span class='ocrx_word' id='word_1_163' title='bbox 3290 1760 3582 1830; x_wconf 83' lang='lat' dir='ltr'>dicendi</span> 
     </span>
    </p>
   </div>
   <div class='ocr_carea' id='block_1_17' title="bbox 194 1849 3587 1940">
    <p class='ocr_par' dir='ltr' id='par_1_17' title="bbox 194 1849 3587 1940">
     <span class='ocr_line' id='line_1_17' title="bbox 194 1849 3587 1940; baseline 0 -20"><span class='ocrx_word' id='word_1_164' title='bbox 194 1873 450 1940; x_wconf 88' lang='lat' dir='ltr'>genere</span> <span class='ocrx_word' id='word_1_165' title='bbox 482 1872 742 1920; x_wconf 89' lang='lat' dir='ltr'>sensus</span> <span class='ocrx_word' id='word_1_166' title='bbox 773 1871 941 1918; x_wconf 90' lang='lat' dir='ltr'>suos</span> <span class='ocrx_word' id='word_1_167' title='bbox 976 1850 1250 1926; x_wconf 85' lang='lat' dir='ltr'>reddat,</span> <span class='ocrx_word' id='word_1_168' title='bbox 1272 1871 1522 1940; x_wconf 83' lang='lat' dir='ltr'>neque</span> <span class='ocrx_word' id='word_1_169' title='bbox 1566 1871 1691 1937; x_wconf 90' lang='lat' dir='ltr'>pro</span> <span class='ocrx_word' id='word_1_170' title='bbox 1726 1850 2196 1916; x_wconf 83' lang='lat' dir='ltr'>materiarum</span> <span class='ocrx_word' id='word_1_171' title='bbox 2235 1849 2514 1940; x_wconf 76' lang='lat' dir='ltr'>ratione</span> <span class='ocrx_word' id='word_1_172' title='bbox 2554 1853 2622 1917; x_wconf 91' lang='lat' dir='ltr'>et</span> <span class='ocrx_word' id='word_1_173' title='bbox 2653 1850 2867 1940; x_wconf 84' lang='lat' dir='ltr'>varia</span> <span class='ocrx_word' id='word_1_174' title='bbox 2899 1851 3130 1917; x_wconf 91' lang='lat' dir='ltr'>animi</span> <span class='ocrx_word' id='word_1_175' title='bbox 3167 1852 3587 1940; x_wconf 86' lang='lat' dir='ltr'>dispositio-</span> 
     </span>
    </p>
   </div>
   <div class='ocr_carea' id='block_1_18' title="bbox 193 1937 3586 2029">
    <p class='ocr_par' dir='ltr' id='par_1_18' title="bbox 193 1937 3586 2029">
     <span class='ocr_line' id='line_1_18' title="bbox 193 1937 3586 2029; baseline -0.001 -19"><span class='ocrx_word' id='word_1_176' title='bbox 193 1937 302 2021; x_wconf 81' lang='lat' dir='ltr'>ne,</span> <span class='ocrx_word' id='word_1_177' title='bbox 339 1942 634 2009; x_wconf 89' lang='lat' dir='ltr'>varium</span> <span class='ocrx_word' id='word_1_178' title='bbox 669 1941 889 2008; x_wconf 89' lang='lat' dir='ltr'>etiam</span> <span class='ocrx_word' id='word_1_179' title='bbox 919 1938 1288 2029; x_wconf 84' lang='lat' dir='ltr'>scribendi</span> <span class='ocrx_word' id='word_1_180' title='bbox 1320 1937 1978 2029; x_wconf 71' lang='lat' dir='ltr'>modumnsurpet.</span> <span class='ocrx_word' id='word_1_181' title='bbox 2013 1942 2231 2029; x_wconf 81' lang='lat' dir='ltr'>Caute</span> <span class='ocrx_word' id='word_1_182' title='bbox 2265 1937 2406 2029; x_wconf 87' lang='lat' dir='ltr'>hac</span> <span class='ocrx_word' id='word_1_183' title='bbox 2448 1938 2524 2004; x_wconf 93' lang='lat' dir='ltr'>in</span> <span class='ocrx_word' id='word_1_184' title='bbox 2563 1959 2635 2004; x_wconf 91' lang='lat' dir='ltr'>re</span> <span class='ocrx_word' id='word_1_185' title='bbox 2675 1939 3144 2027; x_wconf 84' lang='lat' dir='ltr'>dijudicanda</span> <span class='ocrx_word' id='word_1_186' title='bbox 3197 1937 3586 2029; x_wconf 84' lang='lat' dir='ltr'>proceden-</span> 
     </span>
    </p>
   </div>
   <div class='ocr_carea' id='block_1_19' title="bbox 188 2027 3584 2120">
    <p class='ocr_par' dir='ltr' id='par_1_19' title="bbox 188 2027 3584 2120">
     <span class='ocr_line' id='line_1_19' title="bbox 188 2027 3584 2120; baseline -0 -21"><span class='ocrx_word' id='word_1_187' title='bbox 188 2031 351 2098; x_wconf 91' lang='lat' dir='ltr'>dum</span> <span class='ocrx_word' id='word_1_188' title='bbox 388 2034 521 2120; x_wconf 85' lang='lat' dir='ltr'>est.</span> <span class='ocrx_word' id='word_1_189' title='bbox 558 2031 819 2120; x_wconf 13' lang='lat' dir='ltr'>iniqua</span> <span class='ocrx_word' id='word_1_190' title='bbox 850 2029 936 2096; x_wconf 89' lang='lat' dir='ltr'>de</span> <span class='ocrx_word' id='word_1_191' title='bbox 968 2027 1356 2096; x_wconf 89' lang='lat' dir='ltr'>subtilibus</span> <span class='ocrx_word' id='word_1_192' title='bbox 1389 2027 1784 2096; x_wconf 88' lang='lat' dir='ltr'>admodum</span> <span class='ocrx_word' id='word_1_193' title='bbox 1827 2027 2255 2096; x_wconf 76' lang='lat' dir='ltr'>differentiis</span> <span class='ocrx_word' id='word_1_194' title='bbox 2295 2027 2538 2114; x_wconf 87' lang='lat' dir='ltr'>agitur</span> <span class='ocrx_word' id='word_1_195' title='bbox 2577 2032 2648 2095; x_wconf 93' lang='lat' dir='ltr'>et</span> <span class='ocrx_word' id='word_1_196' title='bbox 2687 2029 2762 2095; x_wconf 90' lang='lat' dir='ltr'>in</span> <span class='ocrx_word' id='word_1_197' title='bbox 2795 2049 2939 2117; x_wconf 91' lang='lat' dir='ltr'>qua</span> <span class='ocrx_word' id='word_1_198' title='bbox 2971 2027 3271 2117; x_wconf 87' lang='lat' dir='ltr'>proinde</span> <span class='ocrx_word' id='word_1_199' title='bbox 3313 2031 3584 2120; x_wconf 76' lang='lat' dir='ltr'>praeju—</span> 
     </span>
    </p>
   </div>
   <div class='ocr_carea' id='block_1_20' title="bbox 185 2119 1433 2208">
    <p class='ocr_par' dir='ltr' id='par_1_20' title="bbox 185 2119 1433 2208">
     <span class='ocr_line' id='line_1_20' title="bbox 185 2119 1433 2208; baseline -0.004 -21"><span class='ocrx_word' id='word_1_200' title='bbox 185 2120 387 2188; x_wconf 88' lang='lat' dir='ltr'>diciis</span> <span class='ocrx_word' id='word_1_201' title='bbox 429 2119 835 2188; x_wconf 78' lang='lat' dir='ltr'>latissimus</span> <span class='ocrx_word' id='word_1_202' title='bbox 875 2139 1184 2208; x_wconf 88' lang='lat' dir='ltr'>campus</span> <span class='ocrx_word' id='word_1_203' title='bbox 1214 2120 1433 2208; x_wconf 87' lang='lat' dir='ltr'>patet.</span> 
     </span>
    </p>
   </div>
   <div class='ocr_carea' id='block_1_21' title="bbox 1837 2287 1926 2351">
    <p class='ocr_par' dir='ltr' id='par_1_21' title="bbox 1837 2287 1926 2351">
     <span class='ocr_line' id='line_1_21' title="bbox 1837 2287 1926 2351; baseline 0 0"><span class='ocrx_word' id='word_1_204' title='bbox 1837 2287 1926 2351; x_wconf 94' lang='lat' dir='ltr'>VI</span> 
     </span>
    </p>
   </div>
   <div class='ocr_carea' id='block_1_22' title="bbox 1065 2453 2712 2538">
    <p class='ocr_par' dir='ltr' id='par_1_22' title="bbox 1065 2453 2712 2538">
     <span class='ocr_line' id='line_1_22' title="bbox 1065 2453 2712 2538; baseline 0.003 -19"><span class='ocrx_word' id='word_1_205' title='bbox 1065 2453 1131 2519; x_wconf 87' lang='lat' dir='ltr'><strong><em>M</em></strong></span> <span class='ocrx_word' id='word_1_206' title='bbox 1139 2462 1413 2522; x_wconf 81' lang='lat' dir='ltr'>omenta</span> <span class='ocrx_word' id='word_1_207' title='bbox 1443 2456 1810 2538; x_wconf 83' lang='lat' dir='ltr'>desumpta</span> <span class='ocrx_word' id='word_1_208' title='bbox 1841 2475 1926 2524; x_wconf 78' lang='lat' dir='ltr'>ea:</span> <span class='ocrx_word' id='word_1_209' title='bbox 1953 2458 2460 2524; x_wconf 78' lang='lat' dir='ltr'>sententiarum</span> <span class='ocrx_word' id='word_1_210' title='bbox 2499 2477 2712 2526; x_wconf 64' lang='lat' dir='ltr'>nexu.</span> 
     </span>
    </p>
   </div>
   <div class='ocr_carea' id='block_1_23' title="bbox 280 2647 3586 2736">
    <p class='ocr_par' dir='ltr' id='par_1_23' title="bbox 280 2647 3586 2736">
     <span class='ocr_line' id='line_1_23' title="bbox 280 2647 3586 2736; baseline 0.002 -19"><span class='ocrx_word' id='word_1_211' title='bbox 280 2651 573 2719; x_wconf 91' lang='lat' dir='ltr'>Nemini</span> <span class='ocrx_word' id='word_1_212' title='bbox 606 2651 904 2719; x_wconf 90' lang='lat' dir='ltr'>cordato</span> <span class='ocrx_word' id='word_1_213' title='bbox 935 2648 1206 2716; x_wconf 91' lang='lat' dir='ltr'>mirum</span> <span class='ocrx_word' id='word_1_214' title='bbox 1250 2647 1638 2728; x_wconf 90' lang='lat' dir='ltr'>videbitur,</span> <span class='ocrx_word' id='word_1_215' title='bbox 1672 2648 1917 2716; x_wconf 86' lang='lat' dir='ltr'>virum</span> <span class='ocrx_word' id='word_1_216' title='bbox 1985 2648 2610 2736; x_wconf 87' lang='lat' dir='ltr'>persecutionibus</span> <span class='ocrx_word' id='word_1_217' title='bbox 2663 2671 3020 2736; x_wconf 90' lang='lat' dir='ltr'>pressum,</span> <span class='ocrx_word' id='word_1_218' title='bbox 3096 2652 3586 2722; x_wconf 88' lang='lat' dir='ltr'>Ecclesiarum</span> 
     </span>
    </p>
   </div>
   <div class='ocr_carea' id='block_1_24' title="bbox 199 2737 3586 2828">
    <p class='ocr_par' dir='ltr' id='par_1_24' title="bbox 199 2737 3586 2828">
     <span class='ocr_line' id='line_1_24' title="bbox 199 2737 3586 2828; baseline 0.002 -24"><span class='ocrx_word' id='word_1_219' title='bbox 199 2741 684 2809; x_wconf 89' lang='lat' dir='ltr'>sollicitudine</span> <span class='ocrx_word' id='word_1_220' title='bbox 709 2741 1097 2828; x_wconf 81' lang='lat' dir='ltr'>jactalum,</span> <span class='ocrx_word' id='word_1_221' title='bbox 1132 2737 1673 2828; x_wconf 58' lang='lat' dir='ltr'>asatelli‘tibus,</span> <span class='ocrx_word' id='word_1_222' title='bbox 1710 2737 2032 2828; x_wconf 87' lang='lat' dir='ltr'>ferarum</span> <span class='ocrx_word' id='word_1_223' title='bbox 2064 2758 2265 2828; x_wconf 90' lang='lat' dir='ltr'>more</span> <span class='ocrx_word' id='word_1_224' title='bbox 2297 2738 2786 2828; x_wconf 64' lang='lat' dir='ltr'>saevientibus,</span> <span class='ocrx_word' id='word_1_225' title='bbox 2831 2745 3196 2818; x_wconf 85' lang='lat' dir='ltr'>vexatum,</span> <span class='ocrx_word' id='word_1_226' title='bbox 3255 2743 3444 2809; x_wconf 90' lang='lat' dir='ltr'>inter</span> <span class='ocrx_word' id='word_1_227' title='bbox 3474 2744 3586 2810; x_wconf 88' lang='lat' dir='ltr'>iti-</span> 
     </span>
    </p>
   </div>
   <div class='ocr_carea' id='block_1_25' title="bbox 197 2825 3591 2919">
    <p class='ocr_par' dir='ltr' id='par_1_25' title="bbox 197 2825 3591 2919">
     <span class='ocr_line' id='line_1_25' title="bbox 197 2825 3591 2919; baseline 0.001 -24"><span class='ocrx_word' id='word_1_228' title='bbox 197 2830 385 2896; x_wconf 90' lang='lat' dir='ltr'>neris</span> <span class='ocrx_word' id='word_1_229' title='bbox 421 2825 1566 2919; x_wconf 10' lang='lat' dir='ltr'>longissimiﬁdiuturniqueterra</span> <span class='ocrx_word' id='word_1_230' title='bbox 1601 2827 1930 2915; x_wconf 92' lang='lat' dir='ltr'>marique</span> <span class='ocrx_word' id='word_1_231' title='bbox 1981 2827 2255 2915; x_wconf 88' lang='lat' dir='ltr'>peracti</span> <span class='ocrx_word' id='word_1_232' title='bbox 2287 2825 2558 2919; x_wconf 84' lang='lat' dir='ltr'>turbas,</span> <span class='ocrx_word' id='word_1_233' title='bbox 2597 2829 2843 2894; x_wconf 91' lang='lat' dir='ltr'>animo</span> <span class='ocrx_word' id='word_1_234' title='bbox 2885 2828 3400 2898; x_wconf 87' lang='lat' dir='ltr'>diversissimis</span> <span class='ocrx_word' id='word_1_235' title='bbox 3432 2853 3591 2898; x_wconf 90' lang='lat' dir='ltr'>sen-</span> 
     </span>
    </p>
   </div>
   <div class='ocr_carea' id='block_1_26' title="bbox 200 2915 3588 3006">
    <p class='ocr_par' dir='ltr' id='par_1_26' title="bbox 200 2915 3588 3006">
     <span class='ocr_line' id='line_1_26' title="bbox 200 2915 3588 3006; baseline 0.001 -22"><span class='ocrx_word' id='word_1_236' title='bbox 200 2919 391 2986; x_wconf 89' lang='lat' dir='ltr'>sibus</span> <span class='ocrx_word' id='word_1_237' title='bbox 424 2915 603 2987; x_wconf 77' lang='lat' dir='ltr'>hinc</span> <span class='ocrx_word' id='word_1_238' title='bbox 637 2919 709 2986; x_wconf 91' lang='lat' dir='ltr'>in</span> <span class='ocrx_word' id='word_1_239' title='bbox 747 2918 1188 2986; x_wconf 88' lang='lat' dir='ltr'>dedistracto</span> <span class='ocrx_word' id='word_1_240' title='bbox 1218 2915 1842 3006; x_wconf 81' lang='lat' dir='ltr'>scribentem,non</span> <span class='ocrx_word' id='word_1_241' title='bbox 1867 2937 2032 2983; x_wconf 91' lang='lat' dir='ltr'>eum</span> <span class='ocrx_word' id='word_1_242' title='bbox 2067 2917 2594 3006; x_wconf 84' lang='lat' dir='ltr'>sententiarum</span> <span class='ocrx_word' id='word_1_243' title='bbox 2633 2937 2897 2983; x_wconf 87' lang='lat' dir='ltr'>nexum</span> <span class='ocrx_word' id='word_1_244' title='bbox 2936 2938 3169 3006; x_wconf 91' lang='lat' dir='ltr'>neque</span> <span class='ocrx_word' id='word_1_245' title='bbox 3202 2927 3588 3006; x_wconf 86' lang='lat' dir='ltr'>peccatum</span> 
     </span>
    </p>
   </div>
   <div class='ocr_carea' id='block_1_27' title="bbox 198 3005 3591 3096">
    <p class='ocr_par' dir='ltr' id='par_1_27' title="bbox 198 3005 3591 3096">
     <span class='ocr_line' id='line_1_27' title="bbox 198 3005 3591 3096; baseline 0.001 -22"><span class='ocrx_word' id='word_1_246' title='bbox 198 3006 397 3075; x_wconf 91' lang='lat' dir='ltr'>ilium</span> <span class='ocrx_word' id='word_1_247' title='bbox 440 3008 1009 3096; x_wconf 84' lang='lat' dir='ltr'>ordinatumque</span> <span class='ocrx_word' id='word_1_248' title='bbox 1049 3026 1462 3096; x_wconf 85' lang='lat' dir='ltr'>sermonem</span> <span class='ocrx_word' id='word_1_249' title='bbox 1498 3005 1921 3092; x_wconf 91' lang='lat' dir='ltr'>producere,</span> <span class='ocrx_word' id='word_1_250' title='bbox 1957 3027 2098 3094; x_wconf 91' lang='lat' dir='ltr'>quo</span> <span class='ocrx_word' id='word_1_251' title='bbox 2140 3005 2260 3071; x_wconf 91' lang='lat' dir='ltr'>ille</span> <span class='ocrx_word' id='word_1_252' title='bbox 2303 3005 2405 3096; x_wconf 84' lang='lat' dir='ltr'>uti</span> <span class='ocrx_word' id='word_1_253' title='bbox 2452 3005 2646 3071; x_wconf 88' lang='lat' dir='ltr'>valet</span> <span class='ocrx_word' id='word_1_254' title='bbox 2686 3008 2810 3092; x_wconf 93' lang='lat' dir='ltr'>qui</span> <span class='ocrx_word' id='word_1_255' title='bbox 2853 3005 3383 3096; x_wconf 85' lang='lat' dir='ltr'>domiquietus</span> <span class='ocrx_word' id='word_1_256' title='bbox 3422 3031 3591 3077; x_wconf 89' lang='lat' dir='ltr'>sen-</span> 
     </span>
    </p>
   </div>
   <div class='ocr_carea' id='block_1_28' title="bbox 196 3093 3593 3186">
    <p class='ocr_par' dir='ltr' id='par_1_28' title="bbox 196 3093 3593 3186">
     <span class='ocr_line' id='line_1_28' title="bbox 196 3093 3593 3186; baseline 0 -22"><span class='ocrx_word' id='word_1_257' title='bbox 196 3117 310 3186; x_wconf 81' lang='lat' dir='ltr'>sus</span> <span class='ocrx_word' id='word_1_258' title='bbox 340 3119 512 3164; x_wconf 90' lang='lat' dir='ltr'>suos</span> <span class='ocrx_word' id='word_1_259' title='bbox 545 3093 1080 3186; x_wconf 56' lang='lat' dir='ltr'>disponitflmo</span> <span class='ocrx_word' id='word_1_260' title='bbox 1112 3094 1238 3162; x_wconf 90' lang='lat' dir='ltr'>tali</span> <span class='ocrx_word' id='word_1_261' title='bbox 1273 3094 1349 3186; x_wconf 83' lang='lat' dir='ltr'>in</span> <span class='ocrx_word' id='word_1_262' title='bbox 1384 3115 1558 3186; x_wconf 86' lang='lat' dir='ltr'>casu</span> <span class='ocrx_word' id='word_1_263' title='bbox 1595 3098 1960 3186; x_wconf 83' lang='lat' dir='ltr'>excerpta,</span> <span class='ocrx_word' id='word_1_264' title='bbox 1986 3093 2158 3186; x_wconf 70' lang='lat' dir='ltr'>quae</span> <span class='ocrx_word' id='word_1_265' title='bbox 2191 3093 2598 3186; x_wconf 64' lang='lat' dir='ltr'>praacipuas</span> <span class='ocrx_word' id='word_1_266' title='bbox 2648 3099 2933 3163; x_wconf 90' lang='lat' dir='ltr'>tantum</span> <span class='ocrx_word' id='word_1_267' title='bbox 2991 3093 3389 3164; x_wconf 81' lang='lat' dir='ltr'>sententias</span> <span class='ocrx_word' id='word_1_268' title='bbox 3419 3099 3593 3166; x_wconf 91' lang='lat' dir='ltr'>deli-</span> 
     </span>
    </p>
   </div>
   <div class='ocr_carea' id='block_1_29' title="bbox 192 3183 3593 3275">
    <p class='ocr_par' dir='ltr' id='par_1_29' title="bbox 192 3183 3593 3275">
     <span class='ocr_line' id='line_1_29' title="bbox 192 3183 3593 3275; baseline 0.001 -21"><span class='ocrx_word' id='word_1_269' title='bbox 192 3185 384 3267; x_wconf 87' lang='lat' dir='ltr'>bant,</span> <span class='ocrx_word' id='word_1_270' title='bbox 422 3183 805 3275; x_wconf 74' lang='lat' dir='ltr'>meliorem</span> <span class='ocrx_word' id='word_1_271' title='bbox 849 3205 1118 3251; x_wconf 86' lang='lat' dir='ltr'>nexum</span> <span class='ocrx_word' id='word_1_272' title='bbox 1158 3187 1227 3251; x_wconf 92' lang='lat' dir='ltr'>et</span> <span class='ocrx_word' id='word_1_273' title='bbox 1268 3183 1588 3275; x_wconf 79' lang='lat' dir='ltr'>logicum</span> <span class='ocrx_word' id='word_1_274' title='bbox 1623 3185 1862 3272; x_wconf 85' lang='lat' dir='ltr'>magis</span> <span class='ocrx_word' id='word_1_275' title='bbox 1892 3184 2224 3251; x_wconf 89' lang='lat' dir='ltr'>ordinem</span> <span class='ocrx_word' id='word_1_276' title='bbox 2259 3183 2959 3275; x_wconf 82' lang='lat' dir='ltr'>exibibereoportet,</span> <span class='ocrx_word' id='word_1_277' title='bbox 3006 3206 3226 3274; x_wconf 89' lang='lat' dir='ltr'>quam</span> <span class='ocrx_word' id='word_1_278' title='bbox 3260 3193 3593 3275; x_wconf 86' lang='lat' dir='ltr'>autogra-</span> 
     </span>
    </p>
   </div>
   <div class='ocr_carea' id='block_1_30' title="bbox 193 3271 3588 3374">
    <p class='ocr_par' dir='ltr' id='par_1_30' title="bbox 193 3271 3588 3374">
     <span class='ocr_line' id='line_1_30' title="bbox 193 3271 3588 3374; baseline 0.001 -32"><span class='ocrx_word' id='word_1_279' title='bbox 193 3275 443 3374; x_wconf 77' lang='lat' dir='ltr'>phum.</span> <span class='ocrx_word' id='word_1_280' title='bbox 629 3274 928 3374; x_wconf 77' lang='lat' dir='ltr'>proinde</span> <span class='ocrx_word' id='word_1_281' title='bbox 963 3277 1077 3374; x_wconf 79' lang='lat' dir='ltr'>est</span> <span class='ocrx_word' id='word_1_282' title='bbox 1106 3272 1297 3374; x_wconf 80' lang='lat' dir='ltr'>quod</span> <span class='ocrx_word' id='word_1_283' title='bbox 1323 3271 1731 3373; x_wconf 43' lang='lat' dir='ltr'>.insolitum</span> <span class='ocrx_word' id='word_1_284' title='bbox 1765 3275 1980 3374; x_wconf 86' lang='lat' dir='ltr'>atque</span> <span class='ocrx_word' id='word_1_285' title='bbox 2032 3273 2755 3374; x_wconf 31' lang='lat' dir='ltr'>peregrinum‘nobis</span> <span class='ocrx_word' id='word_1_286' title='bbox 2821 3271 3054 3374; x_wconf 82' lang='lat' dir='ltr'>videri</span> <span class='ocrx_word' id='word_1_287' title='bbox 3123 3271 3472 3374; x_wconf 44' lang='lat' dir='ltr'>oporteat:</span> <span class='ocrx_word' id='word_1_288' title='bbox 3527 3279 3588 3344; x_wconf 90' lang='lat' dir='ltr'>si</span> 
     </span>
    </p>
   </div>
   <div class='ocr_carea' id='block_1_31' title="bbox 197 3360 3590 3454">
    <p class='ocr_par' dir='ltr' id='par_1_31' title="bbox 197 3360 3590 3454">
     <span class='ocr_line' id='line_1_31' title="bbox 197 3360 3590 3454; baseline 0.001 -25"><span class='ocrx_word' id='word_1_289' title='bbox 299 3365 566 3452; x_wconf 87' lang='lat' dir='ltr'>lgnatii</span> <span class='ocrx_word' id='word_1_290' title='bbox 606 3360 926 3453; x_wconf 73' lang='lat' dir='ltr'>epistolae</span> <span class='ocrx_word' id='word_1_291' title='bbox 955 3360 1148 3429; x_wconf 82' lang='lat' dir='ltr'>tales</span> <span class='ocrx_word' id='word_1_292' title='bbox 1170 3360 1379 3454; x_wconf 80' lang='lat' dir='ltr'>nobis</span> <span class='ocrx_word' id='word_1_293' title='bbox 1397 3360 2018 3454; x_wconf 87' lang='lat' dir='ltr'>_occurrant_,_imo</span> <span class='ocrx_word' id='word_1_294' title='bbox 2047 3361 2623 3454; x_wconf 77' lang='lat' dir='ltr'>circumstantiis</span> <span class='ocrx_word' id='word_1_295' title='bbox 2655 3360 3232 3454; x_wconf 85' lang='lat' dir='ltr'>consentaneum</span> <span class='ocrx_word' id='word_1_296' title='bbox 3269 3364 3590 3454; x_wconf 87' lang='lat' dir='ltr'>adeoque</span> 
     </span>
    </p>
   </div>
   <div class='ocr_carea' id='block_1_32' title="bbox 195 3449 3589 3540">
    <p class='ocr_par' dir='ltr' id='par_1_32' title="bbox 195 3449 3589 3540">
     <span class='ocr_line' id='line_1_32' title="bbox 195 3449 3589 3540; baseline 0.001 -21"><span class='ocrx_word' id='word_1_297' title='bbox 195 3449 417 3522; x_wconf 47' lang='lat' dir='ltr'>fidu&#39;m</span> <span class='ocrx_word' id='word_1_298' title='bbox 453 3449 698 3539; x_wconf 79' lang='lat' dir='ltr'>magis</span> <span class='ocrx_word' id='word_1_299' title='bbox 728 3455 944 3540; x_wconf 88' lang='lat' dir='ltr'>atque</span> <span class='ocrx_word' id='word_1_300' title='bbox 974 3471 1146 3518; x_wconf 90' lang='lat' dir='ltr'>vero</span> <span class='ocrx_word' id='word_1_301' title='bbox 1187 3449 1517 3540; x_wconf 84' lang='lat' dir='ltr'>similius</span> <span class='ocrx_word' id='word_1_302' title='bbox 1544 3450 2049 3540; x_wconf 87' lang='lat' dir='ltr'>essevidetur.</span> <span class='ocrx_word' id='word_1_303' title='bbox 2106 3449 2350 3518; x_wconf 89' lang='lat' dir='ltr'>Nihilo</span> <span class='ocrx_word' id='word_1_304' title='bbox 2381 3453 2630 3518; x_wconf 90' lang='lat' dir='ltr'>tamen</span> <span class='ocrx_word' id='word_1_305' title='bbox 2664 3452 2904 3519; x_wconf 86' lang='lat' dir='ltr'>secius</span> <span class='ocrx_word' id='word_1_306' title='bbox 2946 3473 3093 3519; x_wconf 93' lang='lat' dir='ltr'>non</span> <span class='ocrx_word' id='word_1_307' title='bbox 3133 3459 3242 3522; x_wconf 90' lang='lat' dir='ltr'>est</span> <span class='ocrx_word' id='word_1_308' title='bbox 3307 3475 3441 3522; x_wconf 90' lang='lat' dir='ltr'>cur</span> <span class='ocrx_word' id='word_1_309' title='bbox 3474 3449 3589 3522; x_wconf 54' lang='lat' dir='ltr'>&#39;ad</span> 
     </span>
    </p>
   </div>
   <div class='ocr_carea' id='block_1_33' title="bbox 200 3539 3591 3628">
    <p class='ocr_par' dir='ltr' id='par_1_33' title="bbox 200 3539 3591 3628">
     <span class='ocr_line' id='line_1_33' title="bbox 200 3539 3591 3628; baseline 0.001 -19"><span class='ocrx_word' id='word_1_310' title='bbox 200 3542 353 3611; x_wconf 75' lang='lat' dir='ltr'>haec</span> <span class='ocrx_word' id='word_1_311' title='bbox 387 3539 876 3622; x_wconf 85' lang='lat' dir='ltr'>recurramus,</span> <span class='ocrx_word' id='word_1_312' title='bbox 923 3560 1094 3608; x_wconf 92' lang='lat' dir='ltr'>cum</span> <span class='ocrx_word' id='word_1_313' title='bbox 1129 3539 1529 3606; x_wconf 85' lang='lat' dir='ltr'>adversarii</span> <span class='ocrx_word' id='word_1_314' title='bbox 1563 3539 1773 3607; x_wconf 86' lang='lat' dir='ltr'>nobis</span> <span class='ocrx_word' id='word_1_315' title='bbox 1814 3539 2198 3628; x_wconf 88' lang='lat' dir='ltr'>objiciunt,</span> <span class='ocrx_word' id='word_1_316' title='bbox 2245 3542 2577 3607; x_wconf 90' lang='lat' dir='ltr'>nostrum</span> <span class='ocrx_word' id='word_1_317' title='bbox 2628 3543 2900 3608; x_wconf 86' lang='lat' dir='ltr'>textum</span> <span class='ocrx_word' id='word_1_318' title='bbox 2947 3541 3020 3609; x_wconf 94' lang='lat' dir='ltr'>in</span> <span class='ocrx_word' id='word_1_319' title='bbox 3057 3545 3591 3611; x_wconf 88' lang='lat' dir='ltr'>sententiarum</span> 
     </span>
    </p>
   </div>
   <div class='ocr_carea' id='block_1_34' title="bbox 197 3628 3588 3719">
    <p class='ocr_par' dir='ltr' id='par_1_34' title="bbox 197 3628 3588 3719">
     <span class='ocr_line' id='line_1_34' title="bbox 197 3628 3588 3719; baseline 0.001 -21"><span class='ocrx_word' id='word_1_320' title='bbox 197 3634 373 3700; x_wconf 89' lang='lat' dir='ltr'>rerie</span> <span class='ocrx_word' id='word_1_321' title='bbox 405 3637 564 3700; x_wconf 91' lang='lat' dir='ltr'>tam</span> <span class='ocrx_word' id='word_1_322' title='bbox 596 3630 986 3719; x_wconf 87' lang='lat' dir='ltr'>abruptum</span> <span class='ocrx_word' id='word_1_323' title='bbox 1021 3649 1204 3706; x_wconf 89' lang='lat' dir='ltr'>esse,</span> <span class='ocrx_word' id='word_1_324' title='bbox 1249 3628 1610 3719; x_wconf 87' lang='lat' dir='ltr'>siquidem</span> <span class='ocrx_word' id='word_1_325' title='bbox 1643 3632 1713 3696; x_wconf 92' lang='lat' dir='ltr'>et</span> <span class='ocrx_word' id='word_1_326' title='bbox 1743 3629 2160 3716; x_wconf 73' lang='lat' dir='ltr'>ipse‘textus</span> <span class='ocrx_word' id='word_1_327' title='bbox 2184 3628 2856 3719; x_wconf 16' lang='lat' dir='ltr'>Syriacus,7fatente</span> <span class='ocrx_word' id='word_1_328' title='bbox 2899 3633 3290 3711; x_wconf 89' lang='lat' dir='ltr'>Bunsenio,</span> <span class='ocrx_word' id='word_1_329' title='bbox 3335 3633 3588 3701; x_wconf 89' lang='lat' dir='ltr'>obscu-</span> 
     </span>
    </p>
   </div>
   <div class='ocr_carea' id='block_1_35' title="bbox 198 3718 3591 3810">
    <p class='ocr_par' dir='ltr' id='par_1_35' title="bbox 198 3718 3591 3810">
     <span class='ocr_line' id='line_1_35' title="bbox 198 3718 3591 3810; baseline 0 -23"><span class='ocrx_word' id='word_1_330' title='bbox 198 3742 351 3788; x_wconf 91' lang='lat' dir='ltr'>sum</span> <span class='ocrx_word' id='word_1_331' title='bbox 399 3726 622 3810; x_wconf 89' lang='lat' dir='ltr'>atque</span> <span class='ocrx_word' id='word_1_332' title='bbox 653 3718 1048 3810; x_wconf 83' lang='lat' dir='ltr'>abruptum</span> <span class='ocrx_word' id='word_1_333' title='bbox 1079 3738 1228 3810; x_wconf 87' lang='lat' dir='ltr'>non</span> <span class='ocrx_word' id='word_1_334' title='bbox 1270 3718 1517 3810; x_wconf 82' lang='lat' dir='ltr'>minus</span> <span class='ocrx_word' id='word_1_335' title='bbox 1550 3739 1623 3810; x_wconf 81' lang='lat' dir='ltr'>se</span> <span class='ocrx_word' id='word_1_336' title='bbox 1677 3719 2010 3810; x_wconf 50' lang='lat' dir='ltr'>praebeat,</span> <span class='ocrx_word' id='word_1_337' title='bbox 2069 3721 2168 3810; x_wconf 77' lang='lat' dir='ltr'>Ne</span> <span class='ocrx_word' id='word_1_338' title='bbox 2201 3718 2419 3810; x_wconf 83' lang='lat' dir='ltr'>igitur</span> <span class='ocrx_word' id='word_1_339' title='bbox 2465 3718 2843 3785; x_wconf 89' lang='lat' dir='ltr'>videamur</span> <span class='ocrx_word' id='word_1_340' title='bbox 2900 3741 3147 3807; x_wconf 90' lang='lat' dir='ltr'>pugna</span> <span class='ocrx_word' id='word_1_341' title='bbox 3179 3722 3458 3790; x_wconf 88' lang='lat' dir='ltr'>cedere.</span> <span class='ocrx_word' id='word_1_342' title='bbox 3502 3723 3591 3789; x_wconf 89' lang='lat' dir='ltr'>ad</span> 
     </span>
    </p>
   </div>
   <div class='ocr_carea' id='block_1_36' title="bbox 196 3805 3593 3899">
    <p class='ocr_par' dir='ltr' id='par_1_36' title="bbox 196 3805 3593 3899">
     <span class='ocr_line' id='line_1_36' title="bbox 196 3805 3593 3899; baseline 0 -23"><span class='ocrx_word' id='word_1_343' title='bbox 196 3810 377 3899; x_wconf 91' lang='lat' dir='ltr'>quod</span> <span class='ocrx_word' id='word_1_344' title='bbox 414 3805 596 3878; x_wconf 83' lang='lat' dir='ltr'>sane</span> <span class='ocrx_word' id='word_1_345' title='bbox 631 3805 1006 3899; x_wconf 50' lang='lat' dir='ltr'>nulla&#39;nos</span> <span class='ocrx_word' id='word_1_346' title='bbox 1041 3807 1408 3899; x_wconf 79' lang='lat' dir='ltr'>rationum</span> <span class='ocrx_word' id='word_1_347' title='bbox 1458 3807 1870 3894; x_wconf 90' lang='lat' dir='ltr'>indigentia</span> <span class='ocrx_word' id='word_1_348' title='bbox 1900 3807 2294 3895; x_wconf 89' lang='lat' dir='ltr'>adigimur,</span> <span class='ocrx_word' id='word_1_349' title='bbox 2350 3805 2506 3874; x_wconf 91' lang='lat' dir='ltr'>loca</span> <span class='ocrx_word' id='word_1_350' title='bbox 2551 3805 3068 3894; x_wconf 78' lang='lat' dir='ltr'>percurramus</span> <span class='ocrx_word' id='word_1_351' title='bbox 3108 3811 3444 3889; x_wconf 87' lang='lat' dir='ltr'>breviter,</span> <span class='ocrx_word' id='word_1_352' title='bbox 3519 3812 3593 3878; x_wconf 92' lang='lat' dir='ltr'>in</span> 
     </span>
    </p>
   </div>
   <div class='ocr_carea' id='block_1_37' title="bbox 197 3894 1742 3988">
    <p class='ocr_par' dir='ltr' id='par_1_37' title="bbox 197 3894 1742 3988">
     <span class='ocr_line' id='line_1_37' title="bbox 197 3894 1742 3988; baseline -0.003 -22"><span class='ocrx_word' id='word_1_353' title='bbox 197 3894 453 3988; x_wconf 79' lang='lat' dir='ltr'>quibus</span> <span class='ocrx_word' id='word_1_354' title='bbox 497 3902 733 3988; x_wconf 84' lang='lat' dir='ltr'>textus</span> <span class='ocrx_word' id='word_1_355' title='bbox 763 3919 806 3966; x_wconf 93' lang='lat' dir='ltr'>a</span> <span class='ocrx_word' id='word_1_356' title='bbox 837 3918 914 3988; x_wconf 81' lang='lat' dir='ltr'>se</span> <span class='ocrx_word' id='word_1_357' title='bbox 945 3895 1268 3964; x_wconf 88' lang='lat' dir='ltr'>invicem</span> <span class='ocrx_word' id='word_1_358' title='bbox 1299 3894 1742 3988; x_wconf 85' lang='lat' dir='ltr'>discrepant.</span> 
     </span>
    </p>
   </div>
   <div class='ocr_carea' id='block_1_38' title="bbox 281 3983 3592 4078">
    <p class='ocr_par' dir='ltr' id='par_1_38' title="bbox 281 3983 3592 4078">
     <span class='ocr_line' id='line_1_38' title="bbox 281 3983 3592 4078; baseline 0 -23"><span class='ocrx_word' id='word_1_359' title='bbox 281 3987 603 4078; x_wconf 85' lang='lat' dir='ltr'>Epistola</span> <span class='ocrx_word' id='word_1_360' title='bbox 637 3986 1256 4078; x_wconf 73' lang='lat' dir='ltr'>adPolycarpum</span> <span class='ocrx_word' id='word_1_361' title='bbox 1306 4005 1390 4052; x_wconf 90' lang='lat' dir='ltr'>ea</span> <span class='ocrx_word' id='word_1_362' title='bbox 1421 3988 1552 4078; x_wconf 80' lang='lat' dir='ltr'>est,</span> <span class='ocrx_word' id='word_1_363' title='bbox 1590 3985 1666 4051; x_wconf 92' lang='lat' dir='ltr'>in</span> <span class='ocrx_word' id='word_1_364' title='bbox 1709 4005 1852 4074; x_wconf 92' lang='lat' dir='ltr'>qua</span> <span class='ocrx_word' id='word_1_365' title='bbox 1891 3987 2112 4074; x_wconf 83' lang='lat' dir='ltr'>Syrus</span> <span class='ocrx_word' id='word_1_366' title='bbox 2162 3983 2613 4078; x_wconf 75' lang='lat' dir='ltr'>paucissima</span> <span class='ocrx_word' id='word_1_367' title='bbox 2652 3984 2941 4078; x_wconf 81' lang='lat' dir='ltr'>excidit.</span> <span class='ocrx_word' id='word_1_368' title='bbox 3004 3990 3080 4078; x_wconf 84' lang='lat' dir='ltr'>In</span> <span class='ocrx_word' id='word_1_369' title='bbox 3135 3987 3292 4055; x_wconf 90' lang='lat' dir='ltr'>sine</span> <span class='ocrx_word' id='word_1_370' title='bbox 3329 3988 3592 4056; x_wconf 89' lang='lat' dir='ltr'>nihilo-</span> 
     </span>
    </p>
   </div>
   <div class='ocr_carea' id='block_1_39' title="bbox 196 4072 3593 4164">
    <p class='ocr_par' dir='ltr' id='par_1_39' title="bbox 196 4072 3593 4164">
     <span class='ocr_line' id='line_1_39' title="bbox 196 4072 3593 4164; baseline 0 -21"><span class='ocrx_word' id='word_1_371' title='bbox 196 4072 438 4145; x_wconf 37' lang='lat' dir='ltr'>min‘us</span> <span class='ocrx_word' id='word_1_372' title='bbox 472 4076 834 4144; x_wconf 87' lang='lat' dir='ltr'>nonnulla</span> <span class='ocrx_word' id='word_1_373' title='bbox 859 4072 1191 4164; x_wconf 82' lang='lat' dir='ltr'>abstulit,</span> <span class='ocrx_word' id='word_1_374' title='bbox 1224 4093 1386 4162; x_wconf 61' lang='lat' dir='ltr'>qua;</span> <span class='ocrx_word' id='word_1_375' title='bbox 1411 4074 1645 4164; x_wconf 86' lang='lat' dir='ltr'>recisa</span> <span class='ocrx_word' id='word_1_376' title='bbox 1664 4072 2536 4164; x_wconf 18' lang='lat' dir='ltr'>trunclatorem’produnt.</span> <span class='ocrx_word' id='word_1_377' title='bbox 2575 4073 2757 4150; x_wconf 91' lang='lat' dir='ltr'>Quid</span> <span class='ocrx_word' id='word_1_378' title='bbox 2781 4075 2978 4141; x_wconf 91' lang='lat' dir='ltr'>enim</span> <span class='ocrx_word' id='word_1_379' title='bbox 3015 4075 3401 4164; x_wconf 90' lang='lat' dir='ltr'>abruptum</span> <span class='ocrx_word' id='word_1_380' title='bbox 3441 4099 3593 4144; x_wconf 88' lang='lat' dir='ltr'>ma-</span> 
     </span>
    </p>
   </div>
   <div class='ocr_carea' id='block_1_40' title="bbox 198 4161 3603 4255">
    <p class='ocr_par' dir='ltr' id='par_1_40' title="bbox 198 4161 3603 4255">
     <span class='ocr_line' id='line_1_40' title="bbox 198 4161 3603 4255; baseline 0 -24"><span class='ocrx_word' id='word_1_381' title='bbox 198 4166 305 4252; x_wconf 86' lang='lat' dir='ltr'>gis</span> <span class='ocrx_word' id='word_1_382' title='bbox 345 4187 570 4255; x_wconf 90' lang='lat' dir='ltr'>quam</span> <span class='ocrx_word' id='word_1_383' title='bbox 614 4166 755 4232; x_wconf 88' lang='lat' dir='ltr'>tria</span> <span class='ocrx_word' id='word_1_384' title='bbox 795 4163 923 4255; x_wconf 91' lang='lat' dir='ltr'>illa</span> <span class='ocrx_word' id='word_1_385' title='bbox 951 4161 1319 4232; x_wconf 72' lang='lat' dir='ltr'>commata</span> <span class='ocrx_word' id='word_1_386' title='bbox 1348 4163 1612 4251; x_wconf 86' lang='lat' dir='ltr'>quibus</span> <span class='ocrx_word' id='word_1_387' title='bbox 1643 4162 2024 4255; x_wconf 86' lang='lat' dir='ltr'>epistolam</span> <span class='ocrx_word' id='word_1_388' title='bbox 2059 4161 2437 4255; x_wconf 86' lang='lat' dir='ltr'>concludit</span> <span class='ocrx_word' id='word_1_389' title='bbox 2471 4183 2484 4227; x_wconf 90' lang='lat'><strong>:</strong></span> <span class='ocrx_word' id='word_1_390' title='bbox 2521 4165 2668 4247; x_wconf 84' lang='lat' dir='ltr'>Ego</span> <span class='ocrx_word' id='word_1_391' title='bbox 2692 4165 3036 4250; x_wconf 77' lang='lat' dir='ltr'>gaudeam</span> <span class='ocrx_word' id='word_1_392' title='bbox 3068 4167 3142 4231; x_wconf 81' lang='lat' dir='ltr'>in</span> <span class='ocrx_word' id='word_1_393' title='bbox 3185 4161 3371 4232; x_wconf 68' lang='lat' dir='ltr'>uobis</span> <span class='ocrx_word' id='word_1_394' title='bbox 3403 4169 3603 4233; x_wconf 74' lang='lat' dir='ltr'>omni</span> 
     </span>
    </p>
   </div>
   <div class='ocr_carea' id='block_1_41' title="bbox 199 4253 3598 4343">
    <p class='ocr_par' dir='ltr' id='par_1_41' title="bbox 199 4253 3598 4343">
     <span class='ocr_line' id='line_1_41' title="bbox 199 4253 3598 4343; baseline 0 -21"><span class='ocrx_word' id='word_1_395' title='bbox 199 4253 522 4342; x_wconf 78' lang='lat' dir='ltr'>tempore.</span> <span class='ocrx_word' id='word_1_396' title='bbox 573 4254 968 4322; x_wconf 80' lang='lat' dir='ltr'>Christiano</span> <span class='ocrx_word' id='word_1_397' title='bbox 996 4272 1136 4319; x_wconf 86' lang='lat' dir='ltr'>non</span> <span class='ocrx_word' id='word_1_398' title='bbox 1160 4261 1261 4319; x_wconf 88' lang='lat' dir='ltr'>est</span> <span class='ocrx_word' id='word_1_399' title='bbox 1273 4261 1578 4343; x_wconf 78' lang='lat' dir='ltr'>potestas</span> <span class='ocrx_word' id='word_1_400' title='bbox 1607 4272 1820 4343; x_wconf 81' lang='lat' dir='ltr'>super</span> <span class='ocrx_word' id='word_1_401' title='bbox 1847 4254 2098 4343; x_wconf 84' lang='lat' dir='ltr'>seipso,</span> <span class='ocrx_word' id='word_1_402' title='bbox 2141 4253 2268 4320; x_wconf 88' lang='lat' dir='ltr'>sed</span> <span class='ocrx_word' id='word_1_403' title='bbox 2290 4255 2425 4318; x_wconf 87' lang='lat' dir='ltr'>Deo</span> <span class='ocrx_word' id='word_1_404' title='bbox 2450 4264 2772 4337; x_wconf 81' lang='lat' dir='ltr'>paratus,</span> <span class='ocrx_word' id='word_1_405' title='bbox 2811 4262 2886 4320; x_wconf 86' lang='lat' dir='ltr'>ut</span> <span class='ocrx_word' id='word_1_406' title='bbox 2914 4256 3353 4338; x_wconf 77' lang='lat' dir='ltr'>subjiciatur.</span> <span class='ocrx_word' id='word_1_407' title='bbox 3419 4262 3598 4342; x_wconf 78' lang='lat' dir='ltr'>Rogo</span> 
     </span>
    </p>
   </div>
   <div class='ocr_carea' id='block_1_42' title="bbox 197 4342 3598 4431">
    <p class='ocr_par' dir='ltr' id='par_1_42' title="bbox 197 4342 3598 4431">
     <span class='ocr_line' id='line_1_42' title="bbox 197 4342 3598 4431; baseline -0.001 -18"><span class='ocrx_word' id='word_1_408' title='bbox 197 4364 435 4429; x_wconf 84' lang='lat' dir='ltr'>pacem</span> <span class='ocrx_word' id='word_1_409' title='bbox 471 4345 692 4424; x_wconf 78' lang='lat' dir='ltr'>illius,</span> <span class='ocrx_word' id='word_1_410' title='bbox 727 4345 855 4431; x_wconf 87' lang='lat' dir='ltr'>qui</span> <span class='ocrx_word' id='word_1_411' title='bbox 882 4342 1361 4431; x_wconf 73' lang='lat' dir='ltr'>dignzﬁcatus,</span> <span class='ocrx_word' id='word_1_412' title='bbox 1391 4350 1465 4408; x_wconf 83' lang='lat' dir='ltr'>ut</span> <span class='ocrx_word' id='word_1_413' title='bbox 1502 4352 1614 4408; x_wconf 89' lang='lat' dir='ltr'>eat</span> <span class='ocrx_word' id='word_1_414' title='bbox 1651 4342 1748 4408; x_wconf 88' lang='lat' dir='ltr'>ad</span> <span class='ocrx_word' id='word_1_415' title='bbox 1773 4342 2212 4410; x_wconf 76' lang='lat' dir='ltr'>Antiochiam</span> <span class='ocrx_word' id='word_1_416' title='bbox 2253 4360 2385 4427; x_wconf 86' lang='lat' dir='ltr'>pro</span> <span class='ocrx_word' id='word_1_417' title='bbox 2414 4360 2547 4431; x_wconf 86' lang='lat' dir='ltr'>me,</span> <span class='ocrx_word' id='word_1_418' title='bbox 2592 4343 2774 4407; x_wconf 82' lang='lat' dir='ltr'>sicut</span> <span class='ocrx_word' id='word_1_419' title='bbox 2798 4345 3092 4431; x_wconf 75' lang='lat' dir='ltr'>praecepi</span> <span class='ocrx_word' id='word_1_420' title='bbox 3149 4347 3286 4412; x_wconf 81' lang='lat' dir='ltr'>tibi</span> <span class='ocrx_word' id='word_1_421' title='bbox 3316 4347 3350 4410; x_wconf 78' lang='grc' dir='ltr'><em>Ρ</em></span> <span class='ocrx_word' id='word_1_422' title='bbox 3386 4347 3485 4422; x_wconf 93' lang='lat' dir='ltr'>Qu</span> <span class='ocrx_word' id='word_1_423' title='bbox 3499 4345 3598 4411; x_wconf 87' lang='lat' dir='ltr'>id-</span> 
     </span>
    </p>
   </div>
   <div class='ocr_carea' id='block_1_43' title="bbox 205 4428 1758 4512">
    <p class='ocr_par' dir='ltr' id='par_1_43' title="bbox 205 4428 1758 4510">
     <span class='ocr_line' id='line_1_43' title="bbox 205 4428 1758 4510; baseline -0.007 -11"><span class='ocrx_word' id='word_1_424' title='bbox 205 4454 375 4501; x_wconf 92' lang='lat' dir='ltr'>nam</span> <span class='ocrx_word' id='word_1_425' title='bbox 419 4435 545 4500; x_wconf 91' lang='lat' dir='ltr'>hic</span> <span class='ocrx_word' id='word_1_426' title='bbox 585 4428 1013 4500; x_wconf 43' lang='lat' dir='ltr'>sibi&#39;volunt</span> <span class='ocrx_word' id='word_1_427' title='bbox 1041 4429 1262 4497; x_wconf 91' lang='lat' dir='ltr'>verba</span> <span class='ocrx_word' id='word_1_428' title='bbox 1295 4429 1418 4496; x_wconf 91' lang='lat' dir='ltr'>illa</span> <span class='ocrx_word' id='word_1_429' title='bbox 1456 4437 1758 4510; x_wconf 65' lang='grc' dir='ltr'>Χριστιανὸι</span> 
     </span>
    </p>
   </div>
   <div class='ocr_carea' id='block_1_44' title="bbox 2050 4428 3603 4512">
    <p class='ocr_par' dir='ltr' id='par_1_44' title="bbox 2050 4428 3603 4512">
     <span class='ocr_line' id='line_1_44' title="bbox 2050 4428 3603 4512; baseline 0.007 -22"><span class='ocrx_word' id='word_1_430' title='bbox 2050 4437 2269 4506; x_wconf 62' lang='grc' dir='ltr'>,ξουσίαν</span> <span class='ocrx_word' id='word_1_431' title='bbox 2303 4436 2409 4490; x_wconf 80' lang='grc' dir='ltr'>οὐκ</span> <span class='ocrx_word' id='word_1_432' title='bbox 2437 4428 2577 4508; x_wconf 76' lang='grc' dir='ltr'><strong>ἔχει,</strong></span> <span class='ocrx_word' id='word_1_433' title='bbox 2609 4433 2756 4490; x_wconf 81' lang='grc' dir='ltr'>ἀλλὰ</span> <span class='ocrx_word' id='word_1_434' title='bbox 2787 4442 2904 4509; x_wconf 81' lang='grc' dir='ltr'>Θεῷ</span> <span class='ocrx_word' id='word_1_435' title='bbox 2934 4428 3193 4512; x_wconf 66' lang='grc' dir='ltr'>σχόλαζει</span> <span class='ocrx_word' id='word_1_436' title='bbox 3223 4435 3388 4500; x_wconf 77' lang='lat' dir='ltr'>‘IAlt</span> <span class='ocrx_word' id='word_1_437' title='bbox 3413 4436 3603 4501; x_wconf 90' lang='lat' dir='ltr'>Bun-</span> 
     </span>
    </p>
   </div>
   <div class='ocr_carea' id='block_1_45' title="bbox 207 4517 3610 4608">
    <p class='ocr_par' dir='ltr' id='par_1_45' title="bbox 207 4517 3610 4608">
     <span class='ocr_line' id='line_1_45' title="bbox 207 4517 3610 4608; baseline 0.001 -21"><span class='ocrx_word' id='word_1_438' title='bbox 207 4543 356 4590; x_wconf 90' lang='lat' dir='ltr'>sem</span> <span class='ocrx_word' id='word_1_439' title='bbox 400 4523 493 4590; x_wconf 90' lang='lat' dir='ltr'>ad</span> <span class='ocrx_word' id='word_1_440' title='bbox 531 4521 898 4608; x_wconf 84' lang='lat' dir='ltr'>lgnatium</span> <span class='ocrx_word' id='word_1_441' title='bbox 936 4520 1092 4588; x_wconf 70' lang='lat' dir='ltr'>haec</span> <span class='ocrx_word' id='word_1_442' title='bbox 1126 4518 1502 4608; x_wconf 85' lang='lat' dir='ltr'>referenda</span> <span class='ocrx_word' id='word_1_443' title='bbox 1521 4519 1821 4607; x_wconf 90' lang='lat' dir='ltr'>ejusque</span> <span class='ocrx_word' id='word_1_444' title='bbox 1855 4519 1942 4586; x_wconf 88' lang='lat' dir='ltr'>ad</span> <span class='ocrx_word' id='word_1_445' title='bbox 1965 4520 2387 4608; x_wconf 90' lang='lat' dir='ltr'>patiendum</span> <span class='ocrx_word' id='word_1_446' title='bbox 2417 4517 2960 4608; x_wconf 89' lang='lat' dir='ltr'>paratissimum</span> <span class='ocrx_word' id='word_1_447' title='bbox 2996 4524 3328 4590; x_wconf 88' lang='lat' dir='ltr'>animum</span> <span class='ocrx_word' id='word_1_448' title='bbox 3363 4523 3610 4606; x_wconf 86' lang='lat' dir='ltr'>expri-</span> 
     </span>
    </p>
   </div>
   <div class='ocr_carea' id='block_1_46' title="bbox 212 4607 3611 4694">
    <p class='ocr_par' dir='ltr' id='par_1_46' title="bbox 212 4607 3611 4694">
     <span class='ocr_line' id='line_1_46' title="bbox 212 4607 3611 4694; baseline 0 -16"><span class='ocrx_word' id='word_1_449' title='bbox 212 4633 428 4679; x_wconf 89' lang='lat' dir='ltr'>mere.</span> <span class='ocrx_word' id='word_1_450' title='bbox 480 4611 656 4688; x_wconf 88' lang='lat' dir='ltr'>Quis</span> <span class='ocrx_word' id='word_1_451' title='bbox 693 4631 864 4677; x_wconf 91' lang='lat' dir='ltr'>vero</span> <span class='ocrx_word' id='word_1_452' title='bbox 905 4609 1044 4677; x_wconf 90' lang='lat' dir='ltr'>hoc</span> <span class='ocrx_word' id='word_1_453' title='bbox 1077 4611 1372 4687; x_wconf 80' lang='grc' dir='ltr'>σχολάζειν</span> <span class='ocrx_word' id='word_1_454' title='bbox 1403 4607 1614 4683; x_wconf 87' lang='lat' dir='ltr'>dicet,</span> <span class='ocrx_word' id='word_1_455' title='bbox 1670 4608 1860 4694; x_wconf 91' lang='lat' dir='ltr'>quod</span> <span class='ocrx_word' id='word_1_456' title='bbox 1904 4607 2147 4677; x_wconf 73' lang='lat' dir='ltr'>vacare</span> <span class='ocrx_word' id='word_1_457' title='bbox 2187 4607 2429 4689; x_wconf 81' lang='lat' dir='ltr'>sonat,</span> <span class='ocrx_word' id='word_1_458' title='bbox 2468 4610 2872 4694; x_wconf 73' lang='lat' dir='ltr'>praesertim</span> <span class='ocrx_word' id='word_1_459' title='bbox 2932 4633 3100 4679; x_wconf 90' lang='lat' dir='ltr'>cum</span> <span class='ocrx_word' id='word_1_460' title='bbox 3146 4611 3317 4679; x_wconf 86' lang='lat' dir='ltr'>hinc</span> <span class='ocrx_word' id='word_1_461' title='bbox 3357 4613 3526 4679; x_wconf 91' lang='lat' dir='ltr'>inde</span> <span class='ocrx_word' id='word_1_462' title='bbox 3568 4633 3611 4679; x_wconf 91' lang='lat' dir='ltr'>a</span> 
     </span>
    </p>
   </div>
   <div class='ocr_carea' id='block_1_47' title="bbox 206 4695 3609 4788">
    <p class='ocr_par' dir='ltr' id='par_1_47' title="bbox 206 4695 3609 4788">
     <span class='ocr_line' id='line_1_47' title="bbox 206 4695 3609 4788; baseline -0.001 -20"><span class='ocrx_word' id='word_1_463' title='bbox 206 4701 586 4778; x_wconf 86' lang='lat' dir='ltr'>militibus,</span> <span class='ocrx_word' id='word_1_464' title='bbox 631 4720 812 4788; x_wconf 91' lang='lat' dir='ltr'>quos</span> <span class='ocrx_word' id='word_1_465' title='bbox 844 4697 1203 4788; x_wconf 83' lang='lat' dir='ltr'>leopardis</span> <span class='ocrx_word' id='word_1_466' title='bbox 1228 4696 1662 4788; x_wconf 62' lang='lat' dir='ltr'>aequiparat,</span> <span class='ocrx_word' id='word_1_467' title='bbox 1687 4697 2010 4788; x_wconf 58' lang='lat' dir='ltr'>iactatus</span> <span class='ocrx_word' id='word_1_468' title='bbox 2041 4699 2131 4766; x_wconf 92' lang='lat' dir='ltr'>ab</span> <span class='ocrx_word' id='word_1_469' title='bbox 2156 4698 2416 4766; x_wconf 84' lang='lat' dir='ltr'>bestias</span> <span class='ocrx_word' id='word_1_470' title='bbox 2447 4695 2882 4768; x_wconf 88' lang='lat' dir='ltr'>deducitur?</span> <span class='ocrx_word' id='word_1_471' title='bbox 2905 4704 3051 4768; x_wconf 91' lang='lat' dir='ltr'>Hoc</span> <span class='ocrx_word' id='word_1_472' title='bbox 3085 4702 3308 4768; x_wconf 88' lang='lat' dir='ltr'>sensit</span> <span class='ocrx_word' id='word_1_473' title='bbox 3348 4704 3416 4768; x_wconf 92' lang='lat' dir='ltr'>et</span> <span class='ocrx_word' id='word_1_474' title='bbox 3455 4701 3609 4788; x_wconf 89' lang='lat' dir='ltr'>ipse</span> 
     </span>
    </p>
   </div>
   <div class='ocr_carea' id='block_1_48' title="bbox 207 4785 3612 4879">
    <p class='ocr_par' dir='ltr' id='par_1_48' title="bbox 207 4785 3612 4879">
     <span class='ocr_line' id='line_1_48' title="bbox 207 4785 3612 4879; baseline -0.001 -22"><span class='ocrx_word' id='word_1_475' title='bbox 207 4792 454 4879; x_wconf 82' lang='lat' dir='ltr'>Syrus,</span> <span class='ocrx_word' id='word_1_476' title='bbox 504 4785 950 4878; x_wconf 43' lang='lat' dir='ltr'>proi—ndeque</span> <span class='ocrx_word' id='word_1_477' title='bbox 975 4785 1209 4879; x_wconf 19' lang='lat' dir='ltr'>verbrl</span> <span class='ocrx_word' id='word_1_478' title='bbox 1225 4785 1346 4879; x_wconf 82' lang='lat' dir='ltr'>illa</span> <span class='ocrx_word' id='word_1_479' title='bbox 1377 4785 1644 4879; x_wconf 81' lang='lat' dir='ltr'>adjecit</span> <span class='ocrx_word' id='word_1_480' title='bbox 1677 4785 1769 4879; x_wconf 91' lang='lat' dir='ltr'>_de</span> <span class='ocrx_word' id='word_1_481' title='bbox 1801 4807 1954 4879; x_wconf 83' lang='lat' dir='ltr'>suo,</span> <span class='ocrx_word' id='word_1_482' title='bbox 1992 4799 2070 4854; x_wconf 86' lang='lat' dir='ltr'>ut</span> <span class='ocrx_word' id='word_1_483' title='bbox 2097 4788 2547 4876; x_wconf 83' lang='lat' dir='ltr'>subjiciatur,</span> <span class='ocrx_word' id='word_1_484' title='bbox 2582 4792 2834 4879; x_wconf 65' lang='grc' dir='ltr'>ᾳκολάζει</span> <span class='ocrx_word' id='word_1_485' title='bbox 2869 4810 2998 4876; x_wconf 88' lang='lat' dir='ltr'>per</span> <span class='ocrx_word' id='word_1_486' title='bbox 3026 4810 3282 4879; x_wconf 89' lang='lat' dir='ltr'>vocem</span> <span class='ocrx_word' id='word_1_487' title='bbox 3317 4785 3612 4879; x_wconf 75' lang='lat' dir='ltr'>paratus</span> 
     </span>
    </p>
   </div>
   <div class='ocr_carea' id='block_1_49' title="bbox 210 4874 3613 4965">
    <p class='ocr_par' dir='ltr' id='par_1_49' title="bbox 210 4874 3613 4965">
     <span class='ocr_line' id='line_1_49' title="bbox 210 4874 3613 4965; baseline -0 -22"><span class='ocrx_word' id='word_1_488' title='bbox 210 4874 543 4947; x_wconf 79' lang='lat' dir='ltr'>reddens.</span> <span class='ocrx_word' id='word_1_489' title='bbox 588 4882 676 4944; x_wconf 89' lang='lat' dir='ltr'>At</span> <span class='ocrx_word' id='word_1_490' title='bbox 707 4874 926 4943; x_wconf 87' lang='lat' dir='ltr'>nemo</span> <span class='ocrx_word' id='word_1_491' title='bbox 967 4897 1115 4942; x_wconf 90' lang='lat' dir='ltr'>non</span> <span class='ocrx_word' id='word_1_492' title='bbox 1141 4874 1339 4965; x_wconf 79' lang='lat' dir='ltr'>videt</span> <span class='ocrx_word' id='word_1_493' title='bbox 1370 4874 1837 4965; x_wconf 9' lang='lat' dir='ltr'>meliuslhmc</span> <span class='ocrx_word' id='word_1_494' title='bbox 1870 4874 1946 4941; x_wconf 92' lang='lat' dir='ltr'>in</span> <span class='ocrx_word' id='word_1_495' title='bbox 1979 4874 2232 4945; x_wconf 85' lang='lat' dir='ltr'>nostro</span> <span class='ocrx_word' id='word_1_496' title='bbox 2255 4880 2448 4944; x_wconf 88' lang='lat' dir='ltr'>textu</span> <span class='ocrx_word' id='word_1_497' title='bbox 2483 4878 2760 4958; x_wconf 91' lang='lat' dir='ltr'>haberi,</span> <span class='ocrx_word' id='word_1_498' title='bbox 2796 4874 3038 4965; x_wconf 14' lang='lat' dir='ltr'>iniquo</span> <span class='ocrx_word' id='word_1_499' title='bbox 3071 4883 3224 4945; x_wconf 64' lang='lat' dir='ltr'>hmo</span> <span class='ocrx_word' id='word_1_500' title='bbox 3249 4874 3335 4944; x_wconf 89' lang='lat' dir='ltr'>de</span> <span class='ocrx_word' id='word_1_501' title='bbox 3367 4877 3613 4943; x_wconf 86' lang='lat' dir='ltr'>Chris-</span> 
     </span>
    </p>
   </div>
   <div class='ocr_carea' id='block_1_50' title="bbox 207 4963 3608 5054">
    <p class='ocr_par' dir='ltr' id='par_1_50' title="bbox 207 4963 3608 5054">
     <span class='ocr_line' id='line_1_50' title="bbox 207 4963 3608 5054; baseline -0 -20"><span class='ocrx_word' id='word_1_502' title='bbox 207 4968 426 5035; x_wconf 86' lang='lat' dir='ltr'>tianis</span> <span class='ocrx_word' id='word_1_503' title='bbox 466 4965 833 5034; x_wconf 83' lang='lat' dir='ltr'>sententia</span> <span class='ocrx_word' id='word_1_504' title='bbox 865 4963 1439 5054; x_wconf 9' lang='lat' dir='ltr'>Simyrnenrsibus</span> <span class='ocrx_word' id='word_1_505' title='bbox 1469 4963 1911 5054; x_wconf 77' lang='lat' dir='ltr'>applicatur,</span> <span class='ocrx_word' id='word_1_506' title='bbox 1953 4965 2215 5054; x_wconf 87' lang='lat' dir='ltr'>quibus</span> <span class='ocrx_word' id='word_1_507' title='bbox 2247 4969 2574 5052; x_wconf 85' lang='lat' dir='ltr'>Ignatius</span> <span class='ocrx_word' id='word_1_508' title='bbox 2611 4963 3110 5044; x_wconf 78' lang='lat' dir='ltr'>mandaverat,</span> <span class='ocrx_word' id='word_1_509' title='bbox 3154 4969 3234 5032; x_wconf 92' lang='lat' dir='ltr'>ut</span> <span class='ocrx_word' id='word_1_510' title='bbox 3264 4967 3608 5033; x_wconf 86' lang='lat' dir='ltr'>nuntium</span> 
     </span>
    </p>
   </div>
   <div class='ocr_carea' id='block_1_51' title="bbox 207 5052 3612 5144">
    <p class='ocr_par' dir='ltr' id='par_1_51' title="bbox 207 5052 3612 5144">
     <span class='ocr_line' id='line_1_51' title="bbox 207 5052 3612 5144; baseline 0 -22"><span class='ocrx_word' id='word_1_511' title='bbox 207 5056 602 5144; x_wconf 83' lang='lat' dir='ltr'>quemdam</span> <span class='ocrx_word' id='word_1_512' title='bbox 644 5052 1111 5144; x_wconf 76' lang='lat' dir='ltr'>Antiochiam</span> <span class='ocrx_word' id='word_1_513' title='bbox 1145 5053 1544 5144; x_wconf 79' lang='lat' dir='ltr'>mitterent,</span> <span class='ocrx_word' id='word_1_514' title='bbox 1580 5052 1704 5144; x_wconf 84' lang='lat' dir='ltr'>qui</span> <span class='ocrx_word' id='word_1_515' title='bbox 1744 5052 2094 5144; x_wconf 67' lang='lat' dir='ltr'>Ecclesiae</span> <span class='ocrx_word' id='word_1_516' title='bbox 2127 5053 2232 5121; x_wconf 91' lang='lat' dir='ltr'>illi</span> <span class='ocrx_word' id='word_1_517' title='bbox 2265 5054 2351 5144; x_wconf 10' lang='lat' dir='ltr'>die</span> <span class='ocrx_word' id='word_1_518' title='bbox 2397 5058 2629 5144; x_wconf 88' lang='lat' dir='ltr'>sopita</span> <span class='ocrx_word' id='word_1_519' title='bbox 2670 5056 3172 5144; x_wconf 90' lang='lat' dir='ltr'>persecutione</span> <span class='ocrx_word' id='word_1_520' title='bbox 3215 5062 3612 5144; x_wconf 90' lang='lat' dir='ltr'>congratu-</span> 
     </span>
    </p>
   </div>
   <div class='ocr_carea' id='block_1_52' title="bbox 206 5140 3607 5234">
    <p class='ocr_par' dir='ltr' id='par_1_52' title="bbox 206 5140 3607 5234">
     <span class='ocr_line' id='line_1_52' title="bbox 206 5140 3607 5234; baseline 0 -24"><span class='ocrx_word' id='word_1_521' title='bbox 206 5140 502 5213; x_wconf 75' lang='lat' dir='ltr'>laretur.</span> <span class='ocrx_word' id='word_1_522' title='bbox 550 5147 702 5234; x_wconf 87' lang='lat' dir='ltr'>Hoc</span> <span class='ocrx_word' id='word_1_523' title='bbox 744 5163 923 5234; x_wconf 82' lang='lat' dir='ltr'>opus</span> <span class='ocrx_word' id='word_1_524' title='bbox 967 5140 1481 5234; x_wconf 75' lang='lat' dir='ltr'>charitatisad</span> <span class='ocrx_word' id='word_1_525' title='bbox 1526 5142 1650 5234; x_wconf 85' lang='lat' dir='ltr'>Dei</span> <span class='ocrx_word' id='word_1_526' title='bbox 1691 5140 2002 5234; x_wconf 82' lang='lat' dir='ltr'>gloriam</span> <span class='ocrx_word' id='word_1_527' title='bbox 2054 5142 2380 5234; x_wconf 82' lang='lat' dir='ltr'>foreait,</span> <span class='ocrx_word' id='word_1_528' title='bbox 2424 5140 2508 5212; x_wconf 88' lang='lat' dir='ltr'>ad</span> <span class='ocrx_word' id='word_1_529' title='bbox 2577 5140 2769 5212; x_wconf 79' lang='lat' dir='ltr'>hanc</span> <span class='ocrx_word' id='word_1_530' title='bbox 2819 5167 2992 5213; x_wconf 88' lang='lat' dir='ltr'>vero</span> <span class='ocrx_word' id='word_1_531' title='bbox 3034 5140 3607 5234; x_wconf 80' lang='lat' dir='ltr'>promovendam</span> 
     </span>
    </p>
   </div>
   <div class='ocr_carea' id='block_1_53' title="bbox 208 5229 3612 5323">
    <p class='ocr_par' dir='ltr' id='par_1_53' title="bbox 208 5229 3612 5323">
     <span class='ocr_line' id='line_1_53' title="bbox 208 5229 3612 5323; baseline 0 -24"><span class='ocrx_word' id='word_1_532' title='bbox 208 5235 462 5320; x_wconf 89' lang='lat' dir='ltr'>quovis</span> <span class='ocrx_word' id='word_1_533' title='bbox 493 5231 705 5301; x_wconf 91' lang='lat' dir='ltr'>modo</span> <span class='ocrx_word' id='word_1_534' title='bbox 736 5229 1182 5323; x_wconf 83' lang='lat' dir='ltr'>tendendum</span> <span class='ocrx_word' id='word_1_535' title='bbox 1217 5229 1676 5323; x_wconf 85' lang='lat' dir='ltr'>Christianis,</span> <span class='ocrx_word' id='word_1_536' title='bbox 1712 5231 1901 5321; x_wconf 91' lang='lat' dir='ltr'>quod</span> <span class='ocrx_word' id='word_1_537' title='bbox 1938 5252 2085 5300; x_wconf 92' lang='lat' dir='ltr'>non</span> <span class='ocrx_word' id='word_1_538' title='bbox 2109 5232 2246 5301; x_wconf 93' lang='lat' dir='ltr'>sibi</span> <span class='ocrx_word' id='word_1_539' title='bbox 2281 5233 2554 5318; x_wconf 89' lang='lat' dir='ltr'>vivant,</span> <span class='ocrx_word' id='word_1_540' title='bbox 2594 5234 2718 5303; x_wconf 90' lang='lat' dir='ltr'>sed</span> <span class='ocrx_word' id='word_1_541' title='bbox 2750 5234 2886 5302; x_wconf 90' lang='lat' dir='ltr'>sibi</span> <span class='ocrx_word' id='word_1_542' title='bbox 2912 5229 3230 5323; x_wconf 80' lang='lat' dir='ltr'>quodam</span> <span class='ocrx_word' id='word_1_543' title='bbox 3255 5232 3470 5300; x_wconf 91' lang='lat' dir='ltr'>modo</span> <span class='ocrx_word' id='word_1_544' title='bbox 3491 5253 3612 5300; x_wconf 93' lang='lat' dir='ltr'>va-</span> 
     </span>
    </p>
   </div>
   <div class='ocr_carea' id='block_1_54' title="bbox 206 5321 1567 5411">
    <p class='ocr_par' dir='ltr' id='par_1_54' title="bbox 206 5321 1567 5411">
     <span class='ocr_line' id='line_1_54' title="bbox 206 5321 1567 5411; baseline -0.003 -21"><span class='ocrx_word' id='word_1_545' title='bbox 206 5327 482 5405; x_wconf 90' lang='lat' dir='ltr'>cantes,</span> <span class='ocrx_word' id='word_1_546' title='bbox 519 5343 649 5411; x_wconf 92' lang='lat' dir='ltr'>pro</span> <span class='ocrx_word' id='word_1_547' title='bbox 691 5325 833 5389; x_wconf 92' lang='lat' dir='ltr'>Deo</span> <span class='ocrx_word' id='word_1_548' title='bbox 872 5321 1124 5390; x_wconf 88' lang='lat' dir='ltr'>omnia</span> <span class='ocrx_word' id='word_1_549' title='bbox 1155 5322 1567 5409; x_wconf 87' lang='lat' dir='ltr'>operentur.</span> 
     </span>
    </p>
   </div>
   <div class='ocr_carea' id='block_1_55' title="bbox 275 5489 3612 5566">
    <p class='ocr_par' dir='ltr' id='par_1_55' title="bbox 275 5489 3612 5566">
     <span class='ocr_line' id='line_1_55' title="bbox 275 5489 3612 5566; baseline -0.001 -19"><span class='ocrx_word' id='word_1_550' title='bbox 275 5492 390 5564; x_wconf 83' lang='lat'>(2&#39;2)</span> <span class='ocrx_word' id='word_1_551' title='bbox 424 5494 592 5549; x_wconf 82' lang='lat' dir='ltr'>Rom.</span> <span class='ocrx_word' id='word_1_552' title='bbox 628 5511 645 5547; x_wconf 85' lang='lat'>1</span> <span class='ocrx_word' id='word_1_553' title='bbox 676 5494 738 5548; x_wconf 90' lang='lat' dir='ltr'>in</span> <span class='ocrx_word' id='word_1_554' title='bbox 783 5509 889 5566; x_wconf 85' lang='lat' dir='ltr'>sex</span> <span class='ocrx_word' id='word_1_555' title='bbox 942 5492 1116 5546; x_wconf 88' lang='lat' dir='ltr'>lineis</span> <span class='ocrx_word' id='word_1_556' title='bbox 1149 5495 1390 5566; x_wconf 73' lang='lat' dir='ltr'>qu_ater_</span> <span class='ocrx_word' id='word_1_557' title='bbox 1414 5489 1525 5566; x_wconf 35' lang='grc' dir='ltr'>γάρ.</span> <span class='ocrx_word' id='word_1_558' title='bbox 1552 5492 1811 5566; x_wconf 78' lang='lat' dir='ltr'>occurrit</span> <span class='ocrx_word' id='word_1_559' title='bbox 1842 5508 1856 5557; x_wconf 90' lang='lat'><strong>;</strong></span> <span class='ocrx_word' id='word_1_560' title='bbox 1998 5563 2007 5566; x_wconf 77' lang='lat'><strong><em>_</em></strong></span> <span class='ocrx_word' id='word_1_561' title='bbox 2039 5493 2150 5564; x_wconf 88' lang='lat'>(23)</span> <span class='ocrx_word' id='word_1_562' title='bbox 2181 5493 2264 5549; x_wconf 82' lang='lat' dir='ltr'>Cf.</span> <span class='ocrx_word' id='word_1_563' title='bbox 2313 5497 2572 5566; x_wconf 81' lang='lat' dir='ltr'>Pearson</span> <span class='ocrx_word' id='word_1_564' title='bbox 2628 5496 2815 5566; x_wconf 47' lang='lat' dir='ltr'>Vind,</span> <span class='ocrx_word' id='word_1_565' title='bbox 2855 5497 3001 5564; x_wconf 87' lang='lat' dir='ltr'>Ign.,</span> <span class='ocrx_word' id='word_1_566' title='bbox 3051 5512 3108 5566; x_wconf 78' lang='grc' dir='ltr'>ρ.</span> <span class='ocrx_word' id='word_1_567' title='bbox 3163 5513 3205 5561; x_wconf 78' lang='grc' dir='ltr'>ι,</span> <span class='ocrx_word' id='word_1_568' title='bbox 3239 5512 3289 5550; x_wconf 82' lang='grc' dir='ltr'>ο.</span> <span class='ocrx_word' id='word_1_569' title='bbox 3328 5494 3411 5548; x_wconf 76' lang='grc'><strong>14.</strong></span> <span class='ocrx_word' id='word_1_570' title='bbox 3441 5495 3612 5566; x_wconf 79' lang='lat' dir='ltr'>Rom.</span> 
     </span>
    </p>
   </div>
   <div class='ocr_carea' id='block_1_56' title="bbox 206 5561 1759 5638">
    <p class='ocr_par' dir='ltr' id='par_1_56' title="bbox 206 5561 1751 5638">
     <span class='ocr_line' id='line_1_56' title="bbox 206 5561 1751 5638; baseline 0 -20"><span class='ocrx_word' id='word_1_571' title='bbox 206 5561 381 5638; x_wconf 70' lang='lat' dir='ltr'>§yrus</span> <span class='ocrx_word' id='word_1_572' title='bbox 414 5568 582 5638; x_wconf 80' lang='lat' dir='ltr'>Rom.</span> <span class='ocrx_word' id='word_1_573' title='bbox 616 5567 672 5619; x_wconf 75' lang='grc'>4.</span> <span class='ocrx_word' id='word_1_574' title='bbox 706 5565 883 5638; x_wconf 16' lang='lat' dir='ltr'>5A.»in_</span> <span class='ocrx_word' id='word_1_575' title='bbox 909 5571 1136 5635; x_wconf 84' lang='lat' dir='ltr'>septem</span> <span class='ocrx_word' id='word_1_576' title='bbox 1169 5561 1395 5638; x_wconf 18' lang='lat' dir='ltr'>ilineisl</span> <span class='ocrx_word' id='word_1_577' title='bbox 1427 5561 1751 5638; x_wconf 74' lang='lat' dir='ltr'>qninquies</span> 
     </span>
    </p>
   </div>
   <div class='ocr_carea' id='block_1_57' title="bbox 2057 5561 3610 5638">
    <p class='ocr_par' dir='ltr' id='par_1_57' title="bbox 2057 5561 3610 5638">
     <span class='ocr_line' id='line_1_57' title="bbox 2057 5561 3610 5638; baseline -0.001 -19"><span class='ocrx_word' id='word_1_578' title='bbox 2057 5605 2084 5633; x_wconf 89' lang='lat'>.,</span> <span class='ocrx_word' id='word_1_579' title='bbox 2115 5561 2308 5638; x_wconf 51' lang='lat'>($911.1</span> <span class='ocrx_word' id='word_1_580' title='bbox 2346 5583 2359 5620; x_wconf 73' lang='grc' dir='ltr'><strong>ε</strong></span> <span class='ocrx_word' id='word_1_581' title='bbox 2392 5564 2633 5638; x_wconf 78' lang='grc' dir='ltr'>ᾆξιόθεος</span> <span class='ocrx_word' id='word_1_582' title='bbox 2669 5583 2683 5636; x_wconf 85' lang='grc'>;</span> <span class='ocrx_word' id='word_1_583' title='bbox 2718 5561 2915 5638; x_wconf 68' lang='grc' dir='ltr'>1³01Υὸ.</span> <span class='ocrx_word' id='word_1_584' title='bbox 2952 5569 2982 5621; x_wconf 88' lang='lat'><strong>3</strong></span> <span class='ocrx_word' id='word_1_585' title='bbox 3018 5561 3372 5638; x_wconf 65' lang='grc' dir='ltr'>ε’ἀξιόπιςτας</span> <span class='ocrx_word' id='word_1_586' title='bbox 3408 5581 3421 5632; x_wconf 85' lang='grc'><strong>;</strong></span> <span class='ocrx_word' id='word_1_587' title='bbox 3464 5563 3610 5634; x_wconf 87' lang='lat' dir='ltr'>Eph.</span> 
     </span>
    </p>
   </div>
   <div class='ocr_carea' id='block_1_58' title="bbox 199 5629 1752 5763">
    <p class='ocr_par' dir='ltr' id='par_1_58' title="bbox 199 5629 1738 5763">
     <span class='ocr_line' id='line_1_58' title="bbox 199 5629 1738 5708; baseline 0.001 -19"><span class='ocrx_word' id='word_1_588' title='bbox 199 5629 396 5706; x_wconf 82' lang='lat' dir='ltr'>Polyc.</span> <span class='ocrx_word' id='word_1_589' title='bbox 433 5640 464 5691; x_wconf 83' lang='lat'><strong>5</strong></span> <span class='ocrx_word' id='word_1_590' title='bbox 489 5637 550 5694; x_wconf 88' lang='lat' dir='ltr'>in</span> <span class='ocrx_word' id='word_1_591' title='bbox 585 5641 718 5694; x_wconf 85' lang='lat' dir='ltr'>octo</span> <span class='ocrx_word' id='word_1_592' title='bbox 742 5635 919 5691; x_wconf 86' lang='lat' dir='ltr'>lineis</span> <span class='ocrx_word' id='word_1_593' title='bbox 953 5629 1162 5708; x_wconf 65' lang='lat' dir='ltr'>quater</span> <span class='ocrx_word' id='word_1_594' title='bbox 1182 5629 1240 5688; x_wconf 80' lang='grc' dir='ltr'><strong>δέ</strong></span> <span class='ocrx_word' id='word_1_595' title='bbox 1271 5629 1489 5707; x_wconf 77' lang='lat' dir='ltr'>posuit,</span> <span class='ocrx_word' id='word_1_596' title='bbox 1521 5629 1738 5691; x_wconf 62' lang='lat' dir='ltr'>utalia</span> 
     </span>
     <span class='ocr_line' id='line_1_59' title="bbox 211 5720 474 5763; baseline 0.008 -2"><span class='ocrx_word' id='word_1_597' title='bbox 211 5720 474 5763; x_wconf 78' lang='lat' dir='ltr'>ceamus.</span> 
     </span>
    </p>
   </div>
   <div class='ocr_carea' id='block_1_59' title="bbox 1063 5629 2616 5763">
    <p class='ocr_par' dir='ltr' id='par_1_59' title="bbox 1063 5629 2616 5763">
     <span class='ocr_line' id='line_1_60' title="bbox 1063 5629 2616 5763; baseline 0.001 -71"><span class='ocrx_word' id='word_1_598' title='bbox 1063 5641 1162 5692; x_wconf 79' lang='lat' dir='ltr'>.ter</span> <span class='ocrx_word' id='word_1_599' title='bbox 1182 5629 1240 5688; x_wconf 80' lang='grc' dir='ltr'><strong>δέ</strong></span> <span class='ocrx_word' id='word_1_600' title='bbox 1271 5629 1489 5707; x_wconf 77' lang='lat' dir='ltr'>posuit,</span> <span class='ocrx_word' id='word_1_601' title='bbox 1521 5629 1738 5691; x_wconf 51' lang='lat' dir='ltr'>lit—alia</span> <span class='ocrx_word' id='word_1_602' title='bbox 1767 5639 1859 5692; x_wconf 87' lang='lat' dir='ltr'>ta-</span> <span class='ocrx_word' id='word_1_603' title='bbox 1967 5629 2108 5699; x_wconf 30' lang='lat' dir='ltr'>tit...</span> <span class='ocrx_word' id='word_1_604' title='bbox 2142 5629 2616 5763; x_wconf 54' lang='grc' dir='ltr'>ἆὲοῖακάρίστος.</span> 
     </span>
     <span class='ocr_line' id='line_1_61' title="bbox 2041 5707 2410 5763; baseline 0 0"><span class='ocrx_word' id='word_1_605' title='bbox 2041 5707 2150 5763; x_wconf 73' lang='grc'>(24)</span> <span class='ocrx_word' id='word_1_606' title='bbox 2229 5724 2261 5763; x_wconf 84' lang='lat' dir='ltr'>n</span> <span class='ocrx_word' id='word_1_607' title='bbox 2313 5748 2326 5763; x_wconf 92' lang='lat'>.</span> <span class='ocrx_word' id='word_1_608' title='bbox 2362 5712 2410 5763; x_wconf 80' lang='grc'><strong>1.</strong></span> 
     </span>
    </p>
   </div>
   <div class='ocr_carea' id='block_1_60' title="bbox 211 5707 1764 5779">
    <p class='ocr_par' dir='ltr' id='par_1_60' title="bbox 211 5707 978 5764">
     <span class='ocr_line' id='line_1_62' title="bbox 211 5707 978 5764; baseline 0.003 -3"><span class='ocrx_word' id='word_1_609' title='bbox 211 5720 474 5764; x_wconf 75' lang='lat' dir='ltr'>ceamus.</span> <span class='ocrx_word' id='word_1_610' title='bbox 975 5707 978 5708; x_wconf 62' lang='grc'><strong><em>⁷</em></strong></span> 
     </span>
    </p>
   </div>
   <div class='ocr_carea' id='block_1_61' title="bbox 856 5707 2409 5779">
    <p class='ocr_par' dir='ltr' id='par_1_61' title="bbox 975 5707 2409 5779">
     <span class='ocr_line' id='line_1_63' title="bbox 975 5707 2409 5779; baseline 0.003 -18"><span class='ocrx_word' id='word_1_611' title='bbox 975 5707 978 5708; x_wconf 62' lang='grc'><strong><em>⁷</em></strong></span> <span class='ocrx_word' id='word_1_612' title='bbox 2041 5707 2150 5779; x_wconf 76' lang='grc'>(24)</span> <span class='ocrx_word' id='word_1_613' title='bbox 2181 5707 2326 5779; x_wconf 89' lang='lat' dir='ltr'>Eph.</span> <span class='ocrx_word' id='word_1_614' title='bbox 2362 5712 2409 5767; x_wconf 81' lang='grc'><strong>1.</strong></span> 
     </span>
    </p>
   </div>
  </div>
