3932 6304
356 384 475 443 623
1011 381 1112 444 DE
1154 381 1682 444 INTEGHITATE
1725 378 2035 441 TEXTUS
2083 378 2424 441 RECEPTI
2470 379 2644 441 EPP.
2688 381 2753 441 S.
2803 379 3129 442 IGNA'I‘II.
3661 376 3781 436 624

362 516 693 609 ti_co,iqui
722 517 1016 586 articuli
1046 519 1285 588 vicem
1331 517 1524 608 apud
1563 521 1792 609 Syros
1838 516 2058 609 tenet.
2096 516 2369 584 Verum
2416 518 2954 609 _Pe_termannus
2985 512 3267 609 notavit
3309 513 3584 609 statum
3625 532 3778 580 em-

365 604 747 698 phaticum
789 629 1283 698 nonnunqum
1324 604 1546 698 etiam
1580 604 1964 698 indefinitu
1979 625 2062 698 mg
2082 623 2382 674 sensum
2407 604 2684 698 habere
2728 610 2946 674 Porro
2971 607 3231 698 notum
3261 605 3394 698 est,
3430 621 3778 698 numeros

365 693 777 765 cardinales
817 693 1263 765 ordinalium
1335 697 1581 766 locum
1624 696 1811 785 apud
1863 693 2212 786 Semitas
2249 695 2656 786 sapissime
2705 697 2970 786 tenere.
3034 693 3190 762 Dici
3249 693 3471 786 etiam
3513 694 3774 782 potest,

370 807 906 876 amanuensem
955 787 1441 856 determinate
1488 781 1712 876 loqui,
1757 785 1879 853 sed
1937 788 2080 876 tres
2143 783 2307 852 illas
2353 781 2661 875 epistola
2703 783 3130 876 signiﬁcare
3185 781 3532 876 voluisse,
3592 801 3780 876 quas

367 874 623 967 lectori
644 875 908 967 efferre
939 881 1314 967 excerptas
1347 869 1844 967 proposuerat.
1883 874 2206 964 Denique
2237 869 2530 944 tota—res
2569 869 2992 944 auctoritate
3035 870 3518 942 amanuensis
3552 869 3785 939 unius

369 964 664 1034 obscuri
693 967 908 1054 atque
938 964 1187 1035 forsan
1219 964 1627 1054 ignorantis
1659 965 1945 1033 nititur.

465 986 664 1033 scuri
693 986 767 1032 at
823 987 908 1034 ue
938 986 1187 1035 Iorsan
1219 986 1627 1054 ignoranus
1659 986 1945 1033 nititur.

460 1054 536 1122 Si
577 1055 742 1144 quis
769 986 1092 1144 genique
1123 1077 1319 1144 aegre
1349 1056 1482 1123 sibi
1526 1057 1603 1122 in
1638 1057 1960 1122 mentem
1999 1052 2328 1144 inducat,
2371 1058 2650 1144 textum
2691 1054 2958 1143 Ignatii
2998 1049 3779 1144 decurtatumluisse:

369 1139 686 1245 alterum
716 1139 1072 1245 ejusmodi
1105 1139 1791 1247 exemplumadest,
1821 1146 2064 1244 atque,
2097 1142 2287 1231 quod
2325 1139 2758 1212 evidentius'
2773 1147 2904 1221 est,
2943 1143 3020 1245 in
3071 1142 3249 1298 ipsis
3283 1139 3550 1229 Ignatii
3581 1139 3782 1228 epis-

371 1231 537 1298 tolis
561 1237 997 1298 consmtens.
1036 1234 1404 1298 Habemus
1434 1255 1635 1298 emm
1659 1232 1852 1298 aoud
1880 1233 2290 1298 Simeonem
2316 1233 2848 1298 Metaohrasten
2876 1235 3107 1298 emsto
3140 1252 3262 1298 am
3289 1229 3379 1298 ad
3405 1233 3777 1298 Romanos

371 1231 537 1301 tolis
561 1229 997 1302 consistens.
1036 1229 1404 1302 Habemus
1434 1234 1635 1302 enim
1659 1232 1852 1320 apud
1880 1229 2290 1300 Simeonem
2316 1233 2848 1320 Metaphrasten
2876 1229 3262 1320 epistolam
3289 1229 3379 1298 ad
3405 1233 3777 1298 Romanos

369 1321 774 1411 narrationi
816 1324 1150 1411 martyrii
1181 1323 1560 1399 insertam,
1605 1343 1827 1411 quam
1861 1342 1935 1389 se
1957 1326 2045 1382 ἐπὶ
2078 1326 2245 1398 λέξως
2279 1321 2734 1390 redditurum
2768 1320 3176 1411 pollicetur,
3221 1320 3297 1411 in
3339 1339 3484 1411 qua
3521 1321 3780 1386 tamen

369 1345 774 1390 narrationi
816 1345 1150 1411 martyrii
1181 1345 1560 1399 insertam,
1658 1345 1827 1390 nam
1861 1345 1935 1389 se
1957 1345 2045 1382 επι
2079 1345 2245 1398 Αεξως
2279 1345 2734 1390 redditurum
2768 1345 3176 1411 pouicetur,
3221 1345 3297 1387 lIl
3339 1345 3484 1409 qua
3522 1345 3780 1386 tamen

369 1413 438 1476 et
498 1411 620 1500 hic
660 1409 872 1500 plura
902 1411 1166 1480 desunt
1195 1415 1266 1482 et
1295 1411 1442 1480 alia
1479 1345 1777 1500 quidem
1817 1431 2038 1499 quem
2104 1411 2298 1500 apud
2331 1415 2623 1500 Syrum.
2689 1413 2845 1481 Non
2884 1415 3042 1481 erat
3102 1409 3407 1500 proinde
3445 1408 3787 1477 insuetus

371 1499 636 1566 modus
667 1499 800 1590 iste
839 1501 1296 1590 excerpendi.

462 1587 712 1680 Quoad
758 1590 984 1656 ﬁnem
1021 1587 1214 1680 vero,
1270 1611 1489 1680 quem
1548 1594 1773 1680 Syrus
1832 1589 1954 1680 ille
1995 1589 2132 1680 sibi
2175 1595 2674 1680 proposuerat,
2715 1610 2890 1680 cum
2950 1589 3215 1678 lgnatii
3275 1587 3619 1680 epistolas
3683 1587 3788 1654 ita

371 1677 755 1768 excerpsit,
779 1700 930 1746 non
964 1679 1248 1748 videtur
1277 1676 1367 1747 ad
1402 1676 1670 1747 tuenda
1696 1679 1988 1768 propria
2008 1676 2362 1765 dogmata
2391 1679 2670 1746 factum
2703 1676 3156 1758 fuisse,cum,
3191 1683 3269 1746 ut
3298 1676 3790 1768 ostendimus,

373 1764 447 1830 in
481 1764 818 1835 doctrina
858 1789 1028 1835 cum
1065 1774 1310 1836 nostro
1355 1768 1569 1857 plane
1617 1764 2054 1836 consentiat.
2109 1764 2764 1857 Monophysita,ut
2812 1769 3196 1857 supposuit
3236 1766 3786 1857 Wordswortb,

373 1875 520 1947 non
562 1859 736 1947 erat,
772 1878 945 1947 cum
989 1859 1061 1924 in
1096 1856 1401 1947 epistola
1433 1857 1520 1925 ad
1569 1857 2052 1946 Polycarpum
2088 1860 2220 1944 (65)
2255 1858 2550 1947 insigne
2583 1856 2882 1947 effatum
2906 1856 3314 1947 reliquerit,
3349 1856 3499 1947 qui
3527 1858 3788 1922 Mono-

374 1942 826 2036 physiticum
877 1942 1160 2036 dogma'
1181 1947 1511 2015 destruit.
1579 1942 1734 2016 Prae
1774 1942 2058 2036 ere—teris
2103 1942 2370 2035 itaque
2414 1942 2877 2036 admittenda
2942 1942 3093 2014 illa_
3123 1942 3572 2036 hypotbesis,
3621 1964 3789 2034 quae

375 2035 640 2126 Syrum
673 2035 1068 2126 quemdam
1129 2036 1219 2104 ad
1279 2058 1494 2104 usum
1555 2037 1954 2126 asceticum
2013 2035 2180 2126 illas
2213 2035 2552 2126 epistolas
2601 2035 3076 2126 descripsisse
3136 2035 3795 2126 suspicatu_r,‘quaa

377 2122 624 2227 plures
673 2125 1030 2227 ejusmodi
1074 2127 1419 2227 materias
1460 2125 1902 2227 retinebant,
1935 2125 2228 2227 omissis
2259 2125 2373 2227 iis,
2409 2145 2571 2213 quae
2616 2145 2834 2227 scopo
2852 2122 3006 2226 :suo
3059 2145 3209 2227 non
3259 2122 3794 2227 inseryiebant.

375 2211 547 2304 Quae
578 2210 1007 2304 bypothesis
1038 2218 1215 2304 eteo
1264 2215 1856 2304 commendatur,
1896 2214 2087 2302 quod
2119 2210 2452 2304 ejusdem
2487 2210 2779 2304 generis
2819 2214 2966 2282 sint
3013 2213 3160 2282 alia
3191 2213 3572 2304 opuscula,
3617 2232 3788 2300 quae

373 2297 450 2364 in
491 2297 963 2369 collectaneis
997 2303 1384 2386 habentur,
1418 2303 1494 2370 in
1527 2303 1790 2391 quibus
1833 2297 2174 2390 Ignatius'
2201 2297 2545 2392 Syriacus
2574 2303 2906 2372 detectus
2940 2310 3074 2372 est.

441 2464 558 2536 (65)
588 2467 655 2523 N.
688 2468 744 2521 3.
