3932 6304
393 416 507 478 631

1357 408 1644 471 SANCTI
1691 403 1996 466 lGNATIl
2039 401 2446 465 EPISTULA
2489 406 2883 469 GENUINAE.

3695 403 3817 464 632

471 552 628 605 Pene
659 553 898 604 centum
928 545 1101 602 annis
1131 550 1263 616 post
1285 543 1582 600 breviores
1608 542 1848 597 demum
1873 544 1933 596 et
1951 555 2044 611 ge-
2073 537 2434 605 Acasionem
2451 539 3291 613 prabuisseperhibetur,esse
3305 538 3809 594 commentitium.

399 639 603 698 nuina
630 640 686 694 S.
713 637 922 710 Ignatii
948 635 1208 708 epistolae
1236 634 1482 690 detecta
1513 638 1674 700 sunt,
1698 647 1916 702 easque
1929 630 2054 702 pri-

403 746 540 787 mus
571 730 764 785 Grace
807 727 994 782 edidit
1039 725 1444 781 Amstelodam
1503 725 1640 779 1646
1687 723 1762 777 Is.
1812 720 2052 776 Vossius

409 837 481 876 ex
513 835 632 875 uno
663 817 982 890 superstite
1007 815 1382 871 bibliotheca
1410 813 1686 870 Medicea
1715 809 1916 866 codice
1937 827 2048 865 ms.

408 909 612 966 saculi
643 925 722 972 χι,
754 912 1131 976 veteremque
1155 906 1420 962 Latinam
1445 903 1775 958 versionem
1799 899 2048 966 addidit,

405 1015 583 1072 quam
611 1000 809 1052 Graeco
841 995 1162 1066 exemplari
1201 991 1632 1066 propemodum
1683 990 1742 1044 in
1775 987 2052 1044 omnibus

403 1085 868 1160 respondentem
891 1083 1098 1139 Oxonii
1125 1085 1261 1137 1244
1288 1099 1317 1137 e
1341 1081 1570 1137 duobus
1588 1078 1914 1144 codicibus,
1933 1093 2052 1132 uno

403 1175 872 1247 Cantabrigiensi
895 1178 952 1228 et
972 1173 1158 1228 altero
1177 1189 1244 1228 ex
1272 1171 1630 1226 bibliotheca
1649 1167 1885 1225 Ricardi
1918 1167 2052 1239 epi-

404 1267 564 1338 scopi
583 1260 1231 1326 NorvicensisJacobus
1245 1260 1538 1326 Usserius,
1571 1255 2054 1330 archiepiscopus

403 1354 833 1420 Armachanus,
867 1350 1202 1424 vulgaverat
1231 1351 1364 1421 (37).

475 1444 690 1498 Verum
721 1457 856 1496 cum
888 1440 950 1494 in
974 1439 1076 1495 illo
1106 1442 1189 1506 (et
1216 1437 1418 1512 unico)
1443 1437 1644 1494 codice
1669 1435 1925 1492 Mediceo
1947 1452 2053 1491 seu

401 1530 742 1588 Florentino
775 1529 1009 1584 deesset
1038 1528 1291 1600 epistola
1320 1527 1395 1584 ad
1442 1530 1763 1596 Romanos,
1812 1524 2055 1582 Vossius

405 1621 572 1676 illam
599 1637 670 1675 ex
690 1617 1182 1690 interpolatarum
1205 1618 1466 1673 editione
1493 1615 2052 1688 desumptam,duce

405 1714 601 1765 vetere
624 1709 968 1780 interprete,
989 1725 1109 1763 sua
1127 1707 1451 1781 integritati
1474 1708 1790 1764 restituere
1811 1703 2053 1761 adortus

406 1803 515 1854 est.
541 1800 711 1854 Anno
729 1801 928 1853 autem
957 1799 1093 1852 1689
1121 1797 1432 1868 epistolam
1451 1796 1524 1851 ad
1545 1793 2052 1860 Romanos,veteri

403 1888 626 1944 Latina
657 1887 913 1943 versioni
955 1885 1321 1942 adamussim
1373 1886 1821 1957 aequiperatum,
1857 1900 1886 1938 e
1918 1881 2049 1939 cod.
2080 1911 2131 1978 B

403 1980 534 2033 1451
592 1975 969 2032 bibliotheca
1018 1975 1211 2048 Regia
1262 1975 1616 2031 Parisiensis
1668 1973 2046 2029 membrana-

401 2085 506 2123 ceo
545 2068 676 2140 (38),
710 2066 952 2123 Parisiis
1005 2065 1228 2137 publici
1265 2065 1422 2137 juris
1468 2065 1609 2120 fecit
1654 2063 2049 2119 Theodericus

400 2157 720 2216 Ruinartus
753 2157 814 2210 in
845 2157 999 2212 Actis
1035 2162 1344 2224 martyrum
1373 2157 1636 2220 sinceris;
1671 2169 1846 2224 quam
1879 2151 2046 2207 dein-

399 2263 538 2318 ceps
569 2245 818 2300 Grabius
851 2249 908 2298 et
937 2243 1202 2299 Clericus
1231 2243 1470 2314 prodire
1517 2243 1846 2315 jusserunt.
1882 2242 2050 2296 Anno

401 2338 538 2390 1709
559 2333 769 2390 Oxonii
791 2332 1017 2405 prodiit
1036 2333 1532 2404 prastantissima
1555 2332 1794 2386 Thema
1817 2329 2051 2386 Smithii

399 2424 602 2493 editio,
632 2439 811 2495 quam
841 2423 1027 2479 secuti
1060 2427 1202 2478 sunt
1240 2422 1564 2478 Ludovicus
1596 2423 1766 2493 Frey,
1807 2421 2052 2477 Richar-

400 2514 512 2572 dus
534 2514 764 2584 Russel,
781 2513 1044 2569 Andreas
1057 2512 1400 2569 Gallandius
1415 2516 1472 2567 et
1485 2511 1832 2568 Guilielmus
1847 2511 2053 2567 Jacob-

403 2621 584 2662 sonus
613 2621 627 2672 ;
661 2621 811 2678 quos
842 2609 900 2660 et
929 2621 1037 2660 nos
1069 2603 1248 2659 duces
1277 2602 1616 2659 habuimus.

470 2695 568 2748 IV.
591 2694 754 2748 Inter
771 2709 871 2748 eos
894 2693 995 2764 qui
1015 2708 1122 2763 pro
1141 2690 1409 2762 epistolis
1423 2690 1586 2746 hisce
1601 2690 1888 2747 vindicias
1902 2691 2058 2746 evul-

399 2787 615 2856 garunt
631 2781 1022 2838 Pearsonium
1048 2779 1164 2852 (39)
1183 2780 1448 2836 eminere
1467 2795 1642 2835 nemo
1665 2781 1876 2836 nescit.
1902 2781 2060 2852 Opus

406 2873 542 2945 ejus
574 2886 916 2944 oppugnare
953 2875 1093 2926 sunt
1121 2869 1378 2942 aggressi
1407 2869 1714 2924 Mattbaus
1738 2869 2065 2941 Larroqua—

397 2978 512 3017 nus
543 2959 782 3017 Samuel
802 2960 1143 3033 Basnagius,
1162 2959 1484 3014 Casimirus
1505 2957 1793 3023 Oudinus,
1809 2960 2066 3014 Joannes

395 3050 654 3107 Dallaus
672 3054 730 3105 et
746 3047 1088 3120 alii,quibus
1105 3048 1387 3119 frequens
1405 3049 1822 3120 episcoporum
1838 3049 2064 3106 mentio

395 3139 459 3194 in
492 3138 586 3194 his
617 3136 887 3210 epistolis
916 3140 1134 3208 prater
1162 3135 1279 3190 alia
1321 3135 1568 3190 minime
1599 3135 1892 3206 placebat.
1946 3136 2059 3192 Sed

396 3228 471 3284 iis
482 3227 919 3300 responderunt
935 3225 1303 3281 authentiam
1318 3225 1707 3296 epistolarum
1732 3231 2058 3282 nostrarum

395 3316 804 3384 defendentes,
839 3314 1113 3370 Nicolaus
1165 3313 1453 3369 Nourrius
1506 3315 1638 3387 (40),
1689 3316 1854 3371 Remi
1903 3315 2051 3372 Ceil-

397 3407 511 3464 lier
539 3407 668 3476 (41),
692 3405 945 3460 Thomas
984 3403 1169 3460 Maria
1197 3403 1561 3459 Mamachius
1590 3405 1706 3472 (42)
1729 3410 1788 3460 et
1815 3405 2060 3476 Lumpe-

405 3511 506 3550 rus
529 3493 663 3565 (43).
697 3492 921 3547 Nostris
953 3491 1318 3563 temporibus
1340 3492 1672 3564 prasertim
1695 3495 1759 3548 Ι).
1784 3494 2055 3558 Baurius,

399 3581 810 3654 Tubingensis,
835 3581 1207 3637 authentiam
1226 3580 1614 3652 epistolarum
1641 3583 1846 3655 lgnatii
1873 3583 1930 3638 in
1957 3583 2058 3638 du-

407 3671 573 3726 bium
602 3670 846 3737 vocavit,
878 3669 1210 3741 mediisque
1243 3669 1444 3724 saeculi
1477 3687 1517 3724 ιι
1561 3670 1928 3742 temporibus
1958 3689 2056 3728 eas

411 3761 612 3816 Roma
640 3758 937 3814 afalsario
967 3759 1226 3830 quodam
1270 3758 1330 3814 in
1369 3759 1628 3815 favorem
1683 3759 2058 3832 episcopatus

406 3845 555 3900 idea
573 3845 871 3902 confectas
883 3862 1010 3901 esse
1037 3844 1346 3900 contendit
1365 3846 1382 3915 (
1394 3845 2057 3916 44),contradicentibus

408 3933 781 4006 potissimum
815 3935 1058 3988 Doctore
1093 3933 1277 3988 Bothe
1321 3934 1457 4004 (45),
1512 3934 1736 3989 Joanne
1784 3934 2054 3991 Eduardo

410 4024 668 4079 Huthero
700 4023 836 4094 (46),
867 4022 1165 4076 Friderico
1197 4021 1586 4076 Diisterdieck
1635 4024 1750 4095 (47)
1799 4028 1858 4078 et
1906 4025 2056 4079 Ano-

407 4130 584 4185 nymo
612 4111 871 4183 quodam
894 4111 953 4165 in
986 4109 1502 4182 ephemeridibus:
1538 4111 1746 4168 Hcrold
1773 4112 1866 4168 des
1894 4113 2060 4170 Glau-

411 4203 535 4257 bens
561 4203 691 4273 (48).

487 4293 547 4343 V.
581 4291 719 4355 Qua
750 4304 882 4354 nos,
916 4286 1302 4360 epistolarum
1327 4289 1535 4362 lgnatii
1555 4307 1679 4346 rem
1707 4307 1900 4364 agere,
1931 4309 2056 4348 mo-

407 4383 601 4444 veant,
635 4377 768 4432 audi
797 4393 808 4432 :

2233 629 2288 700 a)
2316 630 2636 702 Trajanum
2667 630 2829 687 enim
2861 628 3192 686 Antiochia
3223 628 3522 684 hiemasse
3546 627 3811 683 dubitari

2161 733 2283 773 non
2313 724 2529 790 potest,

2232 806 2292 878 b)
2325 809 2470 864 Eum
2503 807 2884 875 Christianos,
2913 806 3047 864 illos
3067 806 3400 879 prasertim
3427 806 3527 878 qui
3551 805 3737 862 delati
3763 811 3820 861 et

2162 899 2423 953 accusati
2456 903 2646 965 erant,
2689 897 2764 953 ad
2795 903 3048 954 mortem
3079 897 3416 965 damnasse,
3458 913 3638 952 nemo
3681 895 3818 967 jure

2161 986 2553 1060 negabit.Jam
2573 987 2768 1042 Plinio
2785 986 2940 1042 enim
2957 986 3299 1060 proconsuli
3313 986 3642 1058 imperator
3653 1002 3821 1042 man-

2162 1075 2402 1132 daverat
2428 1093 2442 1132 :
2475 1077 2538 1132 Si
2565 1076 2893 1146 deferantur
2915 1083 2965 1132 et
2990 1083 3326 1148 arguantur,
3349 1077 3631 1148 puniendi
3665 1082 3820 1130 sunt.

2236 1166 2288 1235 ο)
2316 1165 2512 1236 Plebs,
2537 1183 2742 1238 panem
2774 1171 2834 1221 et
2880 1169 3140 1223 circenses
3192 1165 3518 1239 postulans,
3578 1165 3820 1222 meliori

2164 1255 2329 1310 nullo
2351 1255 2526 1312 modo
2555 1256 2781 1329 placari
2813 1261 3066 1329 poterat,
3116 1273 3295 1328 quam
3341 1257 3820 1312 Christianorum

2163 1343 2238 1402 ad
2265 1345 2485 1400 bestias
2515 1345 2916 1402 damnatione.

2234 1433 2295 1507 d)
2325 1433 2751 1508 Imperatorem
2783 1436 3096 1493 damnatos
3153 1435 3518 1492 Christianos
3565 1437 3818 1492 Romam

2165 1526 2422 1594 misisse,
2454 1531 2522 1584 ut
2549 1529 2828 1584 Romana
2880 1527 3041 1602 plebi
3092 1529 3240 1601 grati
3289 1526 3514 1600 aliquid
3569 1527 3819 1596 faceret,

2164 1617 2332 1674 nullo
2363 1618 2540 1675 modo
2561 1620 2792 1675 veritati
2818 1623 3130 1693 repugnat.

2236 1711 2288 1778 e)
2321 1708 2488 1774 Quod
2516 1709 2780 1782 Ignatius
2812 1709 3076 1781 Smyrna
3108 1713 3168 1764 et
3194 1707 3416 1764 Troade
3438 1707 3655 1764 fratres
3681 1725 3823 1764 con-

2163 1797 2397 1853 venisse
2429 1797 2633 1870 ibique
2665 1798 2944 1871 epistolas
2977 1797 3285 1871 scripsisse
3332 1797 3705 1870 perhibetur,
3758 1799 3820 1854 id

2163 1887 2412 1943 minime
2443 1888 2796 1943 contradicit
2827 1887 3163 1944 crudelitati
3196 1887 3530 1953 custodum,
3573 1887 3648 1943 de
3698 1905 3821 1960 qua

2162 1977 2290 2048 ipse
2324 1976 2385 2031 in
2417 1993 2510 2048 ep.
2543 1976 2618 2032 ad
2649 1978 2814 2032 Rom.
2848 1994 2900 2032 c.
2933 1979 2964 2030 5
2991 1977 3282 2049 queritur.
3313 1977 3482 2049 Apud
3513 1977 3818 2034 Romanos

2159 2066 2321 2121 enim
2355 2065 2622 2137 captivis,
2640 2065 2714 2121 ad
2735 2065 2957 2120 milites
2975 2065 3252 2139 alligatis,
3273 2065 3634 2139 permissum
3663 2071 3816 2135 erat,

2159 2153 2384 2211 amicos
2409 2153 2710 2225 suscipere
2735 2159 2791 2209 et
2810 2153 2998 2210 libere
3011 2154 3270 2225 colloqui
3293 2171 3427 2210 cum
3450 2154 3819 2212 illis.Paulus

2162 2259 2214 2298 e.
2244 2259 2298 2315 g.
2335 2242 2397 2296 in
2455 2241 2708 2297 vinculis
2751 2241 3052 2298 Christum
3095 2241 3459 2315 pradicavit.
3511 2244 3632 2302 Cfr.
3681 2247 3814 2300 Act.

2161 2349 2359 2400 xxvm,
2393 2334 2481 2398 16,
2515 2333 2603 2402 30,
2636 2334 2724 2387 31.
2776 2333 3070 2389 Praterea
3117 2332 3446 2405 sapissimc
3494 2334 3820 2390 Christiani

2163 2421 2392 2478 aditum
2410 2421 2484 2476 ad
2514 2427 2808 2492 martyres
2833 2426 2889 2476 et
2911 2421 3312 2477 incarceratos
3331 2428 3573 2496 argento
3601 2440 3636 2479 a
3659 2423 3823 2478 mili-

2169 2509 2326 2566 tibus
2354 2514 2649 2565 emerunt.
2674 2508 2908 2579 Optime
2925 2526 3064 2582 ergo
3078 2510 3434 2566 Pearvonius
3456 2511 3568 2582 (49)
3585 2511 3822 2568 scribit:

2168 2621 2197 2651 «
2225 2601 2358 2654 Hac
2374 2614 2509 2653 cum
2531 2597 3120 2655 fueritvetustissima
3141 2599 3416 2656 Ecclesia
3428 2602 3826 2671 consuetudo,

2168 2688 2326 2744 idem
2350 2687 2530 2742 etiam
2553 2687 2615 2741 in
2639 2687 2848 2759 Ignatii
2879 2687 3132 2742 vinculis
3163 2688 3383 2744 factum
3415 2695 3668 2746 constat.
3705 2731 3720 2744 .
3758 2730 3772 2744 .
3811 2732 3824 2746 .

2169 2775 2459 2834 Omnibus
2490 2775 2669 2847 igitur
2697 2775 2891 2832 modis
2921 2775 3154 2832 diaconi
3185 2777 3405 2849 aliique
3435 2777 3508 2834 ab
3539 2778 3826 2835 Ecclesiis

2168 2867 2338 2926 missi
2359 2867 2586 2940 Ignatio
2608 2867 2669 2923 in
2697 2867 2910 2922 itinere
2933 2868 3371 2929 ministrabant.
3393 2869 3661 2942 adeoque
3683 2887 3824 2927 eum

2172 2979 2207 3018 a
2234 2958 2646 3016 vexationibus
2667 2958 3319 3031 militum,quantumin
3343 2962 3489 3034 ipsts
3510 2966 3822 3035 erat,pra-

2173 3049 2310 3108 miis
2330 3048 2880 3106 redimebant.Hinc
2895 3055 3092 3105 autem
3112 3055 3269 3106 recte
3283 3051 3823 3124 intelligitur,quod

2175 3139 2247 3195 de
2280 3137 2590 3208 militibus,
2623 3153 2772 3210 quos
2805 3137 3120 3210 leopardos
3149 3145 3335 3208 vocat,
3369 3125 3579 3196 scribit
3606 3158 3619 3197 :
3655 3137 3711 3194 οἵ
3731 3141 3824 3196 καὶ

2178 3225 2626 3302 εὐεργετούμενοι
2669 3225 2890 3302 χείρους
2923 3225 3188 3303 γίνονται,
3221 3229 3467 3299 scilicet,
3519 3247 3638 3302 quo
3685 3231 3825 3304 plus

2173 3317 2442 3392 pecunia
2473 3334 2508 3372 a
2528 3316 2800 3373 fidelibus
2822 3317 3160 3390 acciperent
3187 3337 3293 3391 pro
3324 3320 3694 3379 relaxatione
3724 3340 3826 3379 ve-

2167 3407 2450 3472 xationis,
2483 3423 2552 3462 eo
2586 3406 2782 3462 acrius
2811 3423 2884 3461 ex
2914 3407 3227 3464 intervallo
3258 3409 3314 3466 S.
3367 3416 3695 3482 martyrem
3729 3429 3828 3469 ve-

2165 3497 2407 3564 xabant,
2440 3512 2557 3567 quo
2589 3496 2879 3568 majorem
2908 3497 3177 3568 pecunia
3227 3498 3344 3554 vim
3389 3505 3825 3574 extoequerent

2167 3593 2227 3644 et
2255 3585 2620 3644 Christianos
2650 3585 2948 3656 copiosius
2979 3593 3390 3660 emungerent.
3446 3591 3640 3656 Quare
3689 3609 3824 3649 cum

2167 3676 2343 3732 toties
2367 3675 2590 3748 lgnatio
2605 3673 3312 3748 contigeretrefrigeratio
3333 3684 3391 3734 et
3413 3677 3486 3734 ab
3501 3679 3822 3752 iniquitate

2166 3768 2424 3824 militum
2457 3766 2808 3839 redemptio,
2844 3772 2922 3836 et,
2964 3773 3030 3822 ut
3077 3767 3345 3840 loquitur
3389 3770 3820 3841 Tertullianus,

2164 3857 2415 3914 facultas
2443 3855 2647 3911 libera
2678 3855 2984 3926 custodia,
3017 3857 3190 3914 facile
3221 3859 3415 3930 potuit
3456 3859 3619 3926 illas,
3669 3879 3822 3934 quas

2165 3945 2476 4014 habemus,
2511 3944 2792 4017 epistolas
2822 3961 3087 4017 exarare,
3149 3963 3400 4018 quarum
3445 3947 3665 4020 aliqua
3699 3967 3822 4007 non

2167 4035 2421 4092 multum
2454 4033 2742 4107 longiore,
2775 4051 2954 4106 quam
2983 4035 3161 4092 unius
3193 4036 3352 4092 hora
3395 4037 3587 4109 spatio
3639 4039 3822 4096 scribi

2166 4128 2506 4199 potuerunt,
2539 4139 2732 4195 neque
2765 4140 2834 4180 ex
2866 4122 2987 4179 illis
3015 4125 3142 4180 ulla
3173 4130 3291 4182 tam
3317 4125 3547 4198 prolixa
3595 4133 3711 4200 est,
3762 4135 3827 4184 ut

2165 4215 2366 4288 plures
2397 4228 2574 4284 quam
2617 4216 2737 4268 tres
2767 4213 2943 4269 horas
2973 4214 3235 4285 postulet
3265 4237 3316 4270 ».

2236 4304 2278 4375 f)
2314 4302 2590 4375 Ignaiius,
2621 4301 2870 4374 Smyrna
2917 4303 3197 4360 Romanis
3230 4304 3519 4373 scribens,
3553 4323 3680 4362 non
3720 4307 3823 4364 ab-

2168 4391 2369 4459 surda,
2399 4396 2464 4446 ut
2493 4391 2706 4446 Baurio
2735 4391 2985 4460 videtur,
3043 4393 3290 4466 peregit.
3343 4394 3481 4450 Dua
3512 4396 3678 4450 enim
3717 4399 3822 4453 via

485 4471 533 4536 1)
561 4466 806 4522 Minime
845 4467 908 4521 D.
964 4465 1212 4522 Baurius
1267 4467 1442 4523 nobis
1502 4470 1816 4540 persuasit,
1868 4472 2126 4540 Roma-ﬂ

2226 4501 2422 4557 nyrna
2451 4486 2699 4540 Romam
2728 4482 3049 4556 ducebant,
3071 4465 3259 4541 altera
3280 4486 3603 4552 maritima,
3635 4487 3824 4544 altera

411 4572 539 4610 num
573 4556 776 4624 lgnatii
803 4557 930 4619 iter,
962 4555 1120 4626 quod
1153 4556 1450 4612 scribendi
1481 4557 1588 4611 has
1618 4557 1902 4628 epistolas
1959 4577 2062 4616 oc-

480 4701 592 4768 (37)
623 4696 738 4770 Cfr.
784 4697 1158 4770 Dﬁsterdiek,
1184 4769 1191 4770 ί
1217 4700 1290 4754 De
1335 4701 1759 4770 Ignatianarum
1798 4701 2057 4770 epistola-

409 4767 532 4826 rum
562 4767 873 4843 authentia,
905 4774 1016 4843 e_tc_.
1041 4769 1330 4843 Oottinga
1363 4769 1425 4824 in
1455 4769 1695 4825 officina
1716 4767 2056 4840 Dieterich.,

455 4885 467 4898 .
502 4842 619 4908 1-3,
649 4845 709 4895 et
740 4841 948 4896 Russel
980 4840 1042 4895 in
1073 4840 1334 4896 editione
1363 4843 1600 4895 Patrum
1629 4843 2057 4910 apostolicorum

455 4912 659 4967 ondiui
696 4914 855 4966 1746.

455 4912 659 4968 ondiui
696 4914 855 4966 1746.

478 4985 594 5054 (38)
626 4983 819 5039 Codex
845 4983 963 5049 hic,
996 4981 1142 5037 olim
1173 4979 1546 5054 Colbejrtinus
1575 4983 1700 5039 460.
1722 4985 1867 5039 Acta
1898 5001 2059 5040 mar-

412 5050 545 5128 tyrii
670 5054 876 5128 lgnatii
926 5055 1210 5128 continet,
1263 5050 1478 5128 quibus
1521 5054 1712 5125 capite
1743 5057 1776 5110 4
1807 5055 2058 5128 epistola

413 5123 728 5200 lgnatiiiad
758 5128 1053 5200 Romanos
1085 5123 1436 5200 interposita
1461 5130 1570 5200 est.

481 5197 588 5270 (39)
622 5199 687 5270 In
719 5195 978 5252 secundo
1039 5199 1196 5249 tomo
1253 5193 1532 5250 editionis
1591 5197 1818 5253 Patrum
1876 5205 2055 5270 apost.

407 5269 813 5327 Coteleriana.

477 5342 590 5414 (40)
626 5341 899 5410 Apparat.
931 5338 1006 5392 ad
1033 5336 1300 5392 Biblioth.
1359 5354 1510 5392 mam.
1559 5340 1809 5409 Patrum,
1843 5346 1884 5396 t.
1915 5341 1961 5410 Ι,
1993 5359 2052 5414 p.

405 5416 760 5535 78(2iiqinst.
795 5478 1059 5535 uenerat.
1093 5481 1133 5533 t.
1168 5477 1210 5535 Ι.
1244 5495 1302 5535 ι).
1335 5481 1460 5535 626.

479 5477 1059 5564 (41“)”Ηὶξι..9έηέναι.,
1168 5477 1210 5546 Ῑ,

479 5557 588 5604 142)
622 5553 876 5604 Ormmes
905 5556 957 5604 et
985 5556 1166 5604 antia.
1201 5549 1238 5604 C
1281 5568 1302 5603 ν

478 5549 588 5626 (42)
622 5553 876 5626 Origines
905 5556 957 5626 e_t
985 5551 1166 5626 antiq.
1200 5549 1426 5626 Cly‘istq
1460 5557 1502 5616 t,
1534 5553 1626 5621 IV,
1659 5570 1714 5624 p.
1749 5555 1852 5608 377
1883 5571 2016 5626 sqq.

502 5619 589 5687 43)
620 5619 760 5677 Hist.
795 5621 962 5694 incol.
995 5619 1148 5683 crit,
1191 5625 1230 5675 t.
1261 5621 1308 5692 Ι,
1339 5640 1396 5694 p.
1431 5619 1693 5678 266-268.

505 5697 593 5764 44)
623 5695 793 5764 Baur.
833 5693 924 5745 Die
951 5693 1802 5764 sogenanntcn’Pastoralbricfc
1849 5696 1940 5752 des
1979 5698 2048 5752 Α.

401 5763 614 5837 lautus,
645 5763 792 5830 auf':
819 5779 956 5818 neue
985 5763 1212 5820 kritisch
1234 5767 1571 5834 untersucht,
1595 5783 1708 5822 von
1732 5767 1827 5822 Dr.
1855 5768 2051 5839 Baur.,

2164 4575 2486 4644 terrestris,
2516 4579 2584 4630 ut
2609 4573 2762 4630 bene
2794 4573 2999 4630 docuit
3027 4577 3084 4628 V.
3109 4577 3170 4631 C.
3194 4575 3352 4632 Tafel
3373 4577 3508 4649 (50).
3529 4561 3819 4635 Terrestri

2164 4727 2221 4782 p.
2254 4711 2343 4764 87.
2371 4705 2778 4776 Abgenothigte
2832 4707 3172 4777 Erklarung.
3222 4709 3355 4764 Ταῦ.
3409 4709 3676 4766 Zeitschr.
3721 4715 3821 4779 far

2167 4780 2353 4836 Theol.
2382 4779 2540 4834 1836.
2574 4778 2738 4833 Fasc.
2770 4795 2852 4844 ιιι,
2885 4795 2944 4848 p.
2981 4778 3081 4834 199
3115 4784 3174 4833 et
3204 4780 3360 4845 1838,
3395 4780 3559 4836 Fasc.
3613 4797 3700 4844 ιιι,
3761 4801 3817 4848 p.

2167 4801 2353 4836 ἰἠεοι.
2382 4801 2540 4834 ιοοο.
2574 4801 2738 4833 raso.
2772 4801 2852 4844 ιιι,
2885 4801 2944 4848 p.
2981 4801 3081 4834 199
3115 4801 3174 4833 et
3204 4801 3360 4845 1600,
3397 4801 3559 4836 rasc.
3613 4801 3700 4844 Ill,
3761 4801 3817 4853 p.

2165 4852 2268 4906 149
2301 4866 2432 4923 sqq.
2466 4849 2676 4923 Baurii
2701 4850 3027 4923 sententias
3075 4850 3348 4922 repetivit
3392 4850 3819 4923 Schwegierus,

2163 4924 2271 4978 Das
2298 4921 2802 4994 nachapostolische
2834 4922 3106 4994 Zeitalter,
3141 4921 3180 4976 t.
3214 4923 3285 4988 II,
3317 4939 3375 4994 p.
3411 4921 3674 4979 159-179.

2236 4994 2348 5062 (45)
2378 4993 2515 5060 Anf.
2548 4991 2604 5064 ἀί.
2638 4991 2824 5064 christ.
2858 4993 3078 5064 Kirche,
3110 5009 3168 5062 p.
3205 4991 3472 5064 715'sqq.

2235 5067 2349 5132 (46)
2375 5063 2748 5137 Beti'achtung
2778 5063 2892 5137 deri
2925 5063 3268 5137 wichtigsten
3310 5063 3600 5137 Bedenken
3649 5083 3823 5137 gegen

2163 5135 2253 5190 die
2281 5135 2550 5190 JEchtheit
2582 5133 2680 5188 der
2707 5135 3158 5202 Ignatianischen
3185 5137 3392 5204 Briefe.
3419 5135 3545 5191 Von
3566 5133 3668 5192 Dr:
3693 5133 3820 5193 Job.

2163 5205 2269 5261 Ed.
2306 5206 2548 5272 lluther,
2581 5205 2641 5258 in
2673 5204 2897 5278 lllgenii
2929 5206 3246 5276 Zeitschrift
3274 5211 3374 5276 fur
3402 5207 3600 5264 histor.
3630 5210 3820 5266 Theol.

2165 5283 2205 5332 t.
2240 5278 2335 5345 XI,
2365 5279 2529 5332 Fasc.
2564 5292 2649 5346 iv,
2673 5292 2727 5346 p.
2773 5279 2925 5330 3-73.

2257 5351 2352 5422 47)
2381 5345 2781 5422 Qﬁsterdieck
2894 5347 3046 5403 libro
3071 5350 3200 5419 jam
3233 5367 3413 5422 supra
3447 5350 3711 5408 laudato.

2259 5421 2348 5490 48)
2380 5417 2682 5490 Herbipoli
2726 5420 2884 5482 1839,
2915 5435 2976 5473 n.
3009 5417 3203 5476 40145.

2235 5487 2347 5629 (49)
2386 5487 2664 5544 Vindictae
2694 5490 3016 5558 lgnatiana,
3050 5508 3206 5562 pars.
3241 5508 3302 5562 ιι,
3331 5511 3382 5550 c.
3419 5497 3502 5549 11.

2235 5563 2323 5629 (50
2371 5559 2552 5628 Tafel,
2610 5562 2686 5615 De
2726 5563 2821 5615 via
2866 5561 3102 5617 militari
3151 5565 3502 5621 Romanorun

2234 5559 2552 5635 (350)__Tafel,
2610 5562 2692 5635 De
2711 5563 2821 5635 Avia
2844 5559 3102 5635 _militari
3151 5559 3520 5635 Rmnanorum
3574 5567 3806 5635 Egnatia

2161 5631 2612 5708 qualus/ricam,
2672 5632 3008 5708 Macedonia
3031 5641 3082 5688 et
3133 5633 3367 5692 Thracia
3403 5631 3803 5708 jungebantur.

2159 5701 2458 5783 Tubinga,
2493 5702 2905 5783 Laupp.‘1842.
2940 5703 3055 5759 Cfr.
3089 5721 3328 5778 quoque
3371 5701 3720 5780 Martyrium
3749 5709 3800 5764 S.

2159 5773 2393 5845 lgnatii,
2424 5789 2594 5846 capp.
2626 5776 2680 5840 5,
2710 5776 2764 5828 6.
