3932 6304
215 349 338 411 633

1420 351 1484 410 C.
1531 351 1590 414 J.
1638 349 1950 412 HEFELII
1994 349 2434 412 PRIEFATIO.

3523 360 3643 419 634

213 484 312 540 via
341 485 611 557 lgnatus,
647 483 892 540 fortasse
927 484 1067 556 quia
1107 484 1398 543 militibus
1445 485 1682 560 negotia
1708 489 1878 542 erant
1908 489 1964 555 Α
1995 500 2126 557 qum
2158 485 2410 540 Huterus
2439 484 2481 554 Ι,
2516 501 2566 540 c.
2596 503 2653 558 p.
2704 488 2865 542 57-61
2929 491 3137 542 contra
3195 488 3473 546 Baurium
3507 508 3602 548 mo
3624 525 3641 533 -

217 574 282 630 in
333 575 557 630 Troade
618 579 676 630 et
748 575 1110 640 Macedonia,
1167 575 1496 632 ducebatur
1548 578 1674 646 (cfr.
1735 578 1878 632 Acta

221 670 496 737 martyr.,
523 681 574 720 c.
608 667 662 734 5)
690 681 704 730 ;
738 665 986 736 epistola
1010 669 1232 732 autem,
1267 666 1394 721 sine
1427 666 1606 722 dubio
1637 667 1730 720 via
1758 682 1875 720 ma-

217 756 443 823 ritima,
467 755 600 810 navi
625 755 873 826 quadam
902 757 1170 824 cursoria,
1194 756 1255 811 in
1277 757 1491 812 Urbem
1514 757 1716 824 missa,
1741 761 1876 811 ante

214 845 515 918 lgnatium
548 845 743 915 ipsum
773 847 972 900 Roma:
1006 845 1280 901 advenire
1312 846 1576 918 'poterat.
1613 848 1727 900 Nec
1758 846 1874 901 du-

213 935 393 991 bitari
423 934 622 1005 potes?
654 935 798 1005 quin
822 934 1087 990 terrestri
1115 951 1349 1007 quoque
1368 936 1459 990 via
1490 935 1739 1007 epistola
1758 934 1873 1006 illa,

213 1024 318 1080 alii
349 1023 587 1079 cuidam
618 1022 852 1091 tradita,
882 1023 1057 1079 citius
1086 1026 1330 1080 Romam
1353 1025 1552 1080 venire
1585 1023 1871 1096 potuerit,

211 1128 394 1184 quam
428 1112 684 1183 lgnatius
707 1112 853 1184 ipse,
887 1111 1050 1167 senio
1078 1113 1380 1168 confectus
1410 1113 1544 1185 (51).

283 1240 340 1310 g)
371 1241 487 1294 Nec
516 1238 772 1294 absurde
804 1240 1065 1311 lgnatius
1096 1257 1132 1295 a
1162 1240 1445 1296 Romanis
1478 1245 1753 1312 precatus
1777 1244 1868 1294 est

201 1335 274 1384 ut
291 1329 364 1384 ab
383 1328 543 1384 omni
568 1335 786 1384 conatu
804 1329 1000 1400 ipsum
1023 1329 1316 1384 liberandi
1337 1329 1858 1386 abstinerenLMos

204 1419 372 1473 enim
403 1424 528 1473 erat
558 1419 1052 1489 Christianorum,
1082 1424 1312 1475 tantum
1363 1423 1653 1491 quantum
1689 1424 1869 1492 pote-

206 1511 354 1563 rant
411 1506 520 1561 niti
554 1548 569 1573 ,
633 1512 700 1561 ut
753 1506 965 1562 fratres
1021 1513 1263 1580 propter
1319 1508 1495 1564 ﬁdem
1552 1512 1754 1580 captos
1811 1512 1869 1563 et

206 1595 526 1651 damnatos
574 1595 921 1664 liberarent,
983 1596 1140 1667 quod
1198 1596 1483 1652 discimus
1532 1615 1608 1652 ex
1666 1597 1864 1652 Const.

206 1691 406 1758 apost.
440 1703 514 1752 1v,
547 1687 575 1754 §
605 1689 635 1740 9
664 1703 678 1751 ;
735 1703 788 1752 v,
820 1689 873 1756 §§
907 1687 956 1754 1,
1015 1689 1070 1753 2,
1127 1703 1198 1742 ex
1244 1687 1486 1743 Luciani
1541 1689 1863 1756 Peregrina,

205 1779 234 1845 §
270 1779 359 1842 l2,
395 1781 453 1829 et
484 1793 554 1830 ex
581 1774 817 1831 Eusebii
843 1777 987 1831 Hist.
1021 1777 1174 1845 eccl.,
1206 1794 1280 1840 v1,
1332 1779 1401 1830 40
1459 1777 1592 1848 (52).
1653 1779 1866 1832 Notum

202 1884 387 1940 parro
423 1867 679 1939 est,jam
723 1873 986 1939 tempore
1040 1873 1238 1924 autem
1288 1869 1604 1924 Domitiani
1661 1870 1860 1924 Domi-
1895 1867 1941 1933 B

194 1957 398 2012 tillam
430 1961 488 2011 et
520 1956 917 2024 Clementem,
953 1973 1020 2012 ex
1047 1957 1274 2012 familia
1306 1958 1550 2014 Cmsaris
1580 1957 1864 2014 Christia-

200 2062 424 2101 norum
457 2062 624 2102 sacra
648 2052 882 2101 secutos
930 2063 1081 2112 esse,
1115 2047 1296 2101 refert
1356 2047 1691 2102 Suetonius.
1750 2050 1863 2104 Ro-

202 2152 527 2190 manorum
571 2135 828 2206 denique
860 2137 1313 2207 magistratuum
1347 2153 1574 2191 sacram
1606 2137 1737 2214 auri
1775 2137 1864 2192 fa-

215 2243 381 2281 mem
413 2243 588 2280 nemo
621 2227 827 2281 nescit.
864 2226 1049 2281 Facile
1078 2227 1275 2296 itaque
1306 2231 1408 2282 aut
1436 2228 1710 2297 pecunia,
1761 2232 1863 2282 aut

199 2314 365 2382 dolo,
398 2323 499 2370 aut
529 2315 647 2370 alia
679 2314 936 2386 quadam
966 2316 1220 2380 ratione,
1260 2314 1466 2370 ﬁdeles
1521 2316 1747 2387 aliquid
1797 2317 1856 2370 in

198 2405 463 2460 favorem
498 2404 707 2475 Ignatii
738 2403 938 2458 moliri
966 2409 1260 2475 poterant.

277 2533 335 2603 h)
373 2532 662 2604 lgnatium
697 2532 756 2586 in
787 2531 1167 2587 Occidentem
1218 2533 1548 2603 profectum
1606 2550 1756 2600 esse,
1792 2549 1862 2587 ex

196 2621 402 2677 verbis
416 2622 471 2676 S.
507 2621 1006 2692 Polycarpipatet.
1031 2622 1231 2693 Capite
1250 2621 1408 2676 enim
1429 2623 1493 2676 13
1516 2639 1607 2693 ep.
1629 2623 1701 2677 ad
1724 2623 1863 2676 Phi-

195 2711 518 2782 lippenses
549 2710 836 2782 legimus:
875 2733 895 2757 ·
933 2711 1000 2764 Et
1031 2710 1102 2764 de
1123 2710 1253 2781 ipso
1287 2710 1536 2782 Ignatio,
1571 2716 1630 2765 et
1660 2710 1730 2764 de
1751 2710 1864 2780 his,

195 2802 301 2872 qui
335 2816 471 2856 cum
497 2816 564 2854 eo
589 2798 911 2870 sunt,quod
937 2801 1155 2854 certius
1183 2799 1865 2872 agnoveritis,signitica-

201 2896 286 2946 te.
307 2911 334 2938 »
350 2888 515 2955 Quod
534 2889 581 2942 si
601 2893 799 2944 autem
834 2890 1089 2960 lgnatius
1104 2889 1429 2944 Antiochia;
1455 2889 1864 2954 remansisset,

201 2995 317 3034 nec
351 2979 411 3032 in
444 2977 824 3033 Occidentem
871 2977 1148 3046 venisset,
1181 2977 1346 3032 nullo
1373 2977 1546 3033 modo
1578 2977 1853 3049 Polycar-

199 3085 316 3142 pus
332 3066 709 3139 Smyrnensis
730 3066 906 3122 verba
927 3067 1032 3122 illa
1053 3067 1126 3122 ad
1151 3066 1567 3139 Philippenses
1590 3067 1854 3138 scripsis-

199 3161 315 3226 set,
351 3155 508 3227 quod
540 3155 711 3210 facile
744 3172 813 3209 ex
847 3155 963 3210 situ
994 3155 1260 3210 locorum
1293 3155 1754 3210 demonstratur.

269 3275 588 3328 Roma.....
650 3270 1048 3341 Philippi.....
1115 3271 1454 3343 Smyrna...

193 3363 383 3418 Nemo
417 3377 560 3416 sane
587 3361 1060 3432 Smyrneaeorum
1103 3360 1516 3432 Philippenses
1547 3359 1755 3427 adibit,
1789 3363 1854 3416 ut

191 3451 417 3507 certior
448 3451 552 3505 ﬁat
582 3449 654 3504 de
687 3449 757 3504 iis
789 3467 919 3520 quas
974 3449 1302 3504 Antiochiae
1354 3452 1672 3520 gerantur;
1703 3449 1852 3503 bene

191 3545 398 3597 autem
427 3557 558 3611 qua)
582 3541 779 3594 Roma:
813 3538 1105 3605 eveniant,
1139 3556 1173 3594 a
1203 3537 1683 3609 Philippensibus
1715 3537 1852 3593 edo-

204 3628 329 3683 ceri
361 3628 601 3700 poterit.

270 3745 312 3814 i)
339 3744 627 3817 lgnatium
659 3742 732 3799 ad
775 3743 997 3798 bestias
1055 3743 1400 3797 damnatum
1455 3759 1607 3812 esse,
1642 3743 1696 3796 S.
1733 3745 1854 3798 lre-

193 3850 364 3887 naeus
401 3833 509 3903 (53)
545 3836 810 3886 testatur.
836 3853 864 3881 ‹‹
902 3830 1040 3884 Vide
1071 3830 1429 3884 Testimonia
1459 3835 1723 3884 veterum
1755 3847 1851 3884 su-

193 3939 306 3994 pra
340 3921 447 3976 sub
473 3937 637 3974 num.
674 3942 702 3968 ››
734 3919 829 3986 ll.)
861 3923 1119 3974 lrenaaus
1149 3924 1370 3984 autem,
1406 3918 1708 3989 Polycarpi
1737 3916 1850 3972 dis-

196 4011 456 4082 cipulus,
489 4009 655 4064 nullo
687 4008 862 4064 modo
896 4009 1090 4062 hacin
1127 4025 1187 4062 re
1220 4025 1417 4063 errare
1449 4011 1697 4078 poterat.

273 4129 339 4199 k)
373 4128 661 4200 lgnatium
694 4129 892 4183 Romae
923 4144 1060 4182 cum
1092 4127 1295 4182 bestiis
1327 4143 1641 4199 pugnasse,
1693 4128 1849 4184 clare

196 4217 374 4273 docet
405 4217 684 4289 Origenes
715 4216 827 4286 (54)
863 4239 890 4265 ‹‹
925 4217 1067 4271 Vide
1098 4216 1264 4286 ibid.,
1299 4216 1406 4271 sub
1455 4233 1620 4273 num.
1656 4239 1683 4265 n
1732 4219 1849 4283 ιν.)

269 4333 309 4402 1)
345 4331 576 4387 Itineris
607 4332 858 4388 Romani
901 4332 1189 4388 Eusebius
1223 4333 1334 4404 (55)
1384 4349 1619 4404 quoque
1682 4333 1848 4388 testis

192 4428 306 4480 est.
342 4445 370 4471 ι(
405 4421 572 4494 (Vide
605 4422 708 4477 ubi
739 4439 938 4494 supra.
975 4423 1082 4478 sub
1116 4440 1278 4478 num.
1317 4446 1343 4470 ››
1381 4423 1464 4492 V.)

265 4545 350 4613 m)
385 4542 572 4614 Magni
603 4542 860 4613 denique
893 4543 1172 4614 ponderis
1205 4544 1259 4597 S.
1293 4542 1696 4615 Chrysostomi
1733 4541 1847 4612 (56)

195 4638 290 4688 est
319 4633 583 4698 etTatum,
637 4633 1071 4687 Antiochenam
1105 4632 1176 4687 de
1213 4633 1429 4704 lgnatio
1480 4631 1848 4687 Antiocheno

189 4721 582 4777 traditionem
641 4721 988 4776 testiﬁcaris.
1025 4721 1075 4792 (‹‹
1113 4721 1254 4792 Ejus
1288 4721 1694 4776 testimonium
1726 4720 1853 4775 vide

189 4811 354 4866 inter
375 4808 512 4875 alia,
543 4809 650 4864 sub
684 4825 849 4864 num.
883 4831 910 4859 »
944 4810 1036 4881 Χ.)

274 4925 690 4981 Recentiorum
723 4925 1069 4980 testimonia
1125 4932 1451 4992 taceamus,
1484 4925 1556 4980 de
1587 4927 1852 4981 Romano

189 5014 406 5088 lgnatii
440 5013 653 5068 itinere
687 5013 933 5068 minime
988 5014 1348 5070 dubitantes.
1391 5015 1603 5069 Confer
1651 5017 1850 5067 autem

415 5173 1068 5254 Chry_sos_tpmu_s_(_orat.
1105 5175 1170 5254 in
1204 5177 1258 5230 S.
1282 5175 1666 5254 lg_nat.,_t._ll,
1708 5189 1759 5254 (ξ.
1793 5176 1848 5240 4,

191 5265 254 5330 ρ.
287 5247 392 5327 593
407 5245 499 5307 ed,
527 5246 752 5330 M‘ontf.)
781 5245 967 5327 addit“,
989 5245 1560 5330 Trajanu‘rntlgnatio
1579 5245 1849 5330 longiora

190 5321 427 5373 itineris
448 5321 649 5398 spatia
678 5321 1078 5398 proposuisse.
1110 5323 1175 5372 ut
1206 5323 1264 5373 et
1293 5321 1524 5373 itineris
1541 5324 1599 5372 et
1624 5324 1846 5386 tempo-

187 5391 270 5444 ris
303 5386 674 5457 longitudine
707 5405 812 5441 vm
845 5390 1243 5445 constantiam
1274 5389 1681 5448 labefactaret.

257 5462 371 5534 (52)
396 5459 669 5534 Cotele_r..
694 5459 768 5514 ad
799 5464 905 5534 c.71
937 5461 1216 5534 Epistolas
1248 5463 1302 5534 S.
1330 5462 1535 5534 lgnatii
1568 5463 1640 5518 ad
1674 5468 1842 5523 Rom.

406 5531 549 5612 Actu.
582 5530 713 5611 hear.
746 5533 942 5612 v_,28,A
955 5530 1072 5602 pud
1093 5533 1302 5589 Euseb.
1325 5530 1463 5588 Hist.
1492 5535 1618 5588 eccl.
1642 5553 1722 5604 ιιι,
1755 5541 1841 5594 36.

181 5605 293 5676 (54)
331 5601 548 5676 llornil.
586 5618 639 5655 ιν
668 5601 729 5676 in
767 5605 893 5656 Luc.

251 5678 372 5748 (55)
404 5673 545 5730 Hist.
579 5673 743 5744 eccl.,
776 5689 864 5739 ιιι,
900 5675 987 5731 36.

1994 577 2145 632 nuit.

2059 669 2114 738 2)
2152 669 2274 722 Non
2309 667 2508 722 minus
2539 667 2894 723 testimoniis
2951 673 3216 726 veterum
3260 673 3500 744 probari
3531 692 3636 746 po-

1988 761 2101 813 test
2129 757 2420 830 lgnatium
2451 757 2653 829 plures
2681 774 2952 813 exarasse
2989 759 3287 830 epistolas.

2057 847 2110 918 a)
2145 848 2223 901 De
2246 847 2511 918 epistolis
2526 847 2733 918 Ignatii
2757 848 2984 919 primus
3007 849 3363 923 Polycarpus
3379 853 3489 925 (57)
3515 870 3639 908 ver-

1984 936 2060 991 ba
2083 934 2398 1000 facit;T&c;
2453 933 2744 995 ἐπιστολὰς
2806 936 3087 1010 Ἰγνατίου,
3139 939 3236 1000 τὰς
3295 942 3640 1018 πεμφθείσας

1984 1026 2120 1097 ἡμῖν
2155 1023 2244 1078 ὑπ’
2285 1024 2474 1095 αὐτοῦ,
2505 1023 2594 1078 καὶ
2627 1019 2826 1093 ἄλλοις,
2857 1025 2984 1086 ὅσας
3033 1027 3260 1102 εἴχομεν
3316 1032 3444 1106 παρ’
3476 1033 3638 1104 ἡμῖν,

1984 1112 2304 1187 ἐπέμψαμεν
2355 1113 2506 1187 ὑμῖν,
2540 1114 2722 1177 καθὼς
2754 1113 3177 1174 ἐνετείλασθε·...
3211 1116 3262 1189 ἐξ
3310 1121 3383 1174 ὧν
3423 1120 3631 1196 μεγάλα

1981 1201 2334 1281 ὠφεληθῆναι
2395 1199 2705 1273 δυνήσεσθε.
2771 1205 3090 1281 Περιὲχουσι
3147 1207 3251 1283 γὰρ
3310 1209 3487 1264 πίστιν
3529 1210 3621 1265 καὶ

1983 1295 2265 1368 ὑπομονὴν
2309 1293 2400 1348 καὶ
2458 1298 2628 1348 πᾶσαν
2687 1291 3010 1368 οἰκοδομήν,
3069 1297 3167 1366 τὴν
3207 1297 3281 1360 εἷς
3310 1302 3399 1354 τὸν
3438 1301 3630 1376 Κύριον

1977 1384 2138 1455 ἡμῶν
2172 1383 2493 1452 ἀνήκουσαν.
2559 1385 2667 1450 Qui
2726 1385 2905 1457 igitur
2961 1388 3241 1459 epistolas
3296 1391 3507 1462 Ignatii
3566 1391 3628 1446 in

1979 1473 2225 1529 dubium
2259 1490 2468 1529 vocare
2499 1474 2700 1544 velint,
2735 1475 3044 1548 Polycarpi
3069 1494 3304 1550 quoque
3338 1481 3628 1553 epistolae,

1978 1570 2282 1638 praeeunte
2315 1564 2555 1633 Dalleeo,
2590 1565 2816 1621 bellum
2866 1566 3136 1624 indicant
3190 1575 3442 1642 oportet,
3475 1571 3635 1643 quod

1977 1655 2255 1711 Baurium
2287 1653 2478 1711 latuit.
2513 1655 2626 1711 Sed
2657 1657 2791 1726 quis
2829 1661 2938 1726 est,
2971 1659 3071 1729 qui
3101 1664 3270 1732 putet
3319 1660 3628 1720 falsarium

1977 1736 2296 1806 quemdam
2329 1753 2396 1791 eo
2432 1737 2783 1794 temeritatis
2834 1754 2960 1793 esse
3009 1757 3410 1813 progressum,
3443 1748 3509 1798 ut
3535 1745 3624 1798 vi-

1975 1831 2145 1879 vente
2187 1825 2379 1881 adhuc
2436 1831 2640 1882 sancto
2698 1827 3022 1899 Polycarpo
3082 1830 3192 1902 (58)
3252 1847 3374 1885 non
3429 1831 3620 1888 solum

1975 1916 2165 1970 amico
2201 1916 2331 1987 ejus
2361 1917 2607 1988 lgnatio,
2639 1916 2742 1971 sed
2791 1922 2849 1972 et
2890 1917 3002 1989 ipsi
3061 1918 3376 1991 Polycarpo
3441 1921 3623 1977 falsas

1977 2009 2337 2076 supponeret
2369 2005 2649 2077 epistolas
2671 2007 2697 2061 ‘I
2725 2007 2864 2072 Quis
2897 2007 3120 2063 credat.

2046 2094 2105 2166 b)
2130 2095 2420 2149 Irenwum
2454 2112 2712 2167 quoque,
2758 2095 3068 2168 Polycarpi
3095 2097 3475 2169 discipulum,
3509 2101 3619 2155 du-

1973 2183 2191 2256 plicem
2208 2183 2575 2239 huncdolum
2591 2201 2709 2238 non
2722 2185 3136 2257 perspexisse?
3152 2189 3411 2243 lrenzeus
3429 2193 3628 2244 autem

1977 2272 2244 2345 epistolis
2263 2278 2321 2328 et
2341 2273 2548 2346 lgnatii
2566 2273 2935 2346 etPolycarpi
2957 2275 3363 2332 testimonium
3378 2278 3622 2348 prabet.

2047 2363 2100 2433 α)
2135 2362 2298 2427 Quod
2338 2363 2746 2418 testimonium
2780 2363 2851 2418 de
2885 2364 3131 2436 epistola
3165 2367 3374 2437 Ignatii
3405 2367 3478 2422 ad
3510 2371 3626 2425 Ro-

2119 2470 2328 2509 manos
2359 2455 2590 2523 attinet,
2642 2455 2772 2510 vide
2819 2457 3160 2513 testimonia
3191 2462 3476 2528 veterum,
3512 2459 3618 2516 sub

2117 2559 2279 2598 num.
2317 2544 2384 2598 ΙΙ.

2049 2630 2104 2706 β)
2141 2634 2217 2688 De
2249 2632 2500 2703 epistola
2529 2637 2725 2688 autem
2758 2633 3065 2707 Polycarpi
3088 2635 3162 2690 ad
3211 2636 3622 2708 Philippenses

2119 2721 2200 2776 ita
2224 2721 2465 2776 disserit
2485 2723 2541 2778 S.
2595 2724 2892 2778 Irenaeus:
2956 2722 3110 2776 Ἔστι
3144 2719 3201 2777 δὲ
3230 2722 3322 2778 καὶ
3352 2723 3616 2795 ἐπιστολή

1976 2806 2338 2883 Πολυκάρπου
2353 2809 2490 2882 πρὸς
2514 2808 2926 2879 Φιλιππησίους
2937 2812 3313 2887 γεγραμμένη,
3331 2811 3622 2889 κ.τ.λ.(59)

2046 2898 2099 2968 e)
2131 2899 2390 2953 Tertium
2424 2899 2810 2970 epistolarum
2865 2901 3226 2974 Ignatiarum
3261 2906 3472 2958 testem
3494 2905 3622 2960 Fri-

1972 2987 2206 3044 dericus
2233 2988 2616 3042 Diisterdieck
2644 2988 2965 3044 Lucianum
2981 2990 3224 3046 adhibet
3246 2993 3618 3048 Samosaten-

1974 3093 2120 3143 sem,
2145 3076 2244 3147 qui
2268 3076 2327 3130 in
2347 3077 2577 3148 dialogo
2604 3080 2679 3131 De
2700 3085 2873 3133 morte
2888 3081 3176 3148 Peregrini
3195 3083 3398 3153 lgnatii
3425 3083 3611 3137 nostri

1973 3158 2280 3221 historiam
2313 3166 2582 3222 deridere
2640 3167 2890 3223 videtur.
2952 3169 3305 3242 Peregrinus
3356 3172 3402 3242 (ξ
3439 3174 3484 3239 1,
3520 3173 3611 3242 52)

1514 3270 1849 3326 Antiochia.
1891 3245 1935 3307 C
1970 3255 2128 3310 enim
2161 3256 2378 3327 saepius
2409 3251 2759 3325 κακοδαίμων
2811 3258 3172 3327 nominatur,
3207 3277 3323 3330 quo
3368 3261 3611 3317 nomine

1966 3344 2258 3417 lgnatium
2281 3361 2518 3416 quoque
2548 3345 2834 3417 Trajanus
2867 3347 3090 3402 notavit
3109 3347 3237 3418 (cfr.
3272 3349 3610 3420 Martyrium

1970 3433 2198 3505 lgnatii,
2219 3451 2268 3489 c.
2299 3434 2373 3506 2).
2398 3434 2618 3489 Deinde
2637 3437 2991 3507 Peregrinus
3017 3443 3298 3507 tanquam
3325 3441 3610 3508 episcopus

1957 3521 2513 3592 describitur(§lt),
2549 3529 2607 3577 et
2633 3524 2724 3578 his
2773 3525 3004 3580 verbis:
3056 3523 3108 3578 ἐν
3170 3526 3340 3599 Συρίᾳ
3395 3523 3609 3590 δεθέντα

1959 3611 2006 3681 (§
2039 3611 2147 3684 18).
2182 3614 2362 3666 Porro
2394 3617 2596 3666 narrat
2651 3613 2938 3670 Lucianus
2996 3617 3043 3684 (§
3076 3617 3182 3686 13),
3240 3617 3603 3672 Christianos

1959 3701 2221 3756 subsidia
2250 3701 2484 3755 misisse
2516 3702 2742 3773 captivo
2769 3720 2874 3757 suo
2906 3705 3242 3776 Peregrino.
3277 3708 3480 3762 Nonne
3504 3725 3605 3763 ve—

1960 3806 2024 3844 ro
2056 3791 2250 3845 hmcce
2279 3791 2500 3845 referes
2533 3791 2606 3845 ad
2637 3791 2884 3863 legatos,
2918 3809 3066 3862 quos
3099 3795 3370 3849 Asiatica:
3402 3798 3607 3852 Eccle-

1962 3879 2063 3934 siaa
2095 3879 2318 3951 lgnatio
2353 3879 2664 3934 mittebant
2693 3880 3090 3951 gratulaturos
3139 3882 3284 3953 (ign.
3336 3885 3408 3939 ad
3461 3887 3605 3956 Eph.

1960 3984 2034 4023 c..
2082 3972 2132 4036 1,
2176 3971 2226 4037 2,
2264 3969 2336 4023 ad
2367 3970 2554 4039 Magn.
2590 3985 2636 4022 c.
2675 3968 2779 4037 2)?
2835 3969 3072 4023 Summa
3123 3988 3256 4026 vero
3290 3972 3610 4028 acerbitate

1958 4057 2250 4129 lgnatium
2283 4058 2470 4128 carpit
2493 4057 2761 4127 martyrii
2795 4063 3196 4128 appetentem.
3219 4061 3613 4124 Quasiamen-

1960 4151 2079 4203 tem
2101 4147 2259 4201 enim
2277 4141 2586 4214 κενοδοξίαν
2612 4146 2843 4202 deridet
2868 4147 3128 4203 nobilem
3156 4149 3208 4221 ej
3237 4165 3305 4202 us
3326 4149 3612 4204 fervorem

1961 4242 2020 4293 et
2045 4253 2179 4292 cum
2200 4237 2458 4308 Ignatius
2486 4238 2755 4293 hortatus
2784 4237 3298 4306 fueritEcclesias,
3321 4245 3385 4294 ut
3405 4241 3602 4296 mitte-

1957 4331 2093 4381 rent
2111 4325 2502 4397 gratulatores
2527 4327 2902 4382 Antiochiam
2926 4329 3068 4401 (Ign.
3095 4330 3170 4384 ad
3191 4330 3414 4385 Philad.
3435 4348 3485 4385 c.
3520 4332 3606 4400 10,

1957 4415 2030 4471 ad
2063 4415 2258 4486 Polyc.
2291 4433 2340 4470 c.
2373 4418 2403 4468 7
2455 4418 2627 4486 seq.),
2673 4417 2932 4471 vicissim
2977 4417 3049 4473 de
3092 4419 3410 4490 Peregrino
3453 4420 3610 4491 apud

1959 4505 2283 4559 Lucianum
2325 4505 2404 4559 ita
2436 4510 2527 4559 est
2556 4503 2696 4558 Φασὶ
2727 4501 2785 4558 δὲ
2813 4505 2977 4567 πάσις
3009 4504 3204 4584 σχεδὸν
3231 4512 3350 4568 ταῖς
3380 4505 3612 4578 ἐνδόξοις

1886 4587 1926 4650 [)
1955 4587 2130 4660 δόξοις
2159 4590 2383 4645 πόλεσιν
2418 4590 2710 4654 ἐπιστολὰς
2765 4589 3069 4668 διαπέμψαι
3127 4595 3356 4652 αὐτὸν...
3415 4595 3504 4650 καί
3531 4617 3614 4650 τι-

1960 4703 2049 4744 νας
2103 4681 2188 4738 ἐπὶ
2250 4683 2428 4755 τούτῳ
2484 4679 2813 4758 πρεσϐευτὰς
2857 4690 2966 4740 τῶν
3041 4686 3266 4757 ἑταίρων
3325 4687 3605 4765 ἐχειροτό-

1961 4792 2138 4842 νησε,
2223 4772 2617 4847 νεκραγγέλους
2722 4775 2811 4827 καὶ
2909 4772 3337 4849 νερτεροδόμους
3434 4797 3608 4850 προσ-

1961 4861 2258 4937 αγορεῦσκς
2308 4863 2355 4932 (§
2409 4863 2522 4933 41),
2585 4869 2643 4918 at
2700 4880 2936 4919 rursum
2997 4865 3205 4921 audias
3261 4867 3603 4939 lgnatium:

1960 4950 2150 5025 πρέπει
2183 4946 3084 5024 -χειροτονῆσαι-Θεοπρεσϐύτην
3112 4955 3370 5026 (Smyrn.
3403 4974 3454 5012 c.
3489 4958 3601 5027 ll),

1959 5036 2254 5114 θεὸδρομος
2290 5039 2511 5112 (Polyc.
2545 5056 2594 5094 c.
2629 5044 2659 5092 7
2691 5041 2824 5110 (60).

1993 5185 2142 5312 d(53)
2177 5183 2390 5254 Homil,
2423 5183 2484 5237 in
2515 5184 2570 5238 S.
2606 5182 2814 5254 Ignat.,
2839 5201 2897 5238 n.
2925 5184 2981 5238 5.
3014 5187 3161 5257 Opp.
3197 5191 3237 5241 t.
3271 5188 3345 5255 ΙΙ,
3379 5207 3434 5260 p.
3470 5190 3597 5258 599,

2038 5300 2050 5312 .
2126 5274 2241 5311 uae.

1959 5274 2050 5313 ea.
2079 5274 2216 5311 111183
2232 5298 2241 5309 .

2027 5328 2139 5399 (57)
2169 5327 2365 5399 Polyc.
2397 5328 2501 5399 Ep.
2533 5325 2606 5380 ad
2639 5325 2870 5396 Philipp
2903 5367 2916 5392 ,
2951 5343 2998 5380 c.
3043 5328 3127 5382 13.

2025 5385 2135 5470 (58)
2167 5385 2750 5474 M_ediis_enirn_sznc.
2796 5385 3254 5474 ‘u‘temporibus,
3313 5417 3451 5474 ergo
3501 5402 3594 5455 vi-

1953 5467 2123 5526 vente
2156 5470 2348 5525 adhuc
2378 5470 2433 5522 S.
2497 5467 2839 5539 Polycarpo,
2873 5467 3148 5540 epistolas
3191 5467 3424 5528 nostravs
3455 5491 3596 5528 con-

1953 5543 2138 5598 fectas
2170 5557 2300 5613 esse
2324 5540 2576 5613 _Baurius
2609 5541 2933 5595 contendit.
2967 5542 3080 5596 Cfr.
3119 5547 3340 5613 supra§
3369 5562 3438 5598 iV.

2024 5615 2135 5684 (5ο)
2160 5612 2297 5666 Adv.
2324 5611 2466 5684 haer.
2491 5627 2570 5677 ιιι,
2590 5613 2640 5664 3.
2662 5613 2830 5683 Apud
2849 5613 3082 5683 Euseb.,
3107 5611 3225 5670 Hist
3239 5611 3390 5684 ccc—1.,
3409 5633 3482 5682 IV,
3516 5618 3595 5671 14.

2026 5682 2139 5756 (60)
2176 5682 2588 5750 DiisterdiecK,
2623 5686 2664 5750 ῐ,
2699 5682 2775 5750 c.,
2811 5703 2867 5757 p.
2900 5687 2990 5740 48.
