  <div class='ocr_page' id='page_1' title='image "/cluster/home/n/w/nwhite01/storage/ocr_20150623/5/pst.000005711819/326.png"; bbox 0 0 3932 6304; ppageno 0'>
   <div class='ocr_carea' id='block_1_1' title="bbox 170 438 297 501">
    <p class='ocr_par' dir='ltr' id='par_1_1' title="bbox 170 438 297 501">
     <span class='ocr_line' id='line_1_1' title="bbox 170 438 297 501; baseline 0.016 -2"><span class='ocrx_word' id='word_1_1' title='bbox 170 438 297 501; x_wconf 81' lang='grc' dir='ltr'>63Ἰ</span> 
     </span>
    </p>
   </div>
   <div class='ocr_carea' id='block_1_2' title="bbox 1151 440 2670 505">
    <p class='ocr_par' dir='ltr' id='par_1_2' title="bbox 1151 440 2670 505">
     <span class='ocr_line' id='line_1_2' title="bbox 1151 440 2670 505; baseline -0.001 -1"><span class='ocrx_word' id='word_1_2' title='bbox 1151 443 1437 505; x_wconf 79' lang='lat' dir='ltr'>SANO’I‘I</span> <span class='ocrx_word' id='word_1_3' title='bbox 1480 440 1779 503; x_wconf 84' lang='lat' dir='ltr'>lGNATlI</span> <span class='ocrx_word' id='word_1_4' title='bbox 1822 441 2228 504; x_wconf 66' lang='grc' dir='ltr'>ΕΡΙΞἸὉΞΑΕ</span> <span class='ocrx_word' id='word_1_5' title='bbox 2270 443 2670 504; x_wconf 69' lang='grc' dir='ltr'>ΟΕΝΗΙΝΑΞ.</span> 
     </span>
    </p>
   </div>
   <div class='ocr_carea' id='block_1_3' title="bbox 3475 440 3595 509">
    <p class='ocr_par' dir='ltr' id='par_1_3' title="bbox 3475 440 3595 509">
     <span class='ocr_line' id='line_1_3' title="bbox 3475 440 3595 509; baseline 0.017 -2"><span class='ocrx_word' id='word_1_6' title='bbox 3475 440 3595 509; x_wconf 78' lang='grc'><strong>638</strong></span> 
     </span>
    </p>
   </div>
   <div class='ocr_carea' id='block_1_4' title="bbox 170 576 3594 653">
    <p class='ocr_par' dir='ltr' id='par_1_4' title="bbox 170 576 3594 653">
     <span class='ocr_line' id='line_1_4' title="bbox 170 576 3594 653; baseline 0.001 -19"><span class='ocrx_word' id='word_1_7' title='bbox 170 576 447 634; x_wconf 88' lang='lat' dir='ltr'>Cerinthi</span> <span class='ocrx_word' id='word_1_8' title='bbox 462 576 709 633; x_wconf 88' lang='lat' dir='ltr'>modum</span> <span class='ocrx_word' id='word_1_9' title='bbox 726 579 1095 649; x_wconf 88' lang='lat' dir='ltr'>superantes,</span> <span class='ocrx_word' id='word_1_10' title='bbox 1103 579 1353 651; x_wconf 89' lang='lat' dir='ltr'>jamque</span> <span class='ocrx_word' id='word_1_11' title='bbox 1370 577 1558 651; x_wconf 86' lang='lat' dir='ltr'>magis</span> <span class='ocrx_word' id='word_1_12' title='bbox 1581 577 1655 635; x_wconf 89' lang='lat' dir='ltr'>ad</span> <span class='ocrx_word' id='word_1_13' title='bbox 1676 594 1836 635; x_wconf 83' lang='lat' dir='ltr'>seve—</span> <span class='ocrx_word' id='word_1_14' title='bbox 1868 585 1922 647; x_wconf 69' lang='grc' dir='ltr'><strong>Ἀ</strong></span> <span class='ocrx_word' id='word_1_15' title='bbox 1951 577 2184 653; x_wconf 80' lang='lat' dir='ltr'>writing</span> <span class='ocrx_word' id='word_1_16' title='bbox 2203 579 2266 635; x_wconf 86' lang='lat' dir='ltr'>of</span> <span class='ocrx_word' id='word_1_17' title='bbox 2280 578 2526 636; x_wconf 80' lang='lat' dir='ltr'>Severus</span> <span class='ocrx_word' id='word_1_18' title='bbox 2547 578 2611 635; x_wconf 88' lang='lat' dir='ltr'>of</span> <span class='ocrx_word' id='word_1_19' title='bbox 2616 578 2892 649; x_wconf 86' lang='lat' dir='ltr'>Antioch,</span> <span class='ocrx_word' id='word_1_20' title='bbox 2908 578 3245 638; x_wconf 90' lang='lat' dir='ltr'>Timothrus</span> <span class='ocrx_word' id='word_1_21' title='bbox 3266 581 3331 637; x_wconf 85' lang='lat' dir='ltr'>of</span> <span class='ocrx_word' id='word_1_22' title='bbox 3335 581 3594 639; x_wconf 66' lang='lat' dir='ltr'>Alexam-</span> 
     </span>
    </p>
   </div>
   <div class='ocr_carea' id='block_1_5' title="bbox 168 667 1839 725">
    <p class='ocr_par' dir='ltr' id='par_1_5' title="bbox 168 667 1839 725">
     <span class='ocr_line' id='line_1_5' title="bbox 168 667 1839 725; baseline 0.001 -2"><span class='ocrx_word' id='word_1_23' title='bbox 168 668 397 723; x_wconf 91' lang='lat' dir='ltr'>riorem</span> <span class='ocrx_word' id='word_1_24' title='bbox 410 667 813 723; x_wconf 78' lang='lat' dir='ltr'>recentiorum</span> <span class='ocrx_word' id='word_1_25' title='bbox 828 669 1237 724; x_wconf 90' lang='lat' dir='ltr'>Gnosticorum</span> <span class='ocrx_word' id='word_1_26' title='bbox 1253 668 1651 725; x_wconf 89' lang='lat' dir='ltr'>Docetismum</span> <span class='ocrx_word' id='word_1_27' title='bbox 1667 684 1839 725; x_wconf 87' lang='lat' dir='ltr'>acce-</span> 
     </span>
    </p>
   </div>
   <div class='ocr_carea' id='block_1_6' title="bbox 174 757 1836 832">
    <p class='ocr_par' dir='ltr' id='par_1_6' title="bbox 174 757 1836 832">
     <span class='ocr_line' id='line_1_6' title="bbox 174 757 1836 832; baseline 0.001 -20"><span class='ocrx_word' id='word_1_28' title='bbox 174 757 415 823; x_wconf 82' lang='lat' dir='ltr'>dentes,</span> <span class='ocrx_word' id='word_1_29' title='bbox 446 757 676 813; x_wconf 85' lang='lat' dir='ltr'>ferrent</span> <span class='ocrx_word' id='word_1_30' title='bbox 704 757 1109 829; x_wconf 83' lang='lat' dir='ltr'>foverentque,</span> <span class='ocrx_word' id='word_1_31' title='bbox 1132 774 1248 828; x_wconf 89' lang='lat' dir='ltr'>quo</span> <span class='ocrx_word' id='word_1_32' title='bbox 1278 758 1521 826; x_wconf 87' lang='lat' dir='ltr'>factum,</span> <span class='ocrx_word' id='word_1_33' title='bbox 1556 764 1619 813; x_wconf 89' lang='lat' dir='ltr'>ut</span> <span class='ocrx_word' id='word_1_34' title='bbox 1666 760 1836 832; x_wconf 84' lang='lat' dir='ltr'>Igna—</span> 
     </span>
    </p>
   </div>
   <div class='ocr_carea' id='block_1_7' title="bbox 172 846 1839 921">
    <p class='ocr_par' dir='ltr' id='par_1_7' title="bbox 172 846 1839 921">
     <span class='ocr_line' id='line_1_7' title="bbox 172 846 1839 921; baseline 0 -18"><span class='ocrx_word' id='word_1_35' title='bbox 172 847 301 903; x_wconf 87' lang='lat' dir='ltr'>tius</span> <span class='ocrx_word' id='word_1_36' title='bbox 333 847 396 902; x_wconf 90' lang='lat' dir='ltr'>in</span> <span class='ocrx_word' id='word_1_37' title='bbox 429 846 700 917; x_wconf 79' lang='lat' dir='ltr'>epistolis</span> <span class='ocrx_word' id='word_1_38' title='bbox 732 847 806 902; x_wconf 88' lang='lat' dir='ltr'>ad</span> <span class='ocrx_word' id='word_1_39' title='bbox 836 847 1141 918; x_wconf 83' lang='lat' dir='ltr'>Ephesios,</span> <span class='ocrx_word' id='word_1_40' title='bbox 1179 847 1533 920; x_wconf 71' lang='lat' dir='ltr'>Smyrnaaos,</span> <span class='ocrx_word' id='word_1_41' title='bbox 1566 848 1839 921; x_wconf 88' lang='lat' dir='ltr'>Polycar—</span> 
     </span>
    </p>
   </div>
   <div class='ocr_carea' id='block_1_8' title="bbox 172 936 1834 1011">
    <p class='ocr_par' dir='ltr' id='par_1_8' title="bbox 172 936 1834 1011">
     <span class='ocr_line' id='line_1_8' title="bbox 172 936 1834 1011; baseline 0.001 -18"><span class='ocrx_word' id='word_1_42' title='bbox 172 955 326 1011; x_wconf 87' lang='lat' dir='ltr'>pum</span> <span class='ocrx_word' id='word_1_43' title='bbox 358 943 416 993; x_wconf 88' lang='lat' dir='ltr'>et</span> <span class='ocrx_word' id='word_1_44' title='bbox 461 936 785 993; x_wconf 79' lang='lat' dir='ltr'>Trallianos</span> <span class='ocrx_word' id='word_1_45' title='bbox 835 937 1234 993; x_wconf 86' lang='lat' dir='ltr'>Docctismum</span> <span class='ocrx_word' id='word_1_46' title='bbox 1283 938 1476 993; x_wconf 90' lang='lat' dir='ltr'>solum</span> <span class='ocrx_word' id='word_1_47' title='bbox 1522 938 1834 1011; x_wconf 80' lang='lat' dir='ltr'>impugna-</span> 
     </span>
    </p>
   </div>
   <div class='ocr_carea' id='block_1_9' title="bbox 174 1026 1838 1099">
    <p class='ocr_par' dir='ltr' id='par_1_9' title="bbox 174 1026 1838 1099">
     <span class='ocr_line' id='line_1_9' title="bbox 174 1026 1838 1099; baseline 0.001 -16"><span class='ocrx_word' id='word_1_48' title='bbox 174 1028 354 1083; x_wconf 91' lang='lat' dir='ltr'>verit.</span> <span class='ocrx_word' id='word_1_49' title='bbox 387 1027 711 1083; x_wconf 71' lang='lat' dir='ltr'>ereticos</span> <span class='ocrx_word' id='word_1_50' title='bbox 742 1031 941 1082; x_wconf 86' lang='lat' dir='ltr'>autem</span> <span class='ocrx_word' id='word_1_51' title='bbox 973 1026 1107 1083; x_wconf 91' lang='lat' dir='ltr'>illos</span> <span class='ocrx_word' id='word_1_52' title='bbox 1135 1043 1256 1083; x_wconf 91' lang='lat' dir='ltr'>non</span> <span class='ocrx_word' id='word_1_53' title='bbox 1304 1044 1335 1082; x_wconf 91' lang='lat' dir='ltr'>e</span> <span class='ocrx_word' id='word_1_54' title='bbox 1378 1044 1628 1084; x_wconf 88' lang='lat' dir='ltr'>numero</span> <span class='ocrx_word' id='word_1_55' title='bbox 1655 1035 1838 1099; x_wconf 82' lang='lat' dir='ltr'>poste-</span> 
     </span>
    </p>
   </div>
   <div class='ocr_carea' id='block_1_10' title="bbox 170 1116 1838 1190">
    <p class='ocr_par' dir='ltr' id='par_1_10' title="bbox 170 1116 1838 1190">
     <span class='ocr_line' id='line_1_10' title="bbox 170 1116 1838 1190; baseline 0 -17"><span class='ocrx_word' id='word_1_56' title='bbox 170 1121 397 1174; x_wconf 83' lang='lat' dir='ltr'>riorum</span> <span class='ocrx_word' id='word_1_57' title='bbox 456 1117 869 1173; x_wconf 86' lang='lat' dir='ltr'>Gnosticorum</span> <span class='ocrx_word' id='word_1_58' title='bbox 936 1116 1143 1186; x_wconf 87' lang='lat' dir='ltr'>fuisse,</span> <span class='ocrx_word' id='word_1_59' title='bbox 1203 1117 1304 1190; x_wconf 88' lang='lat' dir='ltr'>qui</span> <span class='ocrx_word' id='word_1_60' title='bbox 1362 1118 1578 1173; x_wconf 89' lang='lat' dir='ltr'>mediis</span> <span class='ocrx_word' id='word_1_61' title='bbox 1636 1116 1838 1174; x_wconf 62' lang='lat' dir='ltr'>seaculi</span> 
     </span>
    </p>
   </div>
   <div class='ocr_carea' id='block_1_11' title="bbox 172 1206 1834 1281">
    <p class='ocr_par' dir='ltr' id='par_1_11' title="bbox 172 1206 1834 1281">
     <span class='ocr_line' id='line_1_11' title="bbox 172 1206 1834 1281; baseline -0.001 -16"><span class='ocrx_word' id='word_1_62' title='bbox 172 1207 430 1265; x_wconf 88' lang='lat' dir='ltr'>secundi</span> <span class='ocrx_word' id='word_1_63' title='bbox 462 1206 831 1279; x_wconf 86' lang='lat' dir='ltr'>temporidus</span> <span class='ocrx_word' id='word_1_64' title='bbox 863 1206 1216 1274; x_wconf 80' lang='lat' dir='ltr'>floruerunt,</span> <span class='ocrx_word' id='word_1_65' title='bbox 1250 1207 1406 1263; x_wconf 90' lang='lat' dir='ltr'>clare</span> <span class='ocrx_word' id='word_1_66' title='bbox 1440 1224 1509 1262; x_wconf 83' lang='lat' dir='ltr'>ex</span> <span class='ocrx_word' id='word_1_67' title='bbox 1558 1224 1626 1263; x_wconf 92' lang='lat' dir='ltr'>eo</span> <span class='ocrx_word' id='word_1_68' title='bbox 1657 1224 1834 1281; x_wconf 88' lang='lat' dir='ltr'>appa-</span> 
     </span>
    </p>
   </div>
   <div class='ocr_carea' id='block_1_12' title="bbox 170 1296 1838 1371">
    <p class='ocr_par' dir='ltr' id='par_1_12' title="bbox 170 1296 1838 1371">
     <span class='ocr_line' id='line_1_12' title="bbox 170 1296 1838 1371; baseline -0.001 -17"><span class='ocrx_word' id='word_1_69' title='bbox 170 1303 290 1366; x_wconf 85' lang='lat' dir='ltr'>ret,</span> <span class='ocrx_word' id='word_1_70' title='bbox 325 1298 487 1370; x_wconf 91' lang='lat' dir='ltr'>quod</span> <span class='ocrx_word' id='word_1_71' title='bbox 526 1297 788 1371; x_wconf 85' lang='lat' dir='ltr'>Ignatius</span> <span class='ocrx_word' id='word_1_72' title='bbox 814 1296 1214 1353; x_wconf 86' lang='lat' dir='ltr'>Docetismum</span> <span class='ocrx_word' id='word_1_73' title='bbox 1246 1297 1440 1353; x_wconf 90' lang='lat' dir='ltr'>solum</span> <span class='ocrx_word' id='word_1_74' title='bbox 1472 1298 1838 1371; x_wconf 80' lang='lat' dir='ltr'>perstringit,</span> 
     </span>
    </p>
   </div>
   <div class='ocr_carea' id='block_1_13' title="bbox 177 1388 1841 1460">
    <p class='ocr_par' dir='ltr' id='par_1_13' title="bbox 177 1388 1841 1460">
     <span class='ocr_line' id='line_1_13' title="bbox 177 1388 1841 1460; baseline 0 -15"><span class='ocrx_word' id='word_1_75' title='bbox 177 1395 434 1446; x_wconf 83' lang='lat' dir='ltr'>caeteros</span> <span class='ocrx_word' id='word_1_76' title='bbox 473 1393 669 1444; x_wconf 86' lang='lat' dir='ltr'>autem</span> <span class='ocrx_word' id='word_1_77' title='bbox 700 1388 1097 1460; x_wconf 77' lang='lat' dir='ltr'>posteriorum</span> <span class='ocrx_word' id='word_1_78' title='bbox 1147 1388 1559 1444; x_wconf 84' lang='lat' dir='ltr'>Gnosticorum</span> <span class='ocrx_word' id='word_1_79' title='bbox 1607 1402 1841 1445; x_wconf 91' lang='lat' dir='ltr'>errores</span> 
     </span>
    </p>
   </div>
   <div class='ocr_carea' id='block_1_14' title="bbox 177 1476 1207 1550">
    <p class='ocr_par' dir='ltr' id='par_1_14' title="bbox 177 1476 1207 1550">
     <span class='ocr_line' id='line_1_14' title="bbox 177 1476 1207 1550; baseline -0.001 -16"><span class='ocrx_word' id='word_1_80' title='bbox 177 1496 259 1534; x_wconf 87' lang='lat' dir='ltr'>ne</span> <span class='ocrx_word' id='word_1_81' title='bbox 291 1478 546 1533; x_wconf 88' lang='lat' dir='ltr'>minime</span> <span class='ocrx_word' id='word_1_82' title='bbox 578 1477 820 1550; x_wconf 84' lang='lat' dir='ltr'>quidem</span> <span class='ocrx_word' id='word_1_83' title='bbox 854 1477 1041 1549; x_wconf 80' lang='lat' dir='ltr'>tangit</span> <span class='ocrx_word' id='word_1_84' title='bbox 1071 1476 1207 1550; x_wconf 83' lang='lat' dir='ltr'>(7t).</span> 
     </span>
    </p>
   </div>
   <div class='ocr_carea' id='block_1_15' title="bbox 252 1567 1839 1641">
    <p class='ocr_par' dir='ltr' id='par_1_15' title="bbox 252 1567 1839 1641">
     <span class='ocr_line' id='line_1_15' title="bbox 252 1567 1839 1641; baseline 0.001 -18"><span class='ocrx_word' id='word_1_85' title='bbox 252 1570 309 1641; x_wconf 84' lang='lat'>7)</span> <span class='ocrx_word' id='word_1_86' title='bbox 326 1568 539 1641; x_wconf 85' lang='lat' dir='ltr'>Negari</span> <span class='ocrx_word' id='word_1_87' title='bbox 561 1567 822 1639; x_wconf 88' lang='lat' dir='ltr'>denique</span> <span class='ocrx_word' id='word_1_88' title='bbox 844 1584 965 1623; x_wconf 92' lang='lat' dir='ltr'>non</span> <span class='ocrx_word' id='word_1_89' title='bbox 989 1573 1201 1640; x_wconf 83' lang='lat' dir='ltr'>potest,</span> <span class='ocrx_word' id='word_1_90' title='bbox 1227 1567 1536 1623; x_wconf 91' lang='lat' dir='ltr'>nonnullis</span> <span class='ocrx_word' id='word_1_91' title='bbox 1560 1568 1839 1640; x_wconf 81' lang='lat' dir='ltr'>epistolas</span> 
     </span>
    </p>
   </div>
   <div class='ocr_carea' id='block_1_16' title="bbox 166 1658 1836 1731">
    <p class='ocr_par' dir='ltr' id='par_1_16' title="bbox 166 1658 1836 1731">
     <span class='ocr_line' id='line_1_16' title="bbox 166 1658 1836 1731; baseline 0 -16"><span class='ocrx_word' id='word_1_92' title='bbox 166 1664 415 1716; x_wconf 90' lang='lat' dir='ltr'>nostras</span> <span class='ocrx_word' id='word_1_93' title='bbox 448 1675 570 1714; x_wconf 92' lang='lat' dir='ltr'>non</span> <span class='ocrx_word' id='word_1_94' title='bbox 603 1675 675 1714; x_wconf 85' lang='lat' dir='ltr'>ex</span> <span class='ocrx_word' id='word_1_95' title='bbox 707 1658 949 1727; x_wconf 82' lang='lat' dir='ltr'>criticis,</span> <span class='ocrx_word' id='word_1_96' title='bbox 984 1659 1087 1715; x_wconf 90' lang='lat' dir='ltr'>sed</span> <span class='ocrx_word' id='word_1_97' title='bbox 1127 1675 1197 1714; x_wconf 81' lang='lat' dir='ltr'>ex</span> <span class='ocrx_word' id='word_1_98' title='bbox 1227 1658 1575 1731; x_wconf 86' lang='lat' dir='ltr'>dogmaticis</span> <span class='ocrx_word' id='word_1_99' title='bbox 1608 1663 1836 1715; x_wconf 88' lang='lat' dir='ltr'>tantum</span> 
     </span>
    </p>
   </div>
   <div class='ocr_carea' id='block_1_17' title="bbox 166 1747 1836 1820">
    <p class='ocr_par' dir='ltr' id='par_1_17' title="bbox 166 1747 1836 1820">
     <span class='ocr_line' id='line_1_17' title="bbox 166 1747 1836 1820; baseline -0.002 -14"><span class='ocrx_word' id='word_1_100' title='bbox 166 1748 371 1806; x_wconf 79' lang='lat' dir='ltr'>causis</span> <span class='ocrx_word' id='word_1_101' title='bbox 402 1747 798 1820; x_wconf 86' lang='lat' dir='ltr'>displicuisse.</span> <span class='ocrx_word' id='word_1_102' title='bbox 850 1748 1199 1819; x_wconf 87' lang='lat' dir='ltr'>Quicunque</span> <span class='ocrx_word' id='word_1_103' title='bbox 1247 1748 1409 1803; x_wconf 90' lang='lat' dir='ltr'>enim</span> <span class='ocrx_word' id='word_1_104' title='bbox 1444 1752 1546 1804; x_wconf 91' lang='lat' dir='ltr'>aut</span> <span class='ocrx_word' id='word_1_105' title='bbox 1576 1748 1836 1803; x_wconf 88' lang='lat' dir='ltr'>divinam</span> 
     </span>
    </p>
   </div>
   <div class='ocr_carea' id='block_1_18' title="bbox 170 1834 1837 1910">
    <p class='ocr_par' dir='ltr' id='par_1_18' title="bbox 170 1834 1837 1910">
     <span class='ocr_line' id='line_1_18' title="bbox 170 1834 1837 1910; baseline 0 -17"><span class='ocrx_word' id='word_1_106' title='bbox 170 1838 560 1910; x_wconf 84' lang='lat' dir='ltr'>episcopatus</span> <span class='ocrx_word' id='word_1_107' title='bbox 590 1835 1054 1907; x_wconf 81' lang='lat' dir='ltr'>institutionem,</span> <span class='ocrx_word' id='word_1_108' title='bbox 1079 1842 1180 1893; x_wconf 89' lang='lat' dir='ltr'>aut</span> <span class='ocrx_word' id='word_1_109' title='bbox 1202 1836 1570 1893; x_wconf 81' lang='lat' dir='ltr'>divinitatem</span> <span class='ocrx_word' id='word_1_110' title='bbox 1599 1834 1837 1908; x_wconf 83' lang='lat' dir='ltr'>Christi,</span> 
     </span>
    </p>
   </div>
   <div class='ocr_carea' id='block_1_19' title="bbox 1948 668 3594 744">
    <p class='ocr_par' dir='ltr' id='par_1_19' title="bbox 1948 668 3594 744">
     <span class='ocr_line' id='line_1_19' title="bbox 1948 668 3594 744; baseline 0.003 -19"><span class='ocrx_word' id='word_1_111' title='bbox 1948 669 2097 737; x_wconf 86' lang='lat' dir='ltr'>dria,</span> <span class='ocrx_word' id='word_1_112' title='bbox 2126 669 2244 725; x_wconf 88' lang='lat' dir='ltr'>and</span> <span class='ocrx_word' id='word_1_113' title='bbox 2264 669 2485 738; x_wconf 88' lang='lat' dir='ltr'>others,</span> <span class='ocrx_word' id='word_1_114' title='bbox 2509 668 2706 725; x_wconf 89' lang='lat' dir='ltr'>ediled</span> <span class='ocrx_word' id='word_1_115' title='bbox 2728 670 2861 724; x_wconf 83' lang='lat' dir='ltr'>with</span> <span class='ocrx_word' id='word_1_116' title='bbox 2885 685 2963 726; x_wconf 90' lang='lat' dir='ltr'>an</span> <span class='ocrx_word' id='word_1_117' title='bbox 2987 671 3213 744; x_wconf 88' lang='lat' dir='ltr'>englisa</span> <span class='ocrx_word' id='word_1_118' title='bbox 3237 672 3594 730; x_wconf 83' lang='lat' dir='ltr'>translation</span> 
     </span>
    </p>
   </div>
   <div class='ocr_carea' id='block_1_20' title="bbox 1948 759 3597 835">
    <p class='ocr_par' dir='ltr' id='par_1_20' title="bbox 1948 759 3597 835">
     <span class='ocr_line' id='line_1_20' title="bbox 1948 759 3597 835; baseline 0.002 -20"><span class='ocrx_word' id='word_1_119' title='bbox 1948 759 2063 815; x_wconf 88' lang='lat' dir='ltr'>and</span> <span class='ocrx_word' id='word_1_120' title='bbox 2087 759 2422 816; x_wconf 63' lang='lat' dir='ltr'>notes-Also</span> <span class='ocrx_word' id='word_1_121' title='bbox 2446 760 2543 814; x_wconf 92' lang='lat' dir='ltr'>the</span> <span class='ocrx_word' id='word_1_122' title='bbox 2557 760 2734 833; x_wconf 87' lang='lat' dir='ltr'>greck</span> <span class='ocrx_word' id='word_1_123' title='bbox 2752 759 2949 816; x_wconf 82' lang='lat' dir='ltr'>textof</span> <span class='ocrx_word' id='word_1_124' title='bbox 2960 760 3125 817; x_wconf 88' lang='lat' dir='ltr'>these</span> <span class='ocrx_word' id='word_1_125' title='bbox 3144 761 3311 818; x_wconf 88' lang='lat' dir='ltr'>three</span> <span class='ocrx_word' id='word_1_126' title='bbox 3331 763 3597 835; x_wconf 88' lang='lat' dir='ltr'>epistles,</span> 
     </span>
    </p>
   </div>
   <div class='ocr_carea' id='block_1_21' title="bbox 1947 847 3599 925">
    <p class='ocr_par' dir='ltr' id='par_1_21' title="bbox 1947 847 3599 925">
     <span class='ocr_line' id='line_1_21' title="bbox 1947 847 3599 925; baseline 0.002 -22"><span class='ocrx_word' id='word_1_127' title='bbox 1947 847 2250 904; x_wconf 89' lang='lat' dir='ltr'>corrected</span> <span class='ocrx_word' id='word_1_128' title='bbox 2281 847 2598 920; x_wconf 86' lang='lat' dir='ltr'>according</span> <span class='ocrx_word' id='word_1_129' title='bbox 2626 853 2684 902; x_wconf 91' lang='lat' dir='ltr'>to</span> <span class='ocrx_word' id='word_1_130' title='bbox 2719 847 2817 902; x_wconf 90' lang='lat' dir='ltr'>the</span> <span class='ocrx_word' id='word_1_131' title='bbox 2847 848 3148 921; x_wconf 87' lang='lat' dir='ltr'>authority</span> <span class='ocrx_word' id='word_1_132' title='bbox 3177 849 3245 905; x_wconf 89' lang='lat' dir='ltr'>of</span> <span class='ocrx_word' id='word_1_133' title='bbox 3266 850 3363 905; x_wconf 88' lang='lat' dir='ltr'>the</span> <span class='ocrx_word' id='word_1_134' title='bbox 3398 851 3599 925; x_wconf 82' lang='lat' dir='ltr'>Syriae</span> 
     </span>
    </p>
   </div>
   <div class='ocr_carea' id='block_1_22' title="bbox 1947 936 3600 1008">
    <p class='ocr_par' dir='ltr' id='par_1_22' title="bbox 1947 936 3600 1008">
     <span class='ocr_line' id='line_1_22' title="bbox 1947 936 3600 1008; baseline 0.002 -17"><span class='ocrx_word' id='word_1_135' title='bbox 1947 937 2202 993; x_wconf 88' lang='lat' dir='ltr'>version.</span> <span class='ocrx_word' id='word_1_136' title='bbox 2238 937 2318 1008; x_wconf 86' lang='lat' dir='ltr'>By</span> <span class='ocrx_word' id='word_1_137' title='bbox 2346 936 2604 992; x_wconf 80' lang='lat' dir='ltr'>William</span> <span class='ocrx_word' id='word_1_138' title='bbox 2646 937 2922 1007; x_wconf 82' lang='lat' dir='ltr'>Cureton,</span> <span class='ocrx_word' id='word_1_139' title='bbox 2972 939 3042 992; x_wconf 87' lang='lat' dir='ltr'>M.</span> <span class='ocrx_word' id='word_1_140' title='bbox 3076 940 3144 993; x_wconf 85' lang='grc' dir='ltr'><strong>Α.</strong></span> <span class='ocrx_word' id='word_1_141' title='bbox 3191 938 3474 996; x_wconf 87' lang='lat' dir='ltr'>London:</span> <span class='ocrx_word' id='word_1_142' title='bbox 3507 941 3600 997; x_wconf 85' lang='lat' dir='ltr'>Ri-</span> 
     </span>
    </p>
   </div>
   <div class='ocr_carea' id='block_1_23' title="bbox 1938 1025 3590 1101">
    <p class='ocr_par' dir='ltr' id='par_1_23' title="bbox 1938 1025 3590 1101">
     <span class='ocr_line' id='line_1_23' title="bbox 1938 1025 3590 1101; baseline 0.003 -20"><span class='ocrx_word' id='word_1_143' title='bbox 1938 1027 2240 1099; x_wconf 82' lang='lat' dir='ltr'>vingtons.</span> <span class='ocrx_word' id='word_1_144' title='bbox 2274 1025 2511 1082; x_wconf 83' lang='lat' dir='ltr'>Berlin:</span> <span class='ocrx_word' id='word_1_145' title='bbox 2570 1026 2759 1082; x_wconf 82' lang='lat' dir='ltr'>Asher</span> <span class='ocrx_word' id='word_1_146' title='bbox 2815 1031 2875 1082; x_wconf 90' lang='lat' dir='ltr'>et</span> <span class='ocrx_word' id='word_1_147' title='bbox 2929 1028 3132 1101; x_wconf 91' lang='lat' dir='ltr'>Comp.</span> <span class='ocrx_word' id='word_1_148' title='bbox 3191 1029 3590 1086; x_wconf 83' lang='lat' dir='ltr'>MDCGCXLV.</span> 
     </span>
    </p>
   </div>
   <div class='ocr_carea' id='block_1_24' title="bbox 1951 1115 3595 1189">
    <p class='ocr_par' dir='ltr' id='par_1_24' title="bbox 1951 1115 3595 1189">
     <span class='ocr_line' id='line_1_24' title="bbox 1951 1115 3595 1189; baseline 0.002 -18"><span class='ocrx_word' id='word_1_149' title='bbox 1951 1116 2121 1172; x_wconf 84' lang='lat' dir='ltr'>Libro</span> <span class='ocrx_word' id='word_1_150' title='bbox 2150 1116 2262 1171; x_wconf 92' lang='lat' dir='ltr'>hoc</span> <span class='ocrx_word' id='word_1_151' title='bbox 2281 1115 2373 1170; x_wconf 88' lang='lat' dir='ltr'>usi</span> <span class='ocrx_word' id='word_1_152' title='bbox 2396 1131 2638 1171; x_wconf 89' lang='lat' dir='ltr'>omnem</span> <span class='ocrx_word' id='word_1_153' title='bbox 2662 1117 2952 1189; x_wconf 89' lang='lat' dir='ltr'>majorem</span> <span class='ocrx_word' id='word_1_154' title='bbox 2974 1117 3134 1173; x_wconf 91' lang='lat' dir='ltr'>inter</span> <span class='ocrx_word' id='word_1_155' title='bbox 3158 1119 3498 1175; x_wconf 84' lang='lat' dir='ltr'>versionem</span> <span class='ocrx_word' id='word_1_156' title='bbox 3520 1119 3595 1175; x_wconf 85' lang='lat' dir='ltr'>il-</span> 
     </span>
    </p>
   </div>
   <div class='ocr_carea' id='block_1_25' title="bbox 1946 1205 3591 1279">
    <p class='ocr_par' dir='ltr' id='par_1_25' title="bbox 1946 1205 3591 1279">
     <span class='ocr_line' id='line_1_25' title="bbox 1946 1205 3591 1279; baseline 0.003 -18"><span class='ocrx_word' id='word_1_157' title='bbox 1946 1205 2067 1261; x_wconf 82' lang='lat' dir='ltr'>lam</span> <span class='ocrx_word' id='word_1_158' title='bbox 2089 1206 2387 1279; x_wconf 82' lang='lat' dir='ltr'>Syriacam</span> <span class='ocrx_word' id='word_1_159' title='bbox 2410 1210 2467 1261; x_wconf 89' lang='lat' dir='ltr'>et</span> <span class='ocrx_word' id='word_1_160' title='bbox 2488 1210 2714 1262; x_wconf 84' lang='lat' dir='ltr'>textum</span> <span class='ocrx_word' id='word_1_161' title='bbox 2736 1211 3007 1263; x_wconf 84' lang='lat' dir='ltr'>nostrum</span> <span class='ocrx_word' id='word_1_162' title='bbox 3030 1209 3293 1264; x_wconf 67' lang='lat' dir='ltr'>Grmcum</span> <span class='ocrx_word' id='word_1_163' title='bbox 3313 1207 3591 1266; x_wconf 82' lang='lat' dir='ltr'>differen-</span> 
     </span>
    </p>
   </div>
   <div class='ocr_carea' id='block_1_26' title="bbox 1946 1295 3596 1371">
    <p class='ocr_par' dir='ltr' id='par_1_26' title="bbox 1946 1295 3596 1371">
     <span class='ocr_line' id='line_1_26' title="bbox 1946 1295 3596 1371; baseline 0.003 -21"><span class='ocrx_word' id='word_1_164' title='bbox 1946 1297 2093 1351; x_wconf 86' lang='lat' dir='ltr'>tiam</span> <span class='ocrx_word' id='word_1_165' title='bbox 2123 1312 2229 1351; x_wconf 90' lang='lat' dir='ltr'>suo</span> <span class='ocrx_word' id='word_1_166' title='bbox 2262 1295 2390 1351; x_wconf 91' lang='lat' dir='ltr'>loco</span> <span class='ocrx_word' id='word_1_167' title='bbox 2425 1295 2856 1352; x_wconf 86' lang='lat' dir='ltr'>adnotavimus.</span> <span class='ocrx_word' id='word_1_168' title='bbox 2896 1297 3226 1354; x_wconf 85' lang='lat' dir='ltr'>Curetonus</span> <span class='ocrx_word' id='word_1_169' title='bbox 3254 1298 3428 1354; x_wconf 89' lang='lat' dir='ltr'>nobis</span> <span class='ocrx_word' id='word_1_170' title='bbox 3459 1316 3596 1371; x_wconf 85' lang='lat' dir='ltr'>per-</span> 
     </span>
    </p>
   </div>
   <div class='ocr_carea' id='block_1_27' title="bbox 1951 1385 3599 1459">
    <p class='ocr_par' dir='ltr' id='par_1_27' title="bbox 1951 1385 3599 1459">
     <span class='ocr_line' id='line_1_27' title="bbox 1951 1385 3599 1459; baseline 0.002 -17"><span class='ocrx_word' id='word_1_171' title='bbox 1951 1386 2200 1442; x_wconf 86' lang='lat' dir='ltr'>suadere</span> <span class='ocrx_word' id='word_1_172' title='bbox 2217 1389 2485 1453; x_wconf 89' lang='lat' dir='ltr'>conatur,</span> <span class='ocrx_word' id='word_1_173' title='bbox 2504 1386 2834 1441; x_wconf 85' lang='lat' dir='ltr'>versionem</span> <span class='ocrx_word' id='word_1_174' title='bbox 2853 1385 3017 1443; x_wconf 89' lang='lat' dir='ltr'>illam</span> <span class='ocrx_word' id='word_1_175' title='bbox 3040 1387 3339 1459; x_wconf 82' lang='lat' dir='ltr'>Syriacam</span> <span class='ocrx_word' id='word_1_176' title='bbox 3359 1391 3599 1457; x_wconf 83' lang='lat' dir='ltr'>genuino</span> 
     </span>
    </p>
   </div>
   <div class='ocr_carea' id='block_1_28' title="bbox 1948 1475 3601 1549">
    <p class='ocr_par' dir='ltr' id='par_1_28' title="bbox 1948 1475 3601 1549">
     <span class='ocr_line' id='line_1_28' title="bbox 1948 1475 3601 1549; baseline 0.002 -18"><span class='ocrx_word' id='word_1_177' title='bbox 1948 1476 2134 1532; x_wconf 89' lang='lat' dir='ltr'>textui</span> <span class='ocrx_word' id='word_1_178' title='bbox 2147 1476 2450 1549; x_wconf 83' lang='lat' dir='ltr'>Ignatiano</span> <span class='ocrx_word' id='word_1_179' title='bbox 2465 1475 2909 1533; x_wconf 87' lang='lat' dir='ltr'>accuratissime</span> <span class='ocrx_word' id='word_1_180' title='bbox 2922 1475 3304 1549; x_wconf 89' lang='lat' dir='ltr'>respondere,</span> <span class='ocrx_word' id='word_1_181' title='bbox 3322 1483 3379 1533; x_wconf 91' lang='lat' dir='ltr'>et</span> <span class='ocrx_word' id='word_1_182' title='bbox 3399 1479 3601 1534; x_wconf 85' lang='lat' dir='ltr'>omnia</span> 
     </span>
    </p>
   </div>
   <div class='ocr_carea' id='block_1_29' title="bbox 1951 1566 3594 1638">
    <p class='ocr_par' dir='ltr' id='par_1_29' title="bbox 1951 1566 3594 1638">
     <span class='ocr_line' id='line_1_29' title="bbox 1951 1566 3594 1638; baseline -0.001 -15"><span class='ocrx_word' id='word_1_183' title='bbox 1951 1584 2081 1638; x_wconf 73' lang='lat' dir='ltr'>qum</span> <span class='ocrx_word' id='word_1_184' title='bbox 2113 1567 2174 1621; x_wconf 91' lang='lat' dir='ltr'>in</span> <span class='ocrx_word' id='word_1_185' title='bbox 2207 1571 2410 1623; x_wconf 89' lang='lat' dir='ltr'>nostro</span> <span class='ocrx_word' id='word_1_186' title='bbox 2443 1567 2639 1622; x_wconf 70' lang='lat' dir='ltr'>Graeco</span> <span class='ocrx_word' id='word_1_187' title='bbox 2667 1570 2830 1621; x_wconf 84' lang='lat' dir='ltr'>textu</span> <span class='ocrx_word' id='word_1_188' title='bbox 2860 1566 3032 1638; x_wconf 90' lang='lat' dir='ltr'>plura</span> <span class='ocrx_word' id='word_1_189' title='bbox 3082 1566 3490 1636; x_wconf 88' lang='lat' dir='ltr'>inveniuntur,</span> <span class='ocrx_word' id='word_1_190' title='bbox 3522 1567 3594 1623; x_wconf 90' lang='lat' dir='ltr'>ab</span> 
     </span>
    </p>
   </div>
   <div class='ocr_carea' id='block_1_30' title="bbox 1948 1654 3594 1713">
    <p class='ocr_par' dir='ltr' id='par_1_30' title="bbox 1948 1654 3594 1713">
     <span class='ocr_line' id='line_1_30' title="bbox 1948 1654 3594 1713; baseline 0.001 -1"><span class='ocrx_word' id='word_1_191' title='bbox 1948 1656 2083 1712; x_wconf 89' lang='lat' dir='ltr'>aliis</span> <span class='ocrx_word' id='word_1_192' title='bbox 2114 1656 2316 1712; x_wconf 88' lang='lat' dir='ltr'>addita</span> <span class='ocrx_word' id='word_1_193' title='bbox 2347 1671 2473 1711; x_wconf 88' lang='lat' dir='ltr'>esse</span> <span class='ocrx_word' id='word_1_194' title='bbox 2507 1660 2566 1710; x_wconf 91' lang='lat' dir='ltr'>et</span> <span class='ocrx_word' id='word_1_195' title='bbox 2593 1654 2946 1711; x_wconf 90' lang='lat' dir='ltr'>introducta.</span> <span class='ocrx_word' id='word_1_196' title='bbox 2980 1657 3232 1712; x_wconf 85' lang='lat' dir='ltr'>Tantum</span> <span class='ocrx_word' id='word_1_197' title='bbox 3262 1673 3397 1712; x_wconf 88' lang='lat' dir='ltr'>vero</span> <span class='ocrx_word' id='word_1_198' title='bbox 3426 1656 3594 1713; x_wconf 91' lang='lat' dir='ltr'>abest</span> 
     </span>
    </p>
   </div>
   <div class='ocr_carea' id='block_1_31' title="bbox 1947 1746 3591 1819">
    <p class='ocr_par' dir='ltr' id='par_1_31' title="bbox 1947 1746 3591 1819">
     <span class='ocr_line' id='line_1_31' title="bbox 1947 1746 3591 1819; baseline -0.001 -15"><span class='ocrx_word' id='word_1_199' title='bbox 1947 1754 2014 1804; x_wconf 92' lang='lat' dir='ltr'>ut</span> <span class='ocrx_word' id='word_1_200' title='bbox 2043 1748 2096 1803; x_wconf 90' lang='lat' dir='ltr'>ei</span> <span class='ocrx_word' id='word_1_201' title='bbox 2118 1746 2533 1819; x_wconf 84' lang='lat' dir='ltr'>astipulemur,</span> <span class='ocrx_word' id='word_1_202' title='bbox 2556 1750 2620 1800; x_wconf 93' lang='lat' dir='ltr'>ut</span> <span class='ocrx_word' id='word_1_203' title='bbox 2647 1746 2978 1801; x_wconf 89' lang='lat' dir='ltr'>versionem</span> <span class='ocrx_word' id='word_1_204' title='bbox 3001 1746 3301 1817; x_wconf 82' lang='lat' dir='ltr'>Syriacam</span> <span class='ocrx_word' id='word_1_205' title='bbox 3329 1764 3449 1802; x_wconf 90' lang='lat' dir='ltr'>non</span> <span class='ocrx_word' id='word_1_206' title='bbox 3473 1748 3591 1803; x_wconf 91' lang='lat' dir='ltr'>nisi</span> 
     </span>
    </p>
   </div>
   <div class='ocr_carea' id='block_1_32' title="bbox 1946 1834 3594 1912">
    <p class='ocr_par' dir='ltr' id='par_1_32' title="bbox 1946 1834 3594 1912">
     <span class='ocr_line' id='line_1_32' title="bbox 1946 1834 3594 1912; baseline -0.002 -16"><span class='ocrx_word' id='word_1_207' title='bbox 1946 1839 2249 1912; x_wconf 85' lang='lat' dir='ltr'>epitomen</span> <span class='ocrx_word' id='word_1_208' title='bbox 2294 1834 2733 1909; x_wconf 88' lang='lat' dir='ltr'>Ignatianarum</span> <span class='ocrx_word' id='word_1_209' title='bbox 2776 1834 3180 1907; x_wconf 87' lang='lat' dir='ltr'>epistolarum,</span> <span class='ocrx_word' id='word_1_210' title='bbox 3227 1852 3262 1891; x_wconf 93' lang='lat' dir='ltr'>a</span> <span class='ocrx_word' id='word_1_211' title='bbox 3303 1838 3594 1893; x_wconf 88' lang='lat' dir='ltr'>monacho</span> 
     </span>
    </p>
   </div>
   <div class='ocr_carea' id='block_1_33' title="bbox 163 1925 3594 2026">
    <p class='ocr_par' dir='ltr' id='par_1_33' title="bbox 163 1925 3594 2026">
     <span class='ocr_line' id='line_1_33' title="bbox 163 1925 3594 2026; baseline -0 -42"><span class='ocrx_word' id='word_1_212' title='bbox 163 1933 272 1985; x_wconf 79' lang='lat' dir='ltr'>aut</span> <span class='ocrx_word' id='word_1_213' title='bbox 300 1927 529 1984; x_wconf 89' lang='lat' dir='ltr'>realem</span> <span class='ocrx_word' id='word_1_214' title='bbox 563 1927 797 1982; x_wconf 87' lang='lat' dir='ltr'>Domini</span> <span class='ocrx_word' id='word_1_215' title='bbox 830 1926 892 1980; x_wconf 92' lang='lat' dir='ltr'>in</span> <span class='ocrx_word' id='word_1_216' title='bbox 924 1926 1699 1999; x_wconf 75' lang='lat' dir='ltr'>Eucharistiaprmsentiam</span> <span class='ocrx_word' id='word_1_217' title='bbox 1729 1943 1835 1982; x_wconf 78' lang='lat' dir='ltr'>ne~</span> <span class='ocrx_word' id='word_1_218' title='bbox 1870 1961 1917 2026; x_wconf 75' lang='grc' dir='ltr'><strong>Β</strong></span> <span class='ocrx_word' id='word_1_219' title='bbox 1950 1928 2207 2001; x_wconf 90' lang='lat' dir='ltr'>quodam</span> <span class='ocrx_word' id='word_1_220' title='bbox 2239 1926 2474 1998; x_wconf 88' lang='lat' dir='ltr'>Syriaco</span> <span class='ocrx_word' id='word_1_221' title='bbox 2508 1926 2569 1980; x_wconf 91' lang='lat' dir='ltr'>in</span> <span class='ocrx_word' id='word_1_222' title='bbox 2601 1925 2873 1997; x_wconf 89' lang='lat' dir='ltr'>proprios</span> <span class='ocrx_word' id='word_1_223' title='bbox 2903 1942 3045 1981; x_wconf 90' lang='lat' dir='ltr'>usus</span> <span class='ocrx_word' id='word_1_224' title='bbox 3096 1926 3226 1997; x_wconf 90' lang='lat' dir='ltr'>pios</span> <span class='ocrx_word' id='word_1_225' title='bbox 3265 1926 3594 1983; x_wconf 85' lang='lat' dir='ltr'>confectam</span> 
     </span>
    </p>
   </div>
   <div class='ocr_carea' id='block_1_34' title="bbox 167 2015 1840 2092">
    <p class='ocr_par' dir='ltr' id='par_1_34' title="bbox 167 2015 1840 2092">
     <span class='ocr_line' id='line_1_34' title="bbox 167 2015 1840 2092; baseline -0.001 -19"><span class='ocrx_word' id='word_1_226' title='bbox 167 2022 343 2092; x_wconf 88' lang='lat' dir='ltr'>gant,</span> <span class='ocrx_word' id='word_1_227' title='bbox 407 2015 822 2072; x_wconf 88' lang='lat' dir='ltr'>auctoritatem</span> <span class='ocrx_word' id='word_1_228' title='bbox 880 2015 1269 2088; x_wconf 89' lang='lat' dir='ltr'>epistolarum</span> <span class='ocrx_word' id='word_1_229' title='bbox 1299 2015 1509 2088; x_wconf 90' lang='lat' dir='ltr'>Ignatii</span> <span class='ocrx_word' id='word_1_230' title='bbox 1571 2017 1840 2071; x_wconf 84' lang='lat' dir='ltr'>minuere</span> 
     </span>
    </p>
   </div>
   <div class='ocr_carea' id='block_1_35' title="bbox 176 2105 1841 2179">
    <p class='ocr_par' dir='ltr' id='par_1_35' title="bbox 176 2105 1841 2179">
     <span class='ocr_line' id='line_1_35' title="bbox 176 2105 1841 2179; baseline -0.002 -14"><span class='ocrx_word' id='word_1_231' title='bbox 176 2111 483 2165; x_wconf 88' lang='lat' dir='ltr'>conentur</span> <span class='ocrx_word' id='word_1_232' title='bbox 513 2110 765 2178; x_wconf 84' lang='lat' dir='ltr'>oportet.</span> <span class='ocrx_word' id='word_1_233' title='bbox 800 2105 913 2162; x_wconf 89' lang='lat' dir='ltr'>Sed</span> <span class='ocrx_word' id='word_1_234' title='bbox 943 2106 1150 2162; x_wconf 86' lang='lat' dir='ltr'>confer</span> <span class='ocrx_word' id='word_1_235' title='bbox 1173 2122 1305 2179; x_wconf 71' lang='lat' dir='ltr'>quae</span> <span class='ocrx_word' id='word_1_236' title='bbox 1335 2110 1542 2163; x_wconf 86' lang='lat' dir='ltr'>contra</span> <span class='ocrx_word' id='word_1_237' title='bbox 1572 2105 1684 2162; x_wconf 86' lang='lat' dir='ltr'>hoc</span> <span class='ocrx_word' id='word_1_238' title='bbox 1726 2107 1841 2163; x_wconf 85' lang='lat' dir='ltr'>Hu-</span> 
     </span>
    </p>
   </div>
   <div class='ocr_carea' id='block_1_36' title="bbox 178 2196 1235 2268">
    <p class='ocr_par' dir='ltr' id='par_1_36' title="bbox 178 2196 1235 2268">
     <span class='ocr_line' id='line_1_36' title="bbox 178 2196 1235 2268; baseline -0.001 -16"><span class='ocrx_word' id='word_1_239' title='bbox 178 2198 393 2254; x_wconf 87' lang='lat' dir='ltr'>therus</span> <span class='ocrx_word' id='word_1_240' title='bbox 418 2198 463 2251; x_wconf 90' lang='grc' dir='ltr'>Ι.</span> <span class='ocrx_word' id='word_1_241' title='bbox 498 2214 574 2265; x_wconf 89' lang='lat' dir='ltr'>c.,</span> <span class='ocrx_word' id='word_1_242' title='bbox 606 2214 662 2268; x_wconf 93' lang='lat' dir='ltr'>p.</span> <span class='ocrx_word' id='word_1_243' title='bbox 698 2200 764 2251; x_wconf 79' lang='lat' dir='ltr'>l2</span> <span class='ocrx_word' id='word_1_244' title='bbox 794 2214 950 2268; x_wconf 87' lang='lat' dir='ltr'>sqq.,</span> <span class='ocrx_word' id='word_1_245' title='bbox 983 2196 1235 2252; x_wconf 87' lang='lat' dir='ltr'>monuit.</span> 
     </span>
    </p>
   </div>
   <div class='ocr_carea' id='block_1_37' title="bbox 245 2284 1841 2342">
    <p class='ocr_par' dir='ltr' id='par_1_37' title="bbox 245 2284 1841 2342">
     <span class='ocr_line' id='line_1_37' title="bbox 245 2284 1841 2342; baseline -0.001 -2"><span class='ocrx_word' id='word_1_246' title='bbox 245 2287 342 2341; x_wconf 86' lang='lat' dir='ltr'>VI.</span> <span class='ocrx_word' id='word_1_247' title='bbox 377 2287 603 2342; x_wconf 87' lang='lat' dir='ltr'>Paucos</span> <span class='ocrx_word' id='word_1_248' title='bbox 633 2289 771 2341; x_wconf 85' lang='lat' dir='ltr'>ante</span> <span class='ocrx_word' id='word_1_249' title='bbox 799 2301 1037 2341; x_wconf 86' lang='lat' dir='ltr'>menses</span> <span class='ocrx_word' id='word_1_250' title='bbox 1073 2287 1135 2340; x_wconf 90' lang='lat' dir='ltr'>V.</span> <span class='ocrx_word' id='word_1_251' title='bbox 1168 2286 1231 2340; x_wconf 87' lang='lat' dir='ltr'>D.</span> <span class='ocrx_word' id='word_1_252' title='bbox 1271 2284 1626 2341; x_wconf 88' lang='lat' dir='ltr'>Guilielmus</span> <span class='ocrx_word' id='word_1_253' title='bbox 1661 2284 1841 2339; x_wconf 89' lang='lat' dir='ltr'>Cure-</span> 
     </span>
    </p>
   </div>
   <div class='ocr_carea' id='block_1_38' title="bbox 174 2371 1838 2448">
    <p class='ocr_par' dir='ltr' id='par_1_38' title="bbox 174 2371 1838 2448">
     <span class='ocr_line' id='line_1_38' title="bbox 174 2371 1838 2448; baseline -0.005 -16"><span class='ocrx_word' id='word_1_254' title='bbox 174 2380 308 2444; x_wconf 88' lang='lat' dir='ltr'>ton,</span> <span class='ocrx_word' id='word_1_255' title='bbox 334 2374 586 2448; x_wconf 84' lang='lat' dir='ltr'>Anglus,</span> <span class='ocrx_word' id='word_1_256' title='bbox 612 2378 872 2430; x_wconf 81' lang='lat' dir='ltr'>veterem</span> <span class='ocrx_word' id='word_1_257' title='bbox 891 2374 1225 2430; x_wconf 88' lang='lat' dir='ltr'>versionem</span> <span class='ocrx_word' id='word_1_258' title='bbox 1249 2374 1551 2444; x_wconf 85' lang='lat' dir='ltr'>Syriacam</span> <span class='ocrx_word' id='word_1_259' title='bbox 1576 2372 1760 2429; x_wconf 89' lang='lat' dir='ltr'>trium</span> <span class='ocrx_word' id='word_1_260' title='bbox 1784 2371 1838 2426; x_wconf 94' lang='lat' dir='ltr'>S.</span> 
     </span>
    </p>
   </div>
   <div class='ocr_carea' id='block_1_39' title="bbox 167 2462 1838 2538">
    <p class='ocr_par' dir='ltr' id='par_1_39' title="bbox 167 2462 1838 2538">
     <span class='ocr_line' id='line_1_39' title="bbox 167 2462 1838 2538; baseline -0.002 -17"><span class='ocrx_word' id='word_1_261' title='bbox 167 2464 389 2538; x_wconf 86' lang='lat' dir='ltr'>Ignatii</span> <span class='ocrx_word' id='word_1_262' title='bbox 422 2463 819 2536; x_wconf 80' lang='lat' dir='ltr'>epistolarum</span> <span class='ocrx_word' id='word_1_263' title='bbox 850 2463 1073 2535; x_wconf 89' lang='lat' dir='ltr'>publici</span> <span class='ocrx_word' id='word_1_264' title='bbox 1099 2463 1254 2533; x_wconf 88' lang='lat' dir='ltr'>juris</span> <span class='ocrx_word' id='word_1_265' title='bbox 1300 2462 1460 2519; x_wconf 84' lang='lat' dir='ltr'>fecit.</span> <span class='ocrx_word' id='word_1_266' title='bbox 1513 2464 1642 2518; x_wconf 84' lang='lat' dir='ltr'>Jam</span> <span class='ocrx_word' id='word_1_267' title='bbox 1681 2478 1838 2518; x_wconf 91' lang='lat' dir='ltr'>anno</span> 
     </span>
    </p>
   </div>
   <div class='ocr_carea' id='block_1_40' title="bbox 168 2551 1838 2624">
    <p class='ocr_par' dir='ltr' id='par_1_40' title="bbox 168 2551 1838 2624">
     <span class='ocr_line' id='line_1_40' title="bbox 168 2551 1838 2624; baseline -0.002 -15"><span class='ocrx_word' id='word_1_268' title='bbox 168 2554 314 2609; x_wconf 86' lang='grc'><strong>1839</strong></span> <span class='ocrx_word' id='word_1_269' title='bbox 349 2554 645 2609; x_wconf 84' lang='lat' dir='ltr'>Henricus</span> <span class='ocrx_word' id='word_1_270' title='bbox 677 2554 926 2618; x_wconf 88' lang='lat' dir='ltr'>Tattam,</span> <span class='ocrx_word' id='word_1_271' title='bbox 958 2551 1335 2624; x_wconf 87' lang='lat' dir='ltr'>Copticarum</span> <span class='ocrx_word' id='word_1_272' title='bbox 1360 2552 1695 2608; x_wconf 88' lang='lat' dir='ltr'>litterarum</span> <span class='ocrx_word' id='word_1_273' title='bbox 1729 2567 1838 2621; x_wconf 88' lang='lat' dir='ltr'>pe-</span> 
     </span>
    </p>
   </div>
   <div class='ocr_carea' id='block_1_41' title="bbox 171 2640 1840 2715">
    <p class='ocr_par' dir='ltr' id='par_1_41' title="bbox 171 2640 1840 2715">
     <span class='ocr_line' id='line_1_41' title="bbox 171 2640 1840 2715; baseline -0.002 -16"><span class='ocrx_word' id='word_1_274' title='bbox 171 2643 530 2710; x_wconf 89' lang='lat' dir='ltr'>ritissimus,</span> <span class='ocrx_word' id='word_1_275' title='bbox 557 2644 870 2715; x_wconf 68' lang='lat' dir='ltr'>Egyptum</span> <span class='ocrx_word' id='word_1_276' title='bbox 900 2658 1240 2714; x_wconf 84' lang='lat' dir='ltr'>peragrans,</span> <span class='ocrx_word' id='word_1_277' title='bbox 1266 2642 1330 2697; x_wconf 90' lang='lat' dir='ltr'>in</span> <span class='ocrx_word' id='word_1_278' title='bbox 1360 2641 1603 2713; x_wconf 86' lang='lat' dir='ltr'>Syriaco</span> <span class='ocrx_word' id='word_1_279' title='bbox 1641 2640 1840 2695; x_wconf 70' lang='lat' dir='ltr'>Nitriai</span> 
     </span>
    </p>
   </div>
   <div class='ocr_carea' id='block_1_42' title="bbox 169 2730 1881 2803">
    <p class='ocr_par' dir='ltr' id='par_1_42' title="bbox 169 2730 1881 2803">
     <span class='ocr_line' id='line_1_42' title="bbox 169 2730 1881 2803; baseline -0.002 -14"><span class='ocrx_word' id='word_1_280' title='bbox 169 2732 544 2789; x_wconf 90' lang='lat' dir='ltr'>monasterio</span> <span class='ocrx_word' id='word_1_281' title='bbox 575 2731 840 2787; x_wconf 89' lang='lat' dir='ltr'>codicem</span> <span class='ocrx_word' id='word_1_282' title='bbox 861 2731 1372 2803; x_wconf 88' lang='lat' dir='ltr'>antiquissimum,</span> <span class='ocrx_word' id='word_1_283' title='bbox 1407 2736 1545 2786; x_wconf 84' lang='lat' dir='ltr'>ante</span> <span class='ocrx_word' id='word_1_284' title='bbox 1575 2730 1841 2785; x_wconf 89' lang='lat' dir='ltr'>medium</span> <span class='ocrx_word' id='word_1_285' title='bbox 1877 2789 1881 2792; x_wconf 93' lang='lat'>_</span> 
     </span>
    </p>
   </div>
   <div class='ocr_carea' id='block_1_43' title="bbox 175 2819 1840 2892">
    <p class='ocr_par' dir='ltr' id='par_1_43' title="bbox 175 2819 1840 2892">
     <span class='ocr_line' id='line_1_43' title="bbox 175 2819 1840 2892; baseline -0.002 -15"><span class='ocrx_word' id='word_1_286' title='bbox 175 2839 320 2878; x_wconf 64' lang='lat' dir='ltr'>sane.</span> <span class='ocrx_word' id='word_1_287' title='bbox 346 2839 397 2876; x_wconf 78' lang='lat' dir='ltr'>vi</span> <span class='ocrx_word' id='word_1_288' title='bbox 430 2824 757 2890; x_wconf 84' lang='lat' dir='ltr'>exaratum,</span> <span class='ocrx_word' id='word_1_289' title='bbox 777 2820 1019 2889; x_wconf 84' lang='lat' dir='ltr'>detexit,</span> <span class='ocrx_word' id='word_1_290' title='bbox 1044 2820 1146 2890; x_wconf 87' lang='lat' dir='ltr'>qui</span> <span class='ocrx_word' id='word_1_291' title='bbox 1172 2821 1469 2892; x_wconf 88' lang='lat' dir='ltr'>Syriacam</span> <span class='ocrx_word' id='word_1_292' title='bbox 1490 2819 1840 2875; x_wconf 88' lang='lat' dir='ltr'>versionem</span> 
     </span>
    </p>
   </div>
   <div class='ocr_carea' id='block_1_44' title="bbox 169 2908 1838 2984">
    <p class='ocr_par' dir='ltr' id='par_1_44' title="bbox 169 2908 1838 2984">
     <span class='ocr_line' id='line_1_44' title="bbox 169 2908 1838 2984; baseline -0.003 -17"><span class='ocrx_word' id='word_1_293' title='bbox 169 2910 447 2984; x_wconf 68' lang='lat' dir='ltr'>epistolas</span> <span class='ocrx_word' id='word_1_294' title='bbox 479 2911 537 2967; x_wconf 92' lang='lat' dir='ltr'>S.</span> <span class='ocrx_word' id='word_1_295' title='bbox 570 2910 782 2981; x_wconf 86' lang='lat' dir='ltr'>Ignatii</span> <span class='ocrx_word' id='word_1_296' title='bbox 809 2910 884 2965; x_wconf 90' lang='lat' dir='ltr'>ad</span> <span class='ocrx_word' id='word_1_297' title='bbox 911 2909 1307 2981; x_wconf 87' lang='lat' dir='ltr'>Polycarpum</span> <span class='ocrx_word' id='word_1_298' title='bbox 1327 2908 1699 2966; x_wconf 85' lang='lat' dir='ltr'>continebat.</span> <span class='ocrx_word' id='word_1_299' title='bbox 1729 2909 1838 2962; x_wconf 82' lang='lat' dir='ltr'>Pe-</span> 
     </span>
    </p>
   </div>
   <div class='ocr_carea' id='block_1_45' title="bbox 168 2998 1839 3071">
    <p class='ocr_par' dir='ltr' id='par_1_45' title="bbox 168 2998 1839 3071">
     <span class='ocr_line' id='line_1_45' title="bbox 168 2998 1839 3071; baseline -0.002 -14"><span class='ocrx_word' id='word_1_300' title='bbox 168 3000 384 3057; x_wconf 78' lang='lat' dir='ltr'>cuniis</span> <span class='ocrx_word' id='word_1_301' title='bbox 416 2999 633 3055; x_wconf 75' lang='lat' dir='ltr'>deinde</span> <span class='ocrx_word' id='word_1_302' title='bbox 666 2998 922 3071; x_wconf 89' lang='lat' dir='ltr'>publicis</span> <span class='ocrx_word' id='word_1_303' title='bbox 967 2999 1207 3071; x_wconf 89' lang='lat' dir='ltr'>adjutus</span> <span class='ocrx_word' id='word_1_304' title='bbox 1237 2998 1617 3055; x_wconf 87' lang='lat' dir='ltr'>doctissimus</span> <span class='ocrx_word' id='word_1_305' title='bbox 1650 3000 1839 3054; x_wconf 84' lang='lat' dir='ltr'>Tatta-</span> 
     </span>
    </p>
   </div>
   <div class='ocr_carea' id='block_1_46' title="bbox 172 3085 1839 3161">
    <p class='ocr_par' dir='ltr' id='par_1_46' title="bbox 172 3085 1839 3161">
     <span class='ocr_line' id='line_1_46' title="bbox 172 3085 1839 3161; baseline -0.003 -15"><span class='ocrx_word' id='word_1_306' title='bbox 172 3107 317 3146; x_wconf 88' lang='lat' dir='ltr'>mus</span> <span class='ocrx_word' id='word_1_307' title='bbox 353 3105 513 3145; x_wconf 88' lang='lat' dir='ltr'>anno</span> <span class='ocrx_word' id='word_1_308' title='bbox 571 3090 710 3143; x_wconf 77' lang='grc'><strong>1842</strong></span> <span class='ocrx_word' id='word_1_309' title='bbox 739 3088 1002 3145; x_wconf 88' lang='lat' dir='ltr'>secunda</span> <span class='ocrx_word' id='word_1_310' title='bbox 1038 3088 1163 3144; x_wconf 88' lang='lat' dir='ltr'>vice</span> <span class='ocrx_word' id='word_1_311' title='bbox 1214 3088 1274 3144; x_wconf 91' lang='lat' dir='ltr'>in</span> <span class='ocrx_word' id='word_1_312' title='bbox 1306 3091 1617 3161; x_wconf 49' lang='lat' dir='ltr'>A‘Igyptum</span> <span class='ocrx_word' id='word_1_313' title='bbox 1649 3085 1839 3159; x_wconf 89' lang='lat' dir='ltr'>profe-</span> 
     </span>
    </p>
   </div>
   <div class='ocr_carea' id='block_1_47' title="bbox 174 3176 1838 3250">
    <p class='ocr_par' dir='ltr' id='par_1_47' title="bbox 174 3176 1838 3250">
     <span class='ocr_line' id='line_1_47' title="bbox 174 3176 1838 3250; baseline -0.003 -15"><span class='ocrx_word' id='word_1_314' title='bbox 174 3185 313 3235; x_wconf 87' lang='lat' dir='ltr'>ctus</span> <span class='ocrx_word' id='word_1_315' title='bbox 347 3183 458 3248; x_wconf 81' lang='lat' dir='ltr'>est,</span> <span class='ocrx_word' id='word_1_316' title='bbox 482 3182 542 3233; x_wconf 91' lang='lat' dir='ltr'>et</span> <span class='ocrx_word' id='word_1_317' title='bbox 570 3194 856 3250; x_wconf 88' lang='lat' dir='ltr'>prospera</span> <span class='ocrx_word' id='word_1_318' title='bbox 884 3177 1120 3233; x_wconf 87' lang='lat' dir='ltr'>fortuna</span> <span class='ocrx_word' id='word_1_319' title='bbox 1135 3176 1416 3250; x_wconf 85' lang='lat' dir='ltr'>gaudenti</span> <span class='ocrx_word' id='word_1_320' title='bbox 1446 3177 1666 3233; x_wconf 89' lang='lat' dir='ltr'>multos</span> <span class='ocrx_word' id='word_1_321' title='bbox 1688 3176 1838 3232; x_wconf 91' lang='lat' dir='ltr'>alios</span> 
     </span>
    </p>
   </div>
   <div class='ocr_carea' id='block_1_48' title="bbox 172 3270 1838 3343">
    <p class='ocr_par' dir='ltr' id='par_1_48' title="bbox 172 3270 1838 3343">
     <span class='ocr_line' id='line_1_48' title="bbox 172 3270 1838 3343; baseline -0.001 -15"><span class='ocrx_word' id='word_1_322' title='bbox 172 3270 538 3328; x_wconf 88' lang='lat' dir='ltr'>monasterii</span> <span class='ocrx_word' id='word_1_323' title='bbox 559 3270 721 3326; x_wconf 89' lang='lat' dir='ltr'>illius</span> <span class='ocrx_word' id='word_1_324' title='bbox 743 3270 977 3326; x_wconf 88' lang='lat' dir='ltr'>codices</span> <span class='ocrx_word' id='word_1_325' title='bbox 1001 3287 1198 3326; x_wconf 89' lang='lat' dir='ltr'>emere</span> <span class='ocrx_word' id='word_1_326' title='bbox 1223 3270 1490 3343; x_wconf 83' lang='lat' dir='ltr'>contigit,</span> <span class='ocrx_word' id='word_1_327' title='bbox 1507 3270 1666 3325; x_wconf 86' lang='lat' dir='ltr'>inter</span> <span class='ocrx_word' id='word_1_328' title='bbox 1688 3285 1838 3342; x_wconf 84' lang='lat' dir='ltr'>quos</span> 
     </span>
    </p>
   </div>
   <div class='ocr_carea' id='block_1_49' title="bbox 1951 2014 3597 2092">
    <p class='ocr_par' dir='ltr' id='par_1_49' title="bbox 1951 2014 3597 2092">
     <span class='ocr_line' id='line_1_49' title="bbox 1951 2014 3597 2092; baseline -0.001 -18"><span class='ocrx_word' id='word_1_329' title='bbox 1951 2018 2080 2092; x_wconf 87' lang='lat' dir='ltr'>(cfr.</span> <span class='ocrx_word' id='word_1_330' title='bbox 2115 2016 2268 2072; x_wconf 80' lang='lat' dir='ltr'>infra</span> <span class='ocrx_word' id='word_1_331' title='bbox 2298 2020 2419 2071; x_wconf 90' lang='lat' dir='ltr'>not.</span> <span class='ocrx_word' id='word_1_332' title='bbox 2437 2014 2510 2070; x_wconf 89' lang='lat' dir='ltr'>ad</span> <span class='ocrx_word' id='word_1_333' title='bbox 2537 2017 2732 2087; x_wconf 87' lang='lat' dir='ltr'>cap.2.</span> <span class='ocrx_word' id='word_1_334' title='bbox 2754 2014 2924 2086; x_wconf 88' lang='lat' dir='ltr'>epist.</span> <span class='ocrx_word' id='word_1_335' title='bbox 2941 2014 3015 2070; x_wconf 90' lang='lat' dir='ltr'>ad</span> <span class='ocrx_word' id='word_1_336' title='bbox 3036 2014 3297 2086; x_wconf 91' lang='lat' dir='ltr'>Ephes.),</span> <span class='ocrx_word' id='word_1_337' title='bbox 3315 2019 3597 2087; x_wconf 87' lang='lat' dir='ltr'>reputare</span> 
     </span>
    </p>
   </div>
   <div class='ocr_carea' id='block_1_50' title="bbox 1949 2098 3600 2178">
    <p class='ocr_par' dir='ltr' id='par_1_50' title="bbox 1949 2098 3600 2178">
     <span class='ocr_line' id='line_1_50' title="bbox 1949 2098 3600 2178; baseline 0 -17"><span class='ocrx_word' id='word_1_338' title='bbox 1949 2105 2266 2178; x_wconf 87' lang='lat' dir='ltr'>possimus,</span> <span class='ocrx_word' id='word_1_339' title='bbox 2298 2104 2631 2176; x_wconf 60' lang='lat' dir='ltr'>praisertim</span> <span class='ocrx_word' id='word_1_340' title='bbox 2650 2118 2788 2159; x_wconf 90' lang='lat' dir='ltr'>cum</span> <span class='ocrx_word' id='word_1_341' title='bbox 2810 2098 2991 2158; x_wconf 88' lang='lat' dir='ltr'>iidem</span> <span class='ocrx_word' id='word_1_342' title='bbox 3021 2102 3256 2160; x_wconf 89' lang='lat' dir='ltr'>codices</span> <span class='ocrx_word' id='word_1_343' title='bbox 3281 2120 3317 2159; x_wconf 88' lang='lat' dir='ltr'>a</span> <span class='ocrx_word' id='word_1_344' title='bbox 3336 2105 3600 2161; x_wconf 83' lang='lat' dir='ltr'>Tattamo</span> 
     </span>
    </p>
   </div>
   <div class='ocr_carea' id='block_1_51' title="bbox 1949 2192 3594 2266">
    <p class='ocr_par' dir='ltr' id='par_1_51' title="bbox 1949 2192 3594 2266">
     <span class='ocr_line' id='line_1_51' title="bbox 1949 2192 3594 2266; baseline -0.001 -15"><span class='ocrx_word' id='word_1_345' title='bbox 1949 2194 2165 2251; x_wconf 88' lang='lat' dir='ltr'>detecti</span> <span class='ocrx_word' id='word_1_346' title='bbox 2188 2200 2248 2250; x_wconf 88' lang='lat' dir='ltr'>et</span> <span class='ocrx_word' id='word_1_347' title='bbox 2269 2194 2385 2250; x_wconf 88' lang='lat' dir='ltr'>alio</span> <span class='ocrx_word' id='word_1_348' title='bbox 2407 2192 2578 2265; x_wconf 89' lang='lat' dir='ltr'>plura</span> <span class='ocrx_word' id='word_1_349' title='bbox 2593 2199 2854 2264; x_wconf 67' lang='lat' dir='ltr'>excerpta</span> <span class='ocrx_word' id='word_1_350' title='bbox 2875 2209 2947 2248; x_wconf 83' lang='lat' dir='ltr'>ex</span> <span class='ocrx_word' id='word_1_351' title='bbox 2964 2193 3231 2264; x_wconf 83' lang='lat' dir='ltr'>epistolis</span> <span class='ocrx_word' id='word_1_352' title='bbox 3250 2193 3594 2266; x_wconf 87' lang='lat' dir='ltr'>Ignatianis,</span> 
     </span>
    </p>
   </div>
   <div class='ocr_carea' id='block_1_52' title="bbox 1946 2282 3596 2355">
    <p class='ocr_par' dir='ltr' id='par_1_52' title="bbox 1946 2282 3596 2355">
     <span class='ocr_line' id='line_1_52' title="bbox 1946 2282 3596 2355; baseline -0.001 -14"><span class='ocrx_word' id='word_1_353' title='bbox 1946 2301 2058 2341; x_wconf 89' lang='lat' dir='ltr'>nec</span> <span class='ocrx_word' id='word_1_354' title='bbox 2088 2301 2208 2340; x_wconf 93' lang='lat' dir='ltr'>non</span> <span class='ocrx_word' id='word_1_355' title='bbox 2239 2283 2389 2339; x_wconf 91' lang='lat' dir='ltr'>alios</span> <span class='ocrx_word' id='word_1_356' title='bbox 2418 2282 2618 2339; x_wconf 90' lang='lat' dir='ltr'>libello</span> <span class='ocrx_word' id='word_1_357' title='bbox 2676 2282 2984 2350; x_wconf 89' lang='lat' dir='ltr'>asceticos,</span> <span class='ocrx_word' id='word_1_358' title='bbox 3015 2286 3084 2338; x_wconf 92' lang='lat' dir='ltr'>ut</span> <span class='ocrx_word' id='word_1_359' title='bbox 3110 2283 3439 2338; x_wconf 88' lang='lat' dir='ltr'>Curetonus</span> <span class='ocrx_word' id='word_1_360' title='bbox 3467 2282 3596 2355; x_wconf 90' lang='lat' dir='ltr'>ipse</span> 
     </span>
    </p>
   </div>
   <div class='ocr_carea' id='block_1_53' title="bbox 1946 2371 3593 2444">
    <p class='ocr_par' dir='ltr' id='par_1_53' title="bbox 1946 2371 3593 2444">
     <span class='ocr_line' id='line_1_53' title="bbox 1946 2371 3593 2444; baseline -0.001 -12"><span class='ocrx_word' id='word_1_361' title='bbox 1946 2376 2184 2443; x_wconf 85' lang='lat' dir='ltr'>fatetur,</span> <span class='ocrx_word' id='word_1_362' title='bbox 2218 2374 2584 2430; x_wconf 87' lang='lat' dir='ltr'>contineant.</span> <span class='ocrx_word' id='word_1_363' title='bbox 2626 2373 2922 2427; x_wconf 79' lang='lat' dir='ltr'>Praeterea</span> <span class='ocrx_word' id='word_1_364' title='bbox 2961 2371 3177 2444; x_wconf 65' lang='lat' dir='ltr'>sapius</span> <span class='ocrx_word' id='word_1_365' title='bbox 3217 2371 3358 2429; x_wconf 91' lang='lat' dir='ltr'>inde</span> <span class='ocrx_word' id='word_1_366' title='bbox 3397 2388 3470 2428; x_wconf 86' lang='lat' dir='ltr'>ex</span> <span class='ocrx_word' id='word_1_367' title='bbox 3501 2388 3593 2443; x_wconf 89' lang='lat' dir='ltr'>eo,</span> 
     </span>
    </p>
   </div>
   <div class='ocr_carea' id='block_1_54' title="bbox 1948 2460 3596 2536">
    <p class='ocr_par' dir='ltr' id='par_1_54' title="bbox 1948 2460 3596 2536">
     <span class='ocr_line' id='line_1_54' title="bbox 1948 2460 3596 2536; baseline -0.001 -17"><span class='ocrx_word' id='word_1_368' title='bbox 1948 2463 2101 2536; x_wconf 89' lang='lat' dir='ltr'>qurd</span> <span class='ocrx_word' id='word_1_369' title='bbox 2123 2479 2308 2519; x_wconf 83' lang='lat' dir='ltr'>nexus</span> <span class='ocrx_word' id='word_1_370' title='bbox 2328 2462 2760 2518; x_wconf 89' lang='lat' dir='ltr'>sententiarum</span> <span class='ocrx_word' id='word_1_371' title='bbox 2774 2461 2836 2516; x_wconf 91' lang='lat' dir='ltr'>in</span> <span class='ocrx_word' id='word_1_372' title='bbox 2853 2460 3122 2518; x_wconf 86' lang='lat' dir='ltr'>versione</span> <span class='ocrx_word' id='word_1_373' title='bbox 3139 2460 3379 2534; x_wconf 87' lang='lat' dir='ltr'>Syriaca</span> <span class='ocrx_word' id='word_1_374' title='bbox 3398 2462 3596 2518; x_wconf 88' lang='lat' dir='ltr'>minus</span> 
     </span>
    </p>
   </div>
   <div class='ocr_carea' id='block_1_55' title="bbox 1948 2550 3600 2624">
    <p class='ocr_par' dir='ltr' id='par_1_55' title="bbox 1948 2550 3600 2624">
     <span class='ocr_line' id='line_1_55' title="bbox 1948 2550 3600 2624; baseline 0 -16"><span class='ocrx_word' id='word_1_375' title='bbox 1948 2558 2039 2608; x_wconf 90' lang='lat' dir='ltr'>est</span> <span class='ocrx_word' id='word_1_376' title='bbox 2066 2559 2286 2622; x_wconf 89' lang='lat' dir='ltr'>arctus,</span> <span class='ocrx_word' id='word_1_377' title='bbox 2316 2556 2582 2624; x_wconf 90' lang='lat' dir='ltr'>apparet,</span> <span class='ocrx_word' id='word_1_378' title='bbox 2613 2551 2976 2607; x_wconf 86' lang='lat' dir='ltr'>monachum</span> <span class='ocrx_word' id='word_1_379' title='bbox 3001 2550 3173 2607; x_wconf 89' lang='lat' dir='ltr'>illum</span> <span class='ocrx_word' id='word_1_380' title='bbox 3204 2567 3326 2608; x_wconf 91' lang='lat' dir='ltr'>non</span> <span class='ocrx_word' id='word_1_381' title='bbox 3357 2555 3480 2608; x_wconf 88' lang='lat' dir='ltr'>tam</span> <span class='ocrx_word' id='word_1_382' title='bbox 3510 2552 3600 2608; x_wconf 87' lang='lat' dir='ltr'>in-</span> 
     </span>
    </p>
   </div>
   <div class='ocr_carea' id='block_1_56' title="bbox 1948 2640 3599 2714">
    <p class='ocr_par' dir='ltr' id='par_1_56' title="bbox 1948 2640 3599 2714">
     <span class='ocr_line' id='line_1_56' title="bbox 1948 2640 3599 2714; baseline 0 -17"><span class='ocrx_word' id='word_1_383' title='bbox 1948 2642 2246 2714; x_wconf 90' lang='lat' dir='ltr'>terpretis,</span> <span class='ocrx_word' id='word_1_384' title='bbox 2280 2657 2457 2713; x_wconf 89' lang='lat' dir='ltr'>quam</span> <span class='ocrx_word' id='word_1_385' title='bbox 2488 2641 2868 2711; x_wconf 79' lang='lat' dir='ltr'>epitomatoris</span> <span class='ocrx_word' id='word_1_386' title='bbox 2905 2644 3106 2711; x_wconf 90' lang='lat' dir='ltr'>partes</span> <span class='ocrx_word' id='word_1_387' title='bbox 3137 2640 3349 2712; x_wconf 84' lang='lat' dir='ltr'>egisse.</span> <span class='ocrx_word' id='word_1_388' title='bbox 3381 2641 3599 2697; x_wconf 86' lang='lat' dir='ltr'>Confer</span> 
     </span>
    </p>
   </div>
   <div class='ocr_carea' id='block_1_57' title="bbox 1947 2730 3595 2805">
    <p class='ocr_par' dir='ltr' id='par_1_57' title="bbox 1947 2730 3595 2805">
     <span class='ocr_line' id='line_1_57' title="bbox 1947 2730 3595 2805; baseline 0 -15"><span class='ocrx_word' id='word_1_389' title='bbox 1947 2751 2079 2805; x_wconf 71' lang='lat' dir='ltr'>quas</span> <span class='ocrx_word' id='word_1_390' title='bbox 2127 2733 2202 2789; x_wconf 88' lang='lat' dir='ltr'>ad</span> <span class='ocrx_word' id='word_1_391' title='bbox 2257 2732 2520 2805; x_wconf 89' lang='lat' dir='ltr'>singulos</span> <span class='ocrx_word' id='word_1_392' title='bbox 2579 2731 2740 2786; x_wconf 90' lang='lat' dir='ltr'>locos</span> <span class='ocrx_word' id='word_1_393' title='bbox 2797 2730 3186 2787; x_wconf 88' lang='lat' dir='ltr'>monuimus:</span> <span class='ocrx_word' id='word_1_394' title='bbox 3246 2731 3321 2786; x_wconf 90' lang='lat' dir='ltr'>ad</span> <span class='ocrx_word' id='word_1_395' title='bbox 3377 2731 3595 2803; x_wconf 89' lang='lat' dir='ltr'>Ephes.</span> 
     </span>
    </p>
   </div>
   <div class='ocr_carea' id='block_1_58' title="bbox 1946 2818 3591 2895">
    <p class='ocr_par' dir='ltr' id='par_1_58' title="bbox 1946 2818 3591 2895">
     <span class='ocr_line' id='line_1_58' title="bbox 1946 2818 3591 2895; baseline -0.002 -16"><span class='ocrx_word' id='word_1_396' title='bbox 1946 2839 2115 2895; x_wconf 89' lang='lat' dir='ltr'>capp.</span> <span class='ocrx_word' id='word_1_397' title='bbox 2148 2824 2202 2892; x_wconf 87' lang='lat'>3,</span> <span class='ocrx_word' id='word_1_398' title='bbox 2233 2824 2289 2888; x_wconf 91' lang='lat'>8,</span> <span class='ocrx_word' id='word_1_399' title='bbox 2320 2824 2376 2888; x_wconf 82' lang='lat'>9,</span> <span class='ocrx_word' id='word_1_400' title='bbox 2412 2822 2497 2890; x_wconf 74' lang='grc'><strong>14,</strong></span> <span class='ocrx_word' id='word_1_401' title='bbox 2532 2824 2634 2887; x_wconf 84' lang='grc'>19;</span> <span class='ocrx_word' id='word_1_402' title='bbox 2668 2819 2743 2876; x_wconf 90' lang='lat' dir='ltr'>ad</span> <span class='ocrx_word' id='word_1_403' title='bbox 2770 2819 2948 2876; x_wconf 90' lang='lat' dir='ltr'>Trall.</span> <span class='ocrx_word' id='word_1_404' title='bbox 2980 2819 3044 2874; x_wconf 91' lang='lat' dir='ltr'>in</span> <span class='ocrx_word' id='word_1_405' title='bbox 3075 2818 3249 2874; x_wconf 89' lang='lat' dir='ltr'>titulo</span> <span class='ocrx_word' id='word_1_406' title='bbox 3279 2823 3338 2875; x_wconf 91' lang='lat' dir='ltr'>et</span> <span class='ocrx_word' id='word_1_407' title='bbox 3367 2836 3495 2892; x_wconf 91' lang='lat' dir='ltr'>cap.</span> <span class='ocrx_word' id='word_1_408' title='bbox 3527 2822 3591 2888; x_wconf 69' lang='lat'><strong>4;</strong></span> 
     </span>
    </p>
   </div>
   <div class='ocr_carea' id='block_1_59' title="bbox 1945 2910 3595 2983">
    <p class='ocr_par' dir='ltr' id='par_1_59' title="bbox 1945 2910 3595 2983">
     <span class='ocr_line' id='line_1_59' title="bbox 1945 2910 3595 2983; baseline -0.001 -14"><span class='ocrx_word' id='word_1_409' title='bbox 1945 2912 2020 2969; x_wconf 89' lang='lat' dir='ltr'>ad</span> <span class='ocrx_word' id='word_1_410' title='bbox 2052 2914 2217 2969; x_wconf 85' lang='lat' dir='ltr'>Rom.</span> <span class='ocrx_word' id='word_1_411' title='bbox 2245 2928 2372 2983; x_wconf 89' lang='lat' dir='ltr'>cap.</span> <span class='ocrx_word' id='word_1_412' title='bbox 2405 2913 2436 2965; x_wconf 88' lang='lat'>6</span> <span class='ocrx_word' id='word_1_413' title='bbox 2457 2929 2470 2980; x_wconf 88' lang='lat'>;</span> <span class='ocrx_word' id='word_1_414' title='bbox 2491 2911 2566 2967; x_wconf 90' lang='lat' dir='ltr'>ad</span> <span class='ocrx_word' id='word_1_415' title='bbox 2599 2910 2789 2982; x_wconf 87' lang='lat' dir='ltr'>Polyc.</span> <span class='ocrx_word' id='word_1_416' title='bbox 2822 2910 2885 2965; x_wconf 86' lang='lat' dir='ltr'>in</span> <span class='ocrx_word' id='word_1_417' title='bbox 2909 2910 3079 2966; x_wconf 90' lang='lat' dir='ltr'>titulo</span> <span class='ocrx_word' id='word_1_418' title='bbox 3110 2914 3170 2967; x_wconf 91' lang='lat' dir='ltr'>et</span> <span class='ocrx_word' id='word_1_419' title='bbox 3198 2927 3329 2983; x_wconf 89' lang='lat' dir='ltr'>cap.</span> <span class='ocrx_word' id='word_1_420' title='bbox 3353 2913 3384 2965; x_wconf 87' lang='lat'><strong>7</strong></span> <span class='ocrx_word' id='word_1_421' title='bbox 3407 2913 3595 2980; x_wconf 81' lang='lat' dir='ltr'>;Mar-</span> 
     </span>
    </p>
   </div>
   <div class='ocr_carea' id='block_1_60' title="bbox 1944 3002 2807 3077">
    <p class='ocr_par' dir='ltr' id='par_1_60' title="bbox 1944 3002 2807 3077">
     <span class='ocr_line' id='line_1_60' title="bbox 1944 3002 2807 3077; baseline 0 -19"><span class='ocrx_word' id='word_1_422' title='bbox 1944 3004 2163 3077; x_wconf 90' lang='lat' dir='ltr'>tyrium</span> <span class='ocrx_word' id='word_1_423' title='bbox 2196 3005 2251 3060; x_wconf 92' lang='lat' dir='ltr'>S.</span> <span class='ocrx_word' id='word_1_424' title='bbox 2285 3003 2496 3076; x_wconf 88' lang='lat' dir='ltr'>Ignatii</span> <span class='ocrx_word' id='word_1_425' title='bbox 2524 3003 2588 3058; x_wconf 87' lang='lat' dir='ltr'>in</span> <span class='ocrx_word' id='word_1_426' title='bbox 2613 3002 2807 3058; x_wconf 89' lang='lat' dir='ltr'>titulo.</span> 
     </span>
    </p>
   </div>
   <div class='ocr_carea' id='block_1_61' title="bbox 2015 3090 3592 3165">
    <p class='ocr_par' dir='ltr' id='par_1_61' title="bbox 2015 3090 3592 3165">
     <span class='ocr_line' id='line_1_61' title="bbox 2015 3090 3592 3165; baseline 0.002 -18"><span class='ocrx_word' id='word_1_427' title='bbox 2015 3094 2133 3149; x_wconf 85' lang='lat' dir='ltr'>VIl.</span> <span class='ocrx_word' id='word_1_428' title='bbox 2168 3092 2313 3148; x_wconf 85' lang='lat' dir='ltr'>Male</span> <span class='ocrx_word' id='word_1_429' title='bbox 2345 3092 2523 3148; x_wconf 92' lang='lat' dir='ltr'>etiam</span> <span class='ocrx_word' id='word_1_430' title='bbox 2544 3092 2616 3148; x_wconf 90' lang='lat' dir='ltr'>de</span> <span class='ocrx_word' id='word_1_431' title='bbox 2647 3091 2982 3165; x_wconf 88' lang='lat' dir='ltr'>integritate</span> <span class='ocrx_word' id='word_1_432' title='bbox 3012 3090 3395 3163; x_wconf 89' lang='lat' dir='ltr'>epistolarum</span> <span class='ocrx_word' id='word_1_433' title='bbox 3424 3094 3592 3165; x_wconf 86' lang='lat' dir='ltr'>Igna-</span> 
     </span>
    </p>
   </div>
   <div class='ocr_carea' id='block_1_62' title="bbox 1947 3180 3596 3254">
    <p class='ocr_par' dir='ltr' id='par_1_62' title="bbox 1947 3180 3596 3254">
     <span class='ocr_line' id='line_1_62' title="bbox 1947 3180 3596 3254; baseline 0 -16"><span class='ocrx_word' id='word_1_434' title='bbox 1947 3182 2011 3238; x_wconf 92' lang='lat' dir='ltr'>tii</span> <span class='ocrx_word' id='word_1_435' title='bbox 2043 3181 2223 3239; x_wconf 91' lang='lat' dir='ltr'>dubia</span> <span class='ocrx_word' id='word_1_436' title='bbox 2245 3189 2408 3238; x_wconf 90' lang='lat' dir='ltr'>mota</span> <span class='ocrx_word' id='word_1_437' title='bbox 2438 3187 2577 3238; x_wconf 89' lang='lat' dir='ltr'>sunt</span> <span class='ocrx_word' id='word_1_438' title='bbox 2605 3182 2734 3253; x_wconf 83' lang='lat'>(‘12).</span> <span class='ocrx_word' id='word_1_439' title='bbox 2768 3182 3104 3237; x_wconf 61' lang='lat' dir='ltr'>Praesertim</span> <span class='ocrx_word' id='word_1_440' title='bbox 3141 3180 3342 3238; x_wconf 87' lang='lat' dir='ltr'>omnia</span> <span class='ocrx_word' id='word_1_441' title='bbox 3371 3181 3444 3237; x_wconf 90' lang='lat' dir='ltr'>de</span> <span class='ocrx_word' id='word_1_442' title='bbox 3475 3182 3596 3254; x_wconf 90' lang='lat' dir='ltr'>epi-</span> 
     </span>
    </p>
   </div>
   <div class='ocr_carea' id='block_1_63' title="bbox 1953 3268 3596 3345">
    <p class='ocr_par' dir='ltr' id='par_1_63' title="bbox 1953 3268 3596 3345">
     <span class='ocr_line' id='line_1_63' title="bbox 1953 3268 3596 3345; baseline 0 -18"><span class='ocrx_word' id='word_1_443' title='bbox 1953 3277 2199 3345; x_wconf 89' lang='lat' dir='ltr'>scopatu</span> <span class='ocrx_word' id='word_1_444' title='bbox 2229 3276 2287 3326; x_wconf 91' lang='lat' dir='ltr'>et</span> <span class='ocrx_word' id='word_1_445' title='bbox 2315 3271 2387 3326; x_wconf 90' lang='lat' dir='ltr'>de</span> <span class='ocrx_word' id='word_1_446' title='bbox 2422 3271 2640 3327; x_wconf 88' lang='lat' dir='ltr'>deitate</span> <span class='ocrx_word' id='word_1_447' title='bbox 2662 3270 2879 3327; x_wconf 87' lang='lat' dir='ltr'>Christi</span> <span class='ocrx_word' id='word_1_448' title='bbox 2909 3271 3086 3325; x_wconf 78' lang='lat' dir='ltr'>effata</span> <span class='ocrx_word' id='word_1_449' title='bbox 3116 3268 3528 3342; x_wconf 90' lang='lat' dir='ltr'>interpolatori</span> <span class='ocrx_word' id='word_1_450' title='bbox 3561 3288 3596 3327; x_wconf 88' lang='lat' dir='ltr'>a</span> 
     </span>
    </p>
   </div>
   <div class='ocr_carea' id='block_1_64' title="bbox 184 3337 2813 3435">
    <p class='ocr_par' dir='ltr' id='par_1_64' title="bbox 184 3337 2813 3435">
     <span class='ocr_line' id='line_1_64' title="bbox 184 3337 2813 3435; baseline 0.001 -19"><span class='ocrx_word' id='word_1_451' title='bbox 184 3361 376 3416; x_wconf 86' lang='lat' dir='ltr'>etiam</span> <span class='ocrx_word' id='word_1_452' title='bbox 427 3361 484 3431; x_wconf 91' lang='lat' dir='ltr'>(e</span> <span class='ocrx_word' id='word_1_453' title='bbox 529 3376 664 3415; x_wconf 70' lang='lat' dir='ltr'>saec.</span> <span class='ocrx_word' id='word_1_454' title='bbox 714 3377 764 3414; x_wconf 84' lang='lat' dir='ltr'>v1</span> <span class='ocrx_word' id='word_1_455' title='bbox 812 3359 904 3415; x_wconf 89' lang='lat' dir='ltr'>vel</span> <span class='ocrx_word' id='word_1_456' title='bbox 933 3369 1028 3428; x_wconf 79' lang='lat' dir='ltr'>vn)</span> <span class='ocrx_word' id='word_1_457' title='bbox 1074 3359 1320 3430; x_wconf 90' lang='lat' dir='ltr'>antiqua</span> <span class='ocrx_word' id='word_1_458' title='bbox 1366 3337 1556 3415; x_wconf 69' lang='lat' dir='ltr'>versio</span> <span class='ocrx_word' id='word_1_459' title='bbox 1603 3337 1842 3431; x_wconf 83' lang='lat' dir='ltr'>Syriaca</span> <span class='ocrx_word' id='word_1_460' title='bbox 1882 3337 1922 3404; x_wconf 71' lang='grc' dir='ltr'>Ο</span> <span class='ocrx_word' id='word_1_461' title='bbox 1957 3337 2312 3435; x_wconf 76' lang='lat' dir='ltr'>quihusdam</span> <span class='ocrx_word' id='word_1_462' title='bbox 2343 3363 2666 3421; x_wconf 82' lang='lat' dir='ltr'>tribuatur.</span> <span class='ocrx_word' id='word_1_463' title='bbox 2699 3363 2813 3419; x_wconf 91' lang='lat' dir='ltr'>Sed</span> 
     </span>
    </p>
   </div>
   <div class='ocr_carea' id='block_1_65' title="bbox 170 3447 1831 3520">
    <p class='ocr_par' dir='ltr' id='par_1_65' title="bbox 170 3447 1831 3520">
     <span class='ocr_line' id='line_1_65' title="bbox 170 3447 1831 3520; baseline -0.002 -14"><span class='ocrx_word' id='word_1_464' title='bbox 170 3451 367 3506; x_wconf 87' lang='lat' dir='ltr'>trium</span> <span class='ocrx_word' id='word_1_465' title='bbox 396 3450 453 3504; x_wconf 90' lang='lat' dir='ltr'>S.</span> <span class='ocrx_word' id='word_1_466' title='bbox 482 3448 693 3519; x_wconf 86' lang='lat' dir='ltr'>Ignatii</span> <span class='ocrx_word' id='word_1_467' title='bbox 743 3447 1130 3520; x_wconf 86' lang='lat' dir='ltr'>epistolarum</span> <span class='ocrx_word' id='word_1_468' title='bbox 1180 3448 1254 3503; x_wconf 91' lang='lat' dir='ltr'>ad</span> <span class='ocrx_word' id='word_1_469' title='bbox 1285 3449 1590 3520; x_wconf 88' lang='lat' dir='ltr'>Ephesios,</span> <span class='ocrx_word' id='word_1_470' title='bbox 1623 3447 1699 3504; x_wconf 89' lang='lat' dir='ltr'>ad</span> <span class='ocrx_word' id='word_1_471' title='bbox 1727 3451 1831 3505; x_wconf 81' lang='lat' dir='ltr'>Ro-</span> 
     </span>
    </p>
   </div>
   <div class='ocr_carea' id='block_1_66' title="bbox 166 3537 1829 3610">
    <p class='ocr_par' dir='ltr' id='par_1_66' title="bbox 166 3537 1829 3610">
     <span class='ocr_line' id='line_1_66' title="bbox 166 3537 1829 3610; baseline -0.002 -14"><span class='ocrx_word' id='word_1_472' title='bbox 166 3555 385 3596; x_wconf 88' lang='lat' dir='ltr'>manos</span> <span class='ocrx_word' id='word_1_473' title='bbox 420 3537 574 3593; x_wconf 88' lang='lat' dir='ltr'>etad</span> <span class='ocrx_word' id='word_1_474' title='bbox 605 3539 1016 3610; x_wconf 87' lang='lat' dir='ltr'>Polycarpum,</span> <span class='ocrx_word' id='word_1_475' title='bbox 1049 3554 1169 3593; x_wconf 90' lang='lat' dir='ltr'>una</span> <span class='ocrx_word' id='word_1_476' title='bbox 1195 3554 1328 3592; x_wconf 87' lang='lat' dir='ltr'>cum</span> <span class='ocrx_word' id='word_1_477' title='bbox 1360 3537 1631 3609; x_wconf 89' lang='lat' dir='ltr'>pluribus</span> <span class='ocrx_word' id='word_1_478' title='bbox 1662 3539 1829 3610; x_wconf 55' lang='lat' dir='ltr'>lgna.</span> 
     </span>
    </p>
   </div>
   <div class='ocr_carea' id='block_1_67' title="bbox 170 3627 1829 3699">
    <p class='ocr_par' dir='ltr' id='par_1_67' title="bbox 170 3627 1829 3699">
     <span class='ocr_line' id='line_1_67' title="bbox 170 3627 1829 3699; baseline -0.001 -16"><span class='ocrx_word' id='word_1_479' title='bbox 170 3630 482 3685; x_wconf 86' lang='lat' dir='ltr'>tianarum</span> <span class='ocrx_word' id='word_1_480' title='bbox 514 3627 915 3699; x_wconf 82' lang='lat' dir='ltr'>epistolarum</span> <span class='ocrx_word' id='word_1_481' title='bbox 940 3627 1289 3699; x_wconf 82' lang='lat' dir='ltr'>fragmentis</span> <span class='ocrx_word' id='word_1_482' title='bbox 1309 3632 1544 3699; x_wconf 89' lang='lat' dir='ltr'>reperta</span> <span class='ocrx_word' id='word_1_483' title='bbox 1562 3634 1669 3683; x_wconf 90' lang='lat' dir='ltr'>est.</span> <span class='ocrx_word' id='word_1_484' title='bbox 1698 3628 1829 3692; x_wconf 84' lang='lat' dir='ltr'>Qui-</span> 
     </span>
    </p>
   </div>
   <div class='ocr_carea' id='block_1_68' title="bbox 156 3716 1831 3784">
    <p class='ocr_par' dir='ltr' id='par_1_68' title="bbox 156 3716 1831 3784">
     <span class='ocr_line' id='line_1_68' title="bbox 156 3716 1831 3784; baseline -0.001 -11"><span class='ocrx_word' id='word_1_485' title='bbox 156 3718 273 3775; x_wconf 87' lang='lat' dir='ltr'>bus</span> <span class='ocrx_word' id='word_1_486' title='bbox 296 3716 608 3774; x_wconf 82' lang='lat' dir='ltr'>codicibus</span> <span class='ocrx_word' id='word_1_487' title='bbox 623 3716 871 3772; x_wconf 87' lang='lat' dir='ltr'>detectis</span> <span class='ocrx_word' id='word_1_488' title='bbox 887 3716 1238 3772; x_wconf 86' lang='lat' dir='ltr'>Guilielmus</span> <span class='ocrx_word' id='word_1_489' title='bbox 1255 3717 1607 3784; x_wconf 88' lang='lat' dir='ltr'>Curetonus,</span> <span class='ocrx_word' id='word_1_490' title='bbox 1622 3716 1831 3773; x_wconf 88' lang='lat' dir='ltr'>Orien-</span> 
     </span>
    </p>
   </div>
   <div class='ocr_carea' id='block_1_69' title="bbox 164 3804 1827 3877">
    <p class='ocr_par' dir='ltr' id='par_1_69' title="bbox 164 3804 1827 3877">
     <span class='ocr_line' id='line_1_69' title="bbox 164 3804 1827 3877; baseline -0.002 -14"><span class='ocrx_word' id='word_1_491' title='bbox 164 3807 380 3863; x_wconf 84' lang='lat' dir='ltr'>talium</span> <span class='ocrx_word' id='word_1_492' title='bbox 411 3805 752 3861; x_wconf 89' lang='lat' dir='ltr'>litterarum</span> <span class='ocrx_word' id='word_1_493' title='bbox 775 3805 1044 3877; x_wconf 88' lang='lat' dir='ltr'>apprime</span> <span class='ocrx_word' id='word_1_494' title='bbox 1066 3821 1305 3877; x_wconf 88' lang='lat' dir='ltr'>gnarus,</span> <span class='ocrx_word' id='word_1_495' title='bbox 1331 3805 1554 3876; x_wconf 90' lang='lat' dir='ltr'>optime</span> <span class='ocrx_word' id='word_1_496' title='bbox 1586 3820 1648 3860; x_wconf 89' lang='lat' dir='ltr'>se</span> <span class='ocrx_word' id='word_1_497' title='bbox 1671 3804 1744 3860; x_wconf 88' lang='lat' dir='ltr'>de</span> <span class='ocrx_word' id='word_1_498' title='bbox 1765 3821 1827 3859; x_wconf 91' lang='lat' dir='ltr'>re</span> 
     </span>
    </p>
   </div>
   <div class='ocr_carea' id='block_1_70' title="bbox 162 3894 1829 3969">
    <p class='ocr_par' dir='ltr' id='par_1_70' title="bbox 162 3894 1829 3969">
     <span class='ocr_line' id='line_1_70' title="bbox 162 3894 1829 3969; baseline -0.003 -15"><span class='ocrx_word' id='word_1_499' title='bbox 162 3897 487 3969; x_wconf 86' lang='lat' dir='ltr'>patristica</span> <span class='ocrx_word' id='word_1_500' title='bbox 517 3895 642 3951; x_wconf 90' lang='lat' dir='ltr'>fore</span> <span class='ocrx_word' id='word_1_501' title='bbox 695 3895 1049 3950; x_wconf 89' lang='lat' dir='ltr'>meriturum</span> <span class='ocrx_word' id='word_1_502' title='bbox 1082 3894 1380 3966; x_wconf 85' lang='lat' dir='ltr'>sperabat,</span> <span class='ocrx_word' id='word_1_503' title='bbox 1416 3894 1464 3949; x_wconf 92' lang='lat' dir='ltr'>si</span> <span class='ocrx_word' id='word_1_504' title='bbox 1495 3894 1829 3949; x_wconf 89' lang='lat' dir='ltr'>versionem</span> 
     </span>
    </p>
   </div>
   <div class='ocr_carea' id='block_1_71' title="bbox 160 3983 1828 4058">
    <p class='ocr_par' dir='ltr' id='par_1_71' title="bbox 160 3983 1828 4058">
     <span class='ocr_line' id='line_1_71' title="bbox 160 3983 1828 4058; baseline -0.003 -15"><span class='ocrx_word' id='word_1_505' title='bbox 160 3987 341 4043; x_wconf 89' lang='lat' dir='ltr'>illam</span> <span class='ocrx_word' id='word_1_506' title='bbox 365 3985 667 4058; x_wconf 85' lang='lat' dir='ltr'>Syriacam</span> <span class='ocrx_word' id='word_1_507' title='bbox 678 3983 846 4056; x_wconf 90' lang='lat' dir='ltr'>prelo</span> <span class='ocrx_word' id='word_1_508' title='bbox 868 3983 1191 4055; x_wconf 88' lang='lat' dir='ltr'>subjiceret</span> <span class='ocrx_word' id='word_1_509' title='bbox 1209 3989 1267 4038; x_wconf 89' lang='lat' dir='ltr'>et</span> <span class='ocrx_word' id='word_1_510' title='bbox 1281 3983 1615 4039; x_wconf 87' lang='lat' dir='ltr'>versionem</span> <span class='ocrx_word' id='word_1_511' title='bbox 1628 3983 1828 4056; x_wconf 83' lang='lat' dir='ltr'>Angli-</span> 
     </span>
    </p>
   </div>
   <div class='ocr_carea' id='block_1_72' title="bbox 161 4071 1824 4144">
    <p class='ocr_par' dir='ltr' id='par_1_72' title="bbox 161 4071 1824 4144">
     <span class='ocr_line' id='line_1_72' title="bbox 161 4071 1824 4144; baseline -0.004 -12"><span class='ocrx_word' id='word_1_512' title='bbox 161 4092 300 4132; x_wconf 88' lang='lat' dir='ltr'>cam</span> <span class='ocrx_word' id='word_1_513' title='bbox 313 4072 769 4144; x_wconf 84' lang='lat' dir='ltr'>adderet,atque</span> <span class='ocrx_word' id='word_1_514' title='bbox 804 4077 1029 4126; x_wconf 87' lang='lat' dir='ltr'>textum</span> <span class='ocrx_word' id='word_1_515' title='bbox 1045 4071 1591 4141; x_wconf 73' lang='lat' dir='ltr'>Grmcum,Syriacm</span> <span class='ocrx_word' id='word_1_516' title='bbox 1610 4071 1824 4126; x_wconf 91' lang='lat' dir='ltr'>versio-</span> 
     </span>
    </p>
   </div>
   <div class='ocr_carea' id='block_1_73' title="bbox 159 4157 1824 4236">
    <p class='ocr_par' dir='ltr' id='par_1_73' title="bbox 159 4157 1824 4236">
     <span class='ocr_line' id='line_1_73' title="bbox 159 4157 1824 4236; baseline -0.004 -15"><span class='ocrx_word' id='word_1_517' title='bbox 159 4167 221 4222; x_wconf 91' lang='lat' dir='ltr'>ni</span> <span class='ocrx_word' id='word_1_518' title='bbox 246 4168 402 4236; x_wconf 91' lang='lat' dir='ltr'>(non</span> <span class='ocrx_word' id='word_1_519' title='bbox 425 4165 717 4227; x_wconf 86' lang='lat' dir='ltr'>accurate)</span> <span class='ocrx_word' id='word_1_520' title='bbox 736 4157 1199 4233; x_wconf 80' lang='lat' dir='ltr'>respondentem</span> <span class='ocrx_word' id='word_1_521' title='bbox 1223 4177 1464 4216; x_wconf 82' lang='lat' dir='ltr'>exarare</span> <span class='ocrx_word' id='word_1_522' title='bbox 1488 4165 1824 4216; x_wconf 90' lang='lat' dir='ltr'>conaretur.</span> 
     </span>
    </p>
   </div>
   <div class='ocr_carea' id='block_1_74' title="bbox 232 4251 1827 4325">
    <p class='ocr_par' dir='ltr' id='par_1_74' title="bbox 232 4251 1827 4325">
     <span class='ocr_line' id='line_1_74' title="bbox 232 4251 1827 4325; baseline -0.004 -12"><span class='ocrx_word' id='word_1_523' title='bbox 232 4259 390 4313; x_wconf 89' lang='lat' dir='ltr'>Cum</span> <span class='ocrx_word' id='word_1_524' title='bbox 420 4271 555 4311; x_wconf 87' lang='lat' dir='ltr'>vero</span> <span class='ocrx_word' id='word_1_525' title='bbox 584 4255 887 4309; x_wconf 88' lang='lat' dir='ltr'>Tattamus</span> <span class='ocrx_word' id='word_1_526' title='bbox 909 4252 1057 4308; x_wconf 90' lang='lat' dir='ltr'>duos</span> <span class='ocrx_word' id='word_1_527' title='bbox 1078 4253 1313 4309; x_wconf 89' lang='lat' dir='ltr'>codices</span> <span class='ocrx_word' id='word_1_528' title='bbox 1334 4253 1596 4325; x_wconf 80' lang='lat' dir='ltr'>epistolae</span> <span class='ocrx_word' id='word_1_529' title='bbox 1619 4251 1691 4308; x_wconf 90' lang='lat' dir='ltr'>ad</span> <span class='ocrx_word' id='word_1_530' title='bbox 1714 4253 1827 4307; x_wconf 87' lang='lat' dir='ltr'>Po-</span> 
     </span>
    </p>
   </div>
   <div class='ocr_carea' id='block_1_75' title="bbox 157 4341 1824 4420">
    <p class='ocr_par' dir='ltr' id='par_1_75' title="bbox 157 4341 1824 4420">
     <span class='ocr_line' id='line_1_75' title="bbox 157 4341 1824 4420; baseline -0.004 -18"><span class='ocrx_word' id='word_1_531' title='bbox 157 4346 574 4420; x_wconf 82' lang='lat' dir='ltr'>lycarpum.ut</span> <span class='ocrx_word' id='word_1_532' title='bbox 592 4341 953 4410; x_wconf 79' lang='lat' dir='ltr'>diximus,ex</span> <span class='ocrx_word' id='word_1_533' title='bbox 976 4344 1217 4414; x_wconf 63' lang='lat' dir='ltr'>Egypto</span> <span class='ocrx_word' id='word_1_534' title='bbox 1244 4346 1824 4414; x_wconf 85' lang='lat' dir='ltr'>apportasset,unum</span> 
     </span>
    </p>
   </div>
   <div class='ocr_carea' id='block_1_76' title="bbox 155 4429 1825 4501">
    <p class='ocr_par' dir='ltr' id='par_1_76' title="bbox 155 4429 1825 4501">
     <span class='ocr_line' id='line_1_76' title="bbox 155 4429 1825 4501; baseline -0.004 -10"><span class='ocrx_word' id='word_1_535' title='bbox 155 4451 325 4491; x_wconf 90' lang='lat' dir='ltr'>anno</span> <span class='ocrx_word' id='word_1_536' title='bbox 361 4433 521 4501; x_wconf 87' lang='grc'><strong>1839,</strong></span> <span class='ocrx_word' id='word_1_537' title='bbox 544 4430 799 4488; x_wconf 89' lang='lat' dir='ltr'>alterum</span> <span class='ocrx_word' id='word_1_538' title='bbox 826 4446 984 4485; x_wconf 90' lang='lat' dir='ltr'>anno</span> <span class='ocrx_word' id='word_1_539' title='bbox 1019 4432 1156 4484; x_wconf 80' lang='grc'><strong>1842</strong></span> <span class='ocrx_word' id='word_1_540' title='bbox 1178 4447 1191 4496; x_wconf 90' lang='grc'>;</span> <span class='ocrx_word' id='word_1_541' title='bbox 1217 4429 1547 4486; x_wconf 86' lang='lat' dir='ltr'>Curetonus</span> <span class='ocrx_word' id='word_1_542' title='bbox 1568 4446 1687 4485; x_wconf 91' lang='lat' dir='ltr'>non</span> <span class='ocrx_word' id='word_1_543' title='bbox 1709 4430 1825 4485; x_wconf 88' lang='lat' dir='ltr'>nisi</span> 
     </span>
    </p>
   </div>
   <div class='ocr_carea' id='block_1_77' title="bbox 152 4518 1825 4597">
    <p class='ocr_par' dir='ltr' id='par_1_77' title="bbox 152 4518 1825 4597">
     <span class='ocr_line' id='line_1_77' title="bbox 152 4518 1825 4597; baseline -0.004 -17"><span class='ocrx_word' id='word_1_544' title='bbox 152 4525 451 4597; x_wconf 88' lang='lat' dir='ltr'>priorem,</span> <span class='ocrx_word' id='word_1_545' title='bbox 466 4520 607 4593; x_wconf 87' lang='lat' dir='ltr'>quia</span> <span class='ocrx_word' id='word_1_546' title='bbox 625 4519 1047 4589; x_wconf 80' lang='lat' dir='ltr'>antiquiorem,</span> <span class='ocrx_word' id='word_1_547' title='bbox 1066 4519 1222 4591; x_wconf 86' lang='lat' dir='ltr'>typis</span> <span class='ocrx_word' id='word_1_548' title='bbox 1246 4518 1700 4575; x_wconf 82' lang='lat' dir='ltr'>exscribendum</span> <span class='ocrx_word' id='word_1_549' title='bbox 1721 4535 1825 4575; x_wconf 88' lang='lat' dir='ltr'>cu-</span> 
     </span>
    </p>
   </div>
   <div class='ocr_carea' id='block_1_78' title="bbox 154 4607 1822 4683">
    <p class='ocr_par' dir='ltr' id='par_1_78' title="bbox 154 4607 1822 4683">
     <span class='ocr_line' id='line_1_78' title="bbox 154 4607 1822 4683; baseline -0.004 -14"><span class='ocrx_word' id='word_1_550' title='bbox 154 4613 337 4683; x_wconf 85' lang='lat' dir='ltr'>ravit,</span> <span class='ocrx_word' id='word_1_551' title='bbox 368 4609 723 4667; x_wconf 88' lang='lat' dir='ltr'>recentioris</span> <span class='ocrx_word' id='word_1_552' title='bbox 754 4608 976 4664; x_wconf 90' lang='lat' dir='ltr'>codicis</span> <span class='ocrx_word' id='word_1_553' title='bbox 1023 4607 1311 4665; x_wconf 89' lang='lat' dir='ltr'>lectiones</span> <span class='ocrx_word' id='word_1_554' title='bbox 1337 4609 1633 4664; x_wconf 89' lang='lat' dir='ltr'>variantes</span> <span class='ocrx_word' id='word_1_555' title='bbox 1673 4608 1822 4680; x_wconf 83' lang='lat' dir='ltr'>adji-</span> 
     </span>
    </p>
   </div>
   <div class='ocr_carea' id='block_1_79' title="bbox 156 4697 1903 4770">
    <p class='ocr_par' dir='ltr' id='par_1_79' title="bbox 156 4697 1903 4770">
     <span class='ocr_line' id='line_1_79' title="bbox 156 4697 1903 4770; baseline -0.003 -10"><span class='ocrx_word' id='word_1_556' title='bbox 156 4704 352 4761; x_wconf 85' lang='lat' dir='ltr'>ciens.</span> <span class='ocrx_word' id='word_1_557' title='bbox 386 4702 684 4756; x_wconf 64' lang='lat' dir='ltr'>Praeterea</span> <span class='ocrx_word' id='word_1_558' title='bbox 712 4698 801 4753; x_wconf 88' lang='lat' dir='ltr'>vir</span> <span class='ocrx_word' id='word_1_559' title='bbox 831 4698 1213 4753; x_wconf 88' lang='lat' dir='ltr'>doctissimus</span> <span class='ocrx_word' id='word_1_560' title='bbox 1265 4714 1546 4770; x_wconf 88' lang='lat' dir='ltr'>magnum</span> <span class='ocrx_word' id='word_1_561' title='bbox 1588 4714 1823 4769; x_wconf 90' lang='lat' dir='ltr'>quoque</span> <span class='ocrx_word' id='word_1_562' title='bbox 1856 4697 1903 4758; x_wconf 90' lang='lat' dir='ltr'>D</span> 
     </span>
    </p>
   </div>
   <div class='ocr_carea' id='block_1_80' title="bbox 154 4788 1817 4866">
    <p class='ocr_par' dir='ltr' id='par_1_80' title="bbox 154 4788 1817 4866">
     <span class='ocr_line' id='line_1_80' title="bbox 154 4788 1817 4866; baseline -0.005 -15"><span class='ocrx_word' id='word_1_563' title='bbox 154 4793 478 4866; x_wconf 81' lang='lat' dir='ltr'>Syriacum</span> <span class='ocrx_word' id='word_1_564' title='bbox 520 4790 918 4862; x_wconf 81' lang='lat' dir='ltr'>fragmentum</span> <span class='ocrx_word' id='word_1_565' title='bbox 958 4788 1219 4861; x_wconf 81' lang='lat' dir='ltr'>Martyrii</span> <span class='ocrx_word' id='word_1_566' title='bbox 1270 4789 1328 4843; x_wconf 90' lang='lat' dir='ltr'>S.</span> <span class='ocrx_word' id='word_1_567' title='bbox 1362 4788 1570 4861; x_wconf 87' lang='lat' dir='ltr'>lgnatii</span> <span class='ocrx_word' id='word_1_568' title='bbox 1602 4793 1659 4843; x_wconf 90' lang='lat' dir='ltr'>et</span> <span class='ocrx_word' id='word_1_569' title='bbox 1690 4788 1817 4860; x_wconf 89' lang='lat' dir='ltr'>epi-</span> 
     </span>
    </p>
   </div>
   <div class='ocr_carea' id='block_1_81' title="bbox 158 4876 1818 4951">
    <p class='ocr_par' dir='ltr' id='par_1_81' title="bbox 158 4876 1818 4951">
     <span class='ocr_line' id='line_1_81' title="bbox 158 4876 1818 4951; baseline -0.004 -12"><span class='ocrx_word' id='word_1_570' title='bbox 158 4883 338 4939; x_wconf 63' lang='lat' dir='ltr'>stola</span> <span class='ocrx_word' id='word_1_571' title='bbox 369 4879 641 4951; x_wconf 87' lang='lat' dir='ltr'>ejusdem</span> <span class='ocrx_word' id='word_1_572' title='bbox 671 4877 746 4933; x_wconf 91' lang='lat' dir='ltr'>ad</span> <span class='ocrx_word' id='word_1_573' title='bbox 793 4879 1109 4944; x_wconf 81' lang='lat' dir='ltr'>Romanos,</span> <span class='ocrx_word' id='word_1_574' title='bbox 1145 4876 1303 4947; x_wconf 88' lang='lat' dir='ltr'>quod</span> <span class='ocrx_word' id='word_1_575' title='bbox 1333 4878 1660 4932; x_wconf 89' lang='lat' dir='ltr'>Curetonus</span> <span class='ocrx_word' id='word_1_576' title='bbox 1690 4878 1818 4949; x_wconf 90' lang='lat' dir='ltr'>ipse</span> 
     </span>
    </p>
   </div>
   <div class='ocr_carea' id='block_1_82' title="bbox 158 4964 1817 5032">
    <p class='ocr_par' dir='ltr' id='par_1_82' title="bbox 158 4964 1817 5032">
     <span class='ocr_line' id='line_1_82' title="bbox 158 4964 1817 5032; baseline -0.005 -2"><span class='ocrx_word' id='word_1_577' title='bbox 158 4988 326 5029; x_wconf 84' lang='lat' dir='ltr'>anno</span> <span class='ocrx_word' id='word_1_578' title='bbox 365 4970 499 5023; x_wconf 81' lang='grc'><strong>1839</strong></span> <span class='ocrx_word' id='word_1_579' title='bbox 533 4967 593 5022; x_wconf 92' lang='lat' dir='ltr'>in</span> <span class='ocrx_word' id='word_1_580' title='bbox 622 4969 836 5022; x_wconf 62' lang='lat' dir='ltr'>Musaeo</span> <span class='ocrx_word' id='word_1_581' title='bbox 869 4965 1208 5021; x_wconf 88' lang='lat' dir='ltr'>Britannico</span> <span class='ocrx_word' id='word_1_582' title='bbox 1241 4964 1563 5032; x_wconf 84' lang='lat' dir='ltr'>detexerat,</span> <span class='ocrx_word' id='word_1_583' title='bbox 1597 4967 1661 5021; x_wconf 90' lang='lat' dir='ltr'>in</span> <span class='ocrx_word' id='word_1_584' title='bbox 1691 4967 1817 5022; x_wconf 84' lang='lat' dir='ltr'>vul-</span> 
     </span>
    </p>
   </div>
   <div class='ocr_carea' id='block_1_83' title="bbox 156 5052 1818 5131">
    <p class='ocr_par' dir='ltr' id='par_1_83' title="bbox 156 5052 1818 5131">
     <span class='ocr_line' id='line_1_83' title="bbox 156 5052 1818 5131; baseline -0.004 -15"><span class='ocrx_word' id='word_1_585' title='bbox 156 5076 266 5131; x_wconf 82' lang='lat' dir='ltr'>gus</span> <span class='ocrx_word' id='word_1_586' title='bbox 300 5057 483 5114; x_wconf 88' lang='lat' dir='ltr'>edere</span> <span class='ocrx_word' id='word_1_587' title='bbox 513 5060 570 5110; x_wconf 87' lang='lat' dir='ltr'>et</span> <span class='ocrx_word' id='word_1_588' title='bbox 603 5054 752 5109; x_wconf 92' lang='lat' dir='ltr'>libro</span> <span class='ocrx_word' id='word_1_589' title='bbox 778 5070 883 5109; x_wconf 92' lang='lat' dir='ltr'>suo</span> <span class='ocrx_word' id='word_1_590' title='bbox 915 5052 1131 5109; x_wconf 89' lang='lat' dir='ltr'>addere</span> <span class='ocrx_word' id='word_1_591' title='bbox 1163 5052 1443 5108; x_wconf 85' lang='lat' dir='ltr'>decrevit.</span> <span class='ocrx_word' id='word_1_592' title='bbox 1476 5053 1569 5109; x_wconf 87' lang='lat' dir='ltr'>Sic</span> <span class='ocrx_word' id='word_1_593' title='bbox 1597 5054 1818 5126; x_wconf 89' lang='lat' dir='ltr'>prodiit</span> 
     </span>
    </p>
   </div>
   <div class='ocr_carea' id='block_1_84' title="bbox 156 5141 1813 5217">
    <p class='ocr_par' dir='ltr' id='par_1_84' title="bbox 156 5141 1813 5217">
     <span class='ocr_line' id='line_1_84' title="bbox 156 5141 1813 5217; baseline -0.004 -12"><span class='ocrx_word' id='word_1_594' title='bbox 156 5146 419 5204; x_wconf 89' lang='lat' dir='ltr'>Londini</span> <span class='ocrx_word' id='word_1_595' title='bbox 445 5144 577 5200; x_wconf 74' lang='grc'><strong>1816</strong></span> <span class='ocrx_word' id='word_1_596' title='bbox 599 5160 747 5216; x_wconf 91' lang='lat' dir='ltr'>opus</span> <span class='ocrx_word' id='word_1_597' title='bbox 770 5142 901 5214; x_wconf 90' lang='lat' dir='ltr'>ejus</span> <span class='ocrx_word' id='word_1_598' title='bbox 923 5141 1031 5197; x_wconf 92' lang='lat' dir='ltr'>sub</span> <span class='ocrx_word' id='word_1_599' title='bbox 1056 5142 1225 5197; x_wconf 89' lang='lat' dir='ltr'>titulo</span> <span class='ocrx_word' id='word_1_600' title='bbox 1244 5159 1258 5196; x_wconf 93' lang='lat'>:</span> <span class='ocrx_word' id='word_1_601' title='bbox 1274 5167 1300 5193; x_wconf 85' lang='grc'><strong>‹‹</strong></span> <span class='ocrx_word' id='word_1_602' title='bbox 1316 5143 1436 5198; x_wconf 89' lang='lat' dir='ltr'>The</span> <span class='ocrx_word' id='word_1_603' title='bbox 1456 5144 1696 5200; x_wconf 87' lang='lat' dir='ltr'>ancient</span> <span class='ocrx_word' id='word_1_604' title='bbox 1711 5145 1813 5217; x_wconf 90' lang='lat' dir='ltr'>Sy-</span> 
     </span>
    </p>
   </div>
   <div class='ocr_carea' id='block_1_85' title="bbox 155 5230 1811 5306">
    <p class='ocr_par' dir='ltr' id='par_1_85' title="bbox 155 5230 1811 5306">
     <span class='ocr_line' id='line_1_85' title="bbox 155 5230 1811 5306; baseline -0.002 -12"><span class='ocrx_word' id='word_1_605' title='bbox 155 5239 281 5294; x_wconf 88' lang='lat' dir='ltr'>riac</span> <span class='ocrx_word' id='word_1_606' title='bbox 313 5235 551 5292; x_wconf 87' lang='lat' dir='ltr'>version</span> <span class='ocrx_word' id='word_1_607' title='bbox 581 5234 646 5290; x_wconf 88' lang='lat' dir='ltr'>of</span> <span class='ocrx_word' id='word_1_608' title='bbox 668 5232 770 5288; x_wconf 88' lang='lat' dir='ltr'>the</span> <span class='ocrx_word' id='word_1_609' title='bbox 801 5231 1046 5304; x_wconf 87' lang='lat' dir='ltr'>epistles</span> <span class='ocrx_word' id='word_1_610' title='bbox 1067 5230 1131 5287; x_wconf 87' lang='lat' dir='ltr'>of</span> <span class='ocrx_word' id='word_1_611' title='bbox 1156 5232 1317 5288; x_wconf 89' lang='lat' dir='ltr'>saint</span> <span class='ocrx_word' id='word_1_612' title='bbox 1352 5234 1615 5306; x_wconf 87' lang='lat' dir='ltr'>Ignatius</span> <span class='ocrx_word' id='word_1_613' title='bbox 1644 5240 1700 5290; x_wconf 94' lang='lat' dir='ltr'>to</span> <span class='ocrx_word' id='word_1_614' title='bbox 1730 5236 1811 5291; x_wconf 90' lang='lat' dir='ltr'>St.</span> 
     </span>
    </p>
   </div>
   <div class='ocr_carea' id='block_1_86' title="bbox 154 5322 1815 5400">
    <p class='ocr_par' dir='ltr' id='par_1_86' title="bbox 154 5322 1815 5400">
     <span class='ocr_line' id='line_1_86' title="bbox 154 5322 1815 5400; baseline -0.002 -14"><span class='ocrx_word' id='word_1_615' title='bbox 154 5329 473 5400; x_wconf 85' lang='lat' dir='ltr'>Polycarp,</span> <span class='ocrx_word' id='word_1_616' title='bbox 489 5326 586 5380; x_wconf 88' lang='lat' dir='ltr'>the</span> <span class='ocrx_word' id='word_1_617' title='bbox 615 5322 963 5396; x_wconf 87' lang='lat' dir='ltr'>Ephesians,</span> <span class='ocrx_word' id='word_1_618' title='bbox 979 5322 1097 5378; x_wconf 89' lang='lat' dir='ltr'>and</span> <span class='ocrx_word' id='word_1_619' title='bbox 1117 5323 1218 5378; x_wconf 88' lang='lat' dir='ltr'>the</span> <span class='ocrx_word' id='word_1_620' title='bbox 1241 5325 1529 5393; x_wconf 80' lang='lat' dir='ltr'>Romans;</span> <span class='ocrx_word' id='word_1_621' title='bbox 1547 5325 1815 5398; x_wconf 84' lang='lat' dir='ltr'>together</span> 
     </span>
    </p>
   </div>
   <div class='ocr_carea' id='block_1_87' title="bbox 153 5411 1814 5484">
    <p class='ocr_par' dir='ltr' id='par_1_87' title="bbox 153 5411 1814 5484">
     <span class='ocr_line' id='line_1_87' title="bbox 153 5411 1814 5484; baseline -0.001 -11"><span class='ocrx_word' id='word_1_622' title='bbox 153 5418 297 5473; x_wconf 82' lang='lat' dir='ltr'>with</span> <span class='ocrx_word' id='word_1_623' title='bbox 331 5419 589 5473; x_wconf 76' lang='lat' dir='ltr'>extracta</span> <span class='ocrx_word' id='word_1_624' title='bbox 614 5413 766 5469; x_wconf 84' lang='lat' dir='ltr'>from</span> <span class='ocrx_word' id='word_1_625' title='bbox 798 5411 890 5467; x_wconf 90' lang='lat' dir='ltr'>his</span> <span class='ocrx_word' id='word_1_626' title='bbox 914 5411 1177 5484; x_wconf 83' lang='lat' dir='ltr'>epistles,</span> <span class='ocrx_word' id='word_1_627' title='bbox 1212 5411 1500 5469; x_wconf 89' lang='lat' dir='ltr'>collected</span> <span class='ocrx_word' id='word_1_628' title='bbox 1531 5414 1682 5470; x_wconf 86' lang='lat' dir='ltr'>from</span> <span class='ocrx_word' id='word_1_629' title='bbox 1714 5416 1814 5472; x_wconf 91' lang='lat' dir='ltr'>the</span> 
     </span>
    </p>
   </div>
   <div class='ocr_carea' id='block_1_88' title="bbox 224 5555 1811 5631">
    <p class='ocr_par' dir='ltr' id='par_1_88' title="bbox 224 5555 1811 5631">
     <span class='ocr_line' id='line_1_88' title="bbox 224 5555 1811 5631; baseline 0.005 -21"><span class='ocrx_word' id='word_1_630' title='bbox 224 5560 343 5631; x_wconf 77' lang='lat' dir='ltr'>(7t)</span> <span class='ocrx_word' id='word_1_631' title='bbox 370 5558 487 5614; x_wconf 86' lang='lat' dir='ltr'>Gfr.</span> <span class='ocrx_word' id='word_1_632' title='bbox 537 5559 741 5631; x_wconf 81' lang='lat' dir='ltr'>Huter,</span> <span class='ocrx_word' id='word_1_633' title='bbox 786 5555 827 5612; x_wconf 94' lang='lat'>1.</span> <span class='ocrx_word' id='word_1_634' title='bbox 862 5573 913 5610; x_wconf 91' lang='lat' dir='ltr'>c.</span> <span class='ocrx_word' id='word_1_635' title='bbox 946 5574 1002 5631; x_wconf 81' lang='lat' dir='ltr'>p.</span> <span class='ocrx_word' id='word_1_636' title='bbox 1040 5558 1209 5631; x_wconf 69' lang='lat' dir='ltr'>42_et</span> <span class='ocrx_word' id='word_1_637' title='bbox 1238 5558 1648 5625; x_wconf 88' lang='lat' dir='ltr'>Dusterdieck,</span> <span class='ocrx_word' id='word_1_638' title='bbox 1683 5562 1722 5617; x_wconf 91' lang='lat' dir='ltr'>l.</span> <span class='ocrx_word' id='word_1_639' title='bbox 1758 5582 1811 5618; x_wconf 89' lang='lat' dir='ltr'>c.</span> 
     </span>
    </p>
   </div>
   <div class='ocr_carea' id='block_1_89' title="bbox 222 5628 1806 5705">
    <p class='ocr_par' dir='ltr' id='par_1_89' title="bbox 222 5628 1806 5705">
     <span class='ocr_line' id='line_1_89' title="bbox 222 5628 1806 5705; baseline 0.002 -19"><span class='ocrx_word' id='word_1_640' title='bbox 222 5628 351 5705; x_wconf 6' lang='lat'>(72),</span> <span class='ocrx_word' id='word_1_641' title='bbox 373 5632 524 5705; x_wconf 89' lang='lat' dir='ltr'>E._g.</span> <span class='ocrx_word' id='word_1_642' title='bbox 546 5646 613 5705; x_wconf 5' lang='lat' dir='ltr'>pa.</span> <span class='ocrx_word' id='word_1_643' title='bbox 635 5628 1407 5705; x_wconf 54' lang='lat' dir='ltr'>_l_‘{eandro,Eii&#39;qhengesch,</span> <span class='ocrx_word' id='word_1_644' title='bbox 1440 5637 1483 5687; x_wconf 91' lang='lat' dir='ltr'>t.</span> <span class='ocrx_word' id='word_1_645' title='bbox 1518 5634 1561 5698; x_wconf 88' lang='grc' dir='ltr'>Ι,</span> <span class='ocrx_word' id='word_1_646' title='bbox 1596 5651 1631 5705; x_wconf 84' lang='grc' dir='ltr'>ρ</span> <span class='ocrx_word' id='word_1_647' title='bbox 1683 5636 1806 5690; x_wconf 86' lang='lat'>738.</span> 
     </span>
    </p>
   </div>
   <div class='ocr_carea' id='block_1_90' title="bbox 153 5699 1807 5778">
    <p class='ocr_par' dir='ltr' id='par_1_90' title="bbox 153 5699 1807 5778">
     <span class='ocr_line' id='line_1_90' title="bbox 153 5699 1807 5778; baseline 0.001 -21"><span class='ocrx_word' id='word_1_648' title='bbox 153 5699 282 5778; x_wconf 65' lang='lat' dir='ltr'>et&#39;a</span> <span class='ocrx_word' id='word_1_649' title='bbox 312 5699 510 5778; x_wconf 62' lang='lat' dir='ltr'>Netzip</span> <span class='ocrx_word' id='word_1_650' title='bbox 540 5699 937 5778; x_wconf 79' lang='lat' dir='ltr'>i_n_Ullt_nann,</span> <span class='ocrx_word' id='word_1_651' title='bbox 978 5699 1223 5778; x_wconf 82' lang='lat' dir='ltr'>Studien_</span> <span class='ocrx_word' id='word_1_652' title='bbox 1236 5703 1352 5778; x_wconf 64' lang='lat' dir='ltr'>und</span> <span class='ocrx_word' id='word_1_653' title='bbox 1380 5704 1523 5778; x_wconf 59' lang='grc' dir='ltr'>Κήρ.</span> <span class='ocrx_word' id='word_1_654' title='bbox 1561 5699 1807 5778; x_wconf 43' lang='grc' dir='ltr'><strong>1835ιρ.</strong></span> 
     </span>
    </p>
   </div>
   <div class='ocr_carea' id='block_1_91' title="bbox 157 5771 1810 5848">
    <p class='ocr_par' dir='ltr' id='par_1_91' title="bbox 157 5771 1810 5848">
     <span class='ocr_line' id='line_1_91' title="bbox 157 5771 1810 5848; baseline 0.002 -18"><span class='ocrx_word' id='word_1_655' title='bbox 157 5776 261 5831; x_wconf 88' lang='grc'>881</span> <span class='ocrx_word' id='word_1_656' title='bbox 298 5791 430 5846; x_wconf 87' lang='lat' dir='ltr'>sqq.</span> <span class='ocrx_word' id='word_1_657' title='bbox 464 5773 572 5841; x_wconf 86' lang='lat' dir='ltr'>Qui</span> <span class='ocrx_word' id='word_1_658' title='bbox 602 5771 906 5829; x_wconf 87' lang='lat' dir='ltr'>breviores</span> <span class='ocrx_word' id='word_1_659' title='bbox 936 5786 1173 5844; x_wconf 90' lang='lat' dir='ltr'>quoque</span> <span class='ocrx_word' id='word_1_660' title='bbox 1191 5771 1245 5828; x_wconf 94' lang='lat' dir='ltr'>S.</span> <span class='ocrx_word' id='word_1_661' title='bbox 1288 5774 1495 5845; x_wconf 81' lang='lat' dir='ltr'>Ignatii</span> <span class='ocrx_word' id='word_1_662' title='bbox 1528 5771 1810 5848; x_wconf 73' lang='lat' dir='ltr'>epistolas</span> 
     </span>
    </p>
   </div>
   <div class='ocr_carea' id='block_1_92' title="bbox 2007 3452 3585 3528">
    <p class='ocr_par' dir='ltr' id='par_1_92' title="bbox 2007 3452 3585 3528">
     <span class='ocr_line' id='line_1_92' title="bbox 2007 3452 3585 3528; baseline 0.003 -19"><span class='ocrx_word' id='word_1_663' title='bbox 2007 3452 3585 3528; x_wconf 87' lang='lat' dir='ltr'>a)nullumexternuminterpolationisadestindicium.</span> 
     </span>
    </p>
   </div>
   <div class='ocr_carea' id='block_1_93' title="bbox 2004 3543 3584 3617">
    <p class='ocr_par' dir='ltr' id='par_1_93' title="bbox 2004 3543 3584 3617">
     <span class='ocr_line' id='line_1_93' title="bbox 2004 3543 3584 3617; baseline 0 -18"><span class='ocrx_word' id='word_1_664' title='bbox 2004 3544 2062 3617; x_wconf 88' lang='lat' dir='ltr'>b)</span> <span class='ocrx_word' id='word_1_665' title='bbox 2096 3544 2227 3600; x_wconf 90' lang='lat' dir='ltr'>Loci</span> <span class='ocrx_word' id='word_1_666' title='bbox 2261 3561 2295 3600; x_wconf 90' lang='lat' dir='ltr'>a</span> <span class='ocrx_word' id='word_1_667' title='bbox 2325 3545 2623 3600; x_wconf 88' lang='lat' dir='ltr'>veteribus</span> <span class='ocrx_word' id='word_1_668' title='bbox 2644 3543 2867 3600; x_wconf 87' lang='lat' dir='ltr'>laudati</span> <span class='ocrx_word' id='word_1_669' title='bbox 2898 3543 3026 3616; x_wconf 88' lang='lat' dir='ltr'>pari</span> <span class='ocrx_word' id='word_1_670' title='bbox 3051 3543 3225 3600; x_wconf 89' lang='lat' dir='ltr'>modo</span> <span class='ocrx_word' id='word_1_671' title='bbox 3247 3543 3308 3598; x_wconf 91' lang='lat' dir='ltr'>in</span> <span class='ocrx_word' id='word_1_672' title='bbox 3330 3543 3584 3599; x_wconf 89' lang='lat' dir='ltr'>breviori</span> 
     </span>
    </p>
   </div>
   <div class='ocr_carea' id='block_1_94' title="bbox 2075 3634 3588 3707">
    <p class='ocr_par' dir='ltr' id='par_1_94' title="bbox 2075 3634 3588 3707">
     <span class='ocr_line' id='line_1_94' title="bbox 2075 3634 3588 3707; baseline 0.001 -18"><span class='ocrx_word' id='word_1_673' title='bbox 2075 3640 2278 3691; x_wconf 90' lang='lat' dir='ltr'>nostra</span> <span class='ocrx_word' id='word_1_674' title='bbox 2308 3635 2657 3691; x_wconf 81' lang='lat' dir='ltr'>recensione</span> <span class='ocrx_word' id='word_1_675' title='bbox 2714 3634 3011 3707; x_wconf 90' lang='lat' dir='ltr'>leguntur.</span> <span class='ocrx_word' id='word_1_676' title='bbox 3067 3635 3181 3691; x_wconf 88' lang='lat' dir='ltr'>Cfr.</span> <span class='ocrx_word' id='word_1_677' title='bbox 3215 3651 3396 3707; x_wconf 89' lang='lat' dir='ltr'>supra</span> <span class='ocrx_word' id='word_1_678' title='bbox 3426 3635 3588 3690; x_wconf 89' lang='lat' dir='ltr'>testi-</span> 
     </span>
    </p>
   </div>
   <div class='ocr_carea' id='block_1_95' title="bbox 2076 3718 2889 3779">
    <p class='ocr_par' dir='ltr' id='par_1_95' title="bbox 2076 3718 2889 3779">
     <span class='ocr_line' id='line_1_95' title="bbox 2076 3718 2889 3779; baseline -0.002 0"><span class='ocrx_word' id='word_1_679' title='bbox 2076 3724 2278 3779; x_wconf 88' lang='lat' dir='ltr'>monia</span> <span class='ocrx_word' id='word_1_680' title='bbox 2306 3729 2592 3779; x_wconf 89' lang='lat' dir='ltr'>veterum.</span> <span class='ocrx_word' id='word_1_681' title='bbox 2880 3718 2889 3731; x_wconf 56' lang='grc'><em>⁸</em></span> 
     </span>
    </p>
   </div>
   <div class='ocr_carea' id='block_1_96' title="bbox 2001 3813 3583 3886">
    <p class='ocr_par' dir='ltr' id='par_1_96' title="bbox 2001 3813 3583 3886">
     <span class='ocr_line' id='line_1_96' title="bbox 2001 3813 3583 3886; baseline 0.001 -16"><span class='ocrx_word' id='word_1_682' title='bbox 2001 3815 2051 3886; x_wconf 92' lang='lat' dir='ltr'>c)</span> <span class='ocrx_word' id='word_1_683' title='bbox 2080 3816 2313 3871; x_wconf 85' lang='lat' dir='ltr'>Arctior</span> <span class='ocrx_word' id='word_1_684' title='bbox 2341 3815 2605 3871; x_wconf 71' lang='lat' dir='ltr'>materiai</span> <span class='ocrx_word' id='word_1_685' title='bbox 2638 3817 2698 3869; x_wconf 93' lang='lat' dir='ltr'>et</span> <span class='ocrx_word' id='word_1_686' title='bbox 2726 3813 3012 3870; x_wconf 89' lang='lat' dir='ltr'>orationis</span> <span class='ocrx_word' id='word_1_687' title='bbox 3067 3830 3254 3870; x_wconf 84' lang='lat' dir='ltr'>nexus</span> <span class='ocrx_word' id='word_1_688' title='bbox 3304 3815 3466 3871; x_wconf 88' lang='lat' dir='ltr'>omni</span> <span class='ocrx_word' id='word_1_689' title='bbox 3496 3816 3583 3871; x_wconf 91' lang='lat' dir='ltr'>in-</span> 
     </span>
    </p>
   </div>
   <div class='ocr_carea' id='block_1_97' title="bbox 2074 3902 3583 3977">
    <p class='ocr_par' dir='ltr' id='par_1_97' title="bbox 2074 3902 3583 3977">
     <span class='ocr_line' id='line_1_97' title="bbox 2074 3902 3583 3977; baseline -0.001 -16"><span class='ocrx_word' id='word_1_690' title='bbox 2074 3905 2486 3977; x_wconf 87' lang='lat' dir='ltr'>terpolationis</span> <span class='ocrx_word' id='word_1_691' title='bbox 2518 3902 2841 3975; x_wconf 85' lang='lat' dir='ltr'>suspicioni</span> <span class='ocrx_word' id='word_1_692' title='bbox 2875 3904 3154 3959; x_wconf 89' lang='lat' dir='ltr'>nuntium</span> <span class='ocrx_word' id='word_1_693' title='bbox 3183 3903 3460 3971; x_wconf 88' lang='lat' dir='ltr'>mittunt;</span> <span class='ocrx_word' id='word_1_694' title='bbox 3493 3904 3583 3960; x_wconf 90' lang='lat' dir='ltr'>ef-</span> 
     </span>
    </p>
   </div>
   <div class='ocr_carea' id='block_1_98' title="bbox 2074 3991 3582 4063">
    <p class='ocr_par' dir='ltr' id='par_1_98' title="bbox 2074 3991 3582 4063">
     <span class='ocr_line' id='line_1_98' title="bbox 2074 3991 3582 4063; baseline -0.001 -13"><span class='ocrx_word' id='word_1_695' title='bbox 2074 3994 2197 4050; x_wconf 87' lang='lat' dir='ltr'>fata</span> <span class='ocrx_word' id='word_1_696' title='bbox 2227 3994 2389 4049; x_wconf 89' lang='lat' dir='ltr'>enim</span> <span class='ocrx_word' id='word_1_697' title='bbox 2420 3993 2522 4048; x_wconf 90' lang='lat' dir='ltr'>illa</span> <span class='ocrx_word' id='word_1_698' title='bbox 2579 3991 2955 4063; x_wconf 88' lang='lat' dir='ltr'>displicentia</span> <span class='ocrx_word' id='word_1_699' title='bbox 2988 3991 3115 4047; x_wconf 84' lang='lat' dir='ltr'>sine</span> <span class='ocrx_word' id='word_1_700' title='bbox 3149 3992 3331 4046; x_wconf 90' lang='lat' dir='ltr'>totius</span> <span class='ocrx_word' id='word_1_701' title='bbox 3360 4009 3582 4048; x_wconf 88' lang='lat' dir='ltr'>sermo-</span> 
     </span>
    </p>
   </div>
   <div class='ocr_carea' id='block_1_99' title="bbox 2075 4080 3575 4156">
    <p class='ocr_par' dir='ltr' id='par_1_99' title="bbox 2075 4080 3575 4156">
     <span class='ocr_line' id='line_1_99' title="bbox 2075 4080 3575 4156; baseline -0.001 -17"><span class='ocrx_word' id='word_1_702' title='bbox 2075 4084 2168 4139; x_wconf 91' lang='lat' dir='ltr'>nis</span> <span class='ocrx_word' id='word_1_703' title='bbox 2198 4084 2423 4156; x_wconf 90' lang='lat' dir='ltr'>pariter</span> <span class='ocrx_word' id='word_1_704' title='bbox 2451 4100 2519 4139; x_wconf 90' lang='lat' dir='ltr'>ac</span> <span class='ocrx_word' id='word_1_705' title='bbox 2549 4098 2756 4138; x_wconf 90' lang='lat' dir='ltr'>sensas</span> <span class='ocrx_word' id='word_1_706' title='bbox 2786 4081 3186 4137; x_wconf 89' lang='lat' dir='ltr'>devastatione</span> <span class='ocrx_word' id='word_1_707' title='bbox 3237 4080 3407 4136; x_wconf 91' lang='lat' dir='ltr'>evelli</span> <span class='ocrx_word' id='word_1_708' title='bbox 3454 4098 3575 4137; x_wconf 87' lang='lat' dir='ltr'>non</span> 
     </span>
    </p>
   </div>
   <div class='ocr_carea' id='block_1_100' title="bbox 2074 4178 2341 4247">
    <p class='ocr_par' dir='ltr' id='par_1_100' title="bbox 2074 4178 2341 4247">
     <span class='ocr_line' id='line_1_100' title="bbox 2074 4178 2341 4247; baseline -0.004 -18"><span class='ocrx_word' id='word_1_709' title='bbox 2074 4178 2341 4247; x_wconf 91' lang='lat' dir='ltr'>possunt.</span> 
     </span>
    </p>
   </div>
   <div class='ocr_carea' id='block_1_101' title="bbox 2002 4261 3574 4336">
    <p class='ocr_par' dir='ltr' id='par_1_101' title="bbox 2002 4261 3574 4336">
     <span class='ocr_line' id='line_1_101' title="bbox 2002 4261 3574 4336; baseline -0.003 -17"><span class='ocrx_word' id='word_1_710' title='bbox 2002 4263 2062 4336; x_wconf 91' lang='lat' dir='ltr'>d)</span> <span class='ocrx_word' id='word_1_711' title='bbox 2091 4266 2385 4320; x_wconf 74' lang='lat' dir='ltr'>Praeterea</span> <span class='ocrx_word' id='word_1_712' title='bbox 2417 4265 2686 4320; x_wconf 89' lang='lat' dir='ltr'>eamdem</span> <span class='ocrx_word' id='word_1_713' title='bbox 2728 4264 2864 4336; x_wconf 87' lang='lat' dir='ltr'>styli</span> <span class='ocrx_word' id='word_1_714' title='bbox 2895 4263 3183 4319; x_wconf 88' lang='lat' dir='ltr'>rationem</span> <span class='ocrx_word' id='word_1_715' title='bbox 3214 4278 3348 4319; x_wconf 90' lang='lat' dir='ltr'>cum</span> <span class='ocrx_word' id='word_1_716' title='bbox 3383 4261 3443 4316; x_wconf 91' lang='lat' dir='ltr'>in</span> <span class='ocrx_word' id='word_1_717' title='bbox 3476 4276 3574 4316; x_wconf 88' lang='lat' dir='ltr'>re-</span> 
     </span>
    </p>
   </div>
   <div class='ocr_carea' id='block_1_102' title="bbox 2072 4349 3571 4423">
    <p class='ocr_par' dir='ltr' id='par_1_102' title="bbox 2072 4349 3571 4423">
     <span class='ocr_line' id='line_1_102' title="bbox 2072 4349 3571 4423; baseline -0.003 -17"><span class='ocrx_word' id='word_1_718' title='bbox 2072 4351 2352 4423; x_wconf 91' lang='lat' dir='ltr'>pudiatis,</span> <span class='ocrx_word' id='word_1_719' title='bbox 2383 4356 2509 4407; x_wconf 90' lang='lat' dir='ltr'>tum</span> <span class='ocrx_word' id='word_1_720' title='bbox 2540 4352 2603 4406; x_wconf 88' lang='lat' dir='ltr'>in</span> <span class='ocrx_word' id='word_1_721' title='bbox 2628 4350 2969 4423; x_wconf 87' lang='lat' dir='ltr'>approbatis</span> <span class='ocrx_word' id='word_1_722' title='bbox 3015 4349 3401 4422; x_wconf 85' lang='lat' dir='ltr'>epistolarum</span> <span class='ocrx_word' id='word_1_723' title='bbox 3432 4364 3571 4421; x_wconf 67' lang='lat' dir='ltr'>paro</span> 
     </span>
    </p>
   </div>
   <div class='ocr_carea' id='block_1_103' title="bbox 2070 4439 2545 4496">
    <p class='ocr_par' dir='ltr' id='par_1_103' title="bbox 2070 4439 2545 4496">
     <span class='ocr_line' id='line_1_103' title="bbox 2070 4439 2545 4496; baseline 0.004 -3"><span class='ocrx_word' id='word_1_724' title='bbox 2070 4439 2231 4495; x_wconf 90' lang='lat' dir='ltr'>tibus</span> <span class='ocrx_word' id='word_1_725' title='bbox 2260 4440 2545 4496; x_wconf 89' lang='lat' dir='ltr'>invenies.</span> 
     </span>
    </p>
   </div>
   <div class='ocr_carea' id='block_1_104' title="bbox 2000 4529 3576 4605">
    <p class='ocr_par' dir='ltr' id='par_1_104' title="bbox 2000 4529 3576 4605">
     <span class='ocr_line' id='line_1_104' title="bbox 2000 4529 3576 4605; baseline -0.001 -21"><span class='ocrx_word' id='word_1_726' title='bbox 2000 4529 2055 4601; x_wconf 91' lang='lat' dir='ltr'>e)</span> <span class='ocrx_word' id='word_1_727' title='bbox 2086 4529 2252 4595; x_wconf 86' lang='lat' dir='ltr'>Quod</span> <span class='ocrx_word' id='word_1_728' title='bbox 2284 4547 2333 4585; x_wconf 93' lang='lat' dir='ltr'>c.</span> <span class='ocrx_word' id='word_1_729' title='bbox 2356 4533 2388 4585; x_wconf 92' lang='lat'>8</span> <span class='ocrx_word' id='word_1_730' title='bbox 2428 4546 2521 4603; x_wconf 90' lang='lat' dir='ltr'>ep.</span> <span class='ocrx_word' id='word_1_731' title='bbox 2555 4531 2630 4587; x_wconf 91' lang='lat' dir='ltr'>ad</span> <span class='ocrx_word' id='word_1_732' title='bbox 2659 4533 2846 4603; x_wconf 84' lang='lat' dir='ltr'>Magn.</span> <span class='ocrx_word' id='word_1_733' title='bbox 2881 4534 3054 4605; x_wconf 76' lang='grc' dir='ltr'>Σιγῆς</span> <span class='ocrx_word' id='word_1_734' title='bbox 3087 4530 3241 4585; x_wconf 88' lang='lat' dir='ltr'>facta</span> <span class='ocrx_word' id='word_1_735' title='bbox 3296 4529 3374 4584; x_wconf 90' lang='lat' dir='ltr'>sit</span> <span class='ocrx_word' id='word_1_736' title='bbox 3414 4544 3576 4583; x_wconf 89' lang='lat' dir='ltr'>men-</span> 
     </span>
    </p>
   </div>
   <div class='ocr_carea' id='block_1_105' title="bbox 2068 4618 3573 4693">
    <p class='ocr_par' dir='ltr' id='par_1_105' title="bbox 2068 4618 3573 4693">
     <span class='ocr_line' id='line_1_105' title="bbox 2068 4618 3573 4693; baseline -0.001 -19"><span class='ocrx_word' id='word_1_737' title='bbox 2068 4619 2172 4687; x_wconf 91' lang='lat' dir='ltr'>tio,</span> <span class='ocrx_word' id='word_1_738' title='bbox 2208 4619 2686 4693; x_wconf 86' lang='lat' dir='ltr'>interpolationis</span> <span class='ocrx_word' id='word_1_739' title='bbox 2732 4636 2852 4675; x_wconf 91' lang='lat' dir='ltr'>non</span> <span class='ocrx_word' id='word_1_740' title='bbox 2908 4620 3135 4691; x_wconf 62' lang='lat' dir='ltr'>praebet</span> <span class='ocrx_word' id='word_1_741' title='bbox 3163 4618 3473 4687; x_wconf 85' lang='lat' dir='ltr'>indicium,</span> <span class='ocrx_word' id='word_1_742' title='bbox 3504 4621 3573 4674; x_wconf 87' lang='lat' dir='ltr'>ut</span> 
     </span>
    </p>
   </div>
   <div class='ocr_carea' id='block_1_106' title="bbox 2075 4708 3183 4766">
    <p class='ocr_par' dir='ltr' id='par_1_106' title="bbox 2075 4708 3183 4766">
     <span class='ocr_line' id='line_1_106' title="bbox 2075 4708 3183 4766; baseline -0.002 -3"><span class='ocrx_word' id='word_1_743' title='bbox 2075 4708 2138 4764; x_wconf 88' lang='lat' dir='ltr'>in</span> <span class='ocrx_word' id='word_1_744' title='bbox 2169 4711 2327 4765; x_wconf 90' lang='lat' dir='ltr'>notis</span> <span class='ocrx_word' id='word_1_745' title='bbox 2357 4709 2431 4765; x_wconf 88' lang='lat' dir='ltr'>ad</span> <span class='ocrx_word' id='word_1_746' title='bbox 2461 4711 2518 4765; x_wconf 92' lang='lat' dir='ltr'>h.</span> <span class='ocrx_word' id='word_1_747' title='bbox 2556 4710 2594 4764; x_wconf 94' lang='lat' dir='ltr'>l.</span> <span class='ocrx_word' id='word_1_748' title='bbox 2629 4709 3183 4766; x_wconf 87' lang='lat' dir='ltr'>demonstravimus.</span> 
     </span>
    </p>
   </div>
   <div class='ocr_carea' id='block_1_107' title="bbox 1997 4796 3567 4867">
    <p class='ocr_par' dir='ltr' id='par_1_107' title="bbox 1997 4796 3567 4867">
     <span class='ocr_line' id='line_1_107' title="bbox 1997 4796 3567 4867; baseline -0.001 -14"><span class='ocrx_word' id='word_1_749' title='bbox 1997 4797 2042 4867; x_wconf 84' lang='lat' dir='ltr'>f)</span> <span class='ocrx_word' id='word_1_750' title='bbox 2073 4798 2384 4854; x_wconf 88' lang='lat' dir='ltr'>Pelemicis</span> <span class='ocrx_word' id='word_1_751' title='bbox 2428 4804 2658 4856; x_wconf 88' lang='lat' dir='ltr'>tantum</span> <span class='ocrx_word' id='word_1_752' title='bbox 2706 4800 2899 4855; x_wconf 88' lang='lat' dir='ltr'>causis</span> <span class='ocrx_word' id='word_1_753' title='bbox 2948 4798 3109 4855; x_wconf 91' lang='lat' dir='ltr'>ducti</span> <span class='ocrx_word' id='word_1_754' title='bbox 3154 4796 3428 4854; x_wconf 90' lang='lat' dir='ltr'>nonnulli</span> <span class='ocrx_word' id='word_1_755' title='bbox 3460 4796 3567 4852; x_wconf 88' lang='lat' dir='ltr'>viri</span> 
     </span>
    </p>
   </div>
   <div class='ocr_carea' id='block_1_108' title="bbox 2069 4888 3569 4962">
    <p class='ocr_par' dir='ltr' id='par_1_108' title="bbox 2069 4888 3569 4962">
     <span class='ocr_line' id='line_1_108' title="bbox 2069 4888 3569 4962; baseline -0.002 -17"><span class='ocrx_word' id='word_1_756' title='bbox 2069 4888 2225 4945; x_wconf 87' lang='lat' dir='ltr'>docti</span> <span class='ocrx_word' id='word_1_757' title='bbox 2255 4890 2653 4961; x_wconf 88' lang='lat' dir='ltr'>integritatem</span> <span class='ocrx_word' id='word_1_758' title='bbox 2685 4890 3071 4962; x_wconf 90' lang='lat' dir='ltr'>epistolarum</span> <span class='ocrx_word' id='word_1_759' title='bbox 3118 4896 3457 4946; x_wconf 87' lang='lat' dir='ltr'>nostrarum</span> <span class='ocrx_word' id='word_1_760' title='bbox 3506 4888 3569 4942; x_wconf 91' lang='lat' dir='ltr'>in</span> 
     </span>
    </p>
   </div>
   <div class='ocr_carea' id='block_1_109' title="bbox 2070 4979 2783 5051">
    <p class='ocr_par' dir='ltr' id='par_1_109' title="bbox 2070 4979 2783 5051">
     <span class='ocr_line' id='line_1_109' title="bbox 2070 4979 2783 5051; baseline 0 -18"><span class='ocrx_word' id='word_1_761' title='bbox 2070 4979 2315 5034; x_wconf 89' lang='lat' dir='ltr'>dubium</span> <span class='ocrx_word' id='word_1_762' title='bbox 2345 4985 2629 5035; x_wconf 89' lang='lat' dir='ltr'>vocarunt</span> <span class='ocrx_word' id='word_1_763' title='bbox 2657 4982 2783 5051; x_wconf 83' lang='lat'>(73).</span> 
     </span>
    </p>
   </div>
   <div class='ocr_carea' id='block_1_110' title="bbox 1998 5067 3567 5143">
    <p class='ocr_par' dir='ltr' id='par_1_110' title="bbox 1998 5067 3567 5143">
     <span class='ocr_line' id='line_1_110' title="bbox 1998 5067 3567 5143; baseline 0 -20"><span class='ocrx_word' id='word_1_764' title='bbox 1998 5067 2053 5140; x_wconf 86' lang='lat' dir='ltr'>g)</span> <span class='ocrx_word' id='word_1_765' title='bbox 2084 5068 2191 5132; x_wconf 91' lang='lat' dir='ltr'>Qui</span> <span class='ocrx_word' id='word_1_766' title='bbox 2225 5068 2599 5139; x_wconf 88' lang='lat' dir='ltr'>episcopatus</span> <span class='ocrx_word' id='word_1_767' title='bbox 2616 5085 2794 5125; x_wconf 90' lang='lat' dir='ltr'>causa</span> <span class='ocrx_word' id='word_1_768' title='bbox 2817 5069 3099 5143; x_wconf 88' lang='lat' dir='ltr'>epistolas</span> <span class='ocrx_word' id='word_1_769' title='bbox 3116 5072 3351 5125; x_wconf 88' lang='lat' dir='ltr'>nostras</span> <span class='ocrx_word' id='word_1_770' title='bbox 3381 5067 3567 5124; x_wconf 87' lang='lat' dir='ltr'>inter-</span> 
     </span>
    </p>
   </div>
   <div class='ocr_carea' id='block_1_111' title="bbox 2066 5157 3566 5229">
    <p class='ocr_par' dir='ltr' id='par_1_111' title="bbox 2066 5157 3566 5229">
     <span class='ocr_line' id='line_1_111' title="bbox 2066 5157 3566 5229; baseline 0.001 -17"><span class='ocrx_word' id='word_1_771' title='bbox 2066 5157 2296 5229; x_wconf 89' lang='lat' dir='ltr'>polatas</span> <span class='ocrx_word' id='word_1_772' title='bbox 2327 5174 2455 5213; x_wconf 90' lang='lat' dir='ltr'>esse</span> <span class='ocrx_word' id='word_1_773' title='bbox 2480 5164 2707 5229; x_wconf 88' lang='lat' dir='ltr'>putant,</span> <span class='ocrx_word' id='word_1_774' title='bbox 2728 5159 2894 5216; x_wconf 92' lang='lat' dir='ltr'>nullo</span> <span class='ocrx_word' id='word_1_775' title='bbox 2915 5161 3092 5216; x_wconf 92' lang='lat' dir='ltr'>modo</span> <span class='ocrx_word' id='word_1_776' title='bbox 3116 5159 3408 5216; x_wconf 89' lang='lat' dir='ltr'>rationem</span> <span class='ocrx_word' id='word_1_777' title='bbox 3432 5158 3566 5213; x_wconf 86' lang='lat' dir='ltr'>red-</span> 
     </span>
    </p>
   </div>
   <div class='ocr_carea' id='block_1_112' title="bbox 2065 5245 3564 5318">
    <p class='ocr_par' dir='ltr' id='par_1_112' title="bbox 2065 5245 3564 5318">
     <span class='ocr_line' id='line_1_112' title="bbox 2065 5245 3564 5318; baseline 0.001 -19"><span class='ocrx_word' id='word_1_778' title='bbox 2065 5245 2207 5301; x_wconf 90' lang='lat' dir='ltr'>dere</span> <span class='ocrx_word' id='word_1_779' title='bbox 2238 5250 2488 5318; x_wconf 84' lang='lat' dir='ltr'>possunt</span> <span class='ocrx_word' id='word_1_780' title='bbox 2503 5262 2609 5302; x_wconf 90' lang='lat' dir='ltr'>cur</span> <span class='ocrx_word' id='word_1_781' title='bbox 2637 5245 2888 5317; x_wconf 88' lang='lat' dir='ltr'>epistola</span> <span class='ocrx_word' id='word_1_782' title='bbox 2917 5248 2991 5303; x_wconf 90' lang='lat' dir='ltr'>ad</span> <span class='ocrx_word' id='word_1_783' title='bbox 3020 5250 3316 5305; x_wconf 81' lang='lat' dir='ltr'>Romanos</span> <span class='ocrx_word' id='word_1_784' title='bbox 3343 5245 3471 5301; x_wconf 90' lang='lat' dir='ltr'>sola</span> <span class='ocrx_word' id='word_1_785' title='bbox 3491 5245 3564 5301; x_wconf 88' lang='lat' dir='ltr'>ab</span> 
     </span>
    </p>
   </div>
   <div class='ocr_carea' id='block_1_113' title="bbox 2065 5334 3565 5406">
    <p class='ocr_par' dir='ltr' id='par_1_113' title="bbox 2065 5334 3565 5406">
     <span class='ocr_line' id='line_1_113' title="bbox 2065 5334 3565 5406; baseline 0.001 -18"><span class='ocrx_word' id='word_1_786' title='bbox 2065 5334 2488 5406; x_wconf 87' lang='lat' dir='ltr'>interpolatore</span> <span class='ocrx_word' id='word_1_787' title='bbox 2520 5351 2639 5391; x_wconf 89' lang='lat' dir='ltr'>non</span> <span class='ocrx_word' id='word_1_788' title='bbox 2665 5334 2842 5390; x_wconf 88' lang='lat' dir='ltr'>fuerit</span> <span class='ocrx_word' id='word_1_789' title='bbox 2870 5336 3107 5406; x_wconf 79' lang='lat' dir='ltr'>fcedata,</span> <span class='ocrx_word' id='word_1_790' title='bbox 3138 5352 3274 5393; x_wconf 89' lang='lat' dir='ltr'>cum</span> <span class='ocrx_word' id='word_1_791' title='bbox 3305 5351 3407 5391; x_wconf 84' lang='lat' dir='ltr'>sex</span> <span class='ocrx_word' id='word_1_792' title='bbox 3424 5334 3565 5390; x_wconf 88' lang='lat' dir='ltr'>reli-</span> 
     </span>
    </p>
   </div>
   <div class='ocr_carea' id='block_1_114' title="bbox 2065 5424 3563 5497">
    <p class='ocr_par' dir='ltr' id='par_1_114' title="bbox 2065 5424 3563 5497">
     <span class='ocr_line' id='line_1_114' title="bbox 2065 5424 3563 5497; baseline 0.003 -19"><span class='ocrx_word' id='word_1_793' title='bbox 2065 5424 2197 5496; x_wconf 91' lang='lat' dir='ltr'>quis</span> <span class='ocrx_word' id='word_1_794' title='bbox 2219 5424 2431 5495; x_wconf 91' lang='lat' dir='ltr'>impias</span> <span class='ocrx_word' id='word_1_795' title='bbox 2445 5425 2574 5496; x_wconf 84' lang='lat' dir='ltr'>ejus</span> <span class='ocrx_word' id='word_1_796' title='bbox 2590 5441 2797 5480; x_wconf 88' lang='lat' dir='ltr'>manus</span> <span class='ocrx_word' id='word_1_797' title='bbox 2810 5441 2929 5480; x_wconf 91' lang='lat' dir='ltr'>non</span> <span class='ocrx_word' id='word_1_798' title='bbox 2942 5426 3276 5497; x_wconf 90' lang='lat' dir='ltr'>pepercisse</span> <span class='ocrx_word' id='word_1_799' title='bbox 3298 5425 3563 5482; x_wconf 88' lang='lat' dir='ltr'>credant.</span> 
     </span>
    </p>
   </div>
   <div class='ocr_carea' id='block_1_115' title="bbox 1920 5567 3565 5641">
    <p class='ocr_par' dir='ltr' id='par_1_115' title="bbox 1920 5567 3565 5641">
     <span class='ocr_line' id='line_1_115' title="bbox 1920 5567 3565 5641; baseline 0.005 -18"><span class='ocrx_word' id='word_1_800' title='bbox 1920 5567 2307 5641; x_wconf 87' lang='lat' dir='ltr'>interpolatas</span> <span class='ocrx_word' id='word_1_801' title='bbox 2323 5570 2888 5640; x_wconf 87' lang='lat' dir='ltr'>putant,novissimis</span> <span class='ocrx_word' id='word_1_802' title='bbox 2909 5570 3117 5627; x_wconf 88' lang='lat' dir='ltr'>diebus</span> <span class='ocrx_word' id='word_1_803' title='bbox 3133 5572 3565 5630; x_wconf 88' lang='lat' dir='ltr'>validissimum</span> 
     </span>
    </p>
   </div>
   <div class='ocr_carea' id='block_1_116' title="bbox 1920 5640 3565 5714">
    <p class='ocr_par' dir='ltr' id='par_1_116' title="bbox 1920 5640 3565 5714">
     <span class='ocr_line' id='line_1_116' title="bbox 1920 5640 3565 5714; baseline 0.005 -21"><span class='ocrx_word' id='word_1_804' title='bbox 1920 5640 2397 5714; x_wconf 79' lang='lat' dir='ltr'>interpolationis</span> <span class='ocrx_word' id='word_1_805' title='bbox 2429 5642 2721 5714; x_wconf 83' lang='lat' dir='ltr'>ejusmodi</span> <span class='ocrx_word' id='word_1_806' title='bbox 2756 5643 3445 5714; x_wconf 54' lang='lat' dir='ltr'>testimonium‘ﬁssecuti</span> <span class='ocrx_word' id='word_1_807' title='bbox 3481 5648 3565 5701; x_wconf 89' lang='lat' dir='ltr'>vi-</span> 
     </span>
    </p>
   </div>
   <div class='ocr_carea' id='block_1_117' title="bbox 1920 5711 3560 5785">
    <p class='ocr_par' dir='ltr' id='par_1_117' title="bbox 1920 5711 3560 5785">
     <span class='ocr_line' id='line_1_117' title="bbox 1920 5711 3560 5785; baseline 0.004 -18"><span class='ocrx_word' id='word_1_808' title='bbox 1920 5711 2141 5785; x_wconf 81' lang='lat' dir='ltr'>dentur</span> <span class='ocrx_word' id='word_1_809' title='bbox 2186 5711 2473 5785; x_wconf 76' lang='lat' dir='ltr'>versione</span> <span class='ocrx_word' id='word_1_810' title='bbox 2504 5713 2760 5785; x_wconf 83' lang='lat' dir='ltr'>Syriaca,</span> <span class='ocrx_word' id='word_1_811' title='bbox 2791 5732 2825 5770; x_wconf 89' lang='lat' dir='ltr'>a</span> <span class='ocrx_word' id='word_1_812' title='bbox 2872 5715 3022 5770; x_wconf 88' lang='lat' dir='ltr'>Guil.</span> <span class='ocrx_word' id='word_1_813' title='bbox 3075 5711 3332 5772; x_wconf 76' lang='lat' dir='ltr'>Cureton</span> <span class='ocrx_word' id='word_1_814' title='bbox 3382 5714 3560 5774; x_wconf 79' lang='lat' dir='ltr'>edita.</span> 
     </span>
    </p>
   </div>
   <div class='ocr_carea' id='block_1_118' title="bbox 1992 5784 3168 5859">
    <p class='ocr_par' dir='ltr' id='par_1_118' title="bbox 1992 5784 3168 5859">
     <span class='ocr_line' id='line_1_118' title="bbox 1992 5784 3168 5859; baseline 0.002 -21"><span class='ocrx_word' id='word_1_815' title='bbox 1992 5784 2101 5856; x_wconf 80' lang='lat'>(73)</span> <span class='ocrx_word' id='word_1_816' title='bbox 2133 5784 2376 5856; x_wconf 84' lang='lat' dir='ltr'>Mohler,</span> <span class='ocrx_word' id='word_1_817' title='bbox 2405 5784 2640 5854; x_wconf 75' lang='lat' dir='ltr'>PatrOL,</span> <span class='ocrx_word' id='word_1_818' title='bbox 2670 5791 2714 5843; x_wconf 78' lang='grc' dir='ltr'><strong>ι.</strong></span> <span class='ocrx_word' id='word_1_819' title='bbox 2736 5787 2781 5856; x_wconf 87' lang='grc' dir='ltr'>Ι,</span> <span class='ocrx_word' id='word_1_820' title='bbox 2812 5803 2869 5859; x_wconf 91' lang='lat' dir='ltr'>p.</span> <span class='ocrx_word' id='word_1_821' title='bbox 2904 5786 3005 5844; x_wconf 82' lang='lat' dir='ltr'>l25</span> <span class='ocrx_word' id='word_1_822' title='bbox 3037 5803 3168 5859; x_wconf 88' lang='lat' dir='ltr'>sqq.</span> 
     </span>
    </p>
   </div>
  </div>
