3932 6304
377 370 497 437 639

1579 377 1644 435 0.
1690 375 1752 434 J.
1797 374 2126 435 HEFELII
2168 372 2622 436 PRIEFNI‘IO.

3680 375 3809 434 640

387 563 392 566 .
456 510 529 563 Ut
551 508 711 564 brevi
743 508 958 577 dicam,
977 508 1453 580 interpolationis
1475 511 1732 582 suspicio
1757 526 1831 566 ne
1853 509 2026 566 mini-
2053 516 2114 582 Α
2143 510 2474 581 exprimere
2510 509 2781 578 nequivit
2804 524 2818 575 ;
2852 508 2935 563 ita
2964 512 3030 562 ut
3058 507 3235 564 facile
3259 523 3380 563 non
3405 508 3666 576 Grtecim,
3697 510 3805 566 sed

383 613 550 655 mum
563 599 802 669 quidem
827 600 1040 654 mereri
1071 599 1424 670 applausum
1457 600 1708 670 videtur,
1730 600 2029 672 planeque

388 705 737 759 persuasum
771 689 919 743 mihi
953 694 1060 752 est,
1098 688 1274 744 talem
1315 689 1528 762 judicii
1561 691 2031 746 mediocritatem

380 793 503 833 non
534 794 772 833 auream
818 795 968 833 esse.
1003 778 1280 849 Epistolaa
1327 780 1536 851 Ignatii
1587 781 1709 834 sint
1757 785 1820 835 ut
1869 785 2028 849 sunt,

387 872 489 924 aut
517 884 636 923 non
672 869 790 921 sint
817 869 948 938 (74).

456 958 598 1011 VllI.
625 957 1020 1028 Epistolarum
1044 964 1249 1013 auctor
1271 960 1453 1014 (ΞΓωοὶ
1477 959 1769 1016 sermonis
1789 976 1910 1015 non
1931 977 2031 1032 ap-

378 1047 571 1118 prime
602 1063 844 1119 gnarus,
875 1053 933 1102 et
961 1047 1228 1102 ardentis
1274 1049 1471 1120 potius
1518 1048 1702 1104 animi
1749 1049 2028 1120 impetus,

377 1153 556 1208 quam
608 1137 1008 1208 grammaticas
1054 1137 1286 1207 regulas
1336 1143 1593 1206 secutus,
1649 1137 2030 1208 periodorum

372 1231 740 1282 structuram
790 1242 910 1281 non
952 1226 1139 1280 semel
1187 1226 1445 1296 violavit,
1477 1227 1764 1282 orationis
1811 1244 2029 1282 nexum

376 1317 690 1370 sententiis
716 1315 1046 1384 interjectis
1065 1317 1281 1386 saepius
1305 1316 1643 1388 interrupit,
1658 1323 1715 1371 et
1744 1316 2030 1372 sublimes

377 1404 514 1476 prof
517 1404 820 1474 undasque
835 1404 1222 1475 cogitationes
1238 1420 1374 1460 suas
1390 1404 1825 1460 sufﬁcientibus
1838 1405 2028 1459 verbis

2141 599 2290 655 Asiae
2325 599 2518 655 ﬁlium
2548 597 2788 670 detegas
2820 598 2956 670 (75).

2210 689 2305 744 1X.
2339 689 2418 743 De
2443 693 2708 760 tempore
2729 704 2845 758 quo
2868 688 2959 742 haa
2977 685 3242 759 epistolae
3272 693 3523 742 exaratae
3545 687 3795 760 fuerint,

2143 779 2272 834 duae
2292 778 2565 834 feruntur
2585 776 2944 832 celebriores
2967 776 3300 844 sententiae,
3325 794 3581 848 quarum
3605 778 3798 834 altera

2139 885 2297 924 anno
2343 869 2467 936 107,
2519 868 2705 923 altera
2735 883 2892 922 anno
2946 867 3046 922 116
3077 865 3245 922 favet.
3283 869 3418 937 Nos,
3453 867 3554 938 qui
3608 885 3796 940 supra

2139 961 2166 1027 §
2195 958 2218 1012 Ι
2249 957 2599 1028 martyrium
2631 955 2839 1028 lgnatii
2873 971 3028 1012 anno
3065 956 3165 1010 107
3197 955 3658 1029 assignavimus,
3692 974 3795 1012 eo-

2139 1049 2274 1103 dem
2302 1063 2458 1102 anno
2492 1051 2550 1100 et
2581 1044 2858 1118 epistolas
2888 1045 3257 1116 conscriptas
3279 1061 3407 1101 esse
3439 1062 3792 1102 censeamus

2139 1141 2390 1208 oportet.

2210 1227 2277 1282 Χ.
2331 1227 2410 1280 De
2455 1225 2724 1282 doctrina
2770 1225 2981 1299 lgnatii
3028 1224 3408 1298 disputarunt
3461 1225 3794 1298 Lummrus

2138 1316 2270 1386 (76),
2301 1315 2531 1383 Junius,
2556 1316 2848 1388 Heynsius
2877 1332 2945 1372 ac
2994 1331 3105 1370 van
3137 1314 3291 1371 Gilse
3323 1315 3460 1386 (77).
3493 1314 3794 1372 Mohlerus

2139 1404 2250 1476 (78)
2283 1408 2341 1460 et
2375 1403 2499 1459 alii.

985 1776 1099 1869 II.
1192 1776 1354 1869 DE
1429 1777 1781 1871 ACTIS
1869 1777 2462 1872 MARTYBII
2546 1779 2640 1873 S.
2719 1775 3212 1873 IGNATII.

445 2065 488 2118 l.
518 2065 658 2118 Acta
691 2064 948 2134 Martyrii
977 2064 1030 2117 S.
1069 2063 1275 2136 Ignatii
1307 2080 1359 2118 a.
1401 2064 1537 2118 1647
1570 2080 1600 2118 e
1633 2069 1787 2119 msto
1817 2064 2018 2120 codice
2052 2078 2100 2145 Β
2129 2066 2614 2134 summationem,
2650 2069 2708 2121 et
2735 2064 3030 2138 proximo,
3071 2069 3136 2119 ut
3163 2062 3674 2119 verisimillimum
3706 2065 3786 2119 vi—

375 2153 607 2209 Caiensi
639 2152 823 2206 edidit
847 2153 1116 2207 Usserius
1145 2153 1569 2219 Armachanus,
1601 2153 1820 2224 optime
1851 2153 1923 2207 de
1958 2155 2015 2210 Β.

375 2247 633 2313 martyre
656 2242 904 2312 ejusque
936 2241 1202 2310 epistolis
1231 2243 1496 2296 meritus.
1524 2243 1667 2297 Huic
1689 2242 1869 2297 veteri
1893 2258 2017 2296 ver-

376 2330 532 2386 sioni
565 2330 651 2383 vir
679 2329 1058 2384 doctissimus
1089 2329 1333 2384 alteram
1365 2330 1636 2402 adjunxit
1660 2331 1792 2402 (79),
1827 2347 1894 2384 ex
1921 2346 2019 2385 an-

374 2418 711 2489 tiquissimo
743 2419 1106 2475 Cottonianae
1155 2418 1527 2475 bibliotheca)
1567 2419 1771 2475 codice
1803 2419 2020 2476 descri-

369 2513 552 2581 ptam,
587 2507 646 2562 in
675 2524 793 2578 qua
821 2507 1023 2562 multm
1046 2507 1317 2563 absurdae
1345 2514 1403 2564 et
1423 2508 1704 2565 fabulosa:
1727 2509 2015 2566 narratio-

374 2613 483 2653 nes
513 2602 721 2652 contra
750 2597 926 2652 ﬁdem
959 2597 1339 2652 historiarum
1374 2614 1444 2652 ex
1475 2599 1709 2654 novitiis
1739 2599 1897 2654 Actis
1927 2600 2015 2654 in-

372 2686 680 2758 terpolatis
702 2685 1029 2757 desumpta;
1051 2687 1430 2742 continentur
1451 2688 1586 2756 (80).

442 2778 614 2830 Anno
645 2780 843 2830 autem
877 2775 1017 2830 1689
1047 2793 1118 2830 ex
1148 2782 1301 2830 msto
1324 2777 1525 2832 codice
1549 2777 1838 2841 Parisino,
1871 2778 2014 2833 olim

371 2864 732 2932 Colbertino,
764 2881 924 2920 nunc
955 2865 1115 2937 regio
1139 2868 1281 2920 Acta
1298 2871 1500 2920 nostra
1526 2868 1722 2921 Grmce
1743 2883 1864 2922 una
1880 2884 2013 2923 cum

369 2971 520 3011 nova
542 2954 808 3009 versione
833 2954 1037 3008 Latina
1050 2954 1290 3008 Parisiis
1311 2954 1600 3028 evulgavit
1619 2956 2013 3012 Theodericus

367 3043 712 3110 Ruinartus,
746 3043 1056 3114 presbyter
1085 3060 1116 3098 e
1148 3045 1600 3116 congregatione
1633 3047 1691 3101 S.
1714 3046 1920 3116 Mauri,
1953 3047 2013 3101 in

369 3133 693 3204 Appendice
712 3134 785 3187 ad
806 3134 846 3186 Α
858 3139 943 3188 cta
958 3136 1266 3203 primorum
1283 3141 1590 3203 martyrum
1615 3137 1829 3189 sincera
1848 3142 2016 3205 atque

370 3223 585 3278 selecta.
621 3224 885 3277 Graecum
917 3227 1112 3277 autem
1134 3223 1244 3277 hoc
1275 3223 1579 3294 exemplar
1607 3240 1738 3278 cum
1772 3225 2013 3296 antiqua

372 3312 638 3366 versione
671 3310 888 3365 codicis
907 3311 1173 3366 Caiensis
1196 3311 1454 3366 maxime
1481 3313 2014 3380 convenire,cuivis

373 3419 442 3456 ex
474 3400 796 3454 leviuscula
825 3399 1142 3454 collatione
1172 3399 1344 3454 facile
1375 3407 1602 3455 constat
1631 3403 1759 3472 (81).

2131 2154 2306 2210 detur
2334 2172 2491 2210 anno
2514 2173 2527 2221 ;
2561 2155 2701 2209 dum
2725 2171 2818 2209 res
2848 2157 3028 2226 gestus
3060 2169 3193 2209 cum
3225 2151 3408 2208 totius
3437 2151 3677 2208 itineris
3699 2170 3788 2208 ra-

2129 2245 2289 2299 tione
2317 2244 2376 2298 in
2405 2244 2629 2299 recenti
2653 2243 2890 2298 fidelius
2921 2242 3268 2298 inhaeserint
3299 2241 3610 2298 memoria.
3647 2262 3672 2293 ο

2201 2357 2229 2382 ‹‹
2261 2333 2400 2388 Illos
2430 2338 2627 2389 autem
2665 2333 2848 2388 fuisse
2879 2332 3191 2387 Philonem
3218 2337 3277 2387 et
3305 2331 3782 2404 Agathopodem,

2128 2440 2380 2500 quorum
2411 2423 2687 2478 meminit
2716 2422 3127 2479 sanctissimus
3157 2426 3382 2494 martyr
3411 2422 3475 2476 in
3507 2421 3785 2493 epistolis

2127 2513 2201 2569 ad
2227 2513 2562 2584 Smyrnaeos
2593 2516 2652 2566 et
2680 2510 2753 2567 ad
2783 2510 3336 2583 Philadelphenses,
3379 2511 3538 2565 hunc
3569 2511 3783 2566 Antio-

2127 2601 2296 2667 chiaa,
2329 2600 2496 2656 illum
2521 2617 2657 2656 vero
2677 2600 2982 2656 Tarsensis
3002 2599 3280 2655 Ecclesia:
3310 2599 3659 2667 diaconum,
3683 2599 3784 2655 vix

2125 2709 2161 2748 a
2190 2707 2490 2763 quoquam
2523 2690 2780 2747 dubitari
2811 2695 2913 2746 aut
2940 2695 3136 2762 potest
3163 2694 3266 2744 aut
3293 2688 3487 2745 debet.
3510 2711 3539 2737 ››
3565 2690 3785 2746 Hacte-

2125 2798 2241 2836 nus
2298 2780 2602 2836 Smithius.
2664 2779 3006 2835 Gallandius
3036 2778 3149 2851 (85)
3205 2777 3390 2844 addit,
3448 2777 3691 2834 Philoni
3722 2783 3786 2833 et

2126 2869 2490 2942 Agathopodi
2523 2869 2963 2942 adjungendum
2997 2867 3203 2924 saltem
3236 2883 3364 2922 esse
3412 2867 3782 2923 nominatim

2126 2966 2185 3016 et
2214 2962 2488 3026 Crocum,
2523 2960 2622 3031 qui
2648 2964 2916 3014 sanctum
2951 2964 3269 3030 martyrem
3302 2959 3551 3014 Romam
3582 2972 3784 3029 usque

2127 3054 2452 3105 assectatus
2472 3048 2656 3104 fuisse
2685 3047 3032 3118 perhibetur
3061 3046 3194 3117 (86).

2198 3139 2292 3194 Ill.
2325 3139 2676 3193 Authentica
2701 3142 2759 3192 et
2779 3137 3038 3208 genuina
3059 3141 3379 3192 censentur
3398 3137 3545 3190 Acta
3571 3142 3789 3192 nostra

2125 3228 2200 3284 ab
2237 3229 2490 3294 Usserio,
2522 3227 2838 3292 Dodwello,
2873 3228 3178 3293 Ruinarto,
3204 3225 3437 3295 Grabio,
3459 3225 3788 3282 Tillemon-

2124 3319 2228 3382 tio,
2255 3317 2597 3386 Pearsonio,
2630 3316 2900 3381 Smithio,
2934 3315 3246 3380 Cotelerio,
3273 3315 3625 3379 Mamachio,
3651 3317 3787 3372 Gal-

2125 3407 2350 3473 landio,
2386 3407 2671 3475 Lumpero
2696 3407 2822 3474 (87),
2847 3404 3235 3473 Mohlero(88)
3257 3409 3317 3458 et
3336 3403 3488 3458 aliis.
3516 3404 3786 3460 Dallaaus

442 3492 580 3544 Post
637 3488 987 3543 Ituinartum
1065 3489 1361 3560 praecipue
1443 3463 1730 3557 Grabius;
1761 3493 2014 3564 lttigius,
2044 3463 2088 3528 Ο
2125 3513 2282 3563 vero,
2328 3463 2395 3550 ut
2443 3463 2628 3566 ipsius
2784 3463 3056 3563 llartyris
3104 3463 3346 3566 s‘cci'pta,
3387 3493 3470 3548 ita
3519 3499 3578 3547 et
3629 3496 3784 3548 Acta

373 3582 660 3638 Smithius
691 3586 747 3634 et
775 3581 1136 3636 Jacobsonus
1168 3585 1310 3636 Acta
1339 3588 1563 3649 nostra,
1597 3585 1850 3652 mendis,
1885 3603 2014 3655 quae.

370 3671 592 3742 passim
627 3670 1008 3740 irrepserant,
1043 3670 1286 3725 sublatis
1318 3671 1650 3727 ediderunt.

444 3761 511 3815 Il.
540 3761 682 3814 Acta
711 3759 938 3829 hmc,ut
968 3777 1101 3814 cum
1135 3760 1383 3814 Smithio
1406 3761 1636 3832 loquar,
1655 3780 1730 3817 «a
1762 3764 2020 3818 familia-

375 3851 542 3906 ribus
572 3851 626 3904 S.
661 3850 889 3922 lgnatii,
917 3851 1018 3921 qui
1050 3851 1359 3906 Antiochia
1383 3854 1627 3907 Romam
1651 3870 1830 3924 usque
1854 3853 2020 3909 illum

378 3945 518 3996 sunt
546 3939 832 4006 comitati,
866 3945 1041 4010 atque
1082 3939 1240 3994 illius
1270 3940 1482 3994 ultimo
1529 3946 1586 3995 et
1616 3943 1874 3998 maxime
1908 3943 2024 4015 glo-

372 4031 532 4085 rioso
547 4030 717 4100 agoni
737 4029 1082 4095 interfuere,
1106 4029 1404 4100 descripta
1421 4046 1570 4098 esse,
1595 4031 1782 4086 multa
1803 4032 1862 4086 in
1878 4033 2022 4102 ipsis

374 4120 536 4174 Actis
568 4119 626 4172 id
661 4118 1108 4172 testatissimum
1141 4117 1415 4173 reddunt.
1447 4121 1508 4174 In
1533 4119 1625 4174 his
1647 4121 1807 4175 enim
1830 4121 1912 4175 sic
1937 4121 2014 4175 lo-

377 4214 661 4278 quuntur,
694 4207 795 4277 qui
827 4223 897 4261 ea
925 4206 1139 4277 litteris
1170 4207 1466 4262 tradidere
1493 4225 1505 4262 :
1538 4207 1729 4278 Ἡμεῖς
1755 4208 1853 4280 μὲν
1876 4205 2027 4263 ἄκον-

371 4315 458 4356 τες
489 4294 842 4369 ἀπηγόμεθα,
875 4291 1148 4355 στένοντες
1181 4292 1268 4348 ἐπὶ
1299 4298 1377 4364 τῷ
1405 4295 1496 4372 ἀφ’
1535 4297 1694 4368 ἡμῶν
1759 4295 2024 4368 μέλλοντι

376 4387 654 4457 χωρισμῷ
682 4387 779 4436 τοῦ
811 4379 1020 4436 δικαίου
1051 4382 1286 4458 γίνεσθαι
1321 4386 1451 4455 (82).
1485 4387 1554 4440 Et
1583 4387 1889 4442 nonnullis
1937 4388 2023 4442 in-

375 4473 640 4544 terjectis
673 4473 780 4528 sub
800 4473 980 4528 ﬁnem
1009 4472 1262 4527 εΤούτων
1287 4472 1549 4528 αὐτόπται
1581 4474 1866 4550 γενόμενοι
1889 4478 2019 4549 (83).

377 4563 533 4627 Ηωο,
567 4561 834 4631 inquam,
867 4562 1100 4634 aliaque
1129 4563 1236 4632 (84)
1269 4569 1434 4620 extra
1455 4580 1629 4618 omne
1645 4564 1890 4620 dubium
1916 4584 2022 4638 po-

377 4659 550 4721 nunt,
585 4669 618 4706 a
650 4653 702 4706 S.
736 4653 944 4724 Ignatii
976 4653 1290 4709 comitibus
1311 4656 1453 4708 Acta
1475 4654 1815 4722 hujusmodi
1839 4655 2020 4712 fuisse

2129 3585 2396 3657 ejusdem
2413 3601 2516 3656 pro
2540 3584 2932 3656 supposititiis
2960 3583 3168 3638 habuit
3192 3600 3204 3649 ;
3226 3583 3330 3637 sed
3349 3581 3502 3637 sicut
3520 3582 3778 3638 illorum

2130 3675 2211 3729 ita
2241 3675 2453 3729 horum
2485 3690 2720 3744 quoque
2752 3673 3163 3728 defensionem
3209 3671 3470 3742 suscepit
3498 3671 3789 3727 doctissi-

2129 3781 2261 3819 mus
2297 3763 2652 3818 Pearsonius
2709 3769 2875 3834 parte
2935 3779 2970 3816 ιι
3035 3761 3254 3817 Vindic.
3306 3763 3487 3830 Epist.
3534 3761 3590 3815 S.
3627 3763 3790 3830 Ign.,

2131 3870 2182 3909 c.
2219 3855 2285 3907 12
2316 3853 2449 3923 (89).
2476 3854 2696 3907 Praeter
2721 3851 3007 3906 Dallaaum
3038 3850 3302 3906 Oudinus
3333 3865 3591 3920 quoque,
3627 3851 3792 3906 Heu-

2132 3958 2389 3998 mannus
2442 3946 2502 3995 et
2561 3941 2661 3995 alii
2722 3943 3004 3995 Actorum
3063 3939 3370 3994 veritatem
3431 3939 3793 4010 impugnare

2133 4031 2391 4104 aggressi
2450 4035 2621 4094 sunt;
2670 4029 2774 4084 sed
2833 4029 3101 4084 funditus
3157 4045 3362 4084 eorum
3421 4028 3794 4083 sententiam

2135 4120 2347 4176 evertit
2374 4119 2462 4173 vir
2494 4118 2933 4173 eruditissimus
2965 4117 3327 4173 Mamachius
3356 4117 3491 4187 (90),
3525 4134 3597 4171 ex
3628 4118 3794 4172 ordi-

2135 4227 2208 4265 ne
2242 4209 2726 4264 Prmdicatorum.

2207 4302 2426 4354 ltevera
2455 4298 2683 4353 nullius
2735 4296 3016 4368 ponderis
3073 4301 3212 4352 sunt
3240 4295 3440 4350 Dallaai
3474 4301 3534 4349 et
3589 4295 3792 4350 socio-

2133 4405 2266 4443 rum
2297 4393 2664 4460 argumenta.

2204 4479 2257 4547 a)
2289 4477 2696 4547 Exceptiones,
2731 4492 2861 4545 quea
2893 4474 3174 4529 adversus
3207 4476 3538 4529 Romanum
3568 4473 3785 4545 lgnatii

2133 4567 2246 4620 iter
2269 4566 2620 4635 itinerisque
2639 4564 2930 4619 rationem
2955 4568 3096 4618 sunt
3113 4561 3380 4634 prolatae,
3399 4577 3529 4616 esse
3556 4561 3786 4626 futiles,

2123 4655 2251 4727 jam
2281 4671 2349 4709 ex
2382 4655 2474 4721 iis,
2510 4670 2642 4724 qua)
2673 4669 2853 4724 supra
2907 4652 2981 4707 ad
3022 4653 3134 4706 iter
3163 4651 3273 4705 hoc
3330 4648 3785 4705 defendendum

377 4743 750 4814 perscripta;
785 4749 845 4798 et
875 4743 1115 4813 quidem
1147 4761 1267 4798 non
1301 4743 1474 4813 longe
1506 4748 1638 4813 post
1667 4745 1852 4814 ipsius
1884 4763 2022 4801 con-
2058 4730 2102 4793 Ι)
2134 4743 2511 4816 protulimus,
2544 4747 2810 4814 apparet.
2870 4741 3116 4796 Maxime
3175 4745 3375 4796 autem
3415 4738 3785 4795 doctissima

447 4914 558 4983 (74)
591 4915 819 4984 Optime
852 4915 1252 4984 integritatem
1277 4915 1487 4972 harum
1511 4915 1899 4985 epistolarum
1926 4919 2024 4975 de-

375 4985 564 5040 fendit
597 4986 1002 5053 Diisterdieck,
1035 4987 1073 5040 l.
1107 5003 1182 5054 c.,
1213 5005 1269 5057 p.
1304 4989 1374 5041 80
1405 5004 1535 5057 sqq.

449 5059 559 5126 (75)
592 5057 706 5112 Cfr.
741 5057 984 5124 Mohler,
1013 5059 1244 5123 Patrol.,
1283 5063 1321 5112 t.
1357 5058 1398 5126 Ι,
1431 5075 1488 5128 p.
1528 5061 1646 5113 122.

448 5129 556 5194 (76)
593 5129 734 5182 Hist.
771 5129 938 5182 thcol.
973 5130 1121 5194 crit,
1148 5133 1187 5182 t.
1223 5130 1265 5197 Ι,
1300 5147 1357 5200 p.
1390 5129 1662 5186 305-327.

446 5201 626 5273 (77)_«
672 5200 1213 5273 Commentationes
1253 5200 1324 5255 de
1369 5203 1609 5255 Patrum
1663 5205 2021 5273 apostolico-

374 5271 836 5395 ruméthiaologia
869 5271 1075 5325 morali
1113 5294 1136 5319 »ι
1167 5272 1220 5344 a)
1255 5289 1308 5343 p.
1344 5273 1542 5328 38-71.
1579 5273 1639 5347 b)
1671 5271 1727 5346 p1
1764 5279 1942 5332 39-58.
1968 5279 2018 5348 c)

376 5360 498 5395 D.{)
542 5361 596 5395 ἰ
645 5385 656 5395 .

421 5384 432 5396 .
469 5361 656 5396 ὒ4·11.

375 5360 432 5413 p.
469 5360 656 5396 ωλι-ιι.

445 5413 557 5483 (78)
595 5414 823 5480 Patrol.,
864 5417 905 5467 t.
939 5415 979 5482 Ι,
1015 5414 1353 5484 p.131v152.

446 5485 564 5564 (79).
589 5486 906 5555 Utramque
939 5485 1090 5540 hanc
1113 5488 1438 5543 versionem
1461 5489 1617 5560 apud
1639 5489 2014 5547 Gallandium

375 5570 656 5623 reperies.

449 5626 813 5704 (89)_Grabe,
860 5627 1158 5704 ξρίοἰιρερἌ
1193 5633 1244 5704 1.
1284 5632 1355 5694 Il,
1407 5649 1462 5701 p.
1512 5634 1544 5704 3
1590 5637 1649 5687 et
1693 5635 1748 5704 4.
1801 5633 2011 5700 Smith,

373 5695 537 5766 praef.
573 5695 632 5750 in
671 5701 814 5754 Acta
857 5695 1092 5771 Martyr’.
1128 5695 1179 5755 S.
1231 5703 1352 5775 Ign.
1395 5695 1552 5777 apud
1595 5695 2012 5777 Jacobsonum,

2203 4986 2331 5060 (81)
2351 4989 2536 5044 Grabe
2568 4993 2628 5043 et
2651 4986 2966 5060 Smithtll.
2998 5001 3083 5042 cc.

2201 5058 2315 5132 (82)
2338 5062 2572 5132 Martyr.
2606 5061 2751 5129 lgn.,
2785 5075 2836 5114 c.
2867 5058 2919 5111 5.

2205 5131 2316 5202 (33)
2349 5131 2518 5202 lbid.,
2556 5148 2605 5186 c.
2639 5135 2690 5184 γ.

2199 5193 2312 5273 (84)
2344 5205 2407 5258 Ε.
2436 5193 2864 5274 geminatione;
2891 5201 3008 5258 τοῖς
3027 5193 3282 5274 ἀδελφοῖε
3315 5215 3377 5274 c._
3399 5201 3451 5252 6.

2201 5269 2310 5346 (85)
2344 5269 2491 5346 Βὶδι.
2531 5269 2784 5346 Veterum
2814 5274 3064 5346 Patrum,
3085 5275 3136 5346 ﬁt.
3171 5269 3214 5337 Ι,
3246 5269 3498 5342 Proleg.,
3524 5287 3583 5342 p.
3617 5287 3709 5325 Lx.

2199 5343 2312 5416 (86)
2342 5348 2445 5416 Ep.
2479 5345 2601 5417 Ign.
2635 5345 2709 5417 ad
2738 5345 2930 5413 Rom.,
2961 5343 3129 5417 c_._10.

2199 5412 2308 5488 (87)
2340 5412 2484 5472 Hist.
2507 5412 2874 5488 uectoria,
2903 5412 2949 5488 ι.
2979 5412 3050 5481 Il,
3082 5430 3142 5484 p.
3173 5414 3441 5468 423-433.

2199 5486 2311 5559 (88)
2340 5488 2577 5547 PatroL.
2613 5487 2731 5559 L71,
2763 5505 2821 5558 p.
2855 5486 2960 5559 4_08
2991 5501 3080 5559 sq.

2196 5556 2307 5632 (89)
2329 5559 2499 5632 Apud
2528 5558 2736 5627 Cotcl.,
2763 5556 2809 5612 ῑ.
2845 5557 2915 5632 ll,
2942 5573 3004 5632 p.
3038 5556 3163 5632 4_1_1.

2121 5627 2306 5758 40:90)
2339 5627 2588 5702 Origines
2631 5637 2683 5686 et
2712 5627 2996 5699 Antiquit.
3053 5627 3276 5692 Christ,
3335 5631 3376 5681 t.
3407 5627 3500 5697 IV,
3533 5644 3593 5697 p.
3647 5628 3783 5682 401ο

2312 4935 2367 4988 p.
2403 4919 2526 4972 523.
